  <div class='ocr_page' id='page_1' title='image "/cluster/home/n/w/nwhite01/storage/ocr_20150623/107/hvd.32044073502338/434.png"; bbox 0 0 4100 6226; ppageno 0'>
   <div class='ocr_carea' id='block_1_1' title="bbox 425 315 534 390">
    <p class='ocr_par' dir='ltr' id='par_1_1' title="bbox 425 315 534 390">
     <span class='ocr_line' id='line_1_1' title="bbox 425 315 534 390; baseline -0.018 0"><span class='ocrx_word' id='word_1_1' title='bbox 425 315 534 390; x_wconf 75' lang='lat'><strong>731</strong></span> 
     </span>
    </p>
   </div>
   <div class='ocr_carea' id='block_1_2' title="bbox 1563 329 2642 392">
    <p class='ocr_par' dir='ltr' id='par_1_2' title="bbox 1563 329 2642 392">
     <span class='ocr_line' id='line_1_2' title="bbox 1563 329 2642 392; baseline 0.003 -5"><span class='ocrx_word' id='word_1_2' title='bbox 1563 329 1895 390; x_wconf 79' lang='lat' dir='ltr'><strong>TACTICA.</strong></span> <span class='ocrx_word' id='word_1_3' title='bbox 1923 355 1979 369; x_wconf 84' lang='grc'><strong>-·-</strong></span> <span class='ocrx_word' id='word_1_4' title='bbox 2015 329 2516 392; x_wconf 78' lang='lat' dir='ltr'><strong>CONSTITUTIO</strong></span> <span class='ocrx_word' id='word_1_5' title='bbox 2545 333 2642 391; x_wconf 84' lang='lat' dir='ltr'><strong>IX.</strong></span> 
     </span>
    </p>
   </div>
   <div class='ocr_carea' id='block_1_3' title="bbox 3575 339 3684 406">
    <p class='ocr_par' dir='ltr' id='par_1_3' title="bbox 3575 339 3684 406">
     <span class='ocr_line' id='line_1_3' title="bbox 3575 339 3684 406; baseline -0.018 0"><span class='ocrx_word' id='word_1_6' title='bbox 3575 339 3684 406; x_wconf 74' lang='lat'><strong>782</strong></span> 
     </span>
    </p>
   </div>
   <div class='ocr_carea' id='block_1_4' title="bbox 503 431 2039 520">
    <p class='ocr_par' dir='ltr' id='par_1_4' title="bbox 503 431 2016 508">
     <span class='ocr_line' id='line_1_4' title="bbox 503 431 2016 508; baseline 0.003 -19"><span class='ocrx_word' id='word_1_7' title='bbox 503 431 612 491; x_wconf 76' lang='lat' dir='ltr'><strong>va&#39;.</strong></span> <span class='ocrx_word' id='word_1_8' title='bbox 673 435 735 489; x_wconf 78' lang='lat' dir='ltr'><strong>Ei</strong></span> <span class='ocrx_word' id='word_1_9' title='bbox 783 435 841 489; x_wconf 74' lang='grc' dir='ltr'><strong>δὲ</strong></span> <span class='ocrx_word' id='word_1_10' title='bbox 901 436 977 506; x_wconf 83' lang='grc' dir='ltr'><strong>μὴ</strong></span> <span class='ocrx_word' id='word_1_11' title='bbox 1029 436 1172 490; x_wconf 73' lang='grc' dir='ltr'><strong>οὕτω</strong></span> <span class='ocrx_word' id='word_1_12' title='bbox 1225 435 1661 508; x_wconf 77' lang='grc' dir='ltr'><strong>συμϐιϐασῦἧναι</strong></span> <span class='ocrx_word' id='word_1_13' title='bbox 1716 440 2016 508; x_wconf 85' lang='grc' dir='ltr'><strong>βούλονται,</strong></span> 
     </span>
    </p>
   </div>
   <div class='ocr_carea' id='block_1_5' title="bbox 2140 431 3692 520">
    <p class='ocr_par' dir='ltr' id='par_1_5' title="bbox 2193 443 3692 520">
     <span class='ocr_line' id='line_1_5' title="bbox 2193 443 3692 520; baseline 0.008 -24"><span class='ocrx_word' id='word_1_14' title='bbox 2193 444 2279 497; x_wconf 83' lang='grc'><strong>51.</strong></span> <span class='ocrx_word' id='word_1_15' title='bbox 2322 444 2415 496; x_wconf 84' lang='lat' dir='ltr'><strong>Sin</strong></span> <span class='ocrx_word' id='word_1_16' title='bbox 2465 443 2563 498; x_wconf 88' lang='lat' dir='ltr'><strong>hoc</strong></span> <span class='ocrx_word' id='word_1_17' title='bbox 2619 444 2782 498; x_wconf 89' lang='lat' dir='ltr'><strong>modo</strong></span> <span class='ocrx_word' id='word_1_18' title='bbox 2820 454 2999 503; x_wconf 99' lang='lat' dir='ltr'><strong>tecum</strong></span> <span class='ocrx_word' id='word_1_19' title='bbox 3052 449 3118 504; x_wconf 87' lang='lat' dir='ltr'><strong>ad</strong></span> <span class='ocrx_word' id='word_1_20' title='bbox 3165 450 3472 520; x_wconf 87' lang='lat' dir='ltr'><strong>pactionem</strong></span> <span class='ocrx_word' id='word_1_21' title='bbox 3509 456 3692 510; x_wconf 78' lang='lat' dir='ltr'><strong>venire</strong></span> 
     </span>
    </p>
   </div>
   <div class='ocr_carea' id='block_1_6' title="bbox 433 523 2009 597">
    <p class='ocr_par' dir='ltr' id='par_1_6' title="bbox 433 523 2009 597">
     <span class='ocr_line' id='line_1_6' title="bbox 433 523 2009 597; baseline 0.003 -17"><span class='ocrx_word' id='word_1_22' title='bbox 433 523 758 597; x_wconf 70' lang='grc' dir='ltr'><strong>διαχρῆσθαι</strong></span> <span class='ocrx_word' id='word_1_23' title='bbox 788 525 1014 589; x_wconf 81' lang='grc' dir='ltr'><strong>τούτους</strong></span> <span class='ocrx_word' id='word_1_24' title='bbox 1042 527 1126 579; x_wconf 64' lang='grc' dir='ltr'><strong>ἐπ’</strong></span> <span class='ocrx_word' id='word_1_25' title='bbox 1154 525 1310 595; x_wconf 76' lang='grc' dir='ltr'><strong>ὕψεσι</strong></span> <span class='ocrx_word' id='word_1_26' title='bbox 1334 527 1444 581; x_wconf 84' lang='grc' dir='ltr'><strong>τῶν</strong></span> <span class='ocrx_word' id='word_1_27' title='bbox 1471 527 1679 597; x_wconf 76' lang='grc' dir='ltr'><strong>ἐχθρῶν</strong></span> <span class='ocrx_word' id='word_1_28' title='bbox 1702 570 1715 593; x_wconf 91' lang='grc'><strong>,</strong></span> <span class='ocrx_word' id='word_1_29' title='bbox 1749 531 1865 590; x_wconf 68' lang='grc' dir='ltr'><strong>καὶ,</strong></span> <span class='ocrx_word' id='word_1_30' title='bbox 1890 533 2009 584; x_wconf 85' lang='grc' dir='ltr'><strong>ἐπι-</strong></span> 
     </span>
    </p>
   </div>
   <div class='ocr_carea' id='block_1_7' title="bbox 2117 534 3692 614">
    <p class='ocr_par' dir='ltr' id='par_1_7' title="bbox 2117 534 3692 614">
     <span class='ocr_line' id='line_1_7' title="bbox 2117 534 3692 614; baseline 0.008 -27"><span class='ocrx_word' id='word_1_31' title='bbox 2117 534 2412 598; x_wconf 84' lang='lat' dir='ltr'><strong>nolneriut,</strong></span> <span class='ocrx_word' id='word_1_32' title='bbox 2445 542 2558 588; x_wconf 89' lang='lat' dir='ltr'><strong>tum</strong></span> <span class='ocrx_word' id='word_1_33' title='bbox 2595 535 2840 604; x_wconf 87' lang='lat' dir='ltr'><strong>captivos</strong></span> <span class='ocrx_word' id='word_1_34' title='bbox 2892 537 3044 608; x_wconf 80' lang='lat' dir='ltr'><strong>ipsos</strong></span> <span class='ocrx_word' id='word_1_35' title='bbox 3090 540 3144 594; x_wconf 91' lang='lat' dir='ltr'><strong>in</strong></span> <span class='ocrx_word' id='word_1_36' title='bbox 3181 541 3420 597; x_wconf 84' lang='lat' dir='ltr'><strong>hostium</strong></span> <span class='ocrx_word' id='word_1_37' title='bbox 3451 556 3692 614; x_wconf 82' lang='lat' dir='ltr'><strong>conspe-</strong></span> 
     </span>
    </p>
   </div>
   <div class='ocr_carea' id='block_1_8' title="bbox 437 615 2039 700">
    <p class='ocr_par' dir='ltr' id='par_1_8' title="bbox 437 615 2012 690">
     <span class='ocr_line' id='line_1_8' title="bbox 437 615 2012 690; baseline 0.003 -21"><span class='ocrx_word' id='word_1_38' title='bbox 437 617 619 687; x_wconf 80' lang='grc' dir='ltr'><strong>μένειν</strong></span> <span class='ocrx_word' id='word_1_39' title='bbox 645 619 712 686; x_wconf 84' lang='grc' dir='ltr'><strong>τῇ</strong></span> <span class='ocrx_word' id='word_1_40' title='bbox 735 615 896 686; x_wconf 71' lang='grc' dir='ltr'><strong>χώρᾳ</strong></span> <span class='ocrx_word' id='word_1_41' title='bbox 927 615 1126 679; x_wconf 81' lang='grc' dir='ltr'><strong>αὐτῶν,</strong></span> <span class='ocrx_word' id='word_1_42' title='bbox 1167 616 1262 669; x_wconf 74' lang='grc' dir='ltr'><strong>καὶ</strong></span> <span class='ocrx_word' id='word_1_43' title='bbox 1279 616 1634 686; x_wconf 69' lang='grc' dir='ltr'><strong>λυμαίνεσθαι</strong></span> <span class='ocrx_word' id='word_1_44' title='bbox 1662 617 1831 690; x_wconf 78' lang='grc' dir='ltr'><strong>αὐτὴν</strong></span> <span class='ocrx_word' id='word_1_45' title='bbox 1852 620 2012 689; x_wconf 84' lang='grc' dir='ltr'><strong>ἀφει-</strong></span> 
     </span>
    </p>
   </div>
   <div class='ocr_carea' id='block_1_9' title="bbox 2140 615 3696 700">
    <p class='ocr_par' dir='ltr' id='par_1_9' title="bbox 2140 619 3696 700">
     <span class='ocr_line' id='line_1_9' title="bbox 2140 619 3696 700; baseline 0.012 -29"><span class='ocrx_word' id='word_1_46' title='bbox 2140 629 2203 674; x_wconf 78' lang='lat' dir='ltr'><strong>:tu</strong></span> <span class='ocrx_word' id='word_1_47' title='bbox 2241 619 2558 685; x_wconf 87' lang='lat' dir='ltr'><strong>trueidabis,</strong></span> <span class='ocrx_word' id='word_1_48' title='bbox 2595 631 2761 691; x_wconf 87' lang='lat' dir='ltr'><strong>atque</strong></span> <span class='ocrx_word' id='word_1_49' title='bbox 2789 621 2927 679; x_wconf 86' lang='lat' dir='ltr'><strong>adeo</strong></span> <span class='ocrx_word' id='word_1_50' title='bbox 2963 626 3048 680; x_wconf 85' lang='lat' dir='ltr'><strong>vel</strong></span> <span class='ocrx_word' id='word_1_51' title='bbox 3094 627 3148 680; x_wconf 91' lang='lat' dir='ltr'><strong>in</strong></span> <span class='ocrx_word' id='word_1_52' title='bbox 3188 643 3254 683; x_wconf 86' lang='lat' dir='ltr'><strong>eo</strong></span> <span class='ocrx_word' id='word_1_53' title='bbox 3279 629 3406 686; x_wconf 90' lang='lat' dir='ltr'><strong>loco</strong></span> <span class='ocrx_word' id='word_1_54' title='bbox 3444 631 3540 686; x_wconf 87' lang='lat' dir='ltr'><strong>tibi</strong></span> <span class='ocrx_word' id='word_1_55' title='bbox 3571 647 3696 700; x_wconf 84' lang='lat' dir='ltr'><strong>per-</strong></span> 
     </span>
    </p>
   </div>
   <div class='ocr_carea' id='block_1_10' title="bbox 433 701 2012 784">
    <p class='ocr_par' dir='ltr' id='par_1_10' title="bbox 433 701 2012 784">
     <span class='ocr_line' id='line_1_10' title="bbox 433 701 2012 784; baseline 0.004 -26"><span class='ocrx_word' id='word_1_56' title='bbox 433 705 560 770; x_wconf 78' lang='grc' dir='ltr'><strong>δῶς,</strong></span> <span class='ocrx_word' id='word_1_57' title='bbox 584 706 643 777; x_wconf 82' lang='grc' dir='ltr'><strong>ἢ,</strong></span> <span class='ocrx_word' id='word_1_58' title='bbox 665 707 748 769; x_wconf 83' lang='grc' dir='ltr'><strong>ὼς</strong></span> <span class='ocrx_word' id='word_1_59' title='bbox 770 701 999 760; x_wconf 73' lang='grc' dir='ltr'><strong>δυνατόν</strong></span> <span class='ocrx_word' id='word_1_60' title='bbox 1015 707 1181 771; x_wconf 74' lang='grc' dir='ltr'><strong>ἐστιν,</strong></span> <span class='ocrx_word' id='word_1_61' title='bbox 1207 707 1431 771; x_wconf 80' lang='grc' dir='ltr'><strong>ἑαυτοὺς</strong></span> <span class='ocrx_word' id='word_1_62' title='bbox 1455 708 1594 777; x_wconf 80' lang='grc' dir='ltr'><strong>μετὰ</strong></span> <span class='ocrx_word' id='word_1_63' title='bbox 1617 706 1826 775; x_wconf 79' lang='grc' dir='ltr'><strong>τάξεως</strong></span> <span class='ocrx_word' id='word_1_64' title='bbox 1855 727 2012 784; x_wconf 86' lang='grc' dir='ltr'><strong>περι-</strong></span> 
     </span>
    </p>
   </div>
   <div class='ocr_carea' id='block_1_11' title="bbox 435 796 1630 878">
    <p class='ocr_par' dir='ltr' id='par_1_11' title="bbox 435 796 1630 878">
     <span class='ocr_line' id='line_1_11' title="bbox 435 796 1630 878; baseline 0.003 -28"><span class='ocrx_word' id='word_1_65' title='bbox 435 797 648 864; x_wconf 77' lang='grc' dir='ltr'><strong>σώζειν,</strong></span> <span class='ocrx_word' id='word_1_66' title='bbox 676 796 769 850; x_wconf 69' lang='grc' dir='ltr'><strong>καὶ</strong></span> <span class='ocrx_word' id='word_1_67' title='bbox 795 797 898 868; x_wconf 70' lang='grc' dir='ltr'><strong>τῆς</strong></span> <span class='ocrx_word' id='word_1_68' title='bbox 927 796 1258 862; x_wconf 79' lang='grc' dir='ltr'><strong>ὲξελεύσεως</strong></span> <span class='ocrx_word' id='word_1_69' title='bbox 1298 797 1630 878; x_wconf 78' lang='grc' dir='ltr'><strong>φροντίζειν.</strong></span> 
     </span>
    </p>
   </div>
   <div class='ocr_carea' id='block_1_12' title="bbox 511 965 2014 1045">
    <p class='ocr_par' dir='ltr' id='par_1_12' title="bbox 511 965 2014 1045">
     <span class='ocr_line' id='line_1_12' title="bbox 511 965 2014 1045; baseline 0.001 -18"><span class='ocrx_word' id='word_1_70' title='bbox 511 974 616 1045; x_wconf 82' lang='grc' dir='ltr'><strong>νβ’.</strong></span> <span class='ocrx_word' id='word_1_71' title='bbox 647 972 758 1028; x_wconf 72' lang='grc' dir='ltr'><strong>Καὶ</strong></span> <span class='ocrx_word' id='word_1_72' title='bbox 781 971 1051 1035; x_wconf 75' lang='grc' dir='ltr'><strong>παντοίως</strong></span> <span class='ocrx_word' id='word_1_73' title='bbox 1073 985 1176 1039; x_wconf 80' lang='grc' dir='ltr'><strong>σοι,</strong></span> <span class='ocrx_word' id='word_1_74' title='bbox 1201 965 1250 1027; x_wconf 77' lang='grc' dir='ltr'>ὧ</span> <span class='ocrx_word' id='word_1_75' title='bbox 1283 974 1578 1044; x_wconf 71' lang='grc' dir='ltr'><strong>στρατηγὲ,</strong></span> <span class='ocrx_word' id='word_1_76' title='bbox 1622 975 1823 1040; x_wconf 82' lang='grc' dir='ltr'><strong>σκοπὸς</strong></span> <span class='ocrx_word' id='word_1_77' title='bbox 1871 975 2014 1029; x_wconf 79' lang='grc' dir='ltr'><strong>ἔστω</strong></span> 
     </span>
    </p>
   </div>
   <div class='ocr_carea' id='block_1_13' title="bbox 437 1063 2019 1136">
    <p class='ocr_par' dir='ltr' id='par_1_13' title="bbox 437 1063 2019 1136">
     <span class='ocr_line' id='line_1_13' title="bbox 437 1063 2019 1136; baseline 0.002 -18"><span class='ocrx_word' id='word_1_78' title='bbox 437 1066 498 1119; x_wconf 78' lang='grc' dir='ltr'><strong>ἐν</strong></span> <span class='ocrx_word' id='word_1_79' title='bbox 531 1067 644 1130; x_wconf 87' lang='grc' dir='ltr'><strong>τοῖς</strong></span> <span class='ocrx_word' id='word_1_80' title='bbox 670 1063 934 1128; x_wconf 78' lang='grc' dir='ltr'><strong>τοιούτοις</strong></span> <span class='ocrx_word' id='word_1_81' title='bbox 975 1063 1283 1130; x_wconf 83' lang='grc' dir='ltr'><strong>στενώμασι</strong></span> <span class='ocrx_word' id='word_1_82' title='bbox 1323 1104 1338 1129; x_wconf 91' lang='grc'><strong>,</strong></span> <span class='ocrx_word' id='word_1_83' title='bbox 1374 1067 1470 1118; x_wconf 71' lang='grc' dir='ltr'><strong>καὶ</strong></span> <span class='ocrx_word' id='word_1_84' title='bbox 1497 1065 1730 1136; x_wconf 73' lang='grc' dir='ltr'><strong>μάλιστα</strong></span> <span class='ocrx_word' id='word_1_85' title='bbox 1760 1069 1873 1131; x_wconf 88' lang='grc' dir='ltr'><strong>τοῖς</strong></span> <span class='ocrx_word' id='word_1_86' title='bbox 1924 1069 2019 1121; x_wconf 75' lang='grc' dir='ltr'><strong>ἐπὶ</strong></span> 
     </span>
    </p>
   </div>
   <div class='ocr_carea' id='block_1_14' title="bbox 442 1152 2018 1226">
    <p class='ocr_par' dir='ltr' id='par_1_14' title="bbox 442 1152 2018 1226">
     <span class='ocr_line' id='line_1_14' title="bbox 442 1152 2018 1226; baseline 0.001 -19"><span class='ocrx_word' id='word_1_87' title='bbox 442 1153 578 1208; x_wconf 80' lang='grc' dir='ltr'><strong>πολὺ</strong></span> <span class='ocrx_word' id='word_1_88' title='bbox 607 1153 882 1225; x_wconf 81' lang='grc' dir='ltr'><strong>διάστημα</strong></span> <span class='ocrx_word' id='word_1_89' title='bbox 910 1152 1192 1224; x_wconf 81' lang='grc' dir='ltr'><strong>κρατοῦσι,</strong></span> <span class='ocrx_word' id='word_1_90' title='bbox 1237 1154 1317 1226; x_wconf 69' lang='grc' dir='ltr'><strong>μὴ</strong></span> <span class='ocrx_word' id='word_1_91' title='bbox 1343 1155 1682 1226; x_wconf 75' lang='grc' dir='ltr'><strong>ἐπιτηδεύειν</strong></span> <span class='ocrx_word' id='word_1_92' title='bbox 1731 1155 2018 1226; x_wconf 76' lang='grc' dir='ltr'><strong>βιάζεσοαι</strong></span> 
     </span>
    </p>
   </div>
   <div class='ocr_carea' id='block_1_15' title="bbox 439 1242 2022 1318">
    <p class='ocr_par' dir='ltr' id='par_1_15' title="bbox 439 1242 2022 1318">
     <span class='ocr_line' id='line_1_15' title="bbox 439 1242 2022 1318; baseline 0.002 -19"><span class='ocrx_word' id='word_1_93' title='bbox 439 1245 674 1315; x_wconf 81' lang='grc' dir='ltr'><strong>στρατοῦ</strong></span> <span class='ocrx_word' id='word_1_94' title='bbox 707 1243 964 1315; x_wconf 83' lang='grc' dir='ltr'><strong>πάροδον,</strong></span> <span class='ocrx_word' id='word_1_95' title='bbox 1016 1245 1312 1315; x_wconf 71' lang='grc' dir='ltr'><strong>ἱξαιρέτως</strong></span> <span class='ocrx_word' id='word_1_96' title='bbox 1339 1247 1398 1299; x_wconf 76' lang='grc' dir='ltr'><strong>ἐν</strong></span> <span class='ocrx_word' id='word_1_97' title='bbox 1452 1242 1641 1316; x_wconf 70' lang='grc' dir='ltr'><strong>κικιρῷ⁵</strong></span> <span class='ocrx_word' id='word_1_98' title='bbox 1669 1246 1860 1318; x_wconf 78' lang='grc' dir='ltr'><strong>θέρους</strong></span> <span class='ocrx_word' id='word_1_99' title='bbox 1883 1287 1898 1310; x_wconf 94' lang='grc'><strong>,</strong></span> <span class='ocrx_word' id='word_1_100' title='bbox 1934 1248 2022 1302; x_wconf 79' lang='grc' dir='ltr'><strong>διὰ</strong></span> 
     </span>
    </p>
   </div>
   <div class='ocr_carea' id='block_1_16' title="bbox 439 1334 2021 1408">
    <p class='ocr_par' dir='ltr' id='par_1_16' title="bbox 439 1334 2021 1408">
     <span class='ocr_line' id='line_1_16' title="bbox 439 1334 2021 1408; baseline 0.001 -19"><span class='ocrx_word' id='word_1_101' title='bbox 439 1337 539 1408; x_wconf 78' lang='grc' dir='ltr'><strong>τὴν</strong></span> <span class='ocrx_word' id='word_1_102' title='bbox 564 1337 664 1407; x_wconf 76' lang='grc' dir='ltr'><strong>τῆς</strong></span> <span class='ocrx_word' id='word_1_103' title='bbox 688 1336 822 1406; x_wconf 75' lang='grc' dir='ltr'><strong>ὕλης</strong></span> <span class='ocrx_word' id='word_1_104' title='bbox 849 1334 1123 1406; x_wconf 72' lang='grc' dir='ltr'><strong>δασύτητα</strong></span> <span class='ocrx_word' id='word_1_105' title='bbox 1152 1337 1423 1406; x_wconf 76' lang='grc' dir='ltr'><strong>πολεμίων</strong></span> <span class='ocrx_word' id='word_1_106' title='bbox 1465 1336 1699 1407; x_wconf 80' lang='grc' dir='ltr'><strong>μάλιστα</strong></span> <span class='ocrx_word' id='word_1_107' title='bbox 1739 1335 2021 1407; x_wconf 79' lang='grc' dir='ltr'><strong>ἐνοχλούν-</strong></span> 
     </span>
    </p>
   </div>
   <div class='ocr_carea' id='block_1_17' title="bbox 441 1421 2024 1501">
    <p class='ocr_par' dir='ltr' id='par_1_17' title="bbox 441 1421 2024 1501">
     <span class='ocr_line' id='line_1_17' title="bbox 441 1421 2024 1501; baseline -0.001 -18"><span class='ocrx_word' id='word_1_108' title='bbox 441 1437 570 1494; x_wconf 74' lang='grc' dir='ltr'><strong>των,</strong></span> <span class='ocrx_word' id='word_1_109' title='bbox 601 1429 734 1500; x_wconf 74' lang='grc' dir='ltr'><strong>πρὶν</strong></span> <span class='ocrx_word' id='word_1_110' title='bbox 757 1429 826 1483; x_wconf 81' lang='grc' dir='ltr'><strong>ἂν</strong></span> <span class='ocrx_word' id='word_1_111' title='bbox 842 1421 892 1482; x_wconf 72' lang='grc' dir='ltr'><strong>οι</strong></span> <span class='ocrx_word' id='word_1_112' title='bbox 922 1428 1077 1482; x_wconf 75' lang='grc' dir='ltr'><strong>αὐτοὶ</strong></span> <span class='ocrx_word' id='word_1_113' title='bbox 1098 1427 1478 1498; x_wconf 73' lang='grc' dir='ltr'><strong>ἁποσοδηθῶσι</strong></span> <span class='ocrx_word' id='word_1_114' title='bbox 1517 1429 1862 1499; x_wconf 79' lang='grc' dir='ltr'><strong>φαινόμενοι,</strong></span> <span class='ocrx_word' id='word_1_115' title='bbox 1899 1429 1933 1501; x_wconf 82' lang='grc' dir='ltr'>ἢ</span> <span class='ocrx_word' id='word_1_116' title='bbox 1973 1431 2024 1482; x_wconf 80' lang='grc' dir='ltr'><strong>οι</strong></span> 
     </span>
    </p>
   </div>
   <div class='ocr_carea' id='block_1_18' title="bbox 452 1514 2024 1593">
    <p class='ocr_par' dir='ltr' id='par_1_18' title="bbox 452 1514 2024 1593">
     <span class='ocr_line' id='line_1_18' title="bbox 452 1514 2024 1593; baseline 0.002 -21"><span class='ocrx_word' id='word_1_117' title='bbox 452 1519 773 1591; x_wconf 73' lang='grc' dir='ltr'><strong>ὑψηλότεροι</strong></span> <span class='ocrx_word' id='word_1_118' title='bbox 843 1518 1001 1574; x_wconf 80' lang='grc' dir='ltr'><strong>τύποι</strong></span> <span class='ocrx_word' id='word_1_119' title='bbox 1060 1519 1164 1590; x_wconf 82' lang='grc' dir='ltr'><strong>τῆς</strong></span> <span class='ocrx_word' id='word_1_120' title='bbox 1231 1519 1464 1590; x_wconf 78' lang='grc' dir='ltr'><strong>παρόδου</strong></span> <span class='ocrx_word' id='word_1_121' title='bbox 1517 1519 1623 1573; x_wconf 75' lang='grc' dir='ltr'><strong>ὑπὸ</strong></span> <span class='ocrx_word' id='word_1_122' title='bbox 1675 1514 1768 1574; x_wconf 79' lang='grc' dir='ltr'><strong>σού</strong></span> <span class='ocrx_word' id='word_1_123' title='bbox 1815 1533 2024 1593; x_wconf 76' lang='grc' dir='ltr'><strong>προκαο</strong></span> 
     </span>
    </p>
   </div>
   <div class='ocr_carea' id='block_1_19' title="bbox 442 1608 781 1679">
    <p class='ocr_par' dir='ltr' id='par_1_19' title="bbox 442 1608 781 1679">
     <span class='ocr_line' id='line_1_19' title="bbox 442 1608 781 1679; baseline 0.003 -17"><span class='ocrx_word' id='word_1_124' title='bbox 442 1608 781 1679; x_wconf 82' lang='grc' dir='ltr'><strong>ταληφθῶσι.</strong></span> 
     </span>
    </p>
   </div>
   <div class='ocr_carea' id='block_1_20' title="bbox 513 1699 2029 1776">
    <p class='ocr_par' dir='ltr' id='par_1_20' title="bbox 513 1699 2029 1776">
     <span class='ocr_line' id='line_1_20' title="bbox 513 1699 2029 1776; baseline 0.001 -22"><span class='ocrx_word' id='word_1_125' title='bbox 513 1699 615 1770; x_wconf 86' lang='grc' dir='ltr'><strong>νγ’.</strong></span> <span class='ocrx_word' id='word_1_126' title='bbox 646 1701 757 1755; x_wconf 75' lang='grc' dir='ltr'><strong>Καὶ</strong></span> <span class='ocrx_word' id='word_1_127' title='bbox 784 1700 956 1756; x_wconf 85' lang='grc' dir='ltr'><strong>ταῦτα</strong></span> <span class='ocrx_word' id='word_1_128' title='bbox 1001 1701 1100 1772; x_wconf 84' lang='grc' dir='ltr'><strong>μὲν</strong></span> <span class='ocrx_word' id='word_1_129' title='bbox 1158 1701 1251 1756; x_wconf 74' lang='grc' dir='ltr'><strong>ἐπὶ</strong></span> <span class='ocrx_word' id='word_1_130' title='bbox 1276 1701 1375 1773; x_wconf 81' lang='grc' dir='ltr'><strong>τῆς</strong></span> <span class='ocrx_word' id='word_1_131' title='bbox 1431 1703 1840 1776; x_wconf 79' lang='grc' dir='ltr'><strong>κασαλλαρικῆς</strong></span> <span class='ocrx_word' id='word_1_132' title='bbox 1865 1721 2029 1775; x_wconf 85' lang='grc' dir='ltr'><strong>στρα-</strong></span> 
     </span>
    </p>
   </div>
   <div class='ocr_carea' id='block_1_21' title="bbox 2112 707 3696 795">
    <p class='ocr_par' dir='ltr' id='par_1_21' title="bbox 2112 707 3696 795">
     <span class='ocr_line' id='line_1_21' title="bbox 2112 707 3696 795; baseline 0.008 -29"><span class='ocrx_word' id='word_1_133' title='bbox 2112 707 2464 795; x_wconf 85' lang='lat' dir='ltr'><strong>manendum,</strong></span> <span class='ocrx_word' id='word_1_134' title='bbox 2501 722 2555 767; x_wconf 90' lang='lat' dir='ltr'><strong>et</strong></span> <span class='ocrx_word' id='word_1_135' title='bbox 2588 715 2736 786; x_wconf 79' lang='lat' dir='ltr'><strong>regio</strong></span> <span class='ocrx_word' id='word_1_136' title='bbox 2789 717 3027 790; x_wconf 87' lang='lat' dir='ltr'><strong>undique</strong></span> <span class='ocrx_word' id='word_1_137' title='bbox 3069 720 3696 792; x_wconf 79' lang='lat' dir='ltr'><strong>populantia-vastanda-</strong></span> 
     </span>
    </p>
   </div>
   <div class='ocr_carea' id='block_1_22' title="bbox 2111 805 3698 888">
    <p class='ocr_par' dir='ltr' id='par_1_22' title="bbox 2111 805 3698 888">
     <span class='ocr_line' id='line_1_22' title="bbox 2111 805 3698 888; baseline 0.005 -30"><span class='ocrx_word' id='word_1_138' title='bbox 2111 819 2224 888; x_wconf 1' lang='lat' dir='ltr'><strong>qque</strong></span> <span class='ocrx_word' id='word_1_139' title='bbox 2275 813 2380 867; x_wconf 90' lang='lat' dir='ltr'><strong>est,</strong></span> <span class='ocrx_word' id='word_1_140' title='bbox 2419 805 2501 859; x_wconf 84' lang='lat' dir='ltr'><strong>vel</strong></span> <span class='ocrx_word' id='word_1_141' title='bbox 2539 805 2701 860; x_wconf 89' lang='lat' dir='ltr'><strong>saluti</strong></span> <span class='ocrx_word' id='word_1_142' title='bbox 2735 815 2841 862; x_wconf 69' lang='lat' dir='ltr'><strong>tua:</strong></span> <span class='ocrx_word' id='word_1_143' title='bbox 2882 809 3300 874; x_wconf 81' lang='lat' dir='ltr'><strong>consulendum,</strong></span> <span class='ocrx_word' id='word_1_144' title='bbox 3334 819 3387 864; x_wconf 90' lang='lat' dir='ltr'><strong>et</strong></span> <span class='ocrx_word' id='word_1_145' title='bbox 3438 811 3558 866; x_wconf 90' lang='lat' dir='ltr'><strong>acie</strong></span> <span class='ocrx_word' id='word_1_146' title='bbox 3609 813 3698 866; x_wconf 88' lang='lat' dir='ltr'><strong>in-</strong></span> 
     </span>
    </p>
   </div>
   <div class='ocr_carea' id='block_1_23' title="bbox 2118 896 3495 971">
    <p class='ocr_par' dir='ltr' id='par_1_23' title="bbox 2118 896 3495 971">
     <span class='ocr_line' id='line_1_23' title="bbox 2118 896 3495 971; baseline 0.004 -21"><span class='ocrx_word' id='word_1_147' title='bbox 2118 904 2325 950; x_wconf 86' lang='lat' dir='ltr'><strong>structa</strong></span> <span class='ocrx_word' id='word_1_148' title='bbox 2357 896 2423 951; x_wconf 93' lang='lat' dir='ltr'><strong>de</strong></span> <span class='ocrx_word' id='word_1_149' title='bbox 2455 898 2601 951; x_wconf 86' lang='lat' dir='ltr'><strong>exitu</strong></span> <span class='ocrx_word' id='word_1_150' title='bbox 2639 908 2693 953; x_wconf 91' lang='lat' dir='ltr'><strong>et</strong></span> <span class='ocrx_word' id='word_1_151' title='bbox 2722 901 2979 956; x_wconf 85' lang='lat' dir='ltr'><strong>evasione</strong></span> <span class='ocrx_word' id='word_1_152' title='bbox 3005 901 3358 971; x_wconf 82' lang='lat' dir='ltr'><strong>cogitandum</strong></span> <span class='ocrx_word' id='word_1_153' title='bbox 3391 911 3495 957; x_wconf 82' lang='lat' dir='ltr'><strong>est.</strong></span> 
     </span>
    </p>
   </div>
   <div class='ocr_carea' id='block_1_24' title="bbox 2192 986 3698 1064">
    <p class='ocr_par' dir='ltr' id='par_1_24' title="bbox 2192 986 3698 1064">
     <span class='ocr_line' id='line_1_24' title="bbox 2192 986 3698 1064; baseline 0.005 -23"><span class='ocrx_word' id='word_1_154' title='bbox 2192 987 2282 1041; x_wconf 76' lang='lat'><strong>52.</strong></span> <span class='ocrx_word' id='word_1_155' title='bbox 2325 986 2562 1044; x_wconf 87' lang='lat' dir='ltr'><strong>Omnino</strong></span> <span class='ocrx_word' id='word_1_156' title='bbox 2621 991 2726 1045; x_wconf 86' lang='lat' dir='ltr'><strong>hoc</strong></span> <span class='ocrx_word' id='word_1_157' title='bbox 2775 993 3068 1047; x_wconf 80' lang='lat' dir='ltr'><strong>consilium</strong></span> <span class='ocrx_word' id='word_1_158' title='bbox 3115 992 3172 1048; x_wconf 91' lang='lat' dir='ltr'><strong>in</strong></span> <span class='ocrx_word' id='word_1_159' title='bbox 3213 994 3403 1064; x_wconf 82' lang='lat' dir='ltr'><strong>primis</strong></span> <span class='ocrx_word' id='word_1_160' title='bbox 3457 993 3553 1048; x_wconf 84' lang='lat' dir='ltr'><strong>tibi</strong></span> <span class='ocrx_word' id='word_1_161' title='bbox 3607 1009 3698 1048; x_wconf 83' lang='lat' dir='ltr'><strong>se-</strong></span> 
     </span>
    </p>
   </div>
   <div class='ocr_carea' id='block_1_25' title="bbox 2120 1079 3694 1155">
    <p class='ocr_par' dir='ltr' id='par_1_25' title="bbox 2120 1079 3694 1155">
     <span class='ocr_line' id='line_1_25' title="bbox 2120 1079 3694 1155; baseline 0.004 -23"><span class='ocrx_word' id='word_1_162' title='bbox 2120 1079 2396 1148; x_wconf 84' lang='lat' dir='ltr'><strong>quendum</strong></span> <span class='ocrx_word' id='word_1_163' title='bbox 2430 1091 2534 1146; x_wconf 84' lang='lat' dir='ltr'><strong>est,</strong></span> <span class='ocrx_word' id='word_1_164' title='bbox 2565 1097 2632 1137; x_wconf 86' lang='lat' dir='ltr'><strong>ne</strong></span> <span class='ocrx_word' id='word_1_165' title='bbox 2663 1083 2906 1138; x_wconf 78' lang='lat' dir='ltr'><strong>exercitu</strong></span> <span class='ocrx_word' id='word_1_166' title='bbox 2943 1084 3130 1155; x_wconf 84' lang='lat' dir='ltr'><strong>aliquo</strong></span> <span class='ocrx_word' id='word_1_167' title='bbox 3160 1082 3493 1150; x_wconf 87' lang='lat' dir='ltr'><strong>admirabili,</strong></span> <span class='ocrx_word' id='word_1_168' title='bbox 3529 1093 3694 1153; x_wconf 84' lang='lat' dir='ltr'><strong>atque</strong></span> 
     </span>
    </p>
   </div>
   <div class='ocr_carea' id='block_1_26' title="bbox 2123 1163 3692 1246">
    <p class='ocr_par' dir='ltr' id='par_1_26' title="bbox 2123 1163 3692 1246">
     <span class='ocr_line' id='line_1_26' title="bbox 2123 1163 3692 1246; baseline 0.003 -21"><span class='ocrx_word' id='word_1_169' title='bbox 2123 1172 2404 1241; x_wconf 84' lang='lat' dir='ltr'><strong>inopinato</strong></span> <span class='ocrx_word' id='word_1_170' title='bbox 2428 1163 2627 1227; x_wconf 33' lang='lat' dir='ltr'><strong>‘labore</strong></span> <span class='ocrx_word' id='word_1_171' title='bbox 2658 1175 2710 1227; x_wconf 90' lang='lat' dir='ltr'><strong>in</strong></span> <span class='ocrx_word' id='word_1_172' title='bbox 2747 1175 2820 1230; x_wconf 89' lang='lat' dir='ltr'><strong>iis</strong></span> <span class='ocrx_word' id='word_1_173' title='bbox 2843 1177 3140 1246; x_wconf 76' lang='lat' dir='ltr'><strong>angustiis,</strong></span> <span class='ocrx_word' id='word_1_174' title='bbox 3187 1190 3311 1245; x_wconf 72' lang='lat' dir='ltr'><strong>qua:</strong></span> <span class='ocrx_word' id='word_1_175' title='bbox 3343 1176 3692 1244; x_wconf 82' lang='lat' dir='ltr'><strong>potissimum</strong></span> 
     </span>
    </p>
   </div>
   <div class='ocr_carea' id='block_1_27' title="bbox 2124 1262 3699 1336">
    <p class='ocr_par' dir='ltr' id='par_1_27' title="bbox 2124 1262 3699 1336">
     <span class='ocr_line' id='line_1_27' title="bbox 2124 1262 3699 1336; baseline 0.003 -20"><span class='ocrx_word' id='word_1_176' title='bbox 2124 1262 2360 1330; x_wconf 82' lang='lat' dir='ltr'><strong>aliquam</strong></span> <span class='ocrx_word' id='word_1_177' title='bbox 2403 1262 2796 1332; x_wconf 74' lang='lat' dir='ltr'><strong>longitudinem</strong></span> <span class='ocrx_word' id='word_1_178' title='bbox 2826 1264 2926 1320; x_wconf 83' lang='lat' dir='ltr'><strong>viae</strong></span> <span class='ocrx_word' id='word_1_179' title='bbox 2956 1265 3182 1330; x_wconf 83' lang='lat' dir='ltr'><strong>habent,</strong></span> <span class='ocrx_word' id='word_1_180' title='bbox 3216 1267 3414 1322; x_wconf 85' lang='lat' dir='ltr'><strong>messis</strong></span> <span class='ocrx_word' id='word_1_181' title='bbox 3449 1275 3699 1336; x_wconf 81' lang='lat' dir='ltr'><strong>tempore</strong></span> 
     </span>
    </p>
   </div>
   <div class='ocr_carea' id='block_1_28' title="bbox 2125 1348 3694 1424">
    <p class='ocr_par' dir='ltr' id='par_1_28' title="bbox 2125 1348 3694 1424">
     <span class='ocr_line' id='line_1_28' title="bbox 2125 1348 3694 1424; baseline -0.001 -18"><span class='ocrx_word' id='word_1_182' title='bbox 2125 1366 2347 1424; x_wconf 89' lang='lat' dir='ltr'><strong>propter</strong></span> <span class='ocrx_word' id='word_1_183' title='bbox 2388 1355 2536 1408; x_wconf 76' lang='lat' dir='ltr'><strong>silvae</strong></span> <span class='ocrx_word' id='word_1_184' title='bbox 2573 1348 2899 1410; x_wconf 64' lang='lat' dir='ltr'><strong>densitatem</strong></span> <span class='ocrx_word' id='word_1_185' title='bbox 2938 1370 3213 1421; x_wconf 76' lang='lat' dir='ltr'><strong>exerceas,</strong></span> <span class='ocrx_word' id='word_1_186' title='bbox 3244 1356 3290 1409; x_wconf 88' lang='lat' dir='ltr'><strong>si</strong></span> <span class='ocrx_word' id='word_1_187' title='bbox 3345 1356 3529 1411; x_wconf 85' lang='lat' dir='ltr'><strong>hostes</strong></span> <span class='ocrx_word' id='word_1_188' title='bbox 3581 1364 3694 1411; x_wconf 84' lang='lat' dir='ltr'><strong>tum</strong></span> 
     </span>
    </p>
   </div>
   <div class='ocr_carea' id='block_1_29' title="bbox 2129 1441 3699 1515">
    <p class='ocr_par' dir='ltr' id='par_1_29' title="bbox 2129 1441 3699 1515">
     <span class='ocr_line' id='line_1_29' title="bbox 2129 1441 3699 1515; baseline 0.001 -16"><span class='ocrx_word' id='word_1_189' title='bbox 2129 1454 2179 1499; x_wconf 93' lang='lat' dir='ltr'><strong>te</strong></span> <span class='ocrx_word' id='word_1_190' title='bbox 2208 1445 2545 1515; x_wconf 82' lang='lat' dir='ltr'><strong>perturbent,</strong></span> <span class='ocrx_word' id='word_1_191' title='bbox 2573 1445 2680 1500; x_wconf 89' lang='lat' dir='ltr'><strong>uisi</strong></span> <span class='ocrx_word' id='word_1_192' title='bbox 2712 1441 2757 1501; x_wconf 95' lang='lat' dir='ltr'><strong>si</strong></span> <span class='ocrx_word' id='word_1_193' title='bbox 2793 1445 2933 1500; x_wconf 76' lang='lat' dir='ltr'><strong>forte</strong></span> <span class='ocrx_word' id='word_1_194' title='bbox 2966 1445 3117 1514; x_wconf 83' lang='lat' dir='ltr'><strong>prius</strong></span> <span class='ocrx_word' id='word_1_195' title='bbox 3140 1445 3225 1500; x_wconf 91' lang='lat' dir='ltr'><strong>vel</strong></span> <span class='ocrx_word' id='word_1_196' title='bbox 3259 1445 3384 1501; x_wconf 88' lang='lat' dir='ltr'><strong>illos</strong></span> <span class='ocrx_word' id='word_1_197' title='bbox 3409 1445 3699 1515; x_wconf 85' lang='lat' dir='ltr'><strong>repuleris,</strong></span> 
     </span>
    </p>
   </div>
   <div class='ocr_carea' id='block_1_30' title="bbox 2128 1529 3696 1606">
    <p class='ocr_par' dir='ltr' id='par_1_30' title="bbox 2128 1529 3696 1606">
     <span class='ocr_line' id='line_1_30' title="bbox 2128 1529 3696 1606; baseline 0.002 -19"><span class='ocrx_word' id='word_1_198' title='bbox 2128 1529 2212 1589; x_wconf 82' lang='lat' dir='ltr'><strong>vel</strong></span> <span class='ocrx_word' id='word_1_199' title='bbox 2244 1550 2457 1590; x_wconf 87' lang='lat' dir='ltr'><strong>summa</strong></span> <span class='ocrx_word' id='word_1_200' title='bbox 2488 1536 2632 1590; x_wconf 89' lang='lat' dir='ltr'><strong>illius</strong></span> <span class='ocrx_word' id='word_1_201' title='bbox 2658 1535 2760 1590; x_wconf 89' lang='lat' dir='ltr'><strong>loci</strong></span> <span class='ocrx_word' id='word_1_202' title='bbox 2784 1535 2915 1606; x_wconf 71' lang='lat' dir='ltr'><strong>iuga</strong></span> <span class='ocrx_word' id='word_1_203' title='bbox 2948 1535 3148 1592; x_wconf 82' lang='lat' dir='ltr'><strong>milites</strong></span> <span class='ocrx_word' id='word_1_204' title='bbox 3189 1535 3265 1589; x_wconf 88' lang='lat' dir='ltr'><strong>tui</strong></span> <span class='ocrx_word' id='word_1_205' title='bbox 3294 1536 3696 1606; x_wconf 82' lang='lat' dir='ltr'><strong>occupaverint.</strong></span> 
     </span>
    </p>
   </div>
   <div class='ocr_carea' id='block_1_31' title="bbox 2205 1689 3700 1785">
    <p class='ocr_par' dir='ltr' id='par_1_31' title="bbox 2205 1689 3700 1785">
     <span class='ocr_line' id='line_1_31' title="bbox 2205 1689 3700 1785; baseline -0.001 -15"><span class='ocrx_word' id='word_1_206' title='bbox 2205 1715 2292 1770; x_wconf 80' lang='lat'><strong>53.</strong></span> <span class='ocrx_word' id='word_1_207' title='bbox 2326 1715 2451 1770; x_wconf 67' lang='grc' dir='ltr'><strong>ιιιεε</strong></span> <span class='ocrx_word' id='word_1_208' title='bbox 2484 1714 2549 1769; x_wconf 90' lang='lat' dir='ltr'><strong>de</strong></span> <span class='ocrx_word' id='word_1_209' title='bbox 2578 1715 2819 1783; x_wconf 79' lang='lat' dir='ltr'><strong>equestri</strong></span> <span class='ocrx_word' id='word_1_210' title='bbox 2849 1714 3042 1770; x_wconf 83' lang='lat' dir='ltr'><strong>itinere</strong></span> <span class='ocrx_word' id='word_1_211' title='bbox 3074 1733 3087 1768; x_wconf 87' lang='lat'><strong>:</strong></span> <span class='ocrx_word' id='word_1_212' title='bbox 3119 1714 3173 1768; x_wconf 91' lang='lat' dir='ltr'><strong>in</strong></span> <span class='ocrx_word' id='word_1_213' title='bbox 3207 1714 3443 1785; x_wconf 81' lang='lat' dir='ltr'><strong>pedestri</strong></span> <span class='ocrx_word' id='word_1_214' title='bbox 3485 1689 3700 1779; x_wconf 84' lang='lat' dir='ltr'><strong>itinere,</strong></span> 
     </span>
    </p>
   </div>
   <div class='ocr_carea' id='block_1_32' title="bbox 441 1789 2039 1875">
    <p class='ocr_par' dir='ltr' id='par_1_32' title="bbox 441 1789 2013 1868">
     <span class='ocr_line' id='line_1_32' title="bbox 441 1789 2013 1868; baseline 0.001 -19"><span class='ocrx_word' id='word_1_215' title='bbox 441 1795 610 1860; x_wconf 76' lang='grc' dir='ltr'><strong>τείαςο</strong></span> <span class='ocrx_word' id='word_1_216' title='bbox 642 1794 735 1848; x_wconf 77' lang='grc' dir='ltr'><strong>ἐπὶ</strong></span> <span class='ocrx_word' id='word_1_217' title='bbox 761 1791 817 1848; x_wconf 81' lang='grc' dir='ltr'><strong>δὲ</strong></span> <span class='ocrx_word' id='word_1_218' title='bbox 839 1793 937 1865; x_wconf 79' lang='grc' dir='ltr'><strong>τῆς</strong></span> <span class='ocrx_word' id='word_1_219' title='bbox 969 1789 1200 1866; x_wconf 73' lang='grc' dir='ltr'><strong>πεζικῆς</strong></span> <span class='ocrx_word' id='word_1_220' title='bbox 1227 1795 1535 1868; x_wconf 79' lang='grc' dir='ltr'><strong>ὁδοιπορίας</strong></span> <span class='ocrx_word' id='word_1_221' title='bbox 1577 1799 1656 1861; x_wconf 85' lang='grc' dir='ltr'><strong>εἰς</strong></span> <span class='ocrx_word' id='word_1_222' title='bbox 1698 1799 1795 1867; x_wconf 80' lang='grc' dir='ltr'><strong>μὲν</strong></span> <span class='ocrx_word' id='word_1_223' title='bbox 1825 1799 2013 1852; x_wconf 62' lang='grc' dir='ltr'><strong>ἐπιπέ-</strong></span> 
     </span>
    </p>
   </div>
   <div class='ocr_carea' id='block_1_33' title="bbox 2140 1789 3702 1875">
    <p class='ocr_par' dir='ltr' id='par_1_33' title="bbox 2140 1801 3702 1875">
     <span class='ocr_line' id='line_1_33' title="bbox 2140 1801 3702 1875; baseline 0.001 -17"><span class='ocrx_word' id='word_1_224' title='bbox 2140 1809 2176 1858; x_wconf 73' lang='lat' dir='ltr'><strong>2t</strong></span> <span class='ocrx_word' id='word_1_225' title='bbox 2207 1801 2381 1875; x_wconf 86' lang='lat' dir='ltr'><strong>planis</strong></span> <span class='ocrx_word' id='word_1_226' title='bbox 2404 1805 2914 1875; x_wconf 66' lang='lat' dir='ltr'><strong>campestribusque</strong></span> <span class='ocrx_word' id='word_1_227' title='bbox 2932 1804 3084 1870; x_wconf 87' lang='lat' dir='ltr'><strong>locis,</strong></span> <span class='ocrx_word' id='word_1_228' title='bbox 3106 1814 3235 1859; x_wconf 84' lang='lat' dir='ltr'><strong>ante</strong></span> <span class='ocrx_word' id='word_1_229' title='bbox 3251 1810 3310 1858; x_wconf 89' lang='lat' dir='ltr'><strong>et</strong></span> <span class='ocrx_word' id='word_1_230' title='bbox 3341 1812 3466 1873; x_wconf 84' lang='lat' dir='ltr'><strong>post</strong></span> <span class='ocrx_word' id='word_1_231' title='bbox 3485 1804 3702 1873; x_wconf 86' lang='lat' dir='ltr'><strong>equites</strong></span> 
     </span>
    </p>
   </div>
   <div class='ocr_carea' id='block_1_34' title="bbox 439 1885 2023 1960">
    <p class='ocr_par' dir='ltr' id='par_1_34' title="bbox 439 1885 2023 1960">
     <span class='ocr_line' id='line_1_34' title="bbox 439 1885 2023 1960; baseline 0.002 -20"><span class='ocrx_word' id='word_1_232' title='bbox 439 1887 562 1950; x_wconf 84' lang='grc' dir='ltr'><strong>δους</strong></span> <span class='ocrx_word' id='word_1_233' title='bbox 595 1885 790 1949; x_wconf 79' lang='grc' dir='ltr'><strong>τόπους</strong></span> <span class='ocrx_word' id='word_1_234' title='bbox 817 1885 934 1940; x_wconf 84' lang='grc' dir='ltr'><strong>δέον</strong></span> <span class='ocrx_word' id='word_1_235' title='bbox 969 1903 1026 1940; x_wconf 88' lang='grc' dir='ltr'><strong>σε</strong></span> <span class='ocrx_word' id='word_1_236' title='bbox 1101 1887 1195 1940; x_wconf 77' lang='grc' dir='ltr'><strong>καὶ</strong></span> <span class='ocrx_word' id='word_1_237' title='bbox 1229 1886 1452 1940; x_wconf 79' lang='grc' dir='ltr'><strong>ὄπισθεν</strong></span> <span class='ocrx_word' id='word_1_238' title='bbox 1481 1889 1658 1942; x_wconf 79' lang='grc' dir='ltr'><strong>αὐτῶν</strong></span> <span class='ocrx_word' id='word_1_239' title='bbox 1681 1891 1776 1942; x_wconf 77' lang='grc' dir='ltr'><strong>καὶ</strong></span> <span class='ocrx_word' id='word_1_240' title='bbox 1815 1889 2023 1960; x_wconf 78' lang='grc' dir='ltr'><strong>ἔμπρο-</strong></span> 
     </span>
    </p>
   </div>
   <div class='ocr_carea' id='block_1_35' title="bbox 445 1971 2026 2052">
    <p class='ocr_par' dir='ltr' id='par_1_35' title="bbox 445 1971 2026 2052">
     <span class='ocr_line' id='line_1_35' title="bbox 445 1971 2026 2052; baseline 0.001 -19"><span class='ocrx_word' id='word_1_241' title='bbox 445 1977 571 2033; x_wconf 86' lang='grc' dir='ltr'><strong>σθεν</strong></span> <span class='ocrx_word' id='word_1_242' title='bbox 600 1975 998 2048; x_wconf 83' lang='grc' dir='ltr'><strong>καϐαλλαρίους</strong></span> <span class='ocrx_word' id='word_1_243' title='bbox 1016 1971 1276 2050; x_wconf 78' lang='grc' dir='ltr'><strong>καθιστᾷν</strong></span> <span class='ocrx_word' id='word_1_244' title='bbox 1306 1982 1385 2042; x_wconf 80' lang='grc' dir='ltr'><strong>είς</strong></span> <span class='ocrx_word' id='word_1_245' title='bbox 1427 1979 1634 2050; x_wconf 82' lang='grc' dir='ltr'><strong>βίγλας,</strong></span> <span class='ocrx_word' id='word_1_246' title='bbox 1661 1980 1755 2033; x_wconf 73' lang='grc' dir='ltr'><strong>καὶ</strong></span> <span class='ocrx_word' id='word_1_247' title='bbox 1778 1980 2026 2052; x_wconf 79' lang='grc' dir='ltr'><strong>ἐξωτέρω</strong></span> 
     </span>
    </p>
   </div>
   <div class='ocr_carea' id='block_1_36' title="bbox 442 2070 1683 2143">
    <p class='ocr_par' dir='ltr' id='par_1_36' title="bbox 442 2070 1683 2143">
     <span class='ocr_line' id='line_1_36' title="bbox 442 2070 1683 2143; baseline 0 -19"><span class='ocrx_word' id='word_1_248' title='bbox 442 2073 542 2143; x_wconf 80' lang='grc' dir='ltr'><strong>τῆς</strong></span> <span class='ocrx_word' id='word_1_249' title='bbox 573 2070 763 2141; x_wconf 79' lang='grc' dir='ltr'><strong>βίγλας</strong></span> <span class='ocrx_word' id='word_1_250' title='bbox 795 2070 997 2142; x_wconf 80' lang='grc' dir='ltr'><strong>μηδένα</strong></span> <span class='ocrx_word' id='word_1_251' title='bbox 1032 2070 1142 2122; x_wconf 83' lang='grc' dir='ltr'><strong>τῶν</strong></span> <span class='ocrx_word' id='word_1_252' title='bbox 1171 2070 1348 2134; x_wconf 77' lang='grc' dir='ltr'><strong>πεζῶν</strong></span> <span class='ocrx_word' id='word_1_253' title='bbox 1378 2070 1683 2139; x_wconf 82' lang='grc' dir='ltr'><strong>φαίνεσθαι.</strong></span> 
     </span>
    </p>
   </div>
   <div class='ocr_carea' id='block_1_37' title="bbox 515 2142 2024 2234">
    <p class='ocr_par' dir='ltr' id='par_1_37' title="bbox 515 2142 2024 2234">
     <span class='ocr_line' id='line_1_37' title="bbox 515 2142 2024 2234; baseline 0 -18"><span class='ocrx_word' id='word_1_254' title='bbox 515 2165 608 2219; x_wconf 89' lang='grc' dir='ltr'><strong>νδ’.</strong></span> <span class='ocrx_word' id='word_1_255' title='bbox 638 2163 719 2217; x_wconf 75' lang='grc' dir='ltr'><strong>Τὰ</strong></span> <span class='ocrx_word' id='word_1_256' title='bbox 745 2163 801 2218; x_wconf 79' lang='grc' dir='ltr'><strong>δὲ</strong></span> <span class='ocrx_word' id='word_1_257' title='bbox 833 2162 1085 2234; x_wconf 74' lang='grc' dir='ltr'><strong>ἄπληκτα</strong></span> <span class='ocrx_word' id='word_1_258' title='bbox 1127 2163 1192 2215; x_wconf 76' lang='grc' dir='ltr'><strong>ὲκ</strong></span> <span class='ocrx_word' id='word_1_259' title='bbox 1230 2160 1322 2214; x_wconf 88' lang='grc' dir='ltr'><strong>τοῦ</strong></span> <span class='ocrx_word' id='word_1_260' title='bbox 1352 2161 1577 2232; x_wconf 80' lang='grc' dir='ltr'><strong>πλησίον</strong></span> <span class='ocrx_word' id='word_1_261' title='bbox 1627 2142 1896 2232; x_wconf 78' lang='grc' dir='ltr'><strong>γίνεσθαιο</strong></span> <span class='ocrx_word' id='word_1_262' title='bbox 1934 2161 2024 2216; x_wconf 73' lang='grc' dir='ltr'><strong>ἵνα</strong></span> 
     </span>
    </p>
   </div>
   <div class='ocr_carea' id='block_1_38' title="bbox 450 2250 2025 2331">
    <p class='ocr_par' dir='ltr' id='par_1_38' title="bbox 450 2250 2025 2331">
     <span class='ocr_line' id='line_1_38' title="bbox 450 2250 2025 2331; baseline -0.001 -21"><span class='ocrx_word' id='word_1_263' title='bbox 450 2257 525 2331; x_wconf 80' lang='grc' dir='ltr'><strong>μὴ</strong></span> <span class='ocrx_word' id='word_1_264' title='bbox 558 2256 883 2313; x_wconf 84' lang='grc' dir='ltr'><strong>σκοποῦνται</strong></span> <span class='ocrx_word' id='word_1_265' title='bbox 940 2255 990 2309; x_wconf 84' lang='grc' dir='ltr'><strong>οἱ</strong></span> <span class='ocrx_word' id='word_1_266' title='bbox 1039 2254 1195 2320; x_wconf 73' lang='grc' dir='ltr'><strong>πεζοὶ</strong></span> <span class='ocrx_word' id='word_1_267' title='bbox 1255 2250 1680 2325; x_wconf 79' lang='grc' dir='ltr'><strong>περιπατοῦντες</strong></span> <span class='ocrx_word' id='word_1_268' title='bbox 1733 2255 1868 2329; x_wconf 80' lang='grc' dir='ltr'><strong>πολὺ</strong></span> <span class='ocrx_word' id='word_1_269' title='bbox 1907 2255 2025 2309; x_wconf 80' lang='grc' dir='ltr'><strong>διά-</strong></span> 
     </span>
    </p>
   </div>
   <div class='ocr_carea' id='block_1_39' title="bbox 451 2327 1748 2425">
    <p class='ocr_par' dir='ltr' id='par_1_39' title="bbox 451 2327 1748 2425">
     <span class='ocr_line' id='line_1_39' title="bbox 451 2327 1748 2425; baseline -0.005 -19"><span class='ocrx_word' id='word_1_270' title='bbox 451 2327 552 2425; x_wconf 71' lang='grc' dir='ltr'><strong>στή</strong></span> <span class='ocrx_word' id='word_1_271' title='bbox 562 2369 657 2424; x_wconf 79' lang='grc' dir='ltr'><strong>μα.</strong></span> <span class='ocrx_word' id='word_1_272' title='bbox 1746 2327 1748 2329; x_wconf 4' lang='grc' dir='ltr'><strong>ί</strong></span> 
     </span>
    </p>
   </div>
   <div class='ocr_carea' id='block_1_40' title="bbox 517 2433 2025 2512">
    <p class='ocr_par' dir='ltr' id='par_1_40' title="bbox 517 2433 2025 2512">
     <span class='ocr_line' id='line_1_40' title="bbox 517 2433 2025 2512; baseline -0.003 -16"><span class='ocrx_word' id='word_1_273' title='bbox 517 2441 612 2512; x_wconf 45' lang='lat' dir='ltr'><strong>vs&quot;.</strong></span> <span class='ocrx_word' id='word_1_274' title='bbox 644 2442 757 2507; x_wconf 71' lang='grc' dir='ltr'><strong>Τὰς</strong></span> <span class='ocrx_word' id='word_1_275' title='bbox 782 2441 837 2496; x_wconf 77' lang='grc' dir='ltr'><strong>δὲ</strong></span> <span class='ocrx_word' id='word_1_276' title='bbox 867 2440 1004 2512; x_wconf 79' lang='grc' dir='ltr'><strong>μετὰ</strong></span> <span class='ocrx_word' id='word_1_277' title='bbox 1022 2433 1130 2494; x_wconf 82' lang='grc' dir='ltr'><strong>τῶν</strong></span> <span class='ocrx_word' id='word_1_278' title='bbox 1161 2435 1340 2503; x_wconf 76' lang='grc' dir='ltr'><strong>πεζῶν</strong></span> <span class='ocrx_word' id='word_1_279' title='bbox 1363 2433 1578 2508; x_wconf 78' lang='grc' dir='ltr'><strong>ἀμάξας</strong></span> <span class='ocrx_word' id='word_1_280' title='bbox 1605 2437 1746 2494; x_wconf 71' lang='grc' dir='ltr'><strong>κατὰ</strong></span> <span class='ocrx_word' id='word_1_281' title='bbox 1783 2439 1852 2492; x_wconf 76' lang='grc' dir='ltr'><strong>τὰ</strong></span> <span class='ocrx_word' id='word_1_282' title='bbox 1883 2437 2025 2512; x_wconf 82' lang='grc' dir='ltr'><strong>μέρη</strong></span> 
     </span>
    </p>
   </div>
   <div class='ocr_carea' id='block_1_41' title="bbox 449 2526 2023 2607">
    <p class='ocr_par' dir='ltr' id='par_1_41' title="bbox 449 2526 2023 2607">
     <span class='ocr_line' id='line_1_41' title="bbox 449 2526 2023 2607; baseline -0.004 -17"><span class='ocrx_word' id='word_1_283' title='bbox 449 2537 551 2606; x_wconf 77' lang='grc' dir='ltr'><strong>τῆς</strong></span> <span class='ocrx_word' id='word_1_284' title='bbox 586 2532 940 2607; x_wconf 82' lang='grc' dir='ltr'><strong>παρατάξεως</strong></span> <span class='ocrx_word' id='word_1_285' title='bbox 997 2526 1320 2603; x_wconf 80' lang='grc' dir='ltr'><strong>περιπατεῖν</strong></span> <span class='ocrx_word' id='word_1_286' title='bbox 1350 2529 1500 2592; x_wconf 83' lang='grc' dir='ltr'><strong>δέον,</strong></span> <span class='ocrx_word' id='word_1_287' title='bbox 1533 2529 1644 2583; x_wconf 82' lang='grc' dir='ltr'><strong>εἴτε</strong></span> <span class='ocrx_word' id='word_1_288' title='bbox 1698 2530 1755 2582; x_wconf 85' lang='grc' dir='ltr'><strong>ὲν</strong></span> <span class='ocrx_word' id='word_1_289' title='bbox 1804 2529 2023 2600; x_wconf 81' lang='grc' dir='ltr'><strong>ὀρδίνῳ,</strong></span> 
     </span>
    </p>
   </div>
   <div class='ocr_carea' id='block_1_42' title="bbox 454 2619 2027 2697">
    <p class='ocr_par' dir='ltr' id='par_1_42' title="bbox 454 2619 2027 2697">
     <span class='ocr_line' id='line_1_42' title="bbox 454 2619 2027 2697; baseline -0.005 -16"><span class='ocrx_word' id='word_1_290' title='bbox 454 2629 564 2681; x_wconf 82' lang='grc' dir='ltr'><strong>εἴτε</strong></span> <span class='ocrx_word' id='word_1_291' title='bbox 596 2627 654 2681; x_wconf 78' lang='grc' dir='ltr'><strong>ὲν</strong></span> <span class='ocrx_word' id='word_1_292' title='bbox 681 2625 1003 2697; x_wconf 78' lang='grc' dir='ltr'><strong>παρατάξει,</strong></span> <span class='ocrx_word' id='word_1_293' title='bbox 1028 2624 1162 2694; x_wconf 73' lang='grc' dir='ltr'><strong>πρὸς</strong></span> <span class='ocrx_word' id='word_1_294' title='bbox 1180 2624 1269 2678; x_wconf 77' lang='grc' dir='ltr'><strong>τὸν</strong></span> <span class='ocrx_word' id='word_1_295' title='bbox 1295 2622 1462 2675; x_wconf 80' lang='grc' dir='ltr'><strong>τόπον</strong></span> <span class='ocrx_word' id='word_1_296' title='bbox 1482 2622 1697 2694; x_wconf 82' lang='grc' dir='ltr'><strong>πρῶτον</strong></span> <span class='ocrx_word' id='word_1_297' title='bbox 1731 2621 1826 2675; x_wconf 88' lang='grc' dir='ltr'><strong>τοῦ</strong></span> <span class='ocrx_word' id='word_1_298' title='bbox 1851 2619 2027 2686; x_wconf 77' lang='grc' dir='ltr'><strong>δεξιοῦ</strong></span> 
     </span>
    </p>
   </div>
   <div class='ocr_carea' id='block_1_43' title="bbox 455 2711 2028 2790">
    <p class='ocr_par' dir='ltr' id='par_1_43' title="bbox 455 2711 2028 2790">
     <span class='ocr_line' id='line_1_43' title="bbox 455 2711 2028 2790; baseline -0.004 -18"><span class='ocrx_word' id='word_1_299' title='bbox 455 2721 706 2790; x_wconf 76' lang='grc' dir='ltr'><strong>κέρατος,</strong></span> <span class='ocrx_word' id='word_1_300' title='bbox 738 2712 856 2771; x_wconf 71' lang='grc' dir='ltr'><strong>εἶτα</strong></span> <span class='ocrx_word' id='word_1_301' title='bbox 897 2713 990 2770; x_wconf 88' lang='grc' dir='ltr'><strong>τοῦ</strong></span> <span class='ocrx_word' id='word_1_302' title='bbox 1043 2711 1355 2787; x_wconf 80' lang='grc' dir='ltr'><strong>ἀριστεροῦ,</strong></span> <span class='ocrx_word' id='word_1_303' title='bbox 1416 2713 1555 2784; x_wconf 87' lang='grc' dir='ltr'><strong>μετά</strong></span> <span class='ocrx_word' id='word_1_304' title='bbox 1585 2713 1798 2776; x_wconf 81' lang='grc' dir='ltr'><strong>ὲκείνας</strong></span> <span class='ocrx_word' id='word_1_305' title='bbox 1843 2713 1901 2766; x_wconf 81' lang='grc' dir='ltr'><strong>δὲ</strong></span> <span class='ocrx_word' id='word_1_306' title='bbox 1933 2711 2028 2766; x_wconf 85' lang='grc' dir='ltr'><strong>τοῦ</strong></span> 
     </span>
    </p>
   </div>
   <div class='ocr_carea' id='block_1_44' title="bbox 455 2803 2031 2880">
    <p class='ocr_par' dir='ltr' id='par_1_44' title="bbox 455 2803 2031 2880">
     <span class='ocr_line' id='line_1_44' title="bbox 455 2803 2031 2880; baseline -0.005 -17"><span class='ocrx_word' id='word_1_307' title='bbox 455 2808 622 2879; x_wconf 90' lang='grc' dir='ltr'><strong>μέσου</strong></span> <span class='ocrx_word' id='word_1_308' title='bbox 675 2805 990 2880; x_wconf 86' lang='grc' dir='ltr'><strong>ἀριστεροῦ,</strong></span> <span class='ocrx_word' id='word_1_309' title='bbox 1055 2807 1147 2860; x_wconf 76' lang='grc' dir='ltr'><strong>καὶ</strong></span> <span class='ocrx_word' id='word_1_310' title='bbox 1169 2805 1290 2859; x_wconf 82' lang='grc' dir='ltr'><strong>τότε</strong></span> <span class='ocrx_word' id='word_1_311' title='bbox 1353 2804 1446 2858; x_wconf 85' lang='grc' dir='ltr'><strong>τοῦ</strong></span> <span class='ocrx_word' id='word_1_312' title='bbox 1479 2804 1646 2874; x_wconf 80' lang='grc' dir='ltr'><strong>μέσου</strong></span> <span class='ocrx_word' id='word_1_313' title='bbox 1683 2803 1856 2868; x_wconf 77' lang='grc' dir='ltr'><strong>δεξιοῦ</strong></span> <span class='ocrx_word' id='word_1_314' title='bbox 1888 2843 1901 2864; x_wconf 92' lang='lat'><strong>,</strong></span> <span class='ocrx_word' id='word_1_315' title='bbox 1936 2803 2031 2858; x_wconf 69' lang='grc' dir='ltr'><strong>καὶ</strong></span> 
     </span>
    </p>
   </div>
   <div class='ocr_carea' id='block_1_45' title="bbox 452 2891 2015 2971">
    <p class='ocr_par' dir='ltr' id='par_1_45' title="bbox 452 2891 2015 2971">
     <span class='ocr_line' id='line_1_45' title="bbox 452 2891 2015 2971; baseline -0.004 -18"><span class='ocrx_word' id='word_1_316' title='bbox 452 2893 594 2971; x_wconf 58' lang='grc' dir='ltr'><strong>’μήτε</strong></span> <span class='ocrx_word' id='word_1_317' title='bbox 627 2899 970 2970; x_wconf 81' lang='grc' dir='ltr'><strong>πεφυρμέναι</strong></span> <span class='ocrx_word' id='word_1_318' title='bbox 1006 2896 1096 2951; x_wconf 74' lang='grc' dir='ltr'><strong>καὶ</strong></span> <span class='ocrx_word' id='word_1_319' title='bbox 1124 2891 1568 2967; x_wconf 78' lang='grc' dir='ltr'><strong>ἀναμεμιγμέναι</strong></span> <span class='ocrx_word' id='word_1_320' title='bbox 1597 2895 2015 2966; x_wconf 79' lang='grc' dir='ltr'><strong>περιπατοῦσιν.</strong></span> 
     </span>
    </p>
   </div>
   <div class='ocr_carea' id='block_1_46' title="bbox 525 2986 2031 3060">
    <p class='ocr_par' dir='ltr' id='par_1_46' title="bbox 525 2986 2031 3060">
     <span class='ocr_line' id='line_1_46' title="bbox 525 2986 2031 3060; baseline 0.005 -29"><span class='ocrx_word' id='word_1_321' title='bbox 525 2991 632 3056; x_wconf 68' lang='grc' dir='ltr'><strong>νςν,</strong></span> <span class='ocrx_word' id='word_1_322' title='bbox 683 2992 810 3044; x_wconf 73' lang='grc' dir='ltr'><strong>Ἐὰν</strong></span> <span class='ocrx_word' id='word_1_323' title='bbox 842 2990 898 3044; x_wconf 81' lang='grc' dir='ltr'><strong>δὲ</strong></span> <span class='ocrx_word' id='word_1_324' title='bbox 943 2991 992 3042; x_wconf 87' lang='grc' dir='ltr'><strong>οί</strong></span> <span class='ocrx_word' id='word_1_325' title='bbox 1019 2987 1204 3060; x_wconf 73' lang='grc' dir='ltr'><strong>ἐχθροὶ</strong></span> <span class='ocrx_word' id='word_1_326' title='bbox 1249 2987 1477 3058; x_wconf 79' lang='grc' dir='ltr'><strong>πλησίον</strong></span> <span class='ocrx_word' id='word_1_327' title='bbox 1537 2986 1696 3050; x_wconf 66' lang='grc' dir='ltr'><strong>εἰσιν,</strong></span> <span class='ocrx_word' id='word_1_328' title='bbox 1727 2986 1847 3039; x_wconf 77' lang='grc' dir='ltr'><strong>δέον</strong></span> <span class='ocrx_word' id='word_1_329' title='bbox 1906 2986 2031 3048; x_wconf 83' lang='grc' dir='ltr'><strong>τοὺς</strong></span> 
     </span>
    </p>
   </div>
   <div class='ocr_carea' id='block_1_47' title="bbox 455 3074 2032 3150">
    <p class='ocr_par' dir='ltr' id='par_1_47' title="bbox 455 3074 2032 3150">
     <span class='ocr_line' id='line_1_47' title="bbox 455 3074 2032 3150; baseline -0.006 -11"><span class='ocrx_word' id='word_1_330' title='bbox 455 3085 680 3148; x_wconf 77' lang='grc' dir='ltr'><strong>ὁπλίτας</strong></span> <span class='ocrx_word' id='word_1_331' title='bbox 708 3081 943 3138; x_wconf 69' lang='grc' dir='ltr'><strong>ἕκαστον</strong></span> <span class='ocrx_word' id='word_1_332' title='bbox 971 3081 1038 3134; x_wconf 76' lang='grc' dir='ltr'><strong>τὰ</strong></span> <span class='ocrx_word' id='word_1_333' title='bbox 1060 3077 1202 3135; x_wconf 81' lang='grc' dir='ltr'><strong>ὅπλα</strong></span> <span class='ocrx_word' id='word_1_334' title='bbox 1232 3074 1397 3133; x_wconf 79' lang='grc' dir='ltr'><strong>αὐτοῦ</strong></span> <span class='ocrx_word' id='word_1_335' title='bbox 1429 3078 1764 3150; x_wconf 78' lang='grc' dir='ltr'><strong>βαστάζοντα</strong></span> <span class='ocrx_word' id='word_1_336' title='bbox 1798 3094 2032 3148; x_wconf 86' lang='grc' dir='ltr'><strong>περιπα-</strong></span> 
     </span>
    </p>
   </div>
   <div class='ocr_carea' id='block_1_48' title="bbox 2131 1893 3699 1966">
    <p class='ocr_par' dir='ltr' id='par_1_48' title="bbox 2131 1893 3699 1966">
     <span class='ocr_line' id='line_1_48' title="bbox 2131 1893 3699 1966; baseline 0 -18"><span class='ocrx_word' id='word_1_337' title='bbox 2131 1897 2196 1948; x_wconf 80' lang='lat' dir='ltr'><strong>ad</strong></span> <span class='ocrx_word' id='word_1_338' title='bbox 2247 1893 2638 1966; x_wconf 83' lang='lat' dir='ltr'><strong>speculandum</strong></span> <span class='ocrx_word' id='word_1_339' title='bbox 2698 1896 3065 1952; x_wconf 81' lang='lat' dir='ltr'><strong>constituendi</strong></span> <span class='ocrx_word' id='word_1_340' title='bbox 3110 1903 3274 1963; x_wconf 76' lang='lat' dir='ltr'><strong>sunt,</strong></span> <span class='ocrx_word' id='word_1_341' title='bbox 3330 1903 3495 1963; x_wconf 80' lang='lat' dir='ltr'><strong>atque</strong></span> <span class='ocrx_word' id='word_1_342' title='bbox 3539 1903 3699 1950; x_wconf 74' lang='lat' dir='ltr'><strong>cura</strong></span> 
     </span>
    </p>
   </div>
   <div class='ocr_carea' id='block_1_49' title="bbox 2131 1989 2872 2059">
    <p class='ocr_par' dir='ltr' id='par_1_49' title="bbox 2131 1989 2872 2059">
     <span class='ocr_line' id='line_1_49' title="bbox 2131 1989 2872 2059; baseline 0.001 -16"><span class='ocrx_word' id='word_1_343' title='bbox 2131 2004 2226 2047; x_wconf 90' lang='lat' dir='ltr'><strong>eos</strong></span> <span class='ocrx_word' id='word_1_344' title='bbox 2279 1989 2463 2045; x_wconf 88' lang='lat' dir='ltr'><strong>nullus</strong></span> <span class='ocrx_word' id='word_1_345' title='bbox 2506 1989 2748 2059; x_wconf 82' lang='lat' dir='ltr'><strong>peditum</strong></span> <span class='ocrx_word' id='word_1_346' title='bbox 2780 1989 2872 2044; x_wconf 91' lang='lat' dir='ltr'><strong>sit.</strong></span> 
     </span>
    </p>
   </div>
   <div class='ocr_carea' id='block_1_50' title="bbox 2202 2163 3712 2238">
    <p class='ocr_par' dir='ltr' id='par_1_50' title="bbox 2202 2163 3712 2238">
     <span class='ocr_line' id='line_1_50' title="bbox 2202 2163 3712 2238; baseline -0.005 -13"><span class='ocrx_word' id='word_1_347' title='bbox 2202 2169 2292 2225; x_wconf 71' lang='grc'><strong>54.</strong></span> <span class='ocrx_word' id='word_1_348' title='bbox 2343 2165 2557 2235; x_wconf 86' lang='lat' dir='ltr'><strong>Castra,</strong></span> <span class='ocrx_word' id='word_1_349' title='bbox 2580 2167 2634 2222; x_wconf 84' lang='lat' dir='ltr'><strong>id</strong></span> <span class='ocrx_word' id='word_1_350' title='bbox 2683 2175 2792 2232; x_wconf 83' lang='lat' dir='ltr'><strong>est,</strong></span> <span class='ocrx_word' id='word_1_351' title='bbox 2847 2167 3048 2238; x_wconf 86' lang='lat' dir='ltr'><strong>aplieta</strong></span> <span class='ocrx_word' id='word_1_352' title='bbox 3095 2181 3264 2238; x_wconf 83' lang='lat' dir='ltr'><strong>prope</strong></span> <span class='ocrx_word' id='word_1_353' title='bbox 3298 2165 3430 2220; x_wconf 77' lang='lat' dir='ltr'><strong>illos</strong></span> <span class='ocrx_word' id='word_1_354' title='bbox 3458 2163 3588 2231; x_wconf 87' lang='lat' dir='ltr'><strong>sint,</strong></span> <span class='ocrx_word' id='word_1_355' title='bbox 3643 2179 3712 2218; x_wconf 85' lang='lat' dir='ltr'><strong>ne</strong></span> 
     </span>
    </p>
   </div>
   <div class='ocr_carea' id='block_1_51' title="bbox 2133 2258 3711 2333">
    <p class='ocr_par' dir='ltr' id='par_1_51' title="bbox 2133 2258 3711 2333">
     <span class='ocr_line' id='line_1_51' title="bbox 2133 2258 3711 2333; baseline -0.003 -17"><span class='ocrx_word' id='word_1_356' title='bbox 2133 2262 2355 2333; x_wconf 78' lang='lat' dir='ltr'><strong>longum</strong></span> <span class='ocrx_word' id='word_1_357' title='bbox 2397 2259 2656 2330; x_wconf 81' lang='lat' dir='ltr'><strong>spatium,</strong></span> <span class='ocrx_word' id='word_1_358' title='bbox 2712 2259 2760 2316; x_wconf 84' lang='lat' dir='ltr'><strong>si</strong></span> <span class='ocrx_word' id='word_1_359' title='bbox 2801 2258 3183 2325; x_wconf 78' lang='lat' dir='ltr'><strong>discesserint,</strong></span> <span class='ocrx_word' id='word_1_360' title='bbox 3233 2258 3444 2328; x_wconf 77' lang='lat' dir='ltr'><strong>pedites</strong></span> <span class='ocrx_word' id='word_1_361' title='bbox 3479 2258 3711 2327; x_wconf 67' lang='lat' dir='ltr'><strong>compi-</strong></span> 
     </span>
    </p>
   </div>
   <div class='ocr_carea' id='block_1_52' title="bbox 2135 2353 2374 2412">
    <p class='ocr_par' dir='ltr' id='par_1_52' title="bbox 2135 2353 2374 2412">
     <span class='ocr_line' id='line_1_52' title="bbox 2135 2353 2374 2412; baseline -0.017 0"><span class='ocrx_word' id='word_1_362' title='bbox 2135 2353 2374 2412; x_wconf 85' lang='lat' dir='ltr'><strong>cianlur.</strong></span> 
     </span>
    </p>
   </div>
   <div class='ocr_carea' id='block_1_53' title="bbox 2209 2439 3712 2515">
    <p class='ocr_par' dir='ltr' id='par_1_53' title="bbox 2209 2439 3712 2515">
     <span class='ocr_line' id='line_1_53' title="bbox 2209 2439 3712 2515; baseline -0.004 -15"><span class='ocrx_word' id='word_1_363' title='bbox 2209 2445 2299 2502; x_wconf 80' lang='grc'><strong>55.</strong></span> <span class='ocrx_word' id='word_1_364' title='bbox 2335 2445 2549 2500; x_wconf 87' lang='lat' dir='ltr'><strong>Currus</strong></span> <span class='ocrx_word' id='word_1_365' title='bbox 2596 2445 2843 2515; x_wconf 87' lang='lat' dir='ltr'><strong>peditum</strong></span> <span class='ocrx_word' id='word_1_366' title='bbox 2875 2444 3073 2500; x_wconf 84' lang='lat' dir='ltr'><strong>ordine</strong></span> <span class='ocrx_word' id='word_1_367' title='bbox 3117 2441 3355 2512; x_wconf 78' lang='lat' dir='ltr'><strong>quodam</strong></span> <span class='ocrx_word' id='word_1_368' title='bbox 3387 2439 3712 2511; x_wconf 81' lang='lat' dir='ltr'><strong>procedant,</strong></span> 
     </span>
    </p>
   </div>
   <div class='ocr_carea' id='block_1_54' title="bbox 2135 2532 3710 2608">
    <p class='ocr_par' dir='ltr' id='par_1_54' title="bbox 2135 2532 3710 2608">
     <span class='ocr_line' id='line_1_54' title="bbox 2135 2532 3710 2608; baseline -0.008 -14"><span class='ocrx_word' id='word_1_369' title='bbox 2135 2539 2249 2596; x_wconf 83' lang='lat' dir='ltr'><strong>sive</strong></span> <span class='ocrx_word' id='word_1_370' title='bbox 2272 2547 2398 2608; x_wconf 87' lang='lat' dir='ltr'><strong>post</strong></span> <span class='ocrx_word' id='word_1_371' title='bbox 2421 2537 2669 2608; x_wconf 74' lang='lat' dir='ltr'><strong>singulas</strong></span> <span class='ocrx_word' id='word_1_372' title='bbox 2691 2537 3084 2591; x_wconf 85' lang='lat' dir='ltr'><strong>eontubernias</strong></span> <span class='ocrx_word' id='word_1_373' title='bbox 3118 2540 3242 2604; x_wconf 85' lang='lat' dir='ltr'><strong>post</strong></span> <span class='ocrx_word' id='word_1_374' title='bbox 3265 2532 3516 2587; x_wconf 77' lang='lat' dir='ltr'><strong>dextrum</strong></span> <span class='ocrx_word' id='word_1_375' title='bbox 3540 2545 3710 2585; x_wconf 88' lang='lat' dir='ltr'><strong>cornu</strong></span> 
     </span>
    </p>
   </div>
   <div class='ocr_carea' id='block_1_55' title="bbox 2135 2624 3712 2702">
    <p class='ocr_par' dir='ltr' id='par_1_55' title="bbox 2135 2624 3712 2702">
     <span class='ocr_line' id='line_1_55' title="bbox 2135 2624 3712 2702; baseline -0.008 -16"><span class='ocrx_word' id='word_1_376' title='bbox 2135 2631 2332 2702; x_wconf 86' lang='lat' dir='ltr'><strong>primo,</strong></span> <span class='ocrx_word' id='word_1_377' title='bbox 2365 2629 2561 2685; x_wconf 87' lang='lat' dir='ltr'><strong>deinde</strong></span> <span class='ocrx_word' id='word_1_378' title='bbox 2588 2635 2712 2698; x_wconf 86' lang='lat' dir='ltr'><strong>post</strong></span> <span class='ocrx_word' id='word_1_379' title='bbox 2755 2627 3074 2691; x_wconf 81' lang='lat' dir='ltr'><strong>sinistrum,</strong></span> <span class='ocrx_word' id='word_1_380' title='bbox 3107 2635 3225 2680; x_wconf 76' lang='lat' dir='ltr'><strong>tum</strong></span> <span class='ocrx_word' id='word_1_381' title='bbox 3261 2630 3388 2694; x_wconf 80' lang='lat' dir='ltr'><strong>post</strong></span> <span class='ocrx_word' id='word_1_382' title='bbox 3428 2624 3712 2678; x_wconf 86' lang='lat' dir='ltr'><strong>sinistrum</strong></span> 
     </span>
    </p>
   </div>
   <div class='ocr_carea' id='block_1_56' title="bbox 2137 2716 3717 2789">
    <p class='ocr_par' dir='ltr' id='par_1_56' title="bbox 2137 2716 3717 2789">
     <span class='ocr_line' id='line_1_56' title="bbox 2137 2716 3717 2789; baseline -0.007 -12"><span class='ocrx_word' id='word_1_383' title='bbox 2137 2721 2396 2786; x_wconf 87' lang='lat' dir='ltr'><strong>medium,</strong></span> <span class='ocrx_word' id='word_1_384' title='bbox 2423 2729 2476 2776; x_wconf 91' lang='lat' dir='ltr'><strong>et</strong></span> <span class='ocrx_word' id='word_1_385' title='bbox 2505 2720 2764 2788; x_wconf 86' lang='lat' dir='ltr'><strong>deinceps</strong></span> <span class='ocrx_word' id='word_1_386' title='bbox 2796 2725 2920 2789; x_wconf 82' lang='lat' dir='ltr'><strong>post</strong></span> <span class='ocrx_word' id='word_1_387' title='bbox 2947 2719 3202 2773; x_wconf 71' lang='lat' dir='ltr'><strong>dextrum</strong></span> <span class='ocrx_word' id='word_1_388' title='bbox 3235 2716 3513 2781; x_wconf 83' lang='lat' dir='ltr'><strong>medium;</strong></span> <span class='ocrx_word' id='word_1_389' title='bbox 3539 2728 3717 2784; x_wconf 80' lang='lat' dir='ltr'><strong>neque</strong></span> 
     </span>
    </p>
   </div>
   <div class='ocr_carea' id='block_1_57' title="bbox 2120 2807 3390 2882">
    <p class='ocr_par' dir='ltr' id='par_1_57' title="bbox 2120 2807 3390 2882">
     <span class='ocr_line' id='line_1_57' title="bbox 2120 2807 3390 2882; baseline -0.005 -16"><span class='ocrx_word' id='word_1_390' title='bbox 2120 2812 2374 2879; x_wconf 73' lang='lat' dir='ltr'><strong>confusi,</strong></span> <span class='ocrx_word' id='word_1_391' title='bbox 2412 2820 2508 2868; x_wconf 84' lang='lat' dir='ltr'><strong>aut</strong></span> <span class='ocrx_word' id='word_1_392' title='bbox 2533 2811 2790 2882; x_wconf 63' lang='lat' dir='ltr'><strong>permitti</strong></span> <span class='ocrx_word' id='word_1_393' title='bbox 2846 2825 3044 2865; x_wconf 85' lang='lat' dir='ltr'><strong>currus</strong></span> <span class='ocrx_word' id='word_1_394' title='bbox 3084 2807 3390 2864; x_wconf 76' lang='lat' dir='ltr'><strong>ambulent.</strong></span> 
     </span>
    </p>
   </div>
   <div class='ocr_carea' id='block_1_58' title="bbox 2209 2982 3717 3061">
    <p class='ocr_par' dir='ltr' id='par_1_58' title="bbox 2209 2982 3717 3061">
     <span class='ocr_line' id='line_1_58' title="bbox 2209 2982 3717 3061; baseline -0.011 -12"><span class='ocrx_word' id='word_1_395' title='bbox 2209 2993 2300 3049; x_wconf 86' lang='lat'><strong>56.</strong></span> <span class='ocrx_word' id='word_1_396' title='bbox 2343 2991 2401 3047; x_wconf 91' lang='lat' dir='ltr'><strong>Si</strong></span> <span class='ocrx_word' id='word_1_397' title='bbox 2431 3004 2602 3061; x_wconf 86' lang='lat' dir='ltr'><strong>prope</strong></span> <span class='ocrx_word' id='word_1_398' title='bbox 2628 2989 2817 3044; x_wconf 83' lang='lat' dir='ltr'><strong>hostes</strong></span> <span class='ocrx_word' id='word_1_399' title='bbox 2850 2985 3076 3051; x_wconf 77' lang='lat' dir='ltr'><strong>fuerint,</strong></span> <span class='ocrx_word' id='word_1_400' title='bbox 3104 2983 3304 3054; x_wconf 72' lang='lat' dir='ltr'><strong>singuli</strong></span> <span class='ocrx_word' id='word_1_401' title='bbox 3337 2982 3529 3038; x_wconf 78' lang='lat' dir='ltr'><strong>armati</strong></span> <span class='ocrx_word' id='word_1_402' title='bbox 3568 2993 3717 3035; x_wconf 75' lang='lat' dir='ltr'><strong>arma</strong></span> 
     </span>
    </p>
   </div>
   <div class='ocr_carea' id='block_1_59' title="bbox 2140 3074 3721 3157">
    <p class='ocr_par' dir='ltr' id='par_1_59' title="bbox 2140 3074 3721 3157">
     <span class='ocr_line' id='line_1_59' title="bbox 2140 3074 3721 3157; baseline -0.011 -14"><span class='ocrx_word' id='word_1_403' title='bbox 2140 3093 2372 3157; x_wconf 82' lang='lat' dir='ltr'><strong>gestent,</strong></span> <span class='ocrx_word' id='word_1_404' title='bbox 2419 3097 2599 3152; x_wconf 86' lang='lat' dir='ltr'><strong>neque</strong></span> <span class='ocrx_word' id='word_1_405' title='bbox 2631 3096 2694 3136; x_wconf 82' lang='lat' dir='ltr'><strong>ea</strong></span> <span class='ocrx_word' id='word_1_406' title='bbox 2733 3081 2786 3134; x_wconf 89' lang='lat' dir='ltr'><strong>in</strong></span> <span class='ocrx_word' id='word_1_407' title='bbox 2825 3079 3083 3134; x_wconf 88' lang='lat' dir='ltr'><strong>curribus</strong></span> <span class='ocrx_word' id='word_1_408' title='bbox 3135 3076 3473 3144; x_wconf 78' lang='lat' dir='ltr'><strong>relinquant,</strong></span> <span class='ocrx_word' id='word_1_409' title='bbox 3503 3082 3562 3127; x_wconf 89' lang='lat' dir='ltr'><strong>ut</strong></span> <span class='ocrx_word' id='word_1_410' title='bbox 3610 3074 3721 3127; x_wconf 86' lang='lat' dir='ltr'><strong>sint</strong></span> 
     </span>
    </p>
   </div>
   <div class='ocr_carea' id='block_1_60' title="bbox 460 3151 2039 3246">
    <p class='ocr_par' dir='ltr' id='par_1_60' title="bbox 460 3169 2029 3246">
     <span class='ocr_line' id='line_1_60' title="bbox 460 3169 2029 3246; baseline -0.008 -15"><span class='ocrx_word' id='word_1_411' title='bbox 460 3179 590 3240; x_wconf 84' lang='grc' dir='ltr'><strong>τεῖν,</strong></span> <span class='ocrx_word' id='word_1_412' title='bbox 623 3178 719 3231; x_wconf 72' lang='grc' dir='ltr'><strong>καὶ</strong></span> <span class='ocrx_word' id='word_1_413' title='bbox 762 3176 835 3246; x_wconf 84' lang='grc' dir='ltr'><strong>μὴ</strong></span> <span class='ocrx_word' id='word_1_414' title='bbox 861 3177 937 3239; x_wconf 83' lang='grc' dir='ltr'><strong>εἰς</strong></span> <span class='ocrx_word' id='word_1_415' title='bbox 966 3171 1061 3237; x_wconf 79' lang='grc' dir='ltr'><strong>τὰς</strong></span> <span class='ocrx_word' id='word_1_416' title='bbox 1098 3169 1314 3241; x_wconf 80' lang='grc' dir='ltr'><strong>ἁμάξας</strong></span> <span class='ocrx_word' id='word_1_417' title='bbox 1359 3169 1530 3225; x_wconf 89' lang='grc' dir='ltr'><strong>ταῦτα</strong></span> <span class='ocrx_word' id='word_1_418' title='bbox 1573 3169 2029 3240; x_wconf 81' lang='grc' dir='ltr'><strong>καταλιμπάνειν,</strong></span> 
     </span>
    </p>
   </div>
   <div class='ocr_carea' id='block_1_61' title="bbox 2140 3151 3722 3246">
    <p class='ocr_par' dir='ltr' id='par_1_61' title="bbox 2140 3151 3722 3245">
     <span class='ocr_line' id='line_1_61' title="bbox 2140 3151 3722 3245; baseline -0.011 -13"><span class='ocrx_word' id='word_1_419' title='bbox 2140 3151 2206 3232; x_wconf 73' lang='lat' dir='ltr'><strong>ad</strong></span> <span class='ocrx_word' id='word_1_420' title='bbox 2240 3151 2716 3245; x_wconf 17' lang='lat' dir='ltr'><strong>proeliumiparati</strong></span> <span class='ocrx_word' id='word_1_421' title='bbox 2753 3188 2767 3224; x_wconf 89' lang='lat'><strong>:</strong></span> <span class='ocrx_word' id='word_1_422' title='bbox 2799 3175 2854 3222; x_wconf 90' lang='lat' dir='ltr'><strong>et</strong></span> <span class='ocrx_word' id='word_1_423' title='bbox 2902 3167 2956 3221; x_wconf 88' lang='lat' dir='ltr'><strong>in</strong></span> <span class='ocrx_word' id='word_1_424' title='bbox 3002 3163 3326 3236; x_wconf 84' lang='lat' dir='ltr'><strong>periculosis</strong></span> <span class='ocrx_word' id='word_1_425' title='bbox 3377 3161 3722 3231; x_wconf 79' lang='lat' dir='ltr'><strong>temporibus</strong></span> 
     </span>
    </p>
   </div>
   <div class='ocr_carea' id='block_1_62' title="bbox 457 3258 2036 3338">
    <p class='ocr_par' dir='ltr' id='par_1_62' title="bbox 457 3258 2036 3338">
     <span class='ocr_line' id='line_1_62' title="bbox 457 3258 2036 3338; baseline -0.008 -12"><span class='ocrx_word' id='word_1_426' title='bbox 457 3274 544 3326; x_wconf 78' lang='grc' dir='ltr'><strong>ἵνα</strong></span> <span class='ocrx_word' id='word_1_427' title='bbox 573 3263 704 3325; x_wconf 80' lang='grc' dir='ltr'><strong>ὦσιν</strong></span> <span class='ocrx_word' id='word_1_428' title='bbox 737 3271 944 3338; x_wconf 73' lang='grc' dir='ltr'><strong>ἕτοιμοι</strong></span> <span class='ocrx_word' id='word_1_429' title='bbox 971 3265 1106 3338; x_wconf 81' lang='grc' dir='ltr'><strong>πρὸς</strong></span> <span class='ocrx_word' id='word_1_430' title='bbox 1135 3264 1234 3336; x_wconf 79' lang='grc' dir='ltr'><strong>τὴν</strong></span> <span class='ocrx_word' id='word_1_431' title='bbox 1259 3258 1458 3336; x_wconf 68' lang='grc' dir='ltr'><strong>μάχην.</strong></span> <span class='ocrx_word' id='word_1_432' title='bbox 1501 3263 1590 3317; x_wconf 86' lang='grc' dir='ltr'><strong>Ἐν</strong></span> <span class='ocrx_word' id='word_1_433' title='bbox 1627 3263 1684 3316; x_wconf 82' lang='grc' dir='ltr'><strong>δὲ</strong></span> <span class='ocrx_word' id='word_1_434' title='bbox 1710 3265 1824 3323; x_wconf 83' lang='grc' dir='ltr'><strong>τοῖς</strong></span> <span class='ocrx_word' id='word_1_435' title='bbox 1869 3262 2036 3327; x_wconf 77' lang='grc' dir='ltr'><strong>ἀναγ-</strong></span> 
     </span>
    </p>
   </div>
   <div class='ocr_carea' id='block_1_63' title="bbox 459 3348 2038 3432">
    <p class='ocr_par' dir='ltr' id='par_1_63' title="bbox 459 3348 2038 3432">
     <span class='ocr_line' id='line_1_63' title="bbox 459 3348 2038 3432; baseline -0.009 -15"><span class='ocrx_word' id='word_1_436' title='bbox 459 3365 634 3427; x_wconf 78' lang='grc' dir='ltr'><strong>καίοις</strong></span> <span class='ocrx_word' id='word_1_437' title='bbox 670 3363 902 3432; x_wconf 84' lang='grc' dir='ltr'><strong>καιροῖς,</strong></span> <span class='ocrx_word' id='word_1_438' title='bbox 931 3356 1113 3420; x_wconf 76' lang='grc' dir='ltr'><strong>καθὼς</strong></span> <span class='ocrx_word' id='word_1_439' title='bbox 1150 3354 1208 3410; x_wconf 79' lang='grc' dir='ltr'><strong>ὲν</strong></span> <span class='ocrx_word' id='word_1_440' title='bbox 1228 3357 1294 3427; x_wconf 77' lang='grc' dir='ltr'><strong>τῇ</strong></span> <span class='ocrx_word' id='word_1_441' title='bbox 1329 3354 1630 3426; x_wconf 78' lang='grc' dir='ltr'><strong>παρατάξει</strong></span> <span class='ocrx_word' id='word_1_442' title='bbox 1656 3353 1940 3406; x_wconf 82' lang='grc' dir='ltr'><strong>τάττονται</strong></span> <span class='ocrx_word' id='word_1_443' title='bbox 1970 3348 2038 3403; x_wconf 73' lang='grc' dir='ltr'><strong>τὰ</strong></span> 
     </span>
    </p>
   </div>
   <div class='ocr_carea' id='block_1_64' title="bbox 459 3443 2038 3525">
    <p class='ocr_par' dir='ltr' id='par_1_64' title="bbox 459 3443 2038 3525">
     <span class='ocr_line' id='line_1_64' title="bbox 459 3443 2038 3525; baseline -0.011 -15"><span class='ocrx_word' id='word_1_444' title='bbox 459 3457 735 3525; x_wconf 69' lang='grc' dir='ltr'><strong>τάγματα,</strong></span> <span class='ocrx_word' id='word_1_445' title='bbox 759 3451 930 3514; x_wconf 56' lang='grc' dir='ltr'><strong>οὕτως</strong></span> <span class='ocrx_word' id='word_1_446' title='bbox 955 3449 1093 3504; x_wconf 79' lang='grc' dir='ltr'><strong>αὐτὰ</strong></span> <span class='ocrx_word' id='word_1_447' title='bbox 1113 3445 1192 3501; x_wconf 85' lang='grc' dir='ltr'><strong>δεῖ</strong></span> <span class='ocrx_word' id='word_1_448' title='bbox 1222 3447 1540 3518; x_wconf 84' lang='grc' dir='ltr'><strong>περιπατεῖν</strong></span> <span class='ocrx_word' id='word_1_449' title='bbox 1584 3444 1678 3498; x_wconf 71' lang='grc' dir='ltr'><strong>καὶ</strong></span> <span class='ocrx_word' id='word_1_450' title='bbox 1708 3443 1784 3512; x_wconf 84' lang='grc' dir='ltr'><strong>μὴ</strong></span> <span class='ocrx_word' id='word_1_451' title='bbox 1839 3458 2038 3510; x_wconf 81' lang='grc' dir='ltr'><strong>συγκε-</strong></span> 
     </span>
    </p>
   </div>
   <div class='ocr_carea' id='block_1_65' title="bbox 459 3532 2038 3619">
    <p class='ocr_par' dir='ltr' id='par_1_65' title="bbox 459 3532 2038 3619">
     <span class='ocr_line' id='line_1_65' title="bbox 459 3532 2038 3619; baseline -0.01 -18"><span class='ocrx_word' id='word_1_452' title='bbox 459 3547 708 3619; x_wconf 81' lang='grc' dir='ltr'><strong>χυμένως</strong></span> <span class='ocrx_word' id='word_1_453' title='bbox 759 3539 933 3615; x_wconf 79' lang='grc' dir='ltr'><strong>(50)ἦ</strong></span> <span class='ocrx_word' id='word_1_454' title='bbox 985 3539 1431 3609; x_wconf 82' lang='grc' dir='ltr'><strong>διεσπασμένως·</strong></span> <span class='ocrx_word' id='word_1_455' title='bbox 1477 3537 1601 3602; x_wconf 78' lang='grc' dir='ltr'><strong>ἵνα,</strong></span> <span class='ocrx_word' id='word_1_456' title='bbox 1662 3535 1755 3587; x_wconf 71' lang='grc' dir='ltr'><strong>ἐὰν</strong></span> <span class='ocrx_word' id='word_1_457' title='bbox 1813 3532 2038 3602; x_wconf 77' lang='grc' dir='ltr'><strong>γένηται</strong></span> 
     </span>
    </p>
   </div>
   <div class='ocr_carea' id='block_1_66' title="bbox 460 3625 2041 3711">
    <p class='ocr_par' dir='ltr' id='par_1_66' title="bbox 460 3625 2041 3711">
     <span class='ocr_line' id='line_1_66' title="bbox 460 3625 2041 3711; baseline -0.012 -17"><span class='ocrx_word' id='word_1_458' title='bbox 460 3637 617 3711; x_wconf 80' lang='grc' dir='ltr'><strong>χρεία</strong></span> <span class='ocrx_word' id='word_1_459' title='bbox 657 3637 751 3692; x_wconf 89' lang='grc' dir='ltr'><strong>τοῦ</strong></span> <span class='ocrx_word' id='word_1_460' title='bbox 786 3633 1219 3708; x_wconf 77' lang='grc' dir='ltr'><strong>παρατάξεσοαι,</strong></span> <span class='ocrx_word' id='word_1_461' title='bbox 1249 3629 1481 3698; x_wconf 75' lang='grc' dir='ltr'><strong>ἑτοίμως</strong></span> <span class='ocrx_word' id='word_1_462' title='bbox 1525 3627 1606 3691; x_wconf 83' lang='grc' dir='ltr'><strong>είς</strong></span> <span class='ocrx_word' id='word_1_463' title='bbox 1662 3625 1820 3679; x_wconf 86' lang='grc' dir='ltr'><strong>τοῦτο</strong></span> <span class='ocrx_word' id='word_1_464' title='bbox 1872 3641 2041 3677; x_wconf 83' lang='grc' dir='ltr'><strong>κατα-</strong></span> 
     </span>
    </p>
   </div>
   <div class='ocr_carea' id='block_1_67' title="bbox 465 3732 686 3786">
    <p class='ocr_par' dir='ltr' id='par_1_67' title="bbox 465 3732 686 3786">
     <span class='ocr_line' id='line_1_67' title="bbox 465 3732 686 3786; baseline -0.009 0"><span class='ocrx_word' id='word_1_465' title='bbox 465 3732 686 3786; x_wconf 83' lang='grc' dir='ltr'><strong>στῶσιν.</strong></span> 
     </span>
    </p>
   </div>
   <div class='ocr_carea' id='block_1_68' title="bbox 534 3801 2036 3885">
    <p class='ocr_par' dir='ltr' id='par_1_68' title="bbox 534 3801 2036 3885">
     <span class='ocr_line' id='line_1_68' title="bbox 534 3801 2036 3885; baseline -0.012 -10"><span class='ocrx_word' id='word_1_466' title='bbox 534 3819 631 3885; x_wconf 77' lang='grc' dir='ltr'><strong>νζ’.</strong></span> <span class='ocrx_word' id='word_1_467' title='bbox 677 3821 803 3873; x_wconf 74' lang='grc' dir='ltr'><strong>Ἐὰν</strong></span> <span class='ocrx_word' id='word_1_468' title='bbox 841 3816 898 3872; x_wconf 78' lang='grc' dir='ltr'><strong>δὲ</strong></span> <span class='ocrx_word' id='word_1_469' title='bbox 950 3812 1134 3870; x_wconf 80' lang='grc' dir='ltr'><strong>πολλοί</strong></span> <span class='ocrx_word' id='word_1_470' title='bbox 1194 3815 1331 3866; x_wconf 77' lang='grc' dir='ltr'><strong>εἰσιν</strong></span> <span class='ocrx_word' id='word_1_471' title='bbox 1363 3811 1414 3864; x_wconf 75' lang='grc' dir='ltr'><strong>οἱ</strong></span> <span class='ocrx_word' id='word_1_472' title='bbox 1446 3809 1553 3863; x_wconf 85' lang='grc' dir='ltr'><strong>τῶν</strong></span> <span class='ocrx_word' id='word_1_473' title='bbox 1589 3801 1802 3878; x_wconf 77' lang='grc' dir='ltr'><strong>ἐχθρῶν</strong></span> <span class='ocrx_word' id='word_1_474' title='bbox 1834 3806 2036 3860; x_wconf 79' lang='grc' dir='ltr'><strong>καδαλο</strong></span> 
     </span>
    </p>
   </div>
   <div class='ocr_carea' id='block_1_69' title="bbox 465 3897 2044 3987">
    <p class='ocr_par' dir='ltr' id='par_1_69' title="bbox 465 3897 2044 3987">
     <span class='ocr_line' id='line_1_69' title="bbox 465 3897 2044 3987; baseline -0.014 -18"><span class='ocrx_word' id='word_1_475' title='bbox 465 3917 664 3987; x_wconf 76' lang='grc' dir='ltr'><strong>λὰριοι,</strong></span> <span class='ocrx_word' id='word_1_476' title='bbox 695 3911 1019 3980; x_wconf 75' lang='grc' dir='ltr'><strong>ἐγγιζόντων</strong></span> <span class='ocrx_word' id='word_1_477' title='bbox 1069 3905 1268 3973; x_wconf 81' lang='grc' dir='ltr'><strong>αὐτῶν,</strong></span> <span class='ocrx_word' id='word_1_478' title='bbox 1314 3902 1406 3958; x_wconf 82' lang='grc' dir='ltr'><strong>τὸν</strong></span> <span class='ocrx_word' id='word_1_479' title='bbox 1450 3899 1679 3972; x_wconf 73' lang='grc' dir='ltr'><strong>στρατὸν</strong></span> <span class='ocrx_word' id='word_1_480' title='bbox 1727 3897 1802 3969; x_wconf 80' lang='grc' dir='ltr'><strong>μὴ</strong></span> <span class='ocrx_word' id='word_1_481' title='bbox 1850 3898 2044 3966; x_wconf 76' lang='grc' dir='ltr'><strong>ἐπιτη-</strong></span> 
     </span>
    </p>
   </div>
   <div class='ocr_carea' id='block_1_70' title="bbox 466 3988 2045 4074">
    <p class='ocr_par' dir='ltr' id='par_1_70' title="bbox 466 3988 2045 4074">
     <span class='ocr_line' id='line_1_70' title="bbox 466 3988 2045 4074; baseline -0.014 -12"><span class='ocrx_word' id='word_1_482' title='bbox 466 4009 640 4061; x_wconf 83' lang='grc' dir='ltr'><strong>δεύειν</strong></span> <span class='ocrx_word' id='word_1_483' title='bbox 682 4001 920 4074; x_wconf 80' lang='grc' dir='ltr'><strong>συνεχῶς</strong></span> <span class='ocrx_word' id='word_1_484' title='bbox 952 4001 1021 4053; x_wconf 80' lang='grc' dir='ltr'><strong>τὸ.</strong></span> <span class='ocrx_word' id='word_1_485' title='bbox 1056 3999 1311 4066; x_wconf 74' lang='grc' dir='ltr'><strong>ἆπληκτα</strong></span> <span class='ocrx_word' id='word_1_486' title='bbox 1342 3992 1628 4048; x_wconf 79' lang='grc' dir='ltr'><strong>ἀλλάσσειν</strong></span> <span class='ocrx_word' id='word_1_487' title='bbox 1656 3988 1810 4060; x_wconf 84' lang='grc' dir='ltr'><strong>ἢτὰς</strong></span> <span class='ocrx_word' id='word_1_488' title='bbox 1839 3988 2045 4042; x_wconf 78' lang='grc' dir='ltr'><strong>ὁδοιπο-</strong></span> 
     </span>
    </p>
   </div>
   <div class='ocr_carea' id='block_1_71' title="bbox 472 4079 2040 4172">
    <p class='ocr_par' dir='ltr' id='par_1_71' title="bbox 472 4079 2040 4172">
     <span class='ocr_line' id='line_1_71' title="bbox 472 4079 2040 4172; baseline -0.013 -19"><span class='ocrx_word' id='word_1_489' title='bbox 472 4101 591 4172; x_wconf 73' lang='grc' dir='ltr'><strong>ρίας</strong></span> <span class='ocrx_word' id='word_1_490' title='bbox 622 4097 888 4152; x_wconf 84' lang='grc' dir='ltr'><strong>ποιεῖσθαι</strong></span> <span class='ocrx_word' id='word_1_491' title='bbox 922 4093 1028 4165; x_wconf 75' lang='grc' dir='ltr'><strong>πρὸ</strong></span> <span class='ocrx_word' id='word_1_492' title='bbox 1051 4092 1150 4160; x_wconf 81' lang='grc' dir='ltr'><strong>τῆς</strong></span> <span class='ocrx_word' id='word_1_493' title='bbox 1174 4089 1268 4143; x_wconf 74' lang='grc' dir='ltr'><strong>τοῦ</strong></span> <span class='ocrx_word' id='word_1_494' title='bbox 1301 4086 1534 4158; x_wconf 80' lang='grc' dir='ltr'><strong>πολέμου</strong></span> <span class='ocrx_word' id='word_1_495' title='bbox 1570 4082 1866 4144; x_wconf 72' lang='grc' dir='ltr'><strong>ἐκτάσεως,</strong></span> <span class='ocrx_word' id='word_1_496' title='bbox 1901 4079 2040 4134; x_wconf 72' lang='grc' dir='ltr'><strong>ἀλλὰ</strong></span> 
     </span>
    </p>
   </div>
   <div class='ocr_carea' id='block_1_72' title="bbox 473 4169 2048 4271">
    <p class='ocr_par' dir='ltr' id='par_1_72' title="bbox 473 4169 2048 4271">
     <span class='ocr_line' id='line_1_72' title="bbox 473 4169 2048 4271; baseline -0.015 -27"><span class='ocrx_word' id='word_1_497' title='bbox 473 4169 608 4271; x_wconf 64' lang='grc' dir='ltr'><strong>πρὸ.</strong></span> <span class='ocrx_word' id='word_1_498' title='bbox 630 4188 723 4242; x_wconf 89' lang='grc' dir='ltr'><strong>δύο</strong></span> <span class='ocrx_word' id='word_1_499' title='bbox 779 4188 812 4258; x_wconf 82' lang='grc' dir='ltr'>ἢ</span> <span class='ocrx_word' id='word_1_500' title='bbox 864 4185 1031 4256; x_wconf 80' lang='grc' dir='ltr'><strong>τριῶν</strong></span> <span class='ocrx_word' id='word_1_501' title='bbox 1083 4180 1308 4252; x_wconf 82' lang='grc' dir='ltr'><strong>ἡμερῶν</strong></span> <span class='ocrx_word' id='word_1_502' title='bbox 1364 4170 1914 4248; x_wconf 78' lang='grc' dir='ltr'><strong>προκαταλαμϐάνειν</strong></span> <span class='ocrx_word' id='word_1_503' title='bbox 1957 4169 2048 4222; x_wconf 78' lang='grc' dir='ltr'><strong>τὸν</strong></span> 
     </span>
    </p>
   </div>
   <div class='ocr_carea' id='block_1_73' title="bbox 471 4260 2046 4347">
    <p class='ocr_par' dir='ltr' id='par_1_73' title="bbox 471 4260 2046 4347">
     <span class='ocr_line' id='line_1_73' title="bbox 471 4260 2046 4347; baseline -0.015 -12"><span class='ocrx_word' id='word_1_504' title='bbox 471 4260 654 4342; x_wconf 65' lang='grc' dir='ltr'><strong>τύπον.</strong></span> <span class='ocrx_word' id='word_1_505' title='bbox 709 4279 836 4333; x_wconf 73' lang='grc' dir='ltr'><strong>ἔνθα</strong></span> <span class='ocrx_word' id='word_1_506' title='bbox 878 4278 914 4347; x_wconf 83' lang='grc' dir='ltr'>ἡ</span> <span class='ocrx_word' id='word_1_507' title='bbox 970 4271 1212 4344; x_wconf 78' lang='grc' dir='ltr'><strong>συμϐολὴ</strong></span> <span class='ocrx_word' id='word_1_508' title='bbox 1251 4269 1432 4342; x_wconf 83' lang='grc' dir='ltr'><strong>μέλλει</strong></span> <span class='ocrx_word' id='word_1_509' title='bbox 1478 4265 1772 4336; x_wconf 72' lang='grc' dir='ltr'><strong>γίνεσθαι,</strong></span> <span class='ocrx_word' id='word_1_510' title='bbox 1823 4260 2046 4314; x_wconf 76' lang='grc' dir='ltr'><strong>κάκεῖσε</strong></span> 
     </span>
    </p>
   </div>
   <div class='ocr_carea' id='block_1_74' title="bbox 473 4365 1125 4442">
    <p class='ocr_par' dir='ltr' id='par_1_74' title="bbox 473 4365 1125 4442">
     <span class='ocr_line' id='line_1_74' title="bbox 473 4365 1125 4442; baseline -0.017 -14"><span class='ocrx_word' id='word_1_511' title='bbox 473 4372 731 4442; x_wconf 79' lang='grc' dir='ltr'><strong>ἀσφαλῶς</strong></span> <span class='ocrx_word' id='word_1_512' title='bbox 775 4365 1125 4434; x_wconf 78' lang='grc' dir='ltr'><strong>ἀπληκεύειν.</strong></span> 
     </span>
    </p>
   </div>
   <div class='ocr_carea' id='block_1_75' title="bbox 543 4439 2103 4538">
    <p class='ocr_par' dir='ltr' id='par_1_75' title="bbox 543 4439 2103 4538">
     <span class='ocr_line' id='line_1_75' title="bbox 543 4439 2103 4538; baseline -0.014 -24"><span class='ocrx_word' id='word_1_513' title='bbox 543 4439 645 4534; x_wconf 79' lang='grc' dir='ltr'><strong>νη’.</strong></span> <span class='ocrx_word' id='word_1_514' title='bbox 688 4456 814 4514; x_wconf 72' lang='grc' dir='ltr'><strong>Ἐὰν</strong></span> <span class='ocrx_word' id='word_1_515' title='bbox 867 4459 922 4511; x_wconf 80' lang='grc' dir='ltr'><strong>δὲ</strong></span> <span class='ocrx_word' id='word_1_516' title='bbox 979 4449 1186 4525; x_wconf 77' lang='grc' dir='ltr'><strong>μέλλῃς</strong></span> <span class='ocrx_word' id='word_1_517' title='bbox 1235 4447 1420 4518; x_wconf 81' lang='grc' dir='ltr'><strong>ἔφοδον</strong></span> <span class='ocrx_word' id='word_1_518' title='bbox 1467 4446 1640 4500; x_wconf 85' lang='grc' dir='ltr'><strong>ποιεῖν</strong></span> <span class='ocrx_word' id='word_1_519' title='bbox 1679 4443 1817 4498; x_wconf 82' lang='grc' dir='ltr'><strong>κατὰ</strong></span> <span class='ocrx_word' id='word_1_520' title='bbox 1866 4439 2103 4538; x_wconf 73' lang='grc' dir='ltr'><strong>χώραςΙ</strong></span> 
     </span>
    </p>
   </div>
   <div class='ocr_carea' id='block_1_76' title="bbox 477 4535 2048 4625">
    <p class='ocr_par' dir='ltr' id='par_1_76' title="bbox 477 4535 2048 4625">
     <span class='ocr_line' id='line_1_76' title="bbox 477 4535 2048 4625; baseline -0.015 -16"><span class='ocrx_word' id='word_1_521' title='bbox 477 4554 689 4625; x_wconf 73' lang='grc' dir='ltr'><strong>ἐχθρῶν</strong></span> <span class='ocrx_word' id='word_1_522' title='bbox 732 4545 871 4622; x_wconf 80' lang='grc' dir='ltr'><strong>μετᾶ</strong></span> <span class='ocrx_word' id='word_1_523' title='bbox 903 4543 1129 4612; x_wconf 78' lang='grc' dir='ltr'><strong>πεζικοῦ</strong></span> <span class='ocrx_word' id='word_1_524' title='bbox 1155 4540 1386 4613; x_wconf 86' lang='grc' dir='ltr'><strong>στρατοῦ</strong></span> <span class='ocrx_word' id='word_1_525' title='bbox 1417 4539 1504 4592; x_wconf 71' lang='grc' dir='ltr'><strong>διὰ</strong></span> <span class='ocrx_word' id='word_1_526' title='bbox 1544 4536 1752 4590; x_wconf 80' lang='grc' dir='ltr'><strong>δασέων</strong></span> <span class='ocrx_word' id='word_1_527' title='bbox 1784 4535 1878 4589; x_wconf 71' lang='grc' dir='ltr'><strong>καὶ</strong></span> <span class='ocrx_word' id='word_1_528' title='bbox 1923 4535 2048 4588; x_wconf 86' lang='grc' dir='ltr'><strong>δυσ-</strong></span> 
     </span>
    </p>
   </div>
   <div class='ocr_carea' id='block_1_77' title="bbox 478 4622 2044 4703">
    <p class='ocr_par' dir='ltr' id='par_1_77' title="bbox 478 4622 2044 4703">
     <span class='ocr_line' id='line_1_77' title="bbox 478 4622 2044 4703; baseline -0.019 -1"><span class='ocrx_word' id='word_1_529' title='bbox 478 4622 652 4702; x_wconf 70' lang='lat' dir='ltr'><strong>Sitth</strong></span> <span class='ocrx_word' id='word_1_530' title='bbox 675 4645 767 4698; x_wconf 77' lang='grc' dir='ltr'><strong>καὶ</strong></span> <span class='ocrx_word' id='word_1_531' title='bbox 804 4633 1003 4696; x_wconf 80' lang='grc' dir='ltr'><strong>στενῶν</strong></span> <span class='ocrx_word' id='word_1_532' title='bbox 1035 4637 1237 4699; x_wconf 84' lang='grc' dir='ltr'><strong>τόπων,</strong></span> <span class='ocrx_word' id='word_1_533' title='bbox 1276 4633 1308 4703; x_wconf 75' lang='grc' dir='ltr'>ἢ</span> <span class='ocrx_word' id='word_1_534' title='bbox 1345 4631 1438 4684; x_wconf 69' lang='grc' dir='ltr'><strong>καὶ</strong></span> <span class='ocrx_word' id='word_1_535' title='bbox 1485 4630 1544 4683; x_wconf 78' lang='grc' dir='ltr'><strong>ὲν</strong></span> <span class='ocrx_word' id='word_1_536' title='bbox 1576 4629 1756 4690; x_wconf 77' lang='grc' dir='ltr'><strong>αὐτοῖς</strong></span> <span class='ocrx_word' id='word_1_537' title='bbox 1785 4622 2044 4696; x_wconf 77' lang='grc' dir='ltr'><strong>ἐγχειρήο</strong></span> 
     </span>
    </p>
   </div>
   <div class='ocr_carea' id='block_1_78' title="bbox 480 4714 2051 4802">
    <p class='ocr_par' dir='ltr' id='par_1_78' title="bbox 480 4714 2051 4802">
     <span class='ocr_line' id='line_1_78' title="bbox 480 4714 2051 4802; baseline -0.018 -8"><span class='ocrx_word' id='word_1_538' title='bbox 480 4758 593 4802; x_wconf 82' lang='grc' dir='ltr'><strong>σεις</strong></span> <span class='ocrx_word' id='word_1_539' title='bbox 623 4737 742 4792; x_wconf 77' lang='grc' dir='ltr'><strong>κατ’</strong></span> <span class='ocrx_word' id='word_1_540' title='bbox 772 4735 950 4789; x_wconf 80' lang='grc' dir='ltr'><strong>αὐτῶν</strong></span> <span class='ocrx_word' id='word_1_541' title='bbox 975 4727 1273 4788; x_wconf 77' lang='grc' dir='ltr'><strong>ποιεῖσθαι,</strong></span> <span class='ocrx_word' id='word_1_542' title='bbox 1298 4724 1359 4777; x_wconf 85' lang='grc' dir='ltr'><strong>ού</strong></span> <span class='ocrx_word' id='word_1_543' title='bbox 1394 4723 1473 4777; x_wconf 81' lang='grc' dir='ltr'><strong>δεῖ</strong></span> <span class='ocrx_word' id='word_1_544' title='bbox 1501 4738 1559 4774; x_wconf 86' lang='grc' dir='ltr'><strong>σε</strong></span> <span class='ocrx_word' id='word_1_545' title='bbox 1592 4718 1818 4780; x_wconf 73' lang='grc' dir='ltr'><strong>πολλοὺς</strong></span> <span class='ocrx_word' id='word_1_546' title='bbox 1844 4714 2051 4769; x_wconf 74' lang='grc' dir='ltr'><strong>καθαλ-</strong></span> 
     </span>
    </p>
   </div>
   <div class='ocr_carea' id='block_1_79' title="bbox 475 4805 2051 4902">
    <p class='ocr_par' dir='ltr' id='par_1_79' title="bbox 475 4805 2051 4902">
     <span class='ocr_line' id='line_1_79' title="bbox 475 4805 2051 4902; baseline -0.018 -20"><span class='ocrx_word' id='word_1_547' title='bbox 475 4829 695 4902; x_wconf 75' lang='grc' dir='ltr'><strong>λαρίους</strong></span> <span class='ocrx_word' id='word_1_548' title='bbox 731 4826 895 4895; x_wconf 70' lang='grc' dir='ltr'><strong>ἔχειν,</strong></span> <span class='ocrx_word' id='word_1_549' title='bbox 933 4822 1070 4894; x_wconf 81' lang='grc' dir='ltr'><strong>μήτε</strong></span> <span class='ocrx_word' id='word_1_550' title='bbox 1102 4814 1319 4897; x_wconf 71' lang='grc' dir='ltr'><strong>ἀμάξας</strong></span> <span class='ocrx_word' id='word_1_551' title='bbox 1349 4812 1515 4884; x_wconf 72' lang='grc' dir='ltr'><strong>ἔχειν,</strong></span> <span class='ocrx_word' id='word_1_552' title='bbox 1546 4811 1580 4881; x_wconf 82' lang='grc' dir='ltr'>ἢ</span> <span class='ocrx_word' id='word_1_553' title='bbox 1609 4806 1822 4863; x_wconf 84' lang='grc' dir='ltr'><strong>τοῦλδον</strong></span> <span class='ocrx_word' id='word_1_554' title='bbox 1857 4805 2051 4868; x_wconf 77' lang='grc' dir='ltr'><strong>πολὺν,</strong></span> 
     </span>
    </p>
   </div>
   <div class='ocr_carea' id='block_1_80' title="bbox 477 4897 2060 4992">
    <p class='ocr_par' dir='ltr' id='par_1_80' title="bbox 477 4897 2060 4992">
     <span class='ocr_line' id='line_1_80' title="bbox 477 4897 2060 4992; baseline -0.02 -14"><span class='ocrx_word' id='word_1_555' title='bbox 477 4923 511 4992; x_wconf 84' lang='grc' dir='ltr'>ἢ</span> <span class='ocrx_word' id='word_1_556' title='bbox 544 4897 684 4976; x_wconf 78' lang='grc' dir='ltr'><strong>δπλα</strong></span> <span class='ocrx_word' id='word_1_557' title='bbox 726 4917 931 4981; x_wconf 60' lang='grc' dir='ltr'><strong>πολλὰ,</strong></span> <span class='ocrx_word' id='word_1_558' title='bbox 981 4907 1093 4968; x_wconf 73' lang='grc' dir='ltr'><strong>οἷον</strong></span> <span class='ocrx_word' id='word_1_559' title='bbox 1139 4907 1403 4980; x_wconf 84' lang='grc' dir='ltr'><strong>λωρίκια,</strong></span> <span class='ocrx_word' id='word_1_560' title='bbox 1449 4903 1546 4959; x_wconf 78' lang='grc' dir='ltr'><strong>καὶ</strong></span> <span class='ocrx_word' id='word_1_561' title='bbox 1574 4901 1858 4962; x_wconf 85' lang='grc' dir='ltr'><strong>κασσίδας,</strong></span> <span class='ocrx_word' id='word_1_562' title='bbox 1883 4897 2060 4992; x_wconf 35' lang='grc' dir='ltr'><strong>ἦκκλι-</strong></span> 
     </span>
    </p>
   </div>
   <div class='ocr_carea' id='block_1_81' title="bbox 480 4985 2060 5080">
    <p class='ocr_par' dir='ltr' id='par_1_81' title="bbox 480 4985 2060 5080">
     <span class='ocr_line' id='line_1_81' title="bbox 480 4985 2060 5080; baseline -0.018 -16"><span class='ocrx_word' id='word_1_563' title='bbox 480 5009 730 5080; x_wconf 72' lang='grc' dir='ltr'><strong>ϐἀνια,ἦ</strong></span> <span class='ocrx_word' id='word_1_564' title='bbox 780 5025 834 5060; x_wconf 91' lang='grc' dir='ltr'><strong>τι</strong></span> <span class='ocrx_word' id='word_1_565' title='bbox 879 5002 1157 5062; x_wconf 85' lang='grc' dir='ltr'><strong>τοιοῦτον,</strong></span> <span class='ocrx_word' id='word_1_566' title='bbox 1188 4996 1322 5052; x_wconf 79' lang='grc' dir='ltr'><strong>ἀλλὰ</strong></span> <span class='ocrx_word' id='word_1_567' title='bbox 1366 4993 1660 5062; x_wconf 80' lang='grc' dir='ltr'><strong>σκουτάρια</strong></span> <span class='ocrx_word' id='word_1_568' title='bbox 1706 4989 1866 5058; x_wconf 85' lang='grc' dir='ltr'><strong>μόνον</strong></span> <span class='ocrx_word' id='word_1_569' title='bbox 1915 4985 2060 5054; x_wconf 74' lang='grc' dir='ltr'><strong>ἔχειν</strong></span> 
     </span>
    </p>
   </div>
   <div class='ocr_carea' id='block_1_82' title="bbox 481 5073 2060 5166">
    <p class='ocr_par' dir='ltr' id='par_1_82' title="bbox 481 5073 2060 5166">
     <span class='ocr_line' id='line_1_82' title="bbox 481 5073 2060 5166; baseline -0.02 -11"><span class='ocrx_word' id='word_1_570' title='bbox 481 5104 606 5166; x_wconf 69' lang='grc' dir='ltr'><strong>τοὺς</strong></span> <span class='ocrx_word' id='word_1_571' title='bbox 636 5099 984 5162; x_wconf 77' lang='grc' dir='ltr'><strong>σκουτὰτους,</strong></span> <span class='ocrx_word' id='word_1_572' title='bbox 1020 5093 1242 5166; x_wconf 73' lang='grc' dir='ltr'><strong>μείζονα</strong></span> <span class='ocrx_word' id='word_1_573' title='bbox 1279 5089 1336 5143; x_wconf 78' lang='grc' dir='ltr'><strong>δὲ</strong></span> <span class='ocrx_word' id='word_1_574' title='bbox 1365 5085 1625 5153; x_wconf 84' lang='grc' dir='ltr'><strong>κοντάρια</strong></span> <span class='ocrx_word' id='word_1_575' title='bbox 1647 5096 1662 5111; x_wconf 91' lang='grc'><strong>·</strong></span> <span class='ocrx_word' id='word_1_576' title='bbox 1701 5076 1828 5138; x_wconf 74' lang='grc' dir='ltr'><strong>τοὺς</strong></span> <span class='ocrx_word' id='word_1_577' title='bbox 1879 5074 1932 5127; x_wconf 76' lang='grc' dir='ltr'><strong>δὲ</strong></span> <span class='ocrx_word' id='word_1_578' title='bbox 1970 5073 2060 5125; x_wconf 88' lang='grc' dir='ltr'><strong>λε-</strong></span> 
     </span>
    </p>
   </div>
   <div class='ocr_carea' id='block_1_83' title="bbox 483 5164 2058 5262">
    <p class='ocr_par' dir='ltr' id='par_1_83' title="bbox 483 5164 2058 5262">
     <span class='ocr_line' id='line_1_83' title="bbox 483 5164 2058 5262; baseline -0.021 -15"><span class='ocrx_word' id='word_1_579' title='bbox 483 5164 750 5262; x_wconf 75' lang='grc' dir='ltr'><strong>γομένους</strong></span> <span class='ocrx_word' id='word_1_580' title='bbox 774 5175 984 5256; x_wconf 60' lang='grc' dir='ltr'><strong>ψιλοὺς,</strong></span> <span class='ocrx_word' id='word_1_581' title='bbox 1019 5164 1314 5250; x_wconf 81' lang='grc' dir='ltr'><strong>σκουτάρια</strong></span> <span class='ocrx_word' id='word_1_582' title='bbox 1373 5172 1538 5228; x_wconf 82' lang='grc' dir='ltr'><strong>κοντὰ</strong></span> <span class='ocrx_word' id='word_1_583' title='bbox 1574 5170 1666 5224; x_wconf 69' lang='grc' dir='ltr'><strong>καὶ</strong></span> <span class='ocrx_word' id='word_1_584' title='bbox 1685 5169 1754 5222; x_wconf 73' lang='grc' dir='ltr'><strong>τὰ</strong></span> <span class='ocrx_word' id='word_1_585' title='bbox 1810 5164 2021 5262; x_wconf 78' lang='grc' dir='ltr'><strong>σπαοία</strong></span> <span class='ocrx_word' id='word_1_586' title='bbox 2042 5200 2058 5225; x_wconf 91' lang='grc'><strong>,</strong></span> 
     </span>
    </p>
   </div>
   <div class='ocr_carea' id='block_1_84' title="bbox 485 5256 2052 5351">
    <p class='ocr_par' dir='ltr' id='par_1_84' title="bbox 485 5256 2052 5351">
     <span class='ocr_line' id='line_1_84' title="bbox 485 5256 2052 5351; baseline -0.021 -13"><span class='ocrx_word' id='word_1_587' title='bbox 485 5256 580 5338; x_wconf 54' lang='lat' dir='ltr'><strong>itali</strong></span> <span class='ocrx_word' id='word_1_588' title='bbox 630 5281 913 5351; x_wconf 78' lang='grc' dir='ltr'><strong>τζικούρια</strong></span> <span class='ocrx_word' id='word_1_589' title='bbox 965 5271 1156 5348; x_wconf 74' lang='grc' dir='ltr'><strong>μικρὰ,</strong></span> <span class='ocrx_word' id='word_1_590' title='bbox 1191 5272 1282 5326; x_wconf 77' lang='grc' dir='ltr'><strong>καὶ</strong></span> <span class='ocrx_word' id='word_1_591' title='bbox 1301 5265 1640 5335; x_wconf 75' lang='grc' dir='ltr'><strong>ἐλαφρότερα</strong></span> <span class='ocrx_word' id='word_1_592' title='bbox 1656 5256 2052 5351; x_wconf 65' lang='grc' dir='ltr'><strong>τοξοφὰρετρα,</strong></span> 
     </span>
    </p>
   </div>
   <div class='ocr_carea' id='block_1_85' title="bbox 474 5342 2062 5448">
    <p class='ocr_par' dir='ltr' id='par_1_85' title="bbox 474 5342 2062 5448">
     <span class='ocr_line' id='line_1_85' title="bbox 474 5342 2062 5448; baseline -0.021 -19"><span class='ocrx_word' id='word_1_593' title='bbox 474 5342 762 5448; x_wconf 54' lang='grc' dir='ltr'><strong>ιρικτάρια,</strong></span> <span class='ocrx_word' id='word_1_594' title='bbox 805 5342 1030 5427; x_wconf 57' lang='grc' dir='ltr'><strong>ἀκόντια</strong></span> <span class='ocrx_word' id='word_1_595' title='bbox 1068 5342 1258 5438; x_wconf 72' lang='grc' dir='ltr'><strong>μικρὰ,</strong></span> <span class='ocrx_word' id='word_1_596' title='bbox 1287 5356 1595 5448; x_wconf 66' lang='grc' dir='ltr'><strong>τξικούρια,</strong></span> <span class='ocrx_word' id='word_1_597' title='bbox 1619 5351 1714 5448; x_wconf 59' lang='grc' dir='ltr'><strong>καλ.</strong></span> <span class='ocrx_word' id='word_1_598' title='bbox 1734 5349 1786 5402; x_wconf 86' lang='grc' dir='ltr'><strong>εῐ</strong></span> <span class='ocrx_word' id='word_1_599' title='bbox 1809 5365 1863 5400; x_wconf 87' lang='grc' dir='ltr'><strong>τι</strong></span> <span class='ocrx_word' id='word_1_600' title='bbox 1886 5342 2062 5400; x_wconf 72' lang='grc' dir='ltr'><strong>τοιοῦι-</strong></span> 
     </span>
    </p>
   </div>
   <div class='ocr_carea' id='block_1_86' title="bbox 487 5441 2061 5538">
    <p class='ocr_par' dir='ltr' id='par_1_86' title="bbox 487 5441 2061 5538">
     <span class='ocr_line' id='line_1_86' title="bbox 487 5441 2061 5538; baseline -0.022 -16"><span class='ocrx_word' id='word_1_601' title='bbox 487 5441 578 5525; x_wconf 75' lang='grc' dir='ltr'><strong>τον</strong></span> <span class='ocrx_word' id='word_1_602' title='bbox 601 5441 833 5538; x_wconf 76' lang='grc' dir='ltr'><strong>ἐλαφρὸν</strong></span> <span class='ocrx_word' id='word_1_603' title='bbox 862 5463 958 5518; x_wconf 72' lang='grc' dir='ltr'><strong>καὶ</strong></span> <span class='ocrx_word' id='word_1_604' title='bbox 985 5461 1277 5533; x_wconf 81' lang='grc' dir='ltr'><strong>χρήσιμον.</strong></span> <span class='ocrx_word' id='word_1_605' title='bbox 1314 5449 1526 5516; x_wconf 81' lang='grc' dir='ltr'><strong>’Δξίνας</strong></span> <span class='ocrx_word' id='word_1_606' title='bbox 1553 5441 1611 5538; x_wconf 74' lang='grc' dir='ltr'><strong>δὲ</strong></span> <span class='ocrx_word' id='word_1_607' title='bbox 1639 5443 1852 5538; x_wconf 65' lang='grc' dir='ltr'><strong>παντως</strong></span> <span class='ocrx_word' id='word_1_608' title='bbox 1882 5447 2061 5538; x_wconf 74' lang='grc' dir='ltr'><strong>περισ-</strong></span> 
     </span>
    </p>
   </div>
   <div class='ocr_carea' id='block_1_87' title="bbox 492 5524 2059 5630">
    <p class='ocr_par' dir='ltr' id='par_1_87' title="bbox 492 5524 2059 5630">
     <span class='ocr_line' id='line_1_87' title="bbox 492 5524 2059 5630; baseline -0.028 -10"><span class='ocrx_word' id='word_1_609' title='bbox 492 5559 588 5621; x_wconf 75' lang='grc' dir='ltr'><strong>σὰς</strong></span> <span class='ocrx_word' id='word_1_610' title='bbox 618 5524 922 5630; x_wconf 44' lang='grc' dir='ltr'><strong>χρὶϊὲχειν,</strong></span> <span class='ocrx_word' id='word_1_611' title='bbox 1079 5524 1168 5604; x_wconf 31' lang='grc' dir='ltr'><strong>*ἐν’</strong></span> <span class='ocrx_word' id='word_1_612' title='bbox 1189 5549 1300 5608; x_wconf 84' lang='grc' dir='ltr'><strong>τοῖς</strong></span> <span class='ocrx_word' id='word_1_613' title='bbox 1328 5535 1657 5609; x_wconf 81' lang='grc' dir='ltr'><strong>σαγμαρίοις</strong></span> <span class='ocrx_word' id='word_1_614' title='bbox 1679 5524 2059 5600; x_wconf 76' lang='grc' dir='ltr'><strong>ἐπιφέρεσθαι,</strong></span> 
     </span>
    </p>
   </div>
   <div class='ocr_carea' id='block_1_88' title="bbox 483 5646 942 5718">
    <p class='ocr_par' dir='ltr' id='par_1_88' title="bbox 483 5646 942 5718">
     <span class='ocr_line' id='line_1_88' title="bbox 483 5646 942 5718; baseline -0.009 -18"><span class='ocrx_word' id='word_1_615' title='bbox 483 5649 580 5702; x_wconf 75' lang='grc' dir='ltr'><strong>διὰ</strong></span> <span class='ocrx_word' id='word_1_616' title='bbox 603 5647 698 5711; x_wconf 76' lang='grc' dir='ltr'><strong>τὰς</strong></span> <span class='ocrx_word' id='word_1_617' title='bbox 731 5646 942 5718; x_wconf 76' lang='grc' dir='ltr'><strong>χρείας.</strong></span> 
     </span>
    </p>
   </div>
   <div class='ocr_carea' id='block_1_89' title="bbox 2140 3253 3722 3324">
    <p class='ocr_par' dir='ltr' id='par_1_89' title="bbox 2140 3253 3722 3324">
     <span class='ocr_line' id='line_1_89' title="bbox 2140 3253 3722 3324; baseline -0.011 -4"><span class='ocrx_word' id='word_1_618' title='bbox 2140 3280 2331 3320; x_wconf 88' lang='lat' dir='ltr'><strong>omnes</strong></span> <span class='ocrx_word' id='word_1_619' title='bbox 2363 3279 2451 3319; x_wconf 88' lang='lat' dir='ltr'><strong>res</strong></span> <span class='ocrx_word' id='word_1_620' title='bbox 2480 3263 2554 3316; x_wconf 89' lang='lat' dir='ltr'><strong>ita</strong></span> <span class='ocrx_word' id='word_1_621' title='bbox 2586 3261 2869 3316; x_wconf 70' lang='lat' dir='ltr'><strong>instructa:</strong></span> <span class='ocrx_word' id='word_1_622' title='bbox 2897 3259 3030 3324; x_wconf 91' lang='lat' dir='ltr'><strong>sint,</strong></span> <span class='ocrx_word' id='word_1_623' title='bbox 3062 3271 3126 3310; x_wconf 91' lang='lat' dir='ltr'><strong>ac</strong></span> <span class='ocrx_word' id='word_1_624' title='bbox 3156 3255 3203 3309; x_wconf 90' lang='lat' dir='ltr'><strong>si</strong></span> <span class='ocrx_word' id='word_1_625' title='bbox 3243 3255 3300 3308; x_wconf 90' lang='lat' dir='ltr'><strong>in</strong></span> <span class='ocrx_word' id='word_1_626' title='bbox 3339 3254 3458 3323; x_wconf 86' lang='lat' dir='ltr'><strong>ipsa</strong></span> <span class='ocrx_word' id='word_1_627' title='bbox 3483 3253 3606 3307; x_wconf 75' lang='lat' dir='ltr'><strong>acie</strong></span> <span class='ocrx_word' id='word_1_628' title='bbox 3635 3267 3722 3304; x_wconf 87' lang='lat' dir='ltr'><strong>es-</strong></span> 
     </span>
    </p>
   </div>
   <div class='ocr_carea' id='block_1_90' title="bbox 2142 3344 3715 3420">
    <p class='ocr_par' dir='ltr' id='par_1_90' title="bbox 2142 3344 3715 3420">
     <span class='ocr_line' id='line_1_90' title="bbox 2142 3344 3715 3420; baseline -0.013 -4"><span class='ocrx_word' id='word_1_629' title='bbox 2142 3369 2282 3420; x_wconf 84' lang='lat' dir='ltr'><strong>sent,</strong></span> <span class='ocrx_word' id='word_1_630' title='bbox 2329 3368 2387 3411; x_wconf 90' lang='lat' dir='ltr'><strong>ut</strong></span> <span class='ocrx_word' id='word_1_631' title='bbox 2418 3357 2465 3412; x_wconf 88' lang='lat' dir='ltr'><strong>si</strong></span> <span class='ocrx_word' id='word_1_632' title='bbox 2509 3370 2612 3410; x_wconf 88' lang='lat' dir='ltr'><strong>nec</strong></span> <span class='ocrx_word' id='word_1_633' title='bbox 2637 3354 2886 3419; x_wconf 81' lang='lat' dir='ltr'><strong>confuse,</strong></span> <span class='ocrx_word' id='word_1_634' title='bbox 2933 3365 3037 3405; x_wconf 89' lang='lat' dir='ltr'><strong>nec</strong></span> <span class='ocrx_word' id='word_1_635' title='bbox 3077 3347 3388 3403; x_wconf 73' lang='lat' dir='ltr'><strong>inordinate</strong></span> <span class='ocrx_word' id='word_1_636' title='bbox 3432 3344 3715 3416; x_wconf 82' lang='lat' dir='ltr'><strong>prodeant,</strong></span> 
     </span>
    </p>
   </div>
   <div class='ocr_carea' id='block_1_91' title="bbox 2143 3434 3718 3510">
    <p class='ocr_par' dir='ltr' id='par_1_91' title="bbox 2143 3434 3718 3510">
     <span class='ocr_line' id='line_1_91' title="bbox 2143 3434 3718 3510; baseline -0.01 -8"><span class='ocrx_word' id='word_1_637' title='bbox 2143 3449 2233 3503; x_wconf 90' lang='lat' dir='ltr'><strong>ubi</strong></span> <span class='ocrx_word' id='word_1_638' title='bbox 2265 3446 2410 3502; x_wconf 83' lang='lat' dir='ltr'><strong>acies</strong></span> <span class='ocrx_word' id='word_1_639' title='bbox 2437 3443 2756 3500; x_wconf 88' lang='lat' dir='ltr'><strong>instruenda</strong></span> <span class='ocrx_word' id='word_1_640' title='bbox 2784 3441 2876 3505; x_wconf 87' lang='lat' dir='ltr'><strong>sit,</strong></span> <span class='ocrx_word' id='word_1_641' title='bbox 2911 3440 2964 3494; x_wconf 88' lang='lat' dir='ltr'><strong>in</strong></span> <span class='ocrx_word' id='word_1_642' title='bbox 2995 3446 3246 3510; x_wconf 85' lang='lat' dir='ltr'><strong>promptu</strong></span> <span class='ocrx_word' id='word_1_643' title='bbox 3311 3445 3473 3504; x_wconf 83' lang='lat' dir='ltr'><strong>atque</strong></span> <span class='ocrx_word' id='word_1_644' title='bbox 3505 3434 3560 3488; x_wconf 89' lang='lat' dir='ltr'><strong>in</strong></span> <span class='ocrx_word' id='word_1_645' title='bbox 3592 3446 3718 3502; x_wconf 51' lang='lat' dir='ltr'><strong>pro.</strong></span> 
     </span>
    </p>
   </div>
   <div class='ocr_carea' id='block_1_92' title="bbox 2144 3538 2482 3594">
    <p class='ocr_par' dir='ltr' id='par_1_92' title="bbox 2144 3538 2482 3594">
     <span class='ocr_line' id='line_1_92' title="bbox 2144 3538 2482 3594; baseline -0.021 0"><span class='ocrx_word' id='word_1_646' title='bbox 2144 3540 2322 3594; x_wconf 76' lang='lat' dir='ltr'><strong>cinctu</strong></span> <span class='ocrx_word' id='word_1_647' title='bbox 2352 3538 2482 3592; x_wconf 83' lang='lat' dir='ltr'><strong>sint.</strong></span> 
     </span>
    </p>
   </div>
   <div class='ocr_carea' id='block_1_93' title="bbox 2216 3789 3720 3862">
    <p class='ocr_par' dir='ltr' id='par_1_93' title="bbox 2216 3789 3720 3862">
     <span class='ocr_line' id='line_1_93' title="bbox 2216 3789 3720 3862; baseline -0.013 -4"><span class='ocrx_word' id='word_1_648' title='bbox 2216 3803 2304 3859; x_wconf 80' lang='lat'><strong>57.</strong></span> <span class='ocrx_word' id='word_1_649' title='bbox 2360 3801 2417 3856; x_wconf 86' lang='lat' dir='ltr'><strong>Si</strong></span> <span class='ocrx_word' id='word_1_650' title='bbox 2475 3799 2631 3853; x_wconf 87' lang='lat' dir='ltr'><strong>multi</strong></span> <span class='ocrx_word' id='word_1_651' title='bbox 2701 3798 2941 3853; x_wconf 89' lang='lat' dir='ltr'><strong>nostium</strong></span> <span class='ocrx_word' id='word_1_652' title='bbox 3001 3794 3203 3850; x_wconf 79' lang='lat' dir='ltr'><strong>fuerint</strong></span> <span class='ocrx_word' id='word_1_653' title='bbox 3259 3792 3517 3862; x_wconf 83' lang='lat' dir='ltr'><strong>equites,</strong></span> <span class='ocrx_word' id='word_1_654' title='bbox 3573 3798 3628 3843; x_wconf 88' lang='lat' dir='ltr'><strong>et</strong></span> <span class='ocrx_word' id='word_1_655' title='bbox 3687 3789 3720 3840; x_wconf 89' lang='lat' dir='ltr'><strong>ii</strong></span> 
     </span>
    </p>
   </div>
   <div class='ocr_carea' id='block_1_94' title="bbox 2147 3881 3725 3968">
    <p class='ocr_par' dir='ltr' id='par_1_94' title="bbox 2147 3881 3725 3968">
     <span class='ocr_line' id='line_1_94' title="bbox 2147 3881 3725 3968; baseline -0.013 -17"><span class='ocrx_word' id='word_1_656' title='bbox 2147 3912 2312 3968; x_wconf 88' lang='lat' dir='ltr'><strong>prope</strong></span> <span class='ocrx_word' id='word_1_657' title='bbox 2341 3894 2494 3948; x_wconf 79' lang='lat' dir='ltr'><strong>ad&#39;te</strong></span> <span class='ocrx_word' id='word_1_658' title='bbox 2527 3889 2813 3954; x_wconf 85' lang='lat' dir='ltr'><strong>accedant,</strong></span> <span class='ocrx_word' id='word_1_659' title='bbox 2857 3905 2926 3942; x_wconf 89' lang='lat' dir='ltr'><strong>no</strong></span> <span class='ocrx_word' id='word_1_660' title='bbox 2959 3895 3246 3958; x_wconf 82' lang='lat' dir='ltr'><strong>propterea</strong></span> <span class='ocrx_word' id='word_1_661' title='bbox 3275 3893 3456 3940; x_wconf 81' lang='lat' dir='ltr'><strong>castra</strong></span> <span class='ocrx_word' id='word_1_662' title='bbox 3490 3881 3725 3935; x_wconf 77' lang='lat' dir='ltr'><strong>transfe-</strong></span> 
     </span>
    </p>
   </div>
   <div class='ocr_carea' id='block_1_95' title="bbox 2148 3974 3727 4052">
    <p class='ocr_par' dir='ltr' id='par_1_95' title="bbox 2148 3974 3727 4052">
     <span class='ocr_line' id='line_1_95' title="bbox 2148 3974 3727 4052; baseline -0.012 -9"><span class='ocrx_word' id='word_1_663' title='bbox 2148 4003 2258 4052; x_wconf 86' lang='lat' dir='ltr'><strong>ras,</strong></span> <span class='ocrx_word' id='word_1_664' title='bbox 2290 3994 2345 4041; x_wconf 90' lang='lat' dir='ltr'><strong>et</strong></span> <span class='ocrx_word' id='word_1_665' title='bbox 2374 3997 2579 4040; x_wconf 91' lang='lat' dir='ltr'><strong>novum</strong></span> <span class='ocrx_word' id='word_1_666' title='bbox 2615 3983 2716 4036; x_wconf 89' lang='lat' dir='ltr'><strong>iter</strong></span> <span class='ocrx_word' id='word_1_667' title='bbox 2747 3991 2875 4036; x_wconf 88' lang='lat' dir='ltr'><strong>ante</strong></span> <span class='ocrx_word' id='word_1_668' title='bbox 2913 3979 3116 4034; x_wconf 88' lang='lat' dir='ltr'><strong>bellum</strong></span> <span class='ocrx_word' id='word_1_669' title='bbox 3161 3975 3519 4031; x_wconf 84' lang='lat' dir='ltr'><strong>commissum</strong></span> <span class='ocrx_word' id='word_1_670' title='bbox 3554 3974 3727 4026; x_wconf 80' lang='lat' dir='ltr'><strong>susci-</strong></span> 
     </span>
    </p>
   </div>
   <div class='ocr_carea' id='block_1_96' title="bbox 2131 4063 3726 4154">
    <p class='ocr_par' dir='ltr' id='par_1_96' title="bbox 2131 4063 3726 4154">
     <span class='ocr_line' id='line_1_96' title="bbox 2131 4063 3726 4154; baseline -0.014 -19"><span class='ocrx_word' id='word_1_671' title='bbox 2131 4081 2289 4154; x_wconf 82' lang='lat' dir='ltr'><strong>pias,</strong></span> <span class='ocrx_word' id='word_1_672' title='bbox 2324 4075 2420 4132; x_wconf 90' lang='lat' dir='ltr'><strong>sed</strong></span> <span class='ocrx_word' id='word_1_673' title='bbox 2469 4083 2583 4130; x_wconf 91' lang='lat' dir='ltr'><strong>tres</strong></span> <span class='ocrx_word' id='word_1_674' title='bbox 2627 4083 2724 4128; x_wconf 89' lang='lat' dir='ltr'><strong>aut</strong></span> <span class='ocrx_word' id='word_1_675' title='bbox 2770 4080 3007 4141; x_wconf 84' lang='lat' dir='ltr'><strong>quatuor</strong></span> <span class='ocrx_word' id='word_1_676' title='bbox 3046 4069 3162 4123; x_wconf 88' lang='lat' dir='ltr'><strong>dies</strong></span> <span class='ocrx_word' id='word_1_677' title='bbox 3193 4075 3321 4121; x_wconf 84' lang='lat' dir='ltr'><strong>ante</strong></span> <span class='ocrx_word' id='word_1_678' title='bbox 3369 4063 3726 4118; x_wconf 78' lang='lat' dir='ltr'><strong>conﬂictatio-</strong></span> 
     </span>
    </p>
   </div>
   <div class='ocr_carea' id='block_1_97' title="bbox 2150 4159 3725 4242">
    <p class='ocr_par' dir='ltr' id='par_1_97' title="bbox 2150 4159 3725 4242">
     <span class='ocr_line' id='line_1_97' title="bbox 2150 4159 3725 4242; baseline -0.013 -16"><span class='ocrx_word' id='word_1_679' title='bbox 2150 4187 2272 4227; x_wconf 89' lang='lat' dir='ltr'><strong>nem</strong></span> <span class='ocrx_word' id='word_1_680' title='bbox 2311 4171 2507 4242; x_wconf 89' lang='lat' dir='ltr'><strong>ipsam,</strong></span> <span class='ocrx_word' id='word_1_681' title='bbox 2549 4164 2813 4222; x_wconf 86' lang='lat' dir='ltr'><strong>castrain</strong></span> <span class='ocrx_word' id='word_1_682' title='bbox 2852 4178 2919 4217; x_wconf 89' lang='lat' dir='ltr'><strong>eo</strong></span> <span class='ocrx_word' id='word_1_683' title='bbox 2960 4162 3082 4217; x_wconf 84' lang='lat' dir='ltr'><strong>loco</strong></span> <span class='ocrx_word' id='word_1_684' title='bbox 3113 4175 3276 4232; x_wconf 89' lang='lat' dir='ltr'><strong>pone,</strong></span> <span class='ocrx_word' id='word_1_685' title='bbox 3317 4159 3406 4212; x_wconf 90' lang='lat' dir='ltr'><strong>ubi</strong></span> <span class='ocrx_word' id='word_1_686' title='bbox 3450 4163 3725 4227; x_wconf 58' lang='lat' dir='ltr'><strong>pugnam-</strong></span> 
     </span>
    </p>
   </div>
   <div class='ocr_carea' id='block_1_98' title="bbox 2153 4249 3609 4330">
    <p class='ocr_par' dir='ltr' id='par_1_98' title="bbox 2153 4249 3609 4330">
     <span class='ocr_line' id='line_1_98' title="bbox 2153 4249 3609 4330; baseline -0.011 -12"><span class='ocrx_word' id='word_1_687' title='bbox 2153 4279 2244 4320; x_wconf 88' lang='lat' dir='ltr'><strong>rus</strong></span> <span class='ocrx_word' id='word_1_688' title='bbox 2272 4277 2351 4330; x_wconf 89' lang='lat' dir='ltr'><strong>es,</strong></span> <span class='ocrx_word' id='word_1_689' title='bbox 2380 4271 2434 4316; x_wconf 93' lang='lat' dir='ltr'><strong>et</strong></span> <span class='ocrx_word' id='word_1_690' title='bbox 2467 4260 2538 4314; x_wconf 88' lang='lat' dir='ltr'><strong>ibi</strong></span> <span class='ocrx_word' id='word_1_691' title='bbox 2573 4267 2690 4314; x_wconf 82' lang='lat' dir='ltr'><strong>tuto</strong></span> <span class='ocrx_word' id='word_1_692' title='bbox 2724 4264 2774 4310; x_wconf 90' lang='lat' dir='ltr'><strong>te</strong></span> <span class='ocrx_word' id='word_1_693' title='bbox 2801 4255 2867 4308; x_wconf 91' lang='lat' dir='ltr'><strong>ad</strong></span> <span class='ocrx_word' id='word_1_694' title='bbox 2905 4253 3034 4308; x_wconf 79' lang='lat' dir='ltr'><strong>illud</strong></span> <span class='ocrx_word' id='word_1_695' title='bbox 3071 4263 3285 4320; x_wconf 79' lang='lat' dir='ltr'><strong>tempus</strong></span> <span class='ocrx_word' id='word_1_696' title='bbox 3316 4249 3609 4304; x_wconf 82' lang='lat' dir='ltr'><strong>collocato.</strong></span> 
     </span>
    </p>
   </div>
   <div class='ocr_carea' id='block_1_99' title="bbox 2224 4419 3726 4488">
    <p class='ocr_par' dir='ltr' id='par_1_99' title="bbox 2224 4419 3726 4488">
     <span class='ocr_line' id='line_1_99' title="bbox 2224 4419 3726 4488; baseline -0.015 0"><span class='ocrx_word' id='word_1_697' title='bbox 2224 4429 2313 4488; x_wconf 83' lang='lat'><strong>58.</strong></span> <span class='ocrx_word' id='word_1_698' title='bbox 2402 4431 2458 4485; x_wconf 89' lang='lat' dir='ltr'><strong>Si</strong></span> <span class='ocrx_word' id='word_1_699' title='bbox 2501 4424 2877 4484; x_wconf 85' lang='lat' dir='ltr'><strong>incursionem</strong></span> <span class='ocrx_word' id='word_1_700' title='bbox 2933 4421 2987 4476; x_wconf 90' lang='lat' dir='ltr'><strong>in</strong></span> <span class='ocrx_word' id='word_1_701' title='bbox 3043 4419 3297 4476; x_wconf 88' lang='lat' dir='ltr'><strong>hostilem</strong></span> <span class='ocrx_word' id='word_1_702' title='bbox 3349 4424 3553 4472; x_wconf 84' lang='lat' dir='ltr'><strong>terram</strong></span> <span class='ocrx_word' id='word_1_703' title='bbox 3603 4429 3726 4470; x_wconf 90' lang='lat' dir='ltr'><strong>cum</strong></span> 
     </span>
    </p>
   </div>
   <div class='ocr_carea' id='block_1_100' title="bbox 2150 4508 3730 4598">
    <p class='ocr_par' dir='ltr' id='par_1_100' title="bbox 2150 4508 3730 4598">
     <span class='ocr_line' id='line_1_100' title="bbox 2150 4508 3730 4598; baseline -0.015 -15"><span class='ocrx_word' id='word_1_704' title='bbox 2150 4525 2393 4598; x_wconf 86' lang='lat' dir='ltr'><strong>peditatu</strong></span> <span class='ocrx_word' id='word_1_705' title='bbox 2448 4522 2696 4576; x_wconf 82' lang='lat' dir='ltr'><strong>facturus</strong></span> <span class='ocrx_word' id='word_1_706' title='bbox 2749 4531 2831 4582; x_wconf 88' lang='lat' dir='ltr'><strong>es,</strong></span> <span class='ocrx_word' id='word_1_707' title='bbox 2903 4514 3067 4584; x_wconf 90' lang='lat' dir='ltr'><strong>idque</strong></span> <span class='ocrx_word' id='word_1_708' title='bbox 3119 4525 3215 4582; x_wconf 88' lang='lat' dir='ltr'><strong>per</strong></span> <span class='ocrx_word' id='word_1_709' title='bbox 3261 4508 3534 4563; x_wconf 74' lang='lat' dir='ltr'><strong>condensa</strong></span> <span class='ocrx_word' id='word_1_710' title='bbox 3567 4515 3730 4575; x_wconf 83' lang='lat' dir='ltr'><strong>atque</strong></span> 
     </span>
    </p>
   </div>
   <div class='ocr_carea' id='block_1_101' title="bbox 2149 4594 3731 4688">
    <p class='ocr_par' dir='ltr' id='par_1_101' title="bbox 2149 4594 3731 4688">
     <span class='ocr_line' id='line_1_101' title="bbox 2149 4594 3731 4688; baseline -0.017 -15"><span class='ocrx_word' id='word_1_711' title='bbox 2149 4594 2381 4688; x_wconf 77' lang='lat' dir='ltr'><strong>angusta</strong></span> <span class='ocrx_word' id='word_1_712' title='bbox 2417 4615 2558 4678; x_wconf 81' lang='lat' dir='ltr'><strong>loca,</strong></span> <span class='ocrx_word' id='word_1_713' title='bbox 2587 4607 2842 4682; x_wconf 84' lang='lat' dir='ltr'><strong>quamvis</strong></span> <span class='ocrx_word' id='word_1_714' title='bbox 2887 4605 2942 4660; x_wconf 91' lang='lat' dir='ltr'><strong>in</strong></span> <span class='ocrx_word' id='word_1_715' title='bbox 2987 4619 3056 4660; x_wconf 92' lang='lat' dir='ltr'><strong>eo</strong></span> <span class='ocrx_word' id='word_1_716' title='bbox 3089 4604 3209 4658; x_wconf 91' lang='lat' dir='ltr'><strong>loco</strong></span> <span class='ocrx_word' id='word_1_717' title='bbox 3235 4615 3414 4671; x_wconf 85' lang='lat' dir='ltr'><strong>pugna</strong></span> <span class='ocrx_word' id='word_1_718' title='bbox 3444 4597 3624 4668; x_wconf 79' lang='lat' dir='ltr'><strong>gravis</strong></span> <span class='ocrx_word' id='word_1_719' title='bbox 3648 4594 3731 4649; x_wconf 79' lang='lat' dir='ltr'><strong>fu-</strong></span> 
     </span>
    </p>
   </div>
   <div class='ocr_carea' id='block_1_102' title="bbox 2152 4686 3732 4774">
    <p class='ocr_par' dir='ltr' id='par_1_102' title="bbox 2152 4686 3732 4774">
     <span class='ocr_line' id='line_1_102' title="bbox 2152 4686 3732 4774; baseline -0.016 -9"><span class='ocrx_word' id='word_1_720' title='bbox 2152 4686 2272 4766; x_wconf 65' lang='lat' dir='ltr'><strong>tura</strong></span> <span class='ocrx_word' id='word_1_721' title='bbox 2316 4708 2408 4772; x_wconf 89' lang='lat' dir='ltr'><strong>sit,</strong></span> <span class='ocrx_word' id='word_1_722' title='bbox 2459 4719 2639 4774; x_wconf 87' lang='lat' dir='ltr'><strong>neque</strong></span> <span class='ocrx_word' id='word_1_723' title='bbox 2675 4714 2932 4770; x_wconf 81' lang='lat' dir='ltr'><strong>magnum</strong></span> <span class='ocrx_word' id='word_1_724' title='bbox 2989 4695 3316 4766; x_wconf 82' lang='lat' dir='ltr'><strong>equitatuut,</strong></span> <span class='ocrx_word' id='word_1_725' title='bbox 3348 4702 3521 4759; x_wconf 88' lang='lat' dir='ltr'><strong>neque</strong></span> <span class='ocrx_word' id='word_1_726' title='bbox 3559 4686 3732 4742; x_wconf 89' lang='lat' dir='ltr'><strong>multa</strong></span> 
     </span>
    </p>
   </div>
   <div class='ocr_carea' id='block_1_103' title="bbox 2155 4775 3734 4872">
    <p class='ocr_par' dir='ltr' id='par_1_103' title="bbox 2155 4775 3734 4872">
     <span class='ocr_line' id='line_1_103' title="bbox 2155 4775 3734 4872; baseline -0.018 -15"><span class='ocrx_word' id='word_1_727' title='bbox 2155 4799 2564 4872; x_wconf 88' lang='lat' dir='ltr'><strong>impedimenta,</strong></span> <span class='ocrx_word' id='word_1_728' title='bbox 2615 4806 2794 4863; x_wconf 88' lang='lat' dir='ltr'><strong>neque</strong></span> <span class='ocrx_word' id='word_1_729' title='bbox 2839 4789 3008 4843; x_wconf 89' lang='lat' dir='ltr'><strong>multa</strong></span> <span class='ocrx_word' id='word_1_730' title='bbox 3047 4800 3198 4839; x_wconf 87' lang='lat' dir='ltr'><strong>arma</strong></span> <span class='ocrx_word' id='word_1_731' title='bbox 3240 4793 3417 4836; x_wconf 89' lang='lat' dir='ltr'><strong>tecum</strong></span> <span class='ocrx_word' id='word_1_732' title='bbox 3465 4775 3634 4838; x_wconf 82' lang='lat' dir='ltr'><strong>feras,</strong></span> <span class='ocrx_word' id='word_1_733' title='bbox 3679 4782 3734 4828; x_wconf 90' lang='lat' dir='ltr'><strong>ut</strong></span> 
     </span>
    </p>
   </div>
   <div class='ocr_carea' id='block_1_104' title="bbox 2154 4867 3733 4957">
    <p class='ocr_par' dir='ltr' id='par_1_104' title="bbox 2154 4867 3733 4957">
     <span class='ocr_line' id='line_1_104' title="bbox 2154 4867 3733 4957; baseline -0.02 -7"><span class='ocrx_word' id='word_1_734' title='bbox 2154 4867 2373 4957; x_wconf 81' lang='lat' dir='ltr'><strong>loricia,</strong></span> <span class='ocrx_word' id='word_1_735' title='bbox 2425 4881 2480 4943; x_wconf 90' lang='lat' dir='ltr'><strong>id</strong></span> <span class='ocrx_word' id='word_1_736' title='bbox 2523 4896 2630 4951; x_wconf 90' lang='lat' dir='ltr'><strong>est,</strong></span> <span class='ocrx_word' id='word_1_737' title='bbox 2674 4884 2880 4954; x_wconf 78' lang='lat' dir='ltr'><strong>galeas,</strong></span> <span class='ocrx_word' id='word_1_738' title='bbox 2916 4875 3184 4938; x_wconf 86' lang='lat' dir='ltr'><strong>cassides,</strong></span> <span class='ocrx_word' id='word_1_739' title='bbox 3232 4868 3488 4935; x_wconf 85' lang='lat' dir='ltr'><strong>elibania,</strong></span> <span class='ocrx_word' id='word_1_740' title='bbox 3525 4867 3578 4921; x_wconf 90' lang='lat' dir='ltr'><strong>id</strong></span> <span class='ocrx_word' id='word_1_741' title='bbox 3629 4874 3733 4930; x_wconf 90' lang='lat' dir='ltr'><strong>est,</strong></span> 
     </span>
    </p>
   </div>
   <div class='ocr_carea' id='block_1_105' title="bbox 2163 4962 3734 5049">
    <p class='ocr_par' dir='ltr' id='par_1_105' title="bbox 2163 4962 3734 5049">
     <span class='ocr_line' id='line_1_105' title="bbox 2163 4962 3734 5049; baseline -0.021 -7"><span class='ocrx_word' id='word_1_742' title='bbox 2163 4988 2413 5041; x_wconf 85' lang='lat' dir='ltr'><strong>thoraces</strong></span> <span class='ocrx_word' id='word_1_743' title='bbox 2439 5000 2454 5049; x_wconf 88' lang='lat'><strong>;</strong></span> <span class='ocrx_word' id='word_1_744' title='bbox 2484 4981 2579 5038; x_wconf 84' lang='lat' dir='ltr'><strong>sed</strong></span> <span class='ocrx_word' id='word_1_745' title='bbox 2605 4987 2760 5036; x_wconf 73' lang='lat' dir='ltr'><strong>scuta</strong></span> <span class='ocrx_word' id='word_1_746' title='bbox 2792 4969 2989 5028; x_wconf 87' lang='lat' dir='ltr'><strong>scutati</strong></span> <span class='ocrx_word' id='word_1_747' title='bbox 3030 4969 3207 5023; x_wconf 88' lang='lat' dir='ltr'><strong>solum</strong></span> <span class='ocrx_word' id='word_1_748' title='bbox 3238 4962 3493 5024; x_wconf 85' lang='lat' dir='ltr'><strong>habeant,</strong></span> <span class='ocrx_word' id='word_1_749' title='bbox 3523 4966 3576 5013; x_wconf 91' lang='lat' dir='ltr'><strong>et</strong></span> <span class='ocrx_word' id='word_1_750' title='bbox 3604 4971 3734 5012; x_wconf 83' lang='lat' dir='ltr'><strong>eon-</strong></span> 
     </span>
    </p>
   </div>
   <div class='ocr_carea' id='block_1_106' title="bbox 2162 5049 3734 5142">
    <p class='ocr_par' dir='ltr' id='par_1_106' title="bbox 2162 5049 3734 5142">
     <span class='ocr_line' id='line_1_106' title="bbox 2162 5049 3734 5142; baseline -0.022 -7"><span class='ocrx_word' id='word_1_751' title='bbox 2162 5078 2318 5142; x_wconf 88' lang='lat' dir='ltr'><strong>taria,</strong></span> <span class='ocrx_word' id='word_1_752' title='bbox 2347 5075 2401 5130; x_wconf 89' lang='lat' dir='ltr'><strong>id</strong></span> <span class='ocrx_word' id='word_1_753' title='bbox 2428 5083 2532 5138; x_wconf 87' lang='lat' dir='ltr'><strong>est,</strong></span> <span class='ocrx_word' id='word_1_754' title='bbox 2592 5073 2778 5124; x_wconf 83' lang='lat' dir='ltr'><strong>hastas</strong></span> <span class='ocrx_word' id='word_1_755' title='bbox 2811 5066 3028 5132; x_wconf 79' lang='lat' dir='ltr'><strong>longas,</strong></span> <span class='ocrx_word' id='word_1_756' title='bbox 3055 5069 3108 5113; x_wconf 89' lang='lat' dir='ltr'><strong>et</strong></span> <span class='ocrx_word' id='word_1_757' title='bbox 3138 5055 3381 5126; x_wconf 89' lang='lat' dir='ltr'><strong>spathas.</strong></span> <span class='ocrx_word' id='word_1_758' title='bbox 3411 5063 3463 5106; x_wconf 91' lang='lat' dir='ltr'><strong>et</strong></span> <span class='ocrx_word' id='word_1_759' title='bbox 3486 5049 3734 5104; x_wconf 84' lang='lat' dir='ltr'><strong>tzicnria.</strong></span> 
     </span>
    </p>
   </div>
   <div class='ocr_carea' id='block_1_107' title="bbox 2162 5141 3734 5223">
    <p class='ocr_par' dir='ltr' id='par_1_107' title="bbox 2162 5141 3734 5223">
     <span class='ocr_line' id='line_1_107' title="bbox 2162 5141 3734 5223; baseline -0.02 0"><span class='ocrx_word' id='word_1_760' title='bbox 2162 5141 2332 5223; x_wconf 83' lang='lat' dir='ltr'><strong>Leves</strong></span> <span class='ocrx_word' id='word_1_761' title='bbox 2361 5175 2540 5220; x_wconf 91' lang='lat' dir='ltr'><strong>autem</strong></span> <span class='ocrx_word' id='word_1_762' title='bbox 2571 5161 2804 5215; x_wconf 87' lang='lat' dir='ltr'><strong>habeant</strong></span> <span class='ocrx_word' id='word_1_763' title='bbox 2826 5161 2978 5210; x_wconf 87' lang='lat' dir='ltr'><strong>scuta</strong></span> <span class='ocrx_word' id='word_1_764' title='bbox 3008 5166 3194 5220; x_wconf 86' lang='lat' dir='ltr'><strong>parva,</strong></span> <span class='ocrx_word' id='word_1_765' title='bbox 3223 5145 3504 5208; x_wconf 85' lang='lat' dir='ltr'><strong>rhietaria,</strong></span> <span class='ocrx_word' id='word_1_766' title='bbox 3534 5141 3734 5212; x_wconf 84' lang='lat' dir='ltr'><strong>jacula,</strong></span> 
     </span>
    </p>
   </div>
   <div class='ocr_carea' id='block_1_108' title="bbox 2164 5233 3740 5322">
    <p class='ocr_par' dir='ltr' id='par_1_108' title="bbox 2164 5233 3740 5322">
     <span class='ocr_line' id='line_1_108' title="bbox 2164 5233 3740 5322; baseline -0.018 -11"><span class='ocrx_word' id='word_1_767' title='bbox 2164 5254 2392 5310; x_wconf 83' lang='lat' dir='ltr'><strong>tzicuria</strong></span> <span class='ocrx_word' id='word_1_768' title='bbox 2442 5265 2606 5322; x_wconf 78' lang='lat' dir='ltr'><strong>parva</strong></span> <span class='ocrx_word' id='word_1_769' title='bbox 2636 5290 2651 5314; x_wconf 89' lang='lat'><strong>,</strong></span> <span class='ocrx_word' id='word_1_770' title='bbox 2707 5255 2760 5299; x_wconf 89' lang='lat' dir='ltr'><strong>et</strong></span> <span class='ocrx_word' id='word_1_771' title='bbox 2805 5245 2849 5298; x_wconf 85' lang='lat' dir='ltr'><strong>si</strong></span> <span class='ocrx_word' id='word_1_772' title='bbox 2903 5241 3033 5311; x_wconf 89' lang='lat' dir='ltr'><strong>quid</strong></span> <span class='ocrx_word' id='word_1_773' title='bbox 3083 5237 3228 5292; x_wconf 85' lang='lat' dir='ltr'><strong>aliud</strong></span> <span class='ocrx_word' id='word_1_774' title='bbox 3262 5236 3369 5288; x_wconf 80' lang='lat' dir='ltr'><strong>tale</strong></span> <span class='ocrx_word' id='word_1_775' title='bbox 3415 5233 3529 5286; x_wconf 87' lang='lat' dir='ltr'><strong>leve</strong></span> <span class='ocrx_word' id='word_1_776' title='bbox 3577 5240 3740 5298; x_wconf 85' lang='lat' dir='ltr'><strong>atque</strong></span> 
     </span>
    </p>
   </div>
   <div class='ocr_carea' id='block_1_109' title="bbox 2163 5321 3738 5414">
    <p class='ocr_par' dir='ltr' id='par_1_109' title="bbox 2163 5321 3738 5414">
     <span class='ocr_line' id='line_1_109' title="bbox 2163 5321 3738 5414; baseline -0.022 -12"><span class='ocrx_word' id='word_1_777' title='bbox 2163 5343 2475 5414; x_wconf 76' lang='lat' dir='ltr'><strong>expeditum</strong></span> <span class='ocrx_word' id='word_1_778' title='bbox 2509 5347 2611 5394; x_wconf 83' lang='lat' dir='ltr'><strong>est.</strong></span> <span class='ocrx_word' id='word_1_779' title='bbox 2655 5336 2888 5390; x_wconf 81' lang='lat' dir='ltr'><strong>Securos</strong></span> <span class='ocrx_word' id='word_1_780' title='bbox 2941 5323 3142 5384; x_wconf 87' lang='lat' dir='ltr'><strong>multas</strong></span> <span class='ocrx_word' id='word_1_781' title='bbox 3185 5322 3385 5380; x_wconf 80' lang='lat' dir='ltr'><strong>habere</strong></span> <span class='ocrx_word' id='word_1_782' title='bbox 3427 5321 3480 5374; x_wconf 91' lang='lat' dir='ltr'><strong>iu</strong></span> <span class='ocrx_word' id='word_1_783' title='bbox 3525 5331 3738 5386; x_wconf 82' lang='lat' dir='ltr'><strong>sagma-</strong></span> 
     </span>
    </p>
   </div>
   <div class='ocr_carea' id='block_1_110' title="bbox 2169 5423 3740 5502">
    <p class='ocr_par' dir='ltr' id='par_1_110' title="bbox 2169 5423 3740 5502">
     <span class='ocr_line' id='line_1_110' title="bbox 2169 5423 3740 5502; baseline -0.019 -9"><span class='ocrx_word' id='word_1_784' title='bbox 2169 5438 2288 5502; x_wconf 88' lang='lat' dir='ltr'><strong>riis,</strong></span> <span class='ocrx_word' id='word_1_785' title='bbox 2343 5435 2396 5490; x_wconf 89' lang='lat' dir='ltr'><strong>id</strong></span> <span class='ocrx_word' id='word_1_786' title='bbox 2445 5441 2547 5500; x_wconf 86' lang='lat' dir='ltr'><strong>est,</strong></span> <span class='ocrx_word' id='word_1_787' title='bbox 2604 5425 2876 5498; x_wconf 55' lang='lat' dir='ltr'><strong>sarciniis,</strong></span> <span class='ocrx_word' id='word_1_788' title='bbox 2931 5423 2998 5478; x_wconf 83' lang='lat' dir='ltr'><strong>ad</strong></span> <span class='ocrx_word' id='word_1_789' title='bbox 3043 5432 3264 5476; x_wconf 88' lang='lat' dir='ltr'><strong>omnem</strong></span> <span class='ocrx_word' id='word_1_790' title='bbox 3317 5427 3474 5473; x_wconf 88' lang='lat' dir='ltr'><strong>usum</strong></span> <span class='ocrx_word' id='word_1_791' title='bbox 3525 5423 3740 5484; x_wconf 82' lang='lat' dir='ltr'><strong>paratas</strong></span> 
     </span>
    </p>
   </div>
   <div class='ocr_carea' id='block_1_111' title="bbox 2170 5532 2407 5596">
    <p class='ocr_par' dir='ltr' id='par_1_111' title="bbox 2170 5532 2407 5596">
     <span class='ocr_line' id='line_1_111' title="bbox 2170 5532 2407 5596; baseline -0.013 -15"><span class='ocrx_word' id='word_1_792' title='bbox 2170 5532 2407 5596; x_wconf 84' lang='lat' dir='ltr'><strong>oportet.</strong></span> 
     </span>
    </p>
   </div>
   <div class='ocr_carea' id='block_1_112' title="bbox 2010 5697 2238 5758">
    <p class='ocr_par' dir='ltr' id='par_1_112' title="bbox 2010 5697 2238 5758">
     <span class='ocr_line' id='line_1_112' title="bbox 2010 5697 2238 5758; baseline -0.022 0"><span class='ocrx_word' id='word_1_793' title='bbox 2010 5697 2238 5758; x_wconf 65' lang='grc' dir='ltr'><strong>ΝΟΤᾸΞ.</strong></span> 
     </span>
    </p>
   </div>
   <div class='ocr_carea' id='block_1_113' title="bbox 573 5800 2055 5904">
    <p class='ocr_par' dir='ltr' id='par_1_113' title="bbox 573 5800 2055 5904">
     <span class='ocr_line' id='line_1_113' title="bbox 573 5800 2055 5904; baseline -0.022 -17"><span class='ocrx_word' id='word_1_794' title='bbox 573 5832 683 5904; x_wconf 82' lang='lat'><strong>(50)</strong></span> <span class='ocrx_word' id='word_1_795' title='bbox 716 5833 819 5890; x_wconf 78' lang='lat' dir='ltr'><strong>Kal</strong></span> <span class='ocrx_word' id='word_1_796' title='bbox 843 5831 927 5903; x_wconf 74' lang='grc' dir='ltr'><strong>μὴ</strong></span> <span class='ocrx_word' id='word_1_797' title='bbox 965 5820 1443 5897; x_wconf 65' lang='grc' dir='ltr'><strong>συγκεχυμένως.</strong></span> <span class='ocrx_word' id='word_1_798' title='bbox 1488 5808 1928 5871; x_wconf 83' lang='lat' dir='ltr'><strong>Desiderabatur,</strong></span> <span class='ocrx_word' id='word_1_799' title='bbox 1962 5800 2055 5869; x_wconf 73' lang='grc' dir='ltr'><strong>μή·</strong></span> 
     </span>
    </p>
   </div>
  </div>
