4100 6226
336 270 354 305 1

414 301 526 369 783

1672 315 1945 378 LEONIS
1972 315 2436 382 PHILOSOPHI

3557 321 3667 384 78£
3944 0 4047 427 (

484 417 576 475 59.
616 418 930 477 Pedestmu
988 431 1322 478 scutatorum
1381 425 1551 479 aciem
1610 442 1717 484 non
1773 431 1981 489 directe

2155 435 2252 489 νθ’.
2281 435 2391 505 Τὴν
2439 432 2496 485 δὲ
2562 428 2790 500 πεζικὴν
2832 428 2938 482 τῶν
2985 427 3297 483 σκουτάτων
3332 428 3488 494 τάξω
3544 432 3671 501 μηδ’

416 510 594 566 solum
632 510 686 565 in
725 510 904 567 fronte
933 512 1247 580 collocabis,
1280 515 1741 584 quemadmodum
1774 521 1828 575 in
1860 522 1982 592 pla-

419 604 507 656 nis
556 601 929 671 expositisque
970 600 1134 667 locis,
1185 603 1279 658 sed
1334 603 1387 658 in
1421 604 1561 660 duas
1608 617 1702 663 aut
1748 620 1986 680 quatuor

418 700 599 759 partes
626 688 832 745 divides
856 704 972 758 eos,
1005 690 1059 746 id
1093 702 1196 757 est,
1228 694 1657 765 unumquodque
1692 698 1985 753 contuber-

419 783 566 835 nium
613 779 680 834 ad
722 779 957 835 duorum
1020 782 1105 836 vel
1135 790 1376 853 quatuor
1424 784 1707 840 hominum
1748 788 1988 842 altitudi-

416 888 561 937 nem,
609 887 709 943 pro
758 872 970 929 ratione
1024 874 1388 931 multitudinis
1442 885 1568 943 tuae,
1620 888 1674 933 et
1730 894 1828 949 pro
1883 896 1985 937 usu

416 970 718 1031 praesente;
754 972 939 1033 partes
969 971 1152 1020 autem
1185 966 1305 1021 ista;
1342 966 1550 1035 divisae,
1585 977 1640 1024 et
1673 986 1700 1022 ιι
1737 985 1796 1025 se
1824 986 1983 1041 sepa-

418 1061 569 1116 rate,
601 1055 895 1123 procedant
927 1056 995 1112 ad
1028 1072 1197 1112 unum
1231 1057 1425 1128 lapidis
1446 1059 1674 1129 jactum.

486 1142 575 1197 60.
619 1143 714 1197 Sin
757 1146 992 1213 equites,
1047 1156 1102 1201 et
1150 1146 1385 1211 tuldutn,
1434 1149 1549 1205 sive
1596 1150 1985 1221 impedimenta

418 1245 636 1301 quoque
668 1232 741 1286 ibi
774 1233 1073 1304 abfuerint,
1105 1236 1491 1305 impedimenta
1518 1241 1703 1294 statim
1734 1250 1859 1311 post
1883 1257 1991 1312 pe-

419 1320 559 1377 dites
598 1321 825 1389 locabis,
862 1324 1060 1380 deinde
1089 1326 1304 1396 equites
1351 1339 1475 1399 post
1505 1330 1931 1401 impedimenta;
1962 1350 1993 1388 a

422 1422 571 1480 tergo
600 1413 846 1482 equitum
875 1414 1095 1484 quidam
1143 1418 1341 1472 scutati
1372 1418 1523 1475 leves
1553 1421 1989 1491 collocaliuntur,

421 1501 489 1556 ad
532 1511 807 1559 extremas
841 1515 1025 1575 partes
1060 1507 1445 1577 defendendas,
1495 1512 1759 1569 adversus
1798 1530 1991 1571 omnes

423 1607 525 1647 nec
553 1594 805 1665 opinatas
842 1595 1208 1653 incursiones.

492 1685 582 1741 6|.
623 1684 797 1743 Leves
824 1688 963 1744 alios
993 1691 1210 1747 emittes
1250 1709 1315 1747 ex
1348 1695 1463 1750 acie
1508 1712 1684 1767 usque
1724 1699 1791 1753 ad
1834 1701 1997 1756 unius

2086 528 2172 582 ἐπ’
2198 528 2410 592 εὐθείας
2442 527 2562 597 ἦτοι
2602 526 2743 579 κατά
2772 524 2833 577 τὸ
2862 522 3114 594 μέτωπον
3155 523 3379 579 τάσσειν
3423 524 3552 596 χρὴ,
3594 524 3677 589 ὡς

2086 619 2145 673 ἐν
2176 620 2286 680 τοῖς
2330 617 2553 688 ὁμαλοῖς
2592 614 2688 668 καὶ
2734 613 2959 683 γυμνοῖς
2996 611 3219 677 τόποις,
3255 612 3371 668 ἀλλ’
3410 615 3491 676 είς
3516 613 3609 667 δύο
3635 613 3673 684 ἢ

2085 707 2127 763 δ’
2148 708 2312 778 μέρη,
2348 708 2441 760 ἐπὶ
2457 705 2501 777 β’
2533 705 2566 777 ἢ
2603 704 2644 759 δ’
2673 704 2735 759 τὸ
2760 703 2921 774 βάθος
2949 702 3058 757 τῶν
3078 703 3248 757 άκιῶν
3261 702 3398 774 πρὸς
3419 703 3482 756 τὸ
3510 704 3678 758 ποσὸν

2088 800 2182 854 τοῦ
2215 799 2470 866 στρατοῦ,
2502 799 2536 870 ἢ
2560 797 2636 861 ὡς
2666 799 2700 869 ἡ
2729 796 2887 869 χρεία
2912 796 3151 866 ἀπαντᾷ.
3179 794 3248 849 τὰ
3268 795 3327 849 δὲ
3371 794 3513 866 μέρη
3543 794 3678 859 ἴσως

2090 894 2264 947 κινεῖν
2320 890 2418 945 καὶ
2451 890 2778 961 περιπατεῖν
2813 886 3104 956 ἀφεστῶτα
3154 886 3264 941 ἀπ’
3299 884 3547 958 ἀλλήλων
3598 888 3680 949 ὡς

2093 984 2204 1038 ἀπὸ
2236 984 2391 1038 λίθου
2420 982 2602 1053 βολῆς.

2165 1155 2227 1219 ξ’.
2278 1154 2403 1208 Ἑάν
2439 1155 2496 1209 δὲ
2536 1154 2744 1208 σύνεισι
2772 1153 3128 1223 καϐαλλάριοι
3176 1152 3289 1221 (51)
3322 1192 3336 1215 ,
3376 1152 3411 1222 ἢ
3435 1148 3670 1209 τοῦλδον.

2094 1247 2317 1301 ὄπισθεν
2360 1246 2538 1300 αὐτῶν
2584 1248 2675 1300 τὸν
2708 1246 2923 1301 τοῦλδον
2959 1247 3157 1309 ποιεῖν,
3203 1245 3299 1298 καὶ
3351 1242 3491 1313 μετά
3516 1241 3677 1294 αὐτὸν

2092 1340 2221 1404 τοὺς
2248 1338 2669 1409 καδαλλαρίους,
2692 1339 2788 1393 καὶ
2813 1337 2952 1409 μετά
2970 1337 3168 1401 αὐτοὺς
3204 1337 3417 1404 ὀλίγους
3447 1331 3650 1387 σκουτά
3670 1362 3682 1369 τ

2103 1447 2232 1495 τους
2269 1430 2459 1499 ψιλοὺς
2493 1430 2902 1500 νωτοφύλακας,
2933 1428 3023 1482 διά
3043 1429 3143 1492 τὰς
3167 1427 3279 1482 ἀπὸ
3310 1424 3531 1480 ὄπισθεν
3550 1463 3564 1486 .
3605 1422 3683 1485 ὡς

2097 1522 2263 1587 είκδς,
2296 1520 2677 1592 ὲπιγινομένας
2696 1519 2990 1591 ἀδοκήτους
3013 1520 3124 1590 (59.)
3146 1518 3387 1587 ἐφόδους.

2171 1668 2272 1735 Ea’.
2303 1668 2444 1731 Τοὺς
2460 1667 2514 1720 δὲ
2544 1668 2731 1735 ψιλοὺς
2756 1667 2882 1731 τοὺς
2908 1666 3006 1737 μὲν
3032 1665 3431 1739 ἐκπορεύεσθαι
3458 1668 3554 1736 τῆς
3578 1683 3684 1719 πα-

424 1777 566 1847 signi
596 1793 910 1848 numerum,
956 1796 1081 1837 cum
1136 1785 1331 1851 paucis
1379 1786 1694 1856 equitibus;
1748 1790 1886 1846 alios
1929 1793 1996 1848 ad

2108 1760 2379 1832 ρατάξεως
2417 1761 2575 1830 μέχρι
2599 1759 2716 1823 ἑνὸς
2759 1758 2983 1830 σημείου
3010 1756 3149 1828 μετά
3182 1757 3379 1826 ὀλίγων
3408 1755 3685 1811 scamna.-

426 1867 593 1920 latera
646 1865 775 1948 hinc
844 1877 1011 1939 atque
1053 1869 1204 1926 illinc
1239 1873 1553 1942 collocabis,
1602 1877 1669 1932 ad
1715 1879 1997 1948 perviden-

426 1957 557 2011 dum
612 1967 665 2013 et
695 1940 1112 2029 explorandum,
1143 1980 1273 2019 num
1306 1966 1501 2037 aliqua;
1540 1940 1613 2023 ibi
1647 1940 1859 2024 insidiae
1888 1969 2000 2025 sint

430 2046 640 2114 positae,
674 2056 729 2102 et
766 2048 833 2103 ad
868 2050 1096 2107 arbores
1129 2054 1485 2113 circumcirca
1533 2066 1642 2113 tam
1674 2057 1865 2115 idonee
1899 2074 2001 2115 ea»

429 2136 654 2205 dendas,
678 2146 739 2193 ut
765 2140 1043 2206 manibus,
1073 2143 1118 2198 si
1149 2146 1367 2215 quando
1402 2156 1514 2202 tum
1551 2164 1687 2204 usus
1710 2148 1916 2215 tulerit,
1946 2149 2001 2203 in

432 2228 720 2284 transitum
764 2230 1005 2288 hostium
1034 2233 1283 2306 delectat,
1321 2237 1472 2293 aditu
1512 2238 1568 2293 in
1604 2240 1893 2307 angustiis,
1924 2249 2005 2292 at-

430 2318 772 2386 qne'itinere
824 2324 1127 2392 prohibuit,
1168 2335 1264 2381 aut
1309 2338 1363 2384 et
1402 2344 1662 2400 magnum
1722 2332 2004 2402 negOIium

433 2412 736 2481 transgredi
776 2411 1165 2473 festinantibus
1189 2414 1489 2476 facessant.

499 2584 590 2640 6‘2.
630 2586 713 2642 Ad
745 2587 862 2647 haec
908 2593 1245 2661 perlustrare
1286 2611 1412 2651 cum
1454 2596 1661 2653 levibus
1715 2610 1768 2655 et
1823 2603 2011 2671 paucis

430 2674 727 2741 equitibus,
758 2686 815 2741 et
850 2677 1091 2733 hostium
1137 2681 1388 2747 insidias,
1430 2684 1476 2739 si
1508 2700 1630 2754 quae
1680 2688 1733 2741 in
1784 2690 1870 2744 via
1902 2691 2016 2746 eol-

433 2763 623 2819 locatae
676 2765 809 2831 sint,
866 2770 1150 2838 repellere,
1203 2782 1259 2828 et
1300 2782 1413 2828 tum
1466 2776 1637 2830 aciem
1691 2776 2013 2835 instructam

436 2854 563 2910 illac
600 2856 875 2915 deducere
899 2870 1136 2932 oportet.

500 2945 590 3001 63.
634 2945 738 3005 Ubi
769 2952 977 3007 rariora
1034 2964 1089 3010 et
1138 2955 1348 3012 laxiora
1388 2958 1507 3013 loca
1548 2959 1766 3029 fuerint,
1807 2967 2019 3036 cquites

430 3048 487 3092 et
510 3040 884 3110 speculatores
909 3045 1229 3115 anticipent,
1264 3048 1356 3103 ubi
1416 3049 1692 3106 condensa
1723 3062 1775 3108 et
1800 3066 2009 3127 aspera,

433 3140 546 3184 tum
579 3132 788 3202 pedites
815 3148 879 3189 ea
905 3147 1197 3207 occupent.

500 3223 588 3279 64.
628 3222 796 3281 Leves
828 3241 937 3280 non
991 3227 1043 3281 in
1085 3227 1319 3285 frontem
1364 3231 1591 3297 directe,
1640 3236 2002 3305 quemadmo-

433 3318 562 3371 dum
599 3325 861 3383 scutatos,
898 3319 990 3373 sed
1039 3334 1135 3389 per
1158 3323 1315 3387 duos,
1354 3332 1449 3377 aut
1488 3333 1620 3391 tres,
1657 3336 1751 3379 aut
1778 3336 2013 3396 quatuor

435 3408 585 3463 ieves
609 3407 951 3479 iaculatores
1000 3427 1125 3467 cum
1153 3414 1326 3469 scutis
1371 3416 1487 3471 suis
1517 3416 1745 3483 locabis,
1792 3429 1852 3472 ut
1876 3431 2012 3473 tem-

436 3513 566 3566 pore
607 3500 710 3555 hoc
758 3500 1127 3569 desiderante,
1178 3512 1295 3558 tum
1331 3516 1618 3575 protegere
1672 3508 1865 3575 scutis,
1900 3519 2013 3563 tum

432 3590 666 3657 jaculari
702 3595 866 3647 etiam
894 3594 1143 3663 possint,
1192 3612 1474 3667 unumque
1520 3600 1859 3667 sagittarium
1906 3602 2017 3655 sin-

436 3679 547 3747 guli
591 3680 645 3735 lti
701 3681 896 3736 minuti
947 3682 1211 3753 manipuli
1258 3685 1513 3749 habeant,
1568 3686 1771 3756 quibus
1830 3691 2009 3745 caeteri

437 3772 574 3825 bene
608 3773 1106 3830 eonservabuntur.

506 3862 595 3916 65.
637 3861 795 3919 Tales
841 3865 1104 3937 drnngos,
1175 3867 1228 3923 id
1279 3876 1385 3934 cst,
1435 3869 1689 3926 cohortes
1737 3872 2019 3931 milliarias

440 3965 548 4005 non
575 3966 684 4005 una
716 3952 771 4007 in
816 3954 955 4022 acie,
988 3957 1074 4011 vel
1102 3956 1309 4013 directe
1352 3958 1543 4026 duces,
1589 3961 1682 4016 sed
1715 3963 1908 4017 ordine
1939 3964 2017 4016 al-

446 4040 557 4096 tius
597 4050 763 4111 atque
815 4043 981 4099 altius
1007 4045 1283 4114 incedeut,
1310 4056 1369 4102 ut
1395 4057 1610 4119 tergora
1642 4053 2021 4122 antegredien-

446 4135 584 4191 tium
616 4146 910 4207 sequentes
932 4138 1243 4197 defendant.
1283 4141 1439 4208 Quod
1468 4145 1514 4199 si
1559 4147 1880 4216 contingant
1911 4164 1978 4203 an
2003 4179 2019 4190 ς

441 4226 757 4293 terioribus,
802 4236 861 4283 ut
906 4227 975 4283 ab
996 4226 1249 4285 hostibus
1295 4230 1664 4299 retardentur,
1697 4242 1752 4289 et
1797 4245 2023 4304 propter

438 4314 809 4371 difficultatem
855 4316 959 4372 loci
1009 4316 1301 4373 admodum
1352 4330 1652 4388 vexentur,
1704 4331 1819 4377 tum
1866 4324 1957 4379 isti
1989 4341 2017 4379 a

2103 1852 2254 1922 ρίων,
2278 1852 2401 1914 τοὺς
2430 1850 2487 1904 δὲ
2520 1852 2583 1904 ὲκ
2605 1850 2848 1919 πλαγίων
2872 1849 3023 1903 ἔνθεν
3053 1849 3309 1903 κάκεῖθεν
3341 1849 3555 1917 ἀνάγκη
3583 1864 3685 1899 πε-

2104 1945 2368 1988 ριπατεῖν-
2402 1942 2490 1988 ἴνα
2514 1942 2611 1988 καὶ
2654 1941 3020 1988 σκουλκεύωσι
3075 1940 3171 1988 καὶ
3205 1940 3515 1988 γινώσκωσι
3570 1917 3687 1988 (55)

3570 1938 3665 2010 (53

2106 2044 2178 2114 μή
2213 2059 2343 2095 ποτε
2378 2041 2744 2112 ἐγκρύμματά
2773 2042 2908 2094 εἰσιν
2943 2039 3194 2111 ἐχθρῶν,
3224 2040 3258 2112 ἢ
3284 2039 3476 2112 δένδρα
3528 2038 3683 2091 ἱστά-

2106 2152 2244 2207 μενα
2288 2135 2356 2189 τὰ
2384 2133 2609 2188 ὄπισθεν
2668 2132 2850 2188 αὐτῶν
2884 2132 3293 2205 περιπρισμένα
3335 2131 3548 2202 ἔχοντα,
3591 2132 3689 2185 καὶ

2109 2226 2461 2297 σχηματικῶς
2484 2226 2768 2295 ἱστάμενα,
2804 2224 2959 2278 ἅτινα
3007 2225 3114 2278 ἀπὸ
3143 2223 3344 2295 χειρῶν
3376 2222 3686 2293 ὠθούμενα,

2108 2319 2204 2372 καί⁵
2238 2318 2505 2371 πίπτοντα
2536 2316 2678 2371 κατά
2705 2315 2813 2368 τῶν
2837 2316 3085 2387 παρόδων
3139 2316 3444 2386 ἐμφράξεις
3494 2313 3685 2367 ποιοῦ-

2112 2426 2195 2462 σιν
2224 2409 2283 2461 ὲν
2324 2408 2435 2470 τοῖς
2477 2405 2806 2477 στενώμασι,
2840 2406 2934 2461 καὶ
2981 2405 3169 2479 ἀγῶνα
3201 2408 3311 2469 τοῖς
3358 2405 3687 2475 αίφνιδιαζο·

2115 2501 2296 2571 μένοις
2329 2500 2678 2570 παρέχουσιν.

2185 2591 2281 2660 ξβ’.
2310 2591 2417 2643 Καὶ
2447 2589 2617 2645 ταῦτα
2643 2592 2975 2665 προερευνᾷν
3007 2591 3086 2644 δεῖ
3114 2590 3199 2644 διά
3233 2608 3291 2644 τε
3324 2588 3497 2660 ψιλῶν
3521 2605 3685 2661 στρα-

2113 2682 2321 2736 τιωτῶν
2348 2682 2440 2737 καὶ
2470 2680 2663 2750 ὀλίγων
2710 2681 3111 2751 καϐαλλαρίων,
3169 2682 3285 2752 ἅμα
3327 2682 3383 2734 δὲ
3423 2682 3517 2735 καὶ
3547 2682 3684 2734 ἀπο»

2117 2774 2293 2827 σοϐεῖν
2313 2774 2436 2836 τοὺς
2462 2773 2873 2845 κεκρυμμένους
2893 2773 3141 2845 ἐχθροὺς,
3172 2769 3270 2827 εἷθ’
3286 2772 3459 2837 οὕτως
3476 2771 3685 2843 παρέρ-

2118 2885 2175 2937 χε
2185 2867 2303 2920 σθαι
2328 2866 2428 2936 τὴν
2462 2865 2783 2937 παράταξιν.

2191 2956 2289 3025 ξγ⁹.
2342 2957 2453 3010 Καὶ
2506 2959 2640 3010 ὅπου
2705 2955 2805 3026 μὲν
2839 2954 3147 3026 ἀραιότεροί
3198 2955 3303 3008 εἱσι
3349 2952 3685 3016 τόποι,τοὶις

2102 1945 2370 2013 ριπατεῖν,
2402 1942 2490 1996 ἴνα
2514 1942 2611 1995 καὶ
2654 1941 3020 1995 σκουλκεύωσι
3075 1940 3171 1994 xal.
3205 1940 3515 2011 γινώσκωσι

2121 3049 2513 3120 καδαλλαρίους
2544 3048 2951 3120 προλαμϐάνειν
2979 3048 3073 3103 καὶ
3101 3047 3199 3111 τὰς
3233 3046 3425 3117 βίγλας
3458 3046 3630 3100 ποιεῖν
3668 3060 3681 3073 ·

2114 3142 2247 3196 ὃπου
2281 3141 2336 3194 δὲ
2366 3141 2544 3203 δασεῖς
2573 3140 2666 3193 καὶ
2701 3139 2981 3213 δυσχερεῖς
3028 3138 3205 3204 τόποι,
3247 3139 3372 3201 τοὺς
3404 3134 3612 3205 ψιλούς.

2185 3232 2275 3299 ξδ’.
2310 3235 2447 3297 Τοὺς
2470 3232 2527 3286 δὲ
2555 3232 2747 3303 ψιλοὺς
2780 3233 2853 3304 μὴ
2881 3233 3043 3286 τάττε
3105 3230 3191 3286 ἐπ’
3228 3230 3445 3292 εὐθείας
3505 3225 3684 3290 καθὼς

2112 3328 2238 3389 τοὺς
2270 3326 2618 3388 σκουτάτους,
2650 3323 2785 3377 ἀλλὰ
2816 3323 2957 3379 κατά
2994 3321 3140 3393 δύοῆ
3184 3322 3331 3392 τρεῖς
3357 3318 3389 3389 ἦ
3421 3319 3686 3389 τέσσαρας

2114 3414 2301 3484 ψιλοὺς
2318 3414 2640 3477 ἀκοντιστὰς
2658 3412 2840 3477 τάξεις
2868 3411 3291 3483 ἐπιφερομένους
3317 3410 3410 3466 καὶ
3436 3410 3503 3462 τὰ
3537 3425 3690 3461 σκου-

2114 3505 2280 3575 τάρια
2318 3506 2518 3573 αὐτῶν,
2565 3505 2650 3557 ἵνα
2689 3506 2784 3558 ἐὰν
2834 3504 2995 3575 χρεία
3025 3504 3271 3574 γένηται,
3298 3503 3392 3557 καὶ
3440 3498 3692 3555 σκουτεύ-

2120 3612 2253 3650 σωσι
2281 3596 2376 3648 καὶ
2408 3595 2766 3649 ἀκοντίσωσιν
2820 3597 2868 3647 οἱ
2896 3595 3067 3647 αύτοί’
3107 3595 3201 3649 καὶ⁸
3248 3594 3345 3647 ἕνα
3364 3594 3419 3646 δὲ
3472 3592 3692 3662 τοξότην

2118 3688 2283 3758 ἔχειν,
2310 3688 2457 3752 ὅστις
2482 3688 2579 3741 καὶ
2600 3687 2690 3741 ὑπ’
2718 3686 2898 3741 αὐτῶν
2932 3687 3357 3759 φυλαχθήσεται.

2191 3860 2282 3929 ξέ.
2330 3862 2469 3926 Τοὺς
2521 3862 2577 3915 δὲ
2623 3862 2893 3926 τοιούτους
2939 3863 3065 3926 τοὺς
3129 3863 3556 3935 δρούγγουςβίι)
3617 3865 3693 3935 μὴ

2120 3955 2213 4006 ἐπὶ
2263 3956 2392 4025 μιᾶς
2440 3951 2796 4024 παρατάξεως
2845 3954 2879 4024 ἢ
2926 3954 3013 4007 ἐπ’
3066 3955 3281 4019 εὐθείας
3330 3955 3426 4027 τὴν
3475 3956 3690 4011 ὁδοιπο-

2125 4046 2245 4117 ρίαν
2292 4046 2563 4100 ποιεῖσθαι
2595 4087 2610 4109 ,
2657 4046 2773 4100 ἀλλ’
2814 4047 3011 4117 ἐφεξῆς
3051 4049 3393 4119 ὲπαρμένους
3422 4088 3436 4112 ,
3467 4048 3553 4101 ἵνα
3601 4048 3697 4101 καὶ

2121 4140 2245 4203 τοὺς
2277 4137 2478 4202 νώτους
2507 4137 2750 4208 ἀλλήλων
2792 4138 3137 4206 φυλάττωσιν
3172 4180 3187 4201 ,
3235 4140 3331 4193 καὶ
3384 4139 3479 4193 ἐὰν
3514 4139 3695 4209 συμϐῇ

2119 4232 2232 4293 τοῖς
2269 4229 2579 4300 ἔμπροσθεν
2604 4230 2784 4284 αὐτῶν
2836 4231 3187 4284 ἀντιτάσσειν
3220 4232 3433 4304 ἐχθρῶν
3472 4233 3697 4302 ὑπομεῖ-

2121 4340 2230 4385 ναι,
2262 4322 2357 4375 καὶ
2405 4320 2696 4391 βαρεῖσθαι
2726 4322 2832 4375 ὑπὸ
2878 4321 3199 4392 δυσχερείας
3233 4325 3397 4377 τόπου
3426 4367 3443 4389 ,
3474 4322 3696 4375 ὄπισθεν

439 4411 591 4471 tergo
621 4403 688 4459 de
720 4405 1024 4476 improviso
1070 4406 1519 4474 intervenientes,
1552 4411 1747 4467 altiore
1777 4414 1829 4467 in
1871 4414 2004 4479 loco,

2120 4415 2412 4482 ἀγνώστως
2465 4413 2785 4484 ύῂλότεροι
2833 4414 3113 4483 γενόμενοι
3174 4414 3315 4468 κατά
3372 4414 3467 4467 τοῦ
3524 4412 3696 4469 νώτου

439 4512 603 4566 quam
634 4498 820 4553 hostes
848 4510 976 4555 sunt
1013 4500 1202 4571 positi,
1246 4503 1361 4557 suis
1393 4514 1744 4559 succurrant.
1776 4504 2004 4563 Necesse

2119 4506 2226 4559 τῶν
2257 4505 2465 4575 ἐχθρῶν
2486 4504 2758 4575 ἔρχονται.
2792 4503 2921 4576 [Δι’]
2955 4506 3090 4578 ὅπερ
3118 4505 3414 4573 ἀναγκαῖόν
3445 4507 3590 4559 ὲστιν
3612 4506 3698 4559 ἀεὶ

438 4590 584 4644 cnim
612 4590 825 4648 levibus
851 4607 1066 4662 semper
1092 4602 1197 4659 est,
1228 4602 1289 4650 ut
1321 4595 1611 4651 adversum
1644 4596 1896 4653 inimicos
1934 4599 2013 4653 al-

440 4682 579 4737 tiora
610 4683 726 4738 loca
757 4685 1078 4755 anticipent.

510 4774 599 4829 66.
641 4775 873 4832 Levibus
905 4776 1067 4830 etlam
1098 4777 1402 4846 prmeipies,
1437 4788 1498 4832 ut
1529 4779 1745 4851 longius
1778 4781 1843 4835 ab
1872 4783 2010 4847 acie,

439 4881 605 4934 quam
627 4867 858 4924 buccina
890 4867 1136 4923 exaudiri
1170 4876 1366 4938 potest,
1411 4884 1479 4923 ne
1504 4870 1818 4938 discedant;
1856 4874 2011 4931 anxi-

441 4956 517 5011 lio
543 4959 690 5014 enim
724 4960 967 5018 destituti
998 4960 1290 5017 admodum
1327 4971 1659 5034 prementur.

2123 4594 2372 4649 σπεύδειν
2390 4594 2513 4658 τοὺς
2541 4594 2731 4665 ψιλοὺς
2753 4634 2767 4659 ,
2794 4594 2881 4648 ἵνα
2910 4596 3035 4658 τοὺς
3095 4594 3459 4667 ὑψηλοτέρους
3500 4593 3697 4657 τόπους

2125 4686 2261 4740 κατὰ
2288 4686 2397 4738 τῶν
2437 4685 2647 4757 ἐχθρῶν
2682 4686 3309 4759 προκαταλαμϐάνωσιν.

2192 4773 2298 4840 ἔρξ’.
2338 4774 2717 4845 Παραγγείλῃς
2768 4773 2825 4827 δὲ
2877 4776 2969 4828 καὶ
3010 4778 3135 4839 τοὺς
3160 4774 3370 4843 ψιλοὺς,
3403 4775 3491 4828 ἶνα
3538 4774 3698 4827 πλέον

2119 4868 2211 4921 τοῦ
2253 4866 2512 4921 δύνασθαι
2562 4868 2766 4930 αὐτοὺς
2800 4846 3069 4922 κάκείνων
3119 4867 3231 4937 (55)
3263 4868 3486 4923 ἀκούειν
3536 4866 3692 4936 βυκί-

2118 4974 2233 5012 νον⁶
2270 4958 2345 5031 μὴ
2379 4958 2717 5030 χωρίζωνται
2746 4962 2844 5029 τῆς
2921 4958 3297 5029 παρατάξεως,
3334 4959 3421 5013 ἵνα
3480 4960 3555 5029 μὴ
3599 4974 3693 5026 γυ-

2123 5047 2410 5118 μνούμενοι
2439 5047 2704 5118 βοηθείας,
2735 5045 2808 5110 ώς
2840 5044 3003 5112 είκδς,
3024 5045 3378 5119 βαρύνωνται.

1985 5184 2213 5242 NOTAE.

440 5338 468 5344 __
519 5273 633 5344 (5|)
662 5276 1078 5344 Κασαλλάριοι.
1103 5279 1171 5337 Et
1193 5278 1274 5335 sic
1302 5289 1421 5337 erat
1440 5282 1493 5337 in
1528 5280 1716 5338 codice
1744 5278 2011 5336 Palatino.

448 5341 822 5418 Scribebatur,
852 5341 1126 5418 καθάριοι.

518 5412 636 5548 (ὅὲζ
674 5412 1051 5482 Ἀδοκήτουξε.
1080 5414 1455 5482 Scribebatur,
1492 5419 1802 5489 ἀδικητους.

522 5481 611 5545 (55
659 5485 794 5539 "Ira
816 5485 911 5538 καί
938 5489 1356 5541 σκουλιιεύωσι
1383 5488 1802 5548 καὶγινὼσκωσ

522 5481 631 5557 ς55)
659 5485 794 5557 Ἵνα
816 5481 911 5557 καί
938 5489 1356 5557 σζκσυλριεύωσι
1383 5481 1892 5557 κὰὶγινὼὸνκωσιν.
1915 5488 2012 5543 Le-

453 5550 790 5625 gebctuniva
822 5555 914 5625 καὶ
940 5554 999 5607 εὖ
1037 5556 1380 5624 βουλεύονται
1412 5550 1513 5609 καῖ
1547 5558 1925 5625 γινώσκουσιν.
1954 5558 2009 5612 In

452 5618 640 5671 rodiec
669 5621 975 5675 Pistoriano
1003 5618 1141 5685 erat,
1169 5625 1253 5675 ἵνα
1283 5618 1750 5678 ἐκωλκεύσοντειι.
1798 5626 2009 5683 lleeen-

456 5686 693 5744 tioribus
720 5687 946 5754 Graecis,
977 5692 1254 5757 σκοῦλκαι,
1286 5701 1412 5745 sunt
1446 5694 1695 5758 excubiae,
1730 5702 1782 5749 ct
1816 5694 2007 5747 σκουλ-

2118 5281 2299 5335 κεᾶειν
2343 5279 2640 5350 signiﬁcat,
2674 5278 2956 5342 accubare,
2982 5276 3287 5346 explorare.
3332 5272 3403 5331 Ut
3435 5277 3697 5332 docemus

2116 5353 2169 5403 in
2203 5363 2389 5406 nostro
2420 5350 2712 5405 Glossario.

2338 5420 2481 5502 Τοξις
2510 5419 2578 5473 δὲ
2595 5420 2898 5502 τοιού-τους
2927 5417 3283 5486 δρούγγους.
3314 5414 3692 5477 Scribebatur,

2112 5491 2237 5552 τοὺς
2256 5491 2312 5543 δὲ
2337 5490 2563 5560 τούτους
2589 5490 2716 5552 τοὺς
2742 5489 3060 5560 δρούγγους.

2192 5560 2303 5623 (55)
2325 5559 2555 5624 Αὐτοὺς
2583 5555 2928 5613 κάκείκων.
2960 5556 3017 5611 In
3062 5556 3289 5611 Pistorii
3322 5555 3512 5613 codice
3552 5562 3693 5617 erat,

2122 5630 2314 5693 αὐτοὺς
2339 5631 2586 5683 κοκίνων.
2623 5629 2832 5693 Scribe,
2873 5628 3091 5681 ἀκούειν
3128 5626 3410 5697 βουκίνων.
