4100 6226
354 389 467 458 785

1477 398 1816 461 TACTICA.
1850 424 1917 435 -
1953 399 2457 468 CONSTITUTIO
2497 410 2599 470 ιχ.

3406 384 3622 483 .786

425 503 524 574 ξξ.
539 504 730 561 Τῶνδξ
746 505 1026 579 τεσσάρων
1046 509 1230 583 μερῶν
1246 511 1341 567 ἐπεὶ
1359 512 1420 568 τὸ
1431 514 1742 588 ἔμπροσθεν
1758 516 1927 587 κέρας

2101 520 2193 577 67.
2233 520 2481 590 Quatuor
2517 523 2767 596 partibus
2804 525 2858 581 in
2888 504 3065 583 fronte
3096 529 3161 584 ad
3200 529 3457 586 cumdum
3502 531 3620 587 col-

350 595 738 671 ⁸ιιορε-ιυομένων
753 596 848 652 liv
873 599 1060 665 στενὸς
1074 601 1275 674 εὑρεθῇ
1291 604 1478 671 τόπος,
1506 604 1647 661 ὥστε
1677 607 1753 677 μὴ
1779 604 1940 659 δύνα-

359 689 488 743 σθαι
513 688 584 744 τά
610 689 856 761 τέσσαρα
891 692 1033 762 μέρη
1071 691 1194 746 καθ’
1226 694 1398 749 ἑαυτά
1433 696 1828 769 παρέρχεσθαι,
1849 696 1945 751 δύο

359 781 503 854 μέρη
535 782 710 834 ποιεῖν
739 782 817 845 είς
850 781 1236 854 διφαλαγγίαν.

428 869 529 943 ξη’.
560 872 621 925 Ei
644 871 703 927 δὲ
736 872 871 943 μηδὲ
902 872 995 928 δύο
1017 875 1276 945 χωροῦσι,
1304 877 1464 949 ητα
1510 878 1569 932 έν
1603 877 1770 950 μέρος
1797 895 1943 949 παρ-

353 963 513 1031 άγειν
540 963 632 1017 ἰπὶ
655 962 827 1033 κέρας
846 962 922 1027 ὡς
931 964 1062 1035 μίαν
1092 965 1416 1038 παράταξιν,
1449 968 1545 1022 καὶ
1573 966 1697 1031 τοὺς
1723 968 1945 1034 λοιποὺς

353 1052 558 1123 ἑφεξῆς
587 1053 695 1107 τῶν
714 1050 906 1124 ψιλῶν,
933 1054 1010 1119 ὡς
1035 1054 1278 1128 εἴρηται,
1302 1057 1392 1111 ἀεὶ
1422 1056 1939 1130 προλαμϐανόντων.

431 1231 525 1298 ξω.
551 1233 706 1288 Μετά
723 1233 782 1288 δὲ
804 1233 866 1287 τὸ
893 1232 1185 1306 παρελθεῖν
1204 1236 1300 1291 τὸν
1351 1238 1538 1293 στενὸν
1572 1237 1740 1293 τόπον
1774 1238 1943 1293 πάλιν

360 1326 445 1389 είς
478 1323 752 1396 τέσσαρας
794 1324 969 1397 ἀρχάς
1010 1325 1179 1397 ἤγουν
1210 1328 1373 1401 μέρη,
1427 1329 1504 1395 ῶς
1532 1332 1812 1403 ὲτάγησαν
1849 1332 1943 1387 ἰπὶ

360 1416 554 1488 κέρας,
594 1417 763 1485 ἤγουν
800 1417 940 1486 πρὸς
984 1418 1054 1472 τὰ
1121 1418 1453 1490 ἔμπροσθεν,
1479 1421 1670 1494 φέρειν
1714 1422 1935 1489 αὐτούς.

427 1504 492 1560 ο’.
522 1506 585 1560 Ei
608 1504 672 1558 δὲ
722 1504 927 1574 πλῆθος
958 1505 1172 1578 ἐχθρῶν
1206 1507 1446 1579 ἐπιφανῇ
1473 1508 1507 1580 ἦ
1538 1509 1871 1582 ἔμπροσθεν,
1903 1510 1938 1582 ἢ

355 1597 424 1650 ὲκ
456 1594 720 1663 πλαγίων,
754 1588 867 1649 οἷον
895 1594 965 1649 ἂν
989 1597 1053 1650 σὺ
1094 1596 1211 1667 ῖδῃς
1246 1597 1413 1668 μέρος
1441 1598 1523 1652 ὅτι
1563 1601 1763 1669 πρέπει
1800 1599 1940 1670 μετὰ

354 1687 552 1751 έκεῖνο,
588 1685 836 1755 ποιήσεις
860 1685 956 1739 ἰπὶ
983 1686 1252 1756 μέτωπον,
1278 1688 1446 1759 ἡγουν
1489 1688 1581 1742 ἰπὶ
1615 1689 1685 1744 τα
1724 1689 1939 1760 ἔμπρο-

355 1777 485 1831 σθεν
511 1776 611 1849 τὴν
638 1776 943 1848 παράταξιν
960 1792 977 1806 ⁸
1008 1777 1305 1842 τουτέστιν,
1341 1778 1390 1831 εί
1417 1779 1516 1848 μὲν
1543 1779 1809 1852 ἀριστερᾷ
1837 1778 1939 1849 τῆς

2048 611 2264 679 locatis,
2330 615 2376 671 si
2432 615 2588 672 locus
2635 625 2742 671 tam
2780 627 3046 689 angustus
3094 619 3185 685 sit,
3243 631 3304 675 ut
3348 638 3446 692 per
3488 637 3616 679 eum

2047 703 2120 758 ita
2146 704 2381 760 transire
2425 706 2714 777 nequeant,
2740 704 2878 761 duas
2905 717 3092 779 partes
3126 708 3180 763 in
3212 707 3619 784 diphalangiam

2046 793 2320 851 conferes.

2116 884 2206 941 68.
2264 884 2359 940 Sin
2405 900 2474 942 ne
2521 886 2659 943 duas
2709 887 2933 959 quidem
2980 898 3165 959 partes
3224 891 3466 961 spatium
3511 891 3617 947 loci

2045 975 2258 1046 capiat,
2305 985 2417 1031 tum
2468 992 2631 1031 unam
2682 987 2889 1048 partem
2929 981 3085 1053 quasi
3134 980 3400 1052 integram
3447 981 3617 1037 aciem

2044 1065 2114 1121 ad
2162 1081 2331 1122 cornu
2369 1070 2668 1138 procedere
2699 1067 2866 1125 facies
2887 1110 2901 1137 ,
2936 1070 3162 1141 reliquis
3197 1070 3409 1128 levibus
3440 1071 3514 1127 ita
3542 1073 3631 1145 uti"

2044 1166 2171 1213 ante
2200 1157 2314 1214 dixi
2348 1159 2654 1217 collocatis.
3592 1144 3629 1167 'V
3653 1154 3658 1159 ’

2113 1249 2203 1306 69.
2259 1248 2554 1322 Postquam
2611 1252 2891 1324 angustias
2934 1252 3038 1308 loci
3095 1238 3617 1318 transierint,"tum

2043 1340 2500 1411 quemadmodum
2533 1351 2662 1397 ante
2683 1333 2975 1406 "fecerunt,
3003 1341 3057 1396 in
3076 1354 3312 1412 quatuor
3337 1348 3519 1413 partes
3548 1345 3618 1399 ad

2043 1442 2236 1496 cornu,
2270 1429 2322 1485 id
2350 1439 2455 1497 est,
2492 1432 2819 1487 anteriorem
2859 1431 3094 1487 frontem
3126 1434 3444 1502 procedant.

2114 1520 2204 1574 70.
2245 1520 2304 1576 Si
2334 1521 2629 1577 multitudo
2659 1522 2898 1577 hostium
2934 1522 3310 1579 adventat-erit
3340 1522 3424 1577 vel
3467 1532 3615 1588 ante,

2041 1612 2125 1668 vel
2148 1612 2213 1668 ad
2245 1614 2410 1679 latus,
2444 1613 2497 1668 in
2527 1629 2688 1684 quam
2719 1625 2926 1686 partem
2952 1614 3154 1671 videris
3179 1615 3364 1672 hostes
3392 1632 3454 1671 se
3482 1616 3619 1671 velle

2042 1711 2379 1771 convertere,
2410 1719 2529 1758 eam
2573 1711 2783 1773 partem
2816 1704 2882 1759 ad
2934 1702 3191 1771 frontem,
3227 1707 3294 1759 ad
3337 1702 3475 1762 aciei
3510 1705 3619 1762 iui-

2045 1796 2178 1851 tium
2210 1795 2499 1862 deducito;
2552 1796 2655 1852 hoe
2683 1805 2788 1864 est,
2825 1796 2872 1853 si
2918 1797 2986 1851 ad
3034 1791 3222 1851 laevam
3273 1794 3409 1852 aciei
3458 1813 3619 1868 appa-

356 1869 721 1940 παρατάξεως
746 1868 1017 1938 φανῶσιν,
1049 1868 1216 1923 αὐτοῦ
1245 1866 1357 1930 ξτοῦ
1404 1868 1577 1940 ἄκρου
1611 1869 1812 1942 μέρους
1841 1871 1936 1942 τῆς

2045 1895 2221 1952 reant,
2255 1886 2357 1940 hac
2397 1900 2615 1941 summa
2653 1894 2810 1957 parte
2844 1886 2979 1942 aciei
3013 1886 3067 1940 in
3113 1886 3232 1958 ipsa
3278 1886 3396 1941 acie
3434 1866 3619 1941 consi-

354 1960 718 2036 παρατάξεως
761 1963 821 2016 ἐν
848 1963 998 2032 τάξει
1036 1962 1349 2034 ἱσταμένου,
1380 1963 1648 2036 ερχωνται
1691 1966 1760 2020 τά
1807 1965 1942 2018 ἄλλα

351 2053 481 2125 τρία
513 2051 680 2125 μέρη,
728 2053 824 2107 καὶ
864 2054 1327 2127 παρατάσσωνται
1370 2052 1521 2126 αὑτῷ
1566 2057 1624 2109 ὲν
1646 2058 1757 2120 τοῖς
1790 2055 1941 2120 ίδίοις

350 2145 565 2210 τόποις.
1570 2154 1575 2165 ³

423 2232 524 2288 οα’.
558 2234 623 2288 Ei
658 2233 716 2288 δὲ
742 2233 894 2307 δεξιᾷ
926 2234 1157 2305 φανῶσι,
1198 2232 1293 2288 τδν
1320 2233 1507 2305 ὅμοιον
1534 2233 1736 2307 τρόπον
1768 2249 1939 2306 μετα-

353 2323 679 2394 ϐαλλόμενοι
709 2323 923 2378 ποιοῦσι
952 2325 1053 2388 τάς
1071 2323 1223 2395 θψεις
1254 2326 1350 2379 καὶ
1385 2326 1605 2380 ἐκεῖνοι.

424 2413 532 2485 οβ’.
558 2416 623 2469 Ei
659 2416 718 2470 δὲ
769 2415 1081 2488 ἔμπροσθεν
1108 2415 1318 2487 φανῶσι
1346 2414 1456 2471 τῶν
1506 2416 1691 2487 μέσων
1733 2416 1938 2489 μερῶν,

350 2507 386 2577 ἢ
420 2506 514 2572 τοῦ
545 2506 688 2574 ένδς,
714 2507 748 2580 ἦ
775 2506 886 2561 τῶν
917 2506 1031 2575 δύο,
1061 2507 1157 2561 καὶ
1187 2507 1300 2562 τῶν
1321 2506 1504 2561 τόπων
1553 2507 1613 2562 δὲ
1645 2505 1794 2580 δεξιᾷ
1846 2509 1937 2564 ὲκο

350 2597 703 2669 κλινομένων,
735 2597 832 2651 καὶ
865 2599 947 2662 είς
994 2597 1246 2669 μέτωπον
1290 2599 1839 2671 ἀποκαθισταμένων,
1868 2601 1938 2655 τά

357 2689 499 2743 ἄλλα
549 2688 645 2743 δύο
695 2687 836 2760 μέρη
889 2689 1161 2761 ἐρχόμενα
1218 2690 1423 2761 ὁμοίως
1471 2693 1933 2763 παρατάσσονται,

349 2779 680 2848 καὶγίνεται
711 2780 744 2852 ἡ
778 2779 933 2848 τάξις
957 2779 1165 2850 πλαγία
1188 2781 1281 2836 ἐπὶ
1305 2781 1579 2853 μέτωπον.
1909 2789 1913 2792 ’

421 2870 521 2943 ογ’.
550 2872 662 2926 Καὶ
684 2873 731 2926 εί
768 2872 868 2944 μὲν
889 2874 917 2927 δ
936 2871 1103 2938 τόπος
1127 2872 1263 2943 ἔχει,
1282 2872 1730 2945 συντεταγμένως
1767 2874 1936 2945 ἐπέρ-

354 2964 547 3038 χεσθαι
574 2964 703 3027 τοὺς
756 2964 945 3035 ψιλοὺς
972 2965 1089 3028 τοῖς
1147 2964 1383 3036 ἐχθροῖς,
1413 2965 1504 3020 ἵνα
1551 2965 1691 3036 μετά
1751 2967 1934 3021 αὐτῶν

355 3056 454 3110 καὶ
478 3053 833 3129 καδαλλάριοι
858 3054 1247 3110 κατακυκλῶσι
1272 3055 1402 3119 τοὺς
1434 3044 1733 3120 ἐναντίους·
1770 3059 1820 3110 εἰ
1875 3057 1933 3111 δέ

353 3146 415 3199 οὗ
441 3147 629 3217 χωρεῖ,
674 3146 1118 3219 συντεταγμένην
1160 3146 1330 3218 αὐτὴν
1353 3149 1449 3201 καὶ
1497 3147 1934 3219 πεπυκνωμένην

346 3230 688 3310 διέρχεσθαι.

420 3327 512 3383 (ιδ’.
554 3328 665 3391 Τὰς
694 3326 753 3382 δὲ
800 3326 911 3382 τῶν
954 3327 1192 3385 ὁπλιτῶν
1222 3367 1239 3394 ,
1268 3328 1435 3400 ἤγουν
1466 3327 1578 3383 τῶν
1622 3330 1936 3385 σκουτάτων

353 3419 519 3485 άκίας
567 3419 789 3490 βαθείας
841 3419 954 3492 (56)
1003 3420 1097 3473 καὶ
1129 3420 1327 3492 ἀραιάς
1349 3421 1670 3488 τάσσεσθαι,
1721 3421 1810 3475 ἴνα
1844 3422 1940 3475 καὶ

349 3510 454 3574 τάς
497 3510 777 3576 διαϐάσεις
818 3510 1055 3574 εὐκόλως
1100 3510 1188 3565 διὰ
1234 3510 1345 3564 τῶν
1392 3510 1625 3582 δένδρων
1653 3512 1936 3578 ποιῶνται,

346 3603 447 3657 ’καὶ
474 3602 570 3655 liv
591 3602 750 3674 χρεία
775 3601 949 3666 οὕτως
987 3602 1232 3672 γένηται,
1264 3601 1599 3657 πνκνῶνται.

421 3692 514 3747 os'.
547 3693 675 3748 Ἐὰν
700 3693 759 3747 δὲ
785 3694 848 3746 οὐ
881 3692 1205 3764 χωροῦνται,
1239 3694 1322 3748 δεῖ
1344 3693 1598 3747 ἵστασθαι
1629 3693 1730 3764 τὴν
1762 3693 1938 3764 παρά-

354 3783 531 3849 ταξιν,
559 3783 691 3847 τοὺς
717 3782 774 3837 δὲ
802 3782 994 3852 ψιλοὺς
1040 3783 1221 3853 άφίειν
1250 3784 1330 3847 εἰς
1359 3784 1486 3847 τοὺς
1536 3784 1783 3854 ἐχθροὺς,
1845 3784 1939 3837 καὶ

352 3876 420 3929 hc
461 3876 570 3929 τῶν
614 3875 857 3947 πλησίων
905 3874 1218 3947 ἑπιὸοηθεῖν
1267 3875 1453 3940 αὐτοῖς
1500 3876 1591 3930 διά
1626 3892 1689 3929 τε
1742 3874 1939 3945 ὀλίγων

358 3967 669 4021 σκουτάτων
697 3967 790 4022 καὶ
836 3966 925 4021 διά
956 3967 1360 4040 καϐαλλαρίων.

425 4055 534 4122 ος¹.
567 4057 948 4131 Παραγγείλῃς
979 4058 1038 4112 δὲ
1067 4058 1304 4125 πάντως,
1338 4058 1424 4111 ἴνα
1458 4056 1589 4111 ὅταν
1614 4098 1629 4121 ,
1660 4056 1736 4120 ὡς
1766 4056 1935 4124 εἰκὸς,

355 4146 573 4217 κραυγὴ
599 4148 825 4219 γένηται
855 4146 914 4202 ὲν
935 4147 1016 4219 τῷ
1036 4147 1363 4219 ὁδοιπορεῖν,
1395 4140 1473 4211 ὥς
1510 4145 1789 4216 πολεμίων
1815 4147 1939 4200 ἑπι-

354 4236 717 4307 φαινομένων,
749 4237 824 4311 μὴ
866 4239 1086 4303 πάντως
1114 4239 1380 4310 φύρεσθαι
1406 4278 1422 4305 ,
1465 4240 1557 4294 καὶ
1603 4238 1744 4293 κατά
1792 4239 1933 4293 ὲκεί-

353 4344 448 4382 νου
479 4325 695 4399 τρέχειν
729 4328 823 4383 τοῦ
851 4331 1088 4401 μέρους,
1116 4326 1254 4387 ἀλλὰ
1286 4331 1414 4396 τοὺς
1461 4331 1561 4402 μὲν
1599 4329 1935 4395 σκουτάτους

353 4417 454 4488 τῆς
480 4416 689 4483 τάξεως
716 4418 895 4475 αὐτῶν
919 4418 1138 4490 ἔχεσθαι
1159 4460 1176 4486 ,
1233 4422 1360 4485 τοὺς
1405 4419 1462 4473 δὲ
1481 4420 1672 4491 ψιλοὺς
1701 4419 1938 4473 ἑκάστου

2044 1988 2245 2043 stente,
2282 1988 2538 2034 moveant
2575 1996 2634 2035 se
2670 1978 2896 2052 reliqua:
2924 1989 3034 2037 tres
3077 1991 3283 2052 partes,
3321 1989 3373 2035 et
3412 1979 3529 2035 suis
3561 1980 3615 2035 in

2045 2073 2178 2128 lacis
2253 2074 2504 2130 ordinate
2554 2069 2713 2145 juxta
2779 2072 2922 2131 hanc
2975 2085 3185 2146 partem
3255 2088 3477 2145 semper
3532 2072 3621 2143 in-

2042 2175 2348 2221 struantur.
3228 2240 3231 2243 Ι

2113 2255 2203 2311 7i.
2262 2255 2357 2311 Sin
2413 2256 2478 2313 ad
2525 2256 2774 2315 dextram
2820 2257 3089 2324 venerint,
3135 2256 3339 2313 eaedem
3388 2255 3619 2326 reliqua

2039 2357 2225 2418 partes
2258 2347 2443 2403 vultus
2474 2363 2603 2404 suos
2637 2348 2909 2405 vertentes
2939 2350 3268 2415 consistant.

2111 2438 2197 2495 '73.
2242 2437 2298 2494 Si
2330 2449 2459 2494 ante
2492 2439 2699 2495 medias
2728 2450 2911 2511 partes
2948 2440 3066 2496 sive
3097 2455 3284 2505 unam,
3334 2439 3449 2496 sive
3480 2438 3619 2495 duas

2041 2531 2228 2587 hostes
2256 2530 2525 2596 venerint,
2572 2532 2658 2586 vel
2700 2530 2753 2585 in
2800 2530 3048 2587 dextram
3089 2538 3298 2601 partem
3334 2527 3619 2584 declinan-

2039 2622 2194 2686 tium,
2226 2620 2309 2675 vel
2338 2619 2406 2674 ad
2433 2619 2667 2674 frontem
2695 2617 3055 2684 venientium,
3087 2619 3322 2695 reliqum
3347 2629 3460 2672 tum
3494 2617 3618 2672 due

2038 2722 2221 2785 partes
2252 2708 2536 2768 venientes
2579 2710 2829 2767 similiter
2878 2711 3241 2778 instruantur,
3293 2718 3350 2764 et
3381 2706 3527 2763 acies
3559 2706 3618 2762 in

2038 2804 2577 2875 frontemobliquata
2614 2803 2723 2858 lict.

2108 2896 2196 2951 73.
2241 2894 2298 2950 Si
2330 2895 2651 2965 magnitudo
2691 2893 2794 2949 loci
2828 2893 3107 2963 permittat
3151 2891 3360 2963 pedites
3407 2889 3488 2947 sic
3513 2888 3620 2945 lto-

2036 2999 2147 3046 stes
2185 3002 2319 3044 suos
2366 2986 2649 3052 invadere,
2696 2993 2755 3039 ut
2782 2985 2994 3057 equites
3024 2999 3239 3054 quoque
3269 2983 3456 3039 hostes
3486 2996 3621 3038 suos

2035 3078 2377 3135 circumdare
2421 3078 2670 3149 possint,
2726 3083 2873 3131 recte
2923 3082 3043 3141 est;
3089 3074 3173 3129 sin
3234 3074 3441 3137 minus,
3500 3073 3621 3129 hac

1963 3201 2009 3262 ο
2038 3170 2184 3229 acies
2213 3172 2482 3227 instructa
2508 3169 2843 3261 densamque
2863 3175 2969 3222 eat.

2105 3349 2196 3406 π.
2253 3349 2628 3413 Armatorum,
2675 3344 2794 3401 sive
2855 3349 3196 3423 scutatorum
3253 3336 3614 3394 contubernia

2040 3450 2157 3498 rata
2204 3450 2259 3497 et
2313 3441 2420 3495 alta
2479 3438 2663 3493 facere
2708 3442 2943 3506 oportet,
2992 3441 3053 3487 ut
3098 3430 3343 3501 obiectas
3391 3429 3619 3485 arbores

2021 3527 2199 3589 facile
2233 3520 2533 3594 transeant,
2581 3536 2636 3583 ct
2682 3528 2726 3583 si
2759 3542 2896 3596 opus
2928 3523 3094 3580 fuerit
3134 3521 3352 3579 densari
3382 3519 3615 3592 possint.

2109 3705 2200 3762 75.
2238 3703 2296 3760 Si
2332 3704 2485 3760 locus
2512 3710 2610 3758 eus
2640 3716 2748 3757 non
2780 3700 2978 3771 capiet,
3012 3697 3267 3754 universa
3318 3704 3434 3750 tum
3468 3692 3617 3750 acies

2038 3772 2304 3855 instructa
2330 3796 2612 3861 consistet,
2638 3800 2691 3848 et
2705 3792 2867 3848 ‘leves
2890 3792 3113 3862 quidam
3139 3789 3404 3845 adversus
3425 3787 3617 3842 hostes

2038 3889 2355 3962 precedent,
2394 3896 2449 3942 et
2477 3884 2797 3956 adiumento
2823 3880 2932 3937 illis
2975 3890 3140 3935 erunt
3178 3876 3376 3934 scutati
3410 3874 3621 3945 aliquot

2039 3990 2202 4051 atque
2221 3978 2458 4048 equites,
2490 3975 2585 4045 qui
2614 3973 2865 4045 proxime
2891 3968 3118 4025 fuerint.

2111 4069 2201 4126 76.
2253 4066 2548 4137 Pracipies
2601 4072 2827 4128 autem,
2876 4060 3101 4133 quando
3150 4055 3616 4117 adventantibus,

2039 4157 2502 4234 quemadmodum
2537 4155 2648 4212 fere
2689 4155 2764 4220 fit,
2803 4155 3011 4209 clamor
3042 4150 3160 4207 fleri
3193 4150 3351 4211 solet,
3388 4162 3454 4202 ne
3492 4155 3614 4201 tum

2026 4252 2308 4310 misceant
2332 4265 2391 4307 se
2421 4246 2642 4313 milites,
2673 4255 2729 4302 et
2773 4244 2841 4299 ad
2882 4242 3032 4298 illam
3066 4247 3358 4297 occurrant
3382 4245 3613 4307 partem,

2041 4342 2135 4401 sed
2158 4340 2357 4398 scutati
2406 4352 2563 4395 suam
2619 4342 2838 4390 teneant
2877 4333 3170 4388 stationem
3193 4371 3208 4396 ,
3242 4331 3386 4383 leves
3430 4332 3613 4379 autem

2040 4445 2232 4494 contra
2264 4434 2595 4490 clamantem
2649 4430 2863 4484 hostem
2921 4432 3238 4481 excurrant.
3299 4420 3485 4490 Neque
3528 4429 3610 4473 ta-

356 4509 561 4580 μέρους
593 4510 686 4564 ἐπὶ
712 4512 804 4563 τὸν
852 4512 1122 4583 κράζοντα
1155 4511 1506 4582 συντρέχειν,
1550 4512 1647 4566 καὶ
1681 4511 1757 4584 μὴ
1810 4511 1936 4574 τοὺς

2040 4544 2188 4594 men,
2222 4526 2316 4596 qui
2349 4525 2404 4578 in
2427 4522 2701 4577 anteriore
2729 4532 2881 4589 parte
2921 4525 3073 4581 sunt,
3106 4514 3179 4569 ad
3215 4512 3383 4567 latera
3414 4511 3614 4565 decur-

352 4600 666 4672 έμπροσθεν
703 4603 786 4666 είς
834 4603 902 4659 τά
932 4603 1138 4675 πλάγια
1191 4605 1501 4678 προχείρως
1538 4604 1794 4674 ἔρχεσθαι
1832 4644 1848 4669 ς
1897 4603 1931 4674 ἦ

348 4697 482 4760 τοὺς
518 4695 630 4749 τῶν
657 4695 906 4767 πλαγίων
926 4696 1021 4751 ἐπὶ
1039 4697 1102 4752 τὸ
1126 4696 1438 4770 ἔμπροσθεν
1484 4696 1651 4767 μέρος
1676 4696 1809 4751 ἄνευ
1829 4693 1932 4764 τῆς

348 4786 446 4842 τοῦ
485 4786 748 4860 ἄρχοντος
796 4789 1136 4860 ἐπιτροπῆς,
1181 4780 1296 4844 ἀλλ’
1329 4789 1558 4843 ἕκαστον
1606 4790 1772 4861 μέρος
1820 4787 1935 4851 τοῖς

348 4864 510 4945 ⁸ἰδίοις
537 4880 856 4952 ἐπιϐοηθεῖν
887 4882 948 4938 ἑν
970 4881 1152 4955 καιρῷ
1187 4881 1441 4955 κραυγῆς
1484 4873 1532 4950 ᾧ
1620 4879 1802 4951 χρεία,
1835 4878 1933 4931 καὶ

356 4970 445 5024 ῖνα
485 4973 582 5027 δάν
621 4972 939 5045 βαροῦνται,
973 4974 1051 5039 ὡς
1091 4973 1259 5039 είκδς,
1286 4974 1373 5037 είς
1404 4973 1503 5045 τὴν
1558 4972 1669 5025 τῶν
1698 4969 1933 5024 σκουτά-

355 5082 465 5121 των
512 5066 820 5141 παράταξιν
866 5070 1106 5145 τρέχωσι
1137 5111 1155 5139 ,
1200 5071 1296 5125 καὶ
1350 5068 1427 5142 μὴ
1486 5068 1781 5141 βιάζωνται
1828 5067 1935 5121 ὑπὸ

356 5156 468 5212 τῶν
494 5159 724 5232 ἐχθρῶν.

421 5242 519 5309 οξ.
576 5246 861 5319 ’Δσφαλῶς
882 5246 978 5305 οὖν
1006 5250 1065 5305 αῖ
1120 5248 1421 5322 δδοιπορίαι
1448 5246 1560 5302 τῶν
1598 5246 1779 5313 πεζῶν
1833 5245 1929 5300 καὶ

352 5337 630 5411 ἁρμοδίως
658 5341 908 5412 γίνεσθαι
936 5341 1211 5409 δύνανται,
1238 5343 1353 5409 ἵνα,
1373 5341 1449 5406 ὡς
1472 5332 1723 5410 εἴπομεν,
1759 5339 1819 5393 ἐν
1840 5337 1944 5409 μὲν

351 5433 466 5495 τοῖς
487 5433 809 5506 δασυτέροις
823 5435 1011 5502 τόποις
1028 5438 1121 5490 καὶ
1148 5434 1434 5497 δυσϐάτοις
1456 5433 1548 5487 ἐπὶ
1566 5431 1628 5485 κέ
1637 5446 1752 5502 ρας,
1771 5431 1939 5502 ἤγουν

356 5536 511 5576 στενο
541 5524 656 5594 (57)
678 5525 929 5598 έπιμήκη
945 5528 1250 5583 τάσσωνται
1271 5527 1446 5593 τάξιν,
1472 5524 1581 5577 εἴτε
1600 5523 1679 5586 είς
1693 5522 1936 5593 τέσσαρα

361 5610 526 5683 μέρη,
585 5617 697 5671 εἴτε
760 5619 841 5684 εἰς
884 5618 999 5686 δύο,
1035 5620 1110 5684 ὡς
1143 5621 1195 5675 οῖ
1240 5620 1397 5674 τόποι
1455 5616 1723 5688 δέχονται.
1763 5613 1933 5669 usus:

2039 4628 2184 4683 rant,
2220 4629 2418 4687 neque,
2453 4613 2625 4685 quiin
2660 4610 2924 4667 lateribus
2954 4616 3103 4671 sunt,
3143 4606 3209 4660 ad
3241 4618 3446 4660 cornua
3481 4616 3614 4657 con-

2040 4712 2291 4772 tendant,
2311 4709 2432 4765 siue
2455 4703 2840 4779 praefectorum
2865 4700 3124 4772 imperio;
3149 4697 3244 4755 sed
3267 4693 3617 4765 unumquod-

2040 4818 2148 4878 que
2178 4805 2323 4859 latus
2351 4802 2487 4867 suis,
2527 4801 2632 4855 hoc
2670 4796 2931 4853 clamoris
2964 4800 3234 4864 tempore,
3266 4790 3313 4845 si
3358 4802 3493 4844 usos
3530 4782 3614 4843 sio

2039 4896 2202 4959 ferat,
2244 4900 2550 4957 succurrat,
2589 4896 2649 4945 ut
2684 4887 2730 4944 si
2776 4878 3115 4957 premantur,
3158 4878 3227 4935 ad
3269 4885 3611 4939 scutatorum

2038 4986 2213 5043 aciem
2238 5000 2298 5041 se
2324 4982 2587 5050 referant,
2614 4997 2683 5037 ne
2713 4979 2785 5036 ab
2808 4977 3062 5035 hostibus
3092 4972 3379 5038 laedantur,

2118 5242 2208 5295 'l'l.
2250 5238 2390 5295 Tuta
2442 5238 2610 5310 igitur
2638 5234 2880 5309 peditum
2927 5224 2984 5291 et
3022 5233 3220 5290 idonea
3250 5232 3616 5288 itinera-csso

2041 5340 2303 5406 possunt,
2347 5331 2418 5396 si,
2451 5338 2511 5383 ut
2542 5326 2924 5400 praediximus,
2956 5326 3013 5381 in
3051 5324 3343 5381 condensis
3367 5321 3613 5394 asperis-

2037 5441 2145 5497 que
2184 5422 2319 5479 locis
2345 5422 2411 5477 ad
2451 5434 2650 5483 cornu.
2685 5418 2737 5473 id
2766 5426 2870 5484 est,
2894 5416 2964 5472 ad
2993 5408 3387 5487 longitudinem
3417 5424 3612 5485 quam-

2042 5516 2168 5573 dam
2198 5512 2570 5585 angustiorem
2605 5511 2968 5576 instruantur,
3006 5506 3123 5565 sive
3150 5515 3387 5579 quatuor
3406 5512 3611 5577 partes,

2041 5608 2155 5665 sive
2187 5606 2326 5663 duas
2370 5604 2521 5661 solas
2563 5601 2667 5659 loci
2704 5599 3005 5674 amplitudo
3040 5599 3260 5671 capiat;
3297 5596 3352 5654 in
3383 5593 3612 5655 laxiori-

1849 5702 2086 5764 NOTAE.

431 5794 542 5867 (56)
586 5799 1062 5870 Ἀλιίαςβαθειας.
1096 5801 1652 5871 Scribebalur,&zla€
1678 5801 1844 5867 θείας.

2101 5796 2215 5871 (57)
2256 5797 2457 5853 Euro.
2488 5793 2701 5881 scribe,
2735 5793 2813 5858 εἰς
2845 5790 2959 5865 τήν.
