4052 6216
528 370 636 437 ἵ87

1794 366 2069 427 LEONIS
2109 365 2567 426 PHILOSOPUI

3671 362 3790 429 788

528 483 636 538 bus
684 494 866 535 autem
924 487 978 533 et
1030 489 1202 546 magis
1250 474 1509 545 spatiosis
1561 474 1717 539 locis,
1756 475 1823 528 ad
1875 476 2109 529 frontem

2229 475 2326 535 τοῖς
2354 473 2695 544 ἁραιοτέροις
2727 472 2820 525 ἐπὶ
2864 472 3117 541 μέτωπον
3163 471 3221 524 ὲν
3253 469 3465 541 πλαγίᾳ
3500 470 3650 537 τάξει
3706 475 3800 537 είς

535 574 653 628 acie
712 574 762 625 in
817 571 984 624 latum
1040 577 1313 637 porrecta,
1357 575 1409 619 ct
1455 567 1758 621 laxioribus
1829 564 2117 620 latitudine

535 661 933 721 contuberniis,
963 658 1252 712 altitudine
1282 658 1651 711 densioribus.

606 754 693 806 78.
731 751 864 803 Illud
895 766 991 820 pro
1020 760 1175 804 certo
1199 762 1405 810 teneas,
1432 749 1485 801 in
1511 748 1801 803 condensis
1830 749 1967 804 locis
1997 764 2112 813 eos,

535 847 628 915 qui
662 845 950 905 rbictaria,
981 844 1094 897 sive
1130 842 1407 905 menaula,
1441 842 1491 895 id
1517 850 1634 907 est,
1663 837 1838 910 jacnla
1868 841 2114 912 longiora

534 952 699 989 manu
756 934 1084 1002 conjiciunt,
1117 933 1289 1003 magis
1332 930 1672 987 necessarios
1724 949 1845 988 esse
1891 935 2118 1003 sagitta-

537 1028 637 1082 riis
691 1038 788 1081 aut
822 1025 1217 1088 funditoribus,
1253 1036 1416 1094 atque
1455 1025 1575 1077 ideo
1606 1020 1759 1078 multi
1793 1025 1937 1079 leves
1961 1040 2117 1079 exer-

536 1114 694 1171 cendi
744 1118 810 1171 ad
853 1117 968 1170 bare
1026 1116 1131 1169 tela
1188 1116 1303 1169 sive
1337 1112 1521 1184 jacula
1563 1130 1727 1168 manu
1778 1114 2116 1185 conjicienda

537 1219 689 1266 sunt.

607 1296 699 1355 79.
745 1300 1027 1369 Sagittarii
1084 1300 1137 1353 in
1192 1297 1312 1353 acie
1360 1296 1624 1353 instructa
1688 1298 2119 1369 praestabiliores

536 1401 688 1453 sunt,
722 1401 774 1445 ct
804 1394 855 1443 in
889 1390 1122 1460 asperis,
1154 1386 1343 1444 arduis
1372 1430 1386 1455 ,
1418 1391 1667 1459 angustis
1700 1400 1865 1461 atque
1893 1392 2118 1461 exposi-

542 1481 611 1536 tis
640 1482 692 1533 in
727 1479 885 1534 locis.

611 1568 699 1626 80.
729 1570 1068 1629 Jaculatores
1103 1583 1255 1628 extra
1304 1575 1476 1628 aciem
1522 1573 1847 1628 instructam
1896 1574 1949 1628 in
1984 1590 2117 1628 con-

540 1661 729 1717 densis
757 1660 892 1718 locis
920 1665 1198 1719 utilissimi
1218 1675 1367 1720 sunt.
1396 1664 1575 1737 Atque
1598 1665 1714 1720 brec
1741 1666 1795 1719 in
1829 1666 2120 1720 itincribus

543 1752 805 1811 faciendis
835 1757 1176 1811 observanda
1215 1768 1365 1811 sunt.

614 1931 705 1985 8l.
747 1929 1077 1999 Priusquam
1121 1946 1314 1986 omnes
1357 1943 1539 1987 castra
1588 1932 1903 2003 posuerint,
1946 1934 2119 1987 aciem

545 2038 723 2092 neque
768 2022 1095 2092 pedestrem,
1127 2037 1299 2091 neque
1339 2030 1648 2091 equestrem
1680 2022 1983 2087 dissolvas,
2024 2040 2119 2077 ne-

546 2131 653 2183 que
686 2114 1005 2184 priusquam
1036 2113 1297 2169 fossatum
1330 2114 1572 2183 undique
1624 2116 1893 2169 munitum
1938 2114 2032 2178 sit,
2068 2124 2121 2168 ct

545 2204 919 2274 speculatores
973 2203 1228 2258 exierint.

615 2295 703 2349 82.
740 2293 1027 2365 Praecipies
1090 2302 1311 2361 autem,
1364 2304 1423 2351 ut
1485 2295 1725 2367 perfecte
1784 2304 2123 2367 cognoscant

548 2387 794 2442 buccina:
822 2398 1044 2450 sonum,
1084 2394 1142 2439 nt
1178 2388 1269 2441 ubi
1312 2388 1618 2443 consistere
1662 2404 1756 2442 eos
1802 2388 1959 2457 jubet
1995 2400 2126 2440 cou-

546 2480 768 2545 sistant,
802 2487 856 2533 et
886 2479 976 2533 ubi
1003 2478 1108 2533 alia
1142 2480 1375 2534 buccina
1408 2479 1706 2550 procedere
1740 2496 1837 2534 eos
1868 2480 2122 2549 imperat,

547 2571 869 2642 procedant.
906 2570 985 2625 Ad
1023 2568 1173 2624 hunc
1204 2571 1371 2642 igitur
1398 2574 1616 2626 modum
1646 2570 1712 2624 de
1740 2570 1933 2626 itinere
1966 2587 2125 2625 eser-

547 2663 691 2719 citus
723 2662 973 2717 faciendo
994 2660 1333 2733 disputatum
1384 2665 1477 2717 sit.
1516 2658 1702 2718 llestat
1744 2673 1800 2716 ut
1849 2663 1916 2718 de
1950 2662 2122 2728 tuldo,

548 2754 663 2808 sive
691 2754 1095 2822 impedimentis
1128 2756 1301 2823 pauca
1332 2755 1693 2809 disseramus.

1055 2932 1520 2994 CONSTITUTIO
1561 2934 1631 2995 Χ.

866 3023 942 3076 De
977 3024 1143 3090 tuldo,
1180 3026 1233 3077 id
1263 3037 1359 3089 est,
1394 3028 1806 3095 impedimentis.

614 3110 677 3171 ‘l.
719 3114 903 3183 Tuldi,
937 3115 1052 3172 sive
1097 3117 1612 3186 impedimentorum
1644 3137 1774 3176 cura
1814 3117 1912 3176 tibi
1942 3123 2124 3176 susci-
2152 3144 2195 3202 ο

552 3210 747 3280 pienda
771 3218 855 3264 est
884 3228 898 3263 :
933 3226 1110 3280 neque
1146 3211 1293 3265 enim
1324 3219 1530 3267 temere
1578 3227 1673 3268 aut
1718 3214 1945 3269 fortuito
1968 3214 2125 3284 disji-

546 3299 745 3354 cienda
784 3309 935 3364 sunt,
970 3301 1063 3357 sed
1124 3302 1453 3374 ubicunque;
1483 3305 1894 3376 relinquuntur,
1920 3308 1972 3361 in
2007 3317 2126 3362 tuto

548 3401 683 3447 sunt
709 3393 915 3448 colloca
927 3393 1052 3447 nda.

620 3484 676 3538 2.
718 3485 901 3555 Neque
935 3496 1148 3540 rursum
1181 3487 1234 3541 in
1264 3486 1405 3541 bello
1466 3487 1922 3559 incircumspecte
1951 3490 2129 3545 duca-

555 3588 676 3643 tur;
718 3594 957 3648 pchthc
1009 3580 1153 3633 enim
1202 3580 1437 3634 militum
1485 3576 1832 3645 administri,
1886 3599 2127 3653 persa‘pc

558 3666 709 3719 liberi
746 3674 909 3735 atque
939 3668 1175 3736 cognati,
1199 3683 1337 3736 quos
1363 3667 1558 3723 cltaros
1581 3670 1803 3735 habent,
1827 3686 1949 3723 cum
1974 3671 2127 3725 tuldo

547 3766 703 3810 sunt.
750 3757 907 3820 Quod
951 3758 1054 3811 nisi
1107 3758 1161 3811 in
1210 3768 1327 3812 tuto
1381 3759 1471 3821 sit,
1505 3761 1777 3815 anxietate
1816 3761 2124 3817 animorum

550 3861 699 3913 savpe
742 3858 1007 3899 vexantur
1048 3846 1275 3911 milites,
1311 3856 1366 3902 et
1394 3848 1763 3906 sollicitudine
1799 3851 1852 3904 in
1883 3851 2128 3908 diversas

554 3945 739 4006 partes
769 3939 1169 3992 distrahuntur.

622 4117 683 4173 3.
726 4118 1031 4188 Unicuique
1064 4119 1210 4175 enim
1258 4121 1510 4191 prudenti
1559 4123 1696 4189 viro,
1726 4135 1921 4195 ιιι-αξιοι·
1967 4141 2126 4182 ευιιιη

554 4210 737 4279 ipsius
775 4210 1060 4277 damnum,
1094 4211 1269 4267 dolori
1295 4220 1380 4268 est
1407 4215 1572 4270 etiam
1612 4215 1818 4271 inimici
1852 4217 2129 4288 prosperi‘

554 4312 665 4356 tas.
704 4302 889 4371 Itaque
910 4318 1033 4357 cum
1067 4319 1226 4358 suum
1266 4304 1436 4374 ipsius
1463 4306 1722 4361 damnum
1748 4309 1923 4364 oculis
1952 4310 2131 4366 intue-

556 4406 668 4456 tur,
701 4394 784 4448 vel
813 4394 1036 4449 omnino
1082 4395 1223 4451 bello
1261 4396 1519 4463 abstinet,
1553 4396 1631 4453 vel
1664 4398 1731 4453 ad
1759 4401 2115 4469 pugnandum

558 4485 867 4554 languidior
900 4487 977 4543 lit.

629 4576 681 4629 4.
724 4577 998 4646 Imprimis
1026 4586 1207 4635 autem
1238 4589 1572 4651 congregato
1609 4581 1797 4651 tuldo,
1828 4591 1882 4639 et
1909 4584 2131 4654 publico

552 4665 669 4734 iam
724 4670 918 4737 prwlio
967 4669 1321 4733 imminente,
1365 4672 1771 4727 multitudinem
1841 4675 2132 4742 palicario-

562 4774 705 4821 ιίιιιι,
758 4759 808 4812 id
861 4768 966 4823 est,
1008 4775 1198 4815 eorum
1264 4762 1356 4831 qui
1417 4763 1687 4832 praefectis
1749 4773 1802 4818 et
1863 4765 2131 4821 militibus

557 4866 783 4919 operam
815 4851 970 4918 dant,
1000 4866 1065 4906 eo
1094 4852 1363 4908 deducere
1410 4870 1518 4909 non
1563 4855 1814 4920 consulo,
1850 4871 2027 4925 neque
2070 4858 2122 4923 in

562 4956 661 4993 sua
704 4949 848 4995 terra
896 4941 1037 4996 bello
1081 4952 1420 5012 exspectato,
1465 4959 1642 5014 neque
1693 4945 1746 4999 in
1787 4947 2002 5013 aliena;
2038 4950 2133 5003 sed

2219 564 2438 629 πλάτος,
2468 567 2524 617 ὲν
2552 564 2900 636 ἁραιοτέραις
2930 564 3029 634 μὲν
3063 564 3200 617 κατὰ
3240 562 3301 615 τὸ
3352 563 3553 626 πλάτος
3586 565 3798 629 ἀκίαις,

2220 655 2537 725 βαθυτέραις
2566 655 2621 707 δὲ
2646 654 2786 707 κατὰ
2817 656 2875 706 τὸ
2907 655 3103 723 πάχος.

2287 743 2387 814 οη’.
2417 746 2654 797 Γίνωσκε
2693 745 2769 807 δὲ,
2822 746 2905 797 ὅτι
2944 746 3000 796 ἐν
3039 744 3161 807 ταῖς
3197 743 3445 806 δασείαις
3476 744 3631 805 ὕλαις
3678 746 3799 815 (ἴέ8)

2217 839 2263 889 οἱ
2296 840 2357 889 ἐκ
2386 836 2565 906 χειρὸς
2583 836 2957 899 ἀκοντίζοντες
2998 835 3085 888 διὰ
3114 834 3411 906 ρικταρίων
3441 838 3473 906 ἦ
3511 835 3802 905 μεναύλων

2218 925 2632 997 ἀναγκαιότεροί
2668 927 2772 978 είσι
2804 925 3025 979 καὶτῶν
3059 927 3290 990 τοξοτῶν
3322 924 3414 978 καὶ
3470 927 3580 979 τῶν
3634 945 3802 997 σφεν-

2218 1021 2494 1075 δονιστῶν.
2530 1020 2630 1072 Διὰ
2683 1020 2838 1074 τοῦτο
2873 1021 3083 1091 πρέπον
3112 1021 3227 1072 ἐστὶ
3261 1021 3387 1081 τοὺς
3422 1020 3649 1084 πολλοὺς
3689 1022 3803 1074 τῶν

2218 1112 2387 1181 ψιλῶν
2416 1115 2495 1175 είς
2522 1111 2778 1182 ρικτὰρια
2808 1112 2903 1165 καὶ
2930 1114 3154 1165 ἀκόντια
3177 1113 3240 1164 ἐκ
3282 1110 3466 1181 χειρὸς
3490 1111 3802 1182 βαλλόμενα

2219 1204 2620 1274 γυμνάζεσθαι.

2290 1296 2385 1350 οϐ’.
2422 1297 2486 1350 Οἱ
2520 1296 2577 1348 δὲ
2629 1295 2843 1360 τοξόται
2901 1295 3188 1362 ἀναγκαῖοί
3232 1296 3341 1347 εἰσι
3389 1298 3455 1367 τῇ
3493 1296 3805 1367 παρατάξει

2224 1388 2423 1456 μᾶλλον
2448 1387 2879 1457 ὑποτασσόμενοι
2906 1388 3001 1439 καὶ
3028 1388 3105 1449 εἰς
3122 1389 3343 1456 τραχεῖς
3390 1388 3485 1439 καὶ
3544 1390 3623 1450 εἰς
3660 1404 3805 1458 κρη·

2218 1478 2451 1550 μνώδεις
2485 1479 2577 1532 καὶ
2607 1478 2683 1543 εἰς
2715 1479 2932 1541 στενοὺς
2974 1478 3066 1530 καὶ
3097 1478 3340 1547 γυμνοὺς
3369 1478 3594 1541 τόπους.

2295 1572 2367 1625 π’.
2417 1566 2481 1624 Οἱ
2521 1570 2703 1642 μέντοι
2752 1569 3067 1639 ἀκοντισταὶ
3107 1571 3201 1621 καὶ
3230 1568 3429 1633 ἔξωθεν
3462 1569 3560 1640 τῆς
3621 1587 3803 1638 παρα-

2222 1664 2424 1727 τάξεως
2453 1664 2531 1724 εἰς
2558 1662 2653 1726 τὰς
2679 1661 2809 1724 ὔλας
2832 1662 2929 1723 τὰς
2958 1656 3179 1722 δασείας
3222 1661 3456 1730 μάλιστα
3510 1660 3806 1729 ἀναγκαῖοί

2223 1752 2378 1803 εἰσιν.
2418 1748 2668 1803 Τοσαῦτα
2704 1749 2801 1820 μὲν
2831 1744 2923 1802 οὖν
2944 1748 3039 1801 καὶ
3074 1749 3131 1800 ὲν
3164 1750 3285 1812 ταῖς
3310 1749 3641 1821 ὁδοιπορίαις
3694 1767 3807 1803 πα-

2224 1840 2584 1911 ραφυλάττειν
2604 1858 2661 1894 σε
2688 1841 3007 1909 ἀναγκαῖον,
3042 1834 3086 1892 ὦ
3115 1840 3410 1910 στρατηγέ.

2294 1928 2405 1984 πα’.
2432 1928 2565 1998 Πρὶν
2591 1929 2623 1999 ἦ
2657 1929 2713 1982 δὲ
2747 1928 2953 1990 πάντας
2982 1926 3327 1995 ἀπλ.ηκεῦσαι
3356 1928 3457 1998 τήν
3484 1929 3809 1999 παράταξιν

2225 2023 2493 2093 μηδέποτε
2531 2022 2734 2085 διάλυε,
2767 2022 2904 2091 μήτε
2942 2021 3035 2073 ὲπὶ
3065 2019 3238 2088 πεζῆς
3293 2021 3602 2091 στρατείας.
3662 2024 3808 2092 μήτε

2223 2116 2311 2168 ἐπὶ
2338 2114 2767 2183 καϐαλλαρικῆς,
2801 2112 2905 2176 ἕως
2930 2111 2995 2165 ἂν
3019 2111 3113 2163 καὶ
3137 2111 3197 2162 τὸ
3229 2112 3497 2178 φοσσάτον
3520 2113 3805 2184 όχυρωθῇ,

2224 2205 2317 2258 καὶ
2349 2205 2405 2256 αἱ
2429 2202 2606 2273 βίγλαι
2629 2202 2939 2268 ἐξέλθωσιν.

2294 2297 2405 2364 πβ’.
2438 2294 2649 2347 Εἱδέναι
2675 2294 2731 2347 δὲ
2771 2294 2980 2358 πάντας
3033 2292 3381 2367 προστάξεις,
3412 2295 3501 2347 ἴνα
3524 2297 3590 2365 τῇ
3648 2297 3805 2363 φωνῇ

2224 2389 2317 2443 τοῦ
2384 2388 2526 2442 κατὰ
2580 2386 2867 2456 συνήθειαν
2920 2386 3169 2456 βουκίνου
3232 2388 3593 2458 γνωρίζοντες
3672 2388 3808 2439 αὐτό
3854 2458 3861 2463 ἱ

2225 2483 2489 2547 ἵστανται,
2513 2480 2608 2532 καλ.
2633 2480 2791 2533 πάλιν
2817 2482 2883 2549 τῇ
2913 2479 3132 2549 συνήθει
3168 2479 3281 2550 (59)
3318 2482 3468 2549 φωνῇ
3494 2478 3589 2531 τοῦ
3609 2478 3805 2549 ἑτέρου

2227 2572 2477 2643 βουκίνου
2498 2610 2513 2633 ,
2554 2573 2722 2642 ἡγουν
2750 2570 2844 2624 τοῦ
2880 2572 3179 2642 κινήματος
3220 2573 3468 2625 κινῶσιν.
3493 2572 3679 2633 Οὖτως
3711 2571 3807 2624 οὖν

2225 2666 2357 2735 ἡμῖν
2387 2664 2871 2732 διατετυπωμένων
2900 2662 3007 2716 τῶν
3051 2664 3178 2735 περὶ
3209 2664 3513 2733 ὁδοιπορίας
3544 2664 3805 2731 στρατοῦ,

2226 2756 2425 2825 ἐφεξῆς
2447 2772 2527 2808 σοι
2554 2757 2649 2809 καὶ
2680 2756 2770 2810 τὸν
2794 2757 2924 2828 περὶ
2956 2755 3049 2810 τοῦ
3079 2757 3378 2828 λεγομένου
3435 2755 3656 2808 τοὺλδου
3687 2755 3809 2808 διαο

2226 2848 2516 2920 ταξώμεθα
2554 2849 2744 2920 τύπον.

2821 2942 3132 2996 ΔΙΑΤΑΞΙΣ
3170 2940 3227 2996 I'.

2535 3033 2674 3102 Περὶ
2710 3033 2813 3087 τοῦ
2842 3030 3172 3102 λεγομένου
3206 3031 3488 3087 τοὺλδου.

2298 3126 2368 3179 α’.
2410 3127 2501 3179 Δεῖ
2528 3122 2622 3178 οὖν
2653 3124 2862 3178 καὶτοῦ
2892 3124 3112 3178 τούλδου
3137 3123 3454 3192 ἀναγκαίως
3490 3139 3550 3174 σε
3583 3120 3810 3191 φροντί-

2226 3221 2361 3284 ζειν,
2414 3219 2507 3273 καὶ
2554 3219 2631 3289 μὴ
2673 3218 2747 3280 ὡς
2792 3217 2950 3286 ἔτυχε
2998 3216 3430 3286 καταλιμπάνειν
3485 3215 3638 3281 αὐτὸ,
3686 3214 3817 3270 ἀλλ’

2224 3309 2621 3379 ἀσφαλίζεσθαι
2654 3310 2788 3362 ὅπου
2819 3309 2885 3362 ἂν
2916 3308 3272 3379 καταλειφθῇ.

2299 3489 2363 3559 β’.
2384 3490 2536 3559 Μηδὲ
2566 3490 2728 3543 πάλιν
2775 3490 3127 3560 ἀπρονοήτως
3171 3488 3531 3559 ἐπιφέρεσθαι
3567 3489 3699 3541 αὐτὸ
3750 3490 3816 3540 ὲν

2226 3583 2291 3650 τῇ
2319 3580 2503 3649 μάχῃ·
2561 3580 2849 3649 συμϐαίνει
2898 3580 3006 3651 γὰρ
3058 3580 3153 3633 καὶ
3211 3579 3546 3649 παλλικάρια
3583 3577 3724 3633 εῐναι
3754 3582 3817 3632 ὲν

2228 3670 2376 3740 αὑτῷ
2400 3672 2642 3739 χρήσιμα
2673 3672 2787 3733 τοῖς
2822 3670 3207 3742 στρατιώταις,
3236 3673 3331 3724 καὶ
3392 3672 3582 3734 τέκνα,
3616 3672 3647 3741 ἦ
3680 3688 3819 3738 συγ-

2228 3764 2406 3829 γενείς
2442 3761 2642 3814 αὐτῶν.
2697 3762 2808 3816 Καὶ
2861 3764 2911 3815 εί
2962 3764 3039 3833 μὴ
3074 3765 3132 3817 ἐν
3195 3762 3467 3831 ἀσφαλείᾳ
3526 3765 3814 3831 τυγχάνει,

2238 3852 2317 3923 τῷ
2355 3851 2725 3922 περισπασμῷ
2774 3852 2939 3906 αὐτοῦ
2980 3855 3030 3906 οἱ
3094 3853 3423 3924 στρατιῶται
3470 3855 3821 3922 συνεχόμενοι

2229 3943 2519 4014 ἀμφίϐολοι
2564 3944 2657 3995 καὶ
2686 3944 3031 4015 μεριζόμενοι
3080 3944 3176 4009 τὰς
3206 3945 3429 4015 γνώμας
3460 3946 3519 3998 ἐν
3552 3948 3666 4007 ταῖς
3701 3945 3819 4015 μά.-

2230 4050 2353 4103 χαις
2378 4034 2635 4100 γίνονται.

2305 4123 2512 4193 γ’.Καὶ
2536 4128 2645 4197 γὰρ
2694 4128 2913 4199 ἑκάστῳ
2942 4128 3149 4199 συνετῷ
3199 4128 3358 4199 ἀνδρὶ
3414 4128 3619 4196 σπουδή
3670 4128 3819 4190 ἐστι,

2230 4218 2394 4288 χωρὶς
2449 4218 2585 4282 ἰδίας
2618 4218 2820 4289 βλάϐης
2848 4221 2916 4273 τὰ
2972 4220 3069 4274 τοῦ
3103 4220 3299 4291 ἐχθροῦ
3349 4221 3636 4291 κερδῆσαι.
3690 4220 3823 4273 Ἐὰν

2229 4311 2285 4364 δὲ
2306 4311 2513 4366 οἰκείαν
2535 4311 2801 4382 ὑφορᾶται
2833 4312 3059 4384 βλάϐην,
3086 4314 3120 4385 ἢ
3151 4314 3439 4384 ἀπέχεται,
3496 4312 3530 4383 ῆ
3581 4311 3822 4382 ὀκνηρό-

2234 4418 2393 4473 τερος
2410 4401 2654 4476 ⁵γίνεται.

2305 4576 2345 4630 δ’
2353 4619 2367 4633 .
2406 4578 2516 4632 Καὶ
2550 4577 2919 4649 πρωτοτύπως
2948 4577 3047 4648 μὲν
3079 4579 3520 4648 συνεπαγομένου
3544 4579 3638 4632 τοῦ
3664 4580 3825 4632 τούλο

2230 4668 2343 4732 δου,
2368 4669 2461 4722 καὶ
2489 4670 2761 4739 συμϐολῆς
2788 4668 3055 4739 δημοσίας
3081 4669 3568 4740 προσδοκωμένης,
3611 4670 3821 4738 πλῆθος

2232 4760 2337 4813 τῶν
2357 4759 2665 4829 λεγομένων
2686 4750 3078 4830 παλλικαρίων,
3110 4761 3278 4831 ἡγουν
3318 4760 3425 4814 τῶν
3455 4760 3820 4813 δουλευόντων

2229 4853 2343 4914 τοῖς
2374 4868 2434 4903 τε
2455 4852 2680 4921 ἄρχουσι
2703 4854 2921 4916 καὶτοῖς
2949 4852 3339 4923 στρατιώταις,
3362 4852 3729 4922 ἐπιφέρεσθαι
3756 4853 3817 4906 οὗ

2237 4945 2696 5015 συμϐουλεύομεν,
2750 4942 2874 4998 οὔτε
2906 4938 2963 4998 ἐν
2994 4948 3059 5015 τῇ
3099 4945 3202 5016 ἰδίᾳ
3218 4948 3288 5015 γῇ
3315 4944 3472 5015 ἡμῶν
3502 4945 3602 5013 τῆς
3636 4946 3821 5016 μάχης

561 5032 722 5097 pauci
753 5042 899 5101 sunt,
933 5033 1077 5105 iique
1102 5044 1366 5104 quantum
1405 5035 1519 5089 tieri
1547 5044 1726 5105 potest
1757 5036 1982 5092 firmiter
2014 5056 2126 5094 mu-

2233 5035 2620 5106 ἐλπιζομένης,
2677 5034 2803 5087 οὔτε
2856 5037 2913 5088 ὲν
2969 5038 3035 5105 τῇ
3094 5035 3354 5107 ἀλλοτρία
3403 5035 3821 5107 ἐπερχομένων,

562 5123 682 5177 niti.

632 5214 689 5269 5.
730 5212 978 5271 Totidem
1002 5225 1183 5274 autem
1216 5219 1474 5281 retineas.
1510 5228 1644 5287 quot
1665 5220 1731 5273 ad
1758 5221 1973 5291 singula
2006 5237 2136 5274 cnu-

566 5305 815 5360 tnbernia
865 5306 1301 5362 administranda
1358 5318 1414 5361 et
1462 5309 1709 5379 jnmenta
1780 5310 2135 5380 gubernanda

561 5397 701 5452 satis
733 5398 870 5454 sint.
914 5398 970 5452 ld
1022 5402 1114 5454 lict
1147 5410 1261 5453 Iunt
1311 5400 1380 5454 ad
1423 5401 1739 5454 varietatem
1783 5402 1999 5454 illorum
2039 5418 2135 5456 co-

564 5489 959 5557 gnoscendam,
998 5498 1111 5542 tum
1144 5488 1211 5543 ad
1254 5489 1493 5544 aciernm
1521 5489 1789 5544 rationem
1830 5490 2136 5560 percipien-

2234 5124 2371 5178 ἀλλα
2425 5126 2774 5196 συμμέτρους
2832 5120 2970 5178 εἶναι
3004 5127 3250 5190 καὶτοὺς
3282 5129 3340 5178 ὲν
3370 5127 3597 5197 δυνάμει
3630 5128 3819 5191 ὄντας.

2306 5214 2367 5268 ε’.
2393 5214 2690 5278 Τοσούτους
2718 5216 2798 5282 δὲ,
2822 5217 2990 5288 ἤγουν
3013 5220 3139 5282 τοὺς
3174 5218 3576 5289 ἐπαρκοῦντας,
3602 5218 3747 5271 κατὰ
3764 5218 3821 5269 τὸ

2238 5302 2623 5379 κοντουϐἐρνια
2652 5310 2992 5380 ἀντέχεσθαι,
3027 5312 3120 5365 καὶ
3153 5312 3374 5365 διοικεῖν
3418 5310 3488 5364 τὰ
3512 5310 3685 5377 ἄλογα
3719 5309 3817 5362 αὺ-

2240 5397 2347 5452 τῶν
2378 5400 2513 5471 πρὸς
2534 5401 2629 5471 τὴν
2653 5402 2914 5474 διαφορὰν
2942 5406 3037 5458 καὶ
3053 5404 3154 5476 τὴν
3185 5405 3447 5474 ποιότητα
3469 5404 3566 5458 καὶ
3591 5402 3821 5470 διάγνω-

2244 5509 2327 5546 σιν
2352 5492 2459 5547 τῶν
2480 5495 2798 5566 ταγμάτων,
2828 5496 2947 5567 ἦτοι
2970 5497 3032 5551 τὸ
3063 5496 3268 5567 πλῆθος
3313 5498 3423 5554 τῶν
3462 5497 3678 5565 ἀλόγων
3700 5511 3712 5523 ·
3735 5490 3824 5547 διὰ

2068 5600 2300 5659 ΝΟΤᾸς.

641 5688 752 5759 (58)
786 5691 917 5754 ταῖς
970 5691 1239 5755 δασείαις
1302 5693 1491 5755 (Marc.
1534 5691 1907 5755 Seribebatnr,
1958 5692 2126 5755 ταῖςᾶ

2229 5710 2254 5746 ν
2290 5693 2466 5759 ὕλαις.

641 5759 752 5827 (59)
786 5759 861 5826 Τῇ
893 5761 1162 5828 συνήθει.
1191 5763 1563 5829 διί*ἰί›ι·1.ι;ιτιιι’,
1596 5766 1659 5833 τῇ
1701 5762 1973 5833 συνηθείᾳ.
