4100 6226
550 359 656 428 791

1808 355 2080 415 LEONIS
2119 355 2574 419 PHILOSOI’HI

3682 358 3808 423 792

554 473 791 529 volueris
830 472 970 537 loco,
1008 478 1062 525 ct
1116 468 1342 534 fossato,
1385 467 1605 540 quando
1649 465 1712 520 ad
1760 464 2116 537 proeliandum

2224 466 2351 538 δόξῃ
2376 466 2621 535 γίνεσθαι
2648 464 2818 536 τόπῳ,
2847 463 2934 518 ὅτε
2965 463 3099 535 πρὸς
3127 465 3225 538 τὴν
3246 466 3353 522 τῶν
3377 467 3590 541 ἐχθρῶν
3611 472 3805 542 μάχην

551 585 676 622 runt
706 566 957 620 hostibus
988 562 1348 618 contendunt.

627 661 710 713 14.
753 658 1039 711 Fossatum
1074 655 1155 708 vel
1190 654 1462 724 lapidum,
1495 657 1577 708 vel
1623 657 1852 709 laterum
1894 668 2110 728 aggere,

550 751 711 803 etiam
746 745 984 809 munias,
1016 758 1332 814 quanquam
1363 742 1432 797 ad
1462 758 1630 798 unum
1662 743 1839 799 solum
1868 743 2009 799 diem
2041 741 2114 797 ibi

550 844 985 892 commoraturus
1015 850 1095 888 es.

620 926 705 980 15.
751 924 1192 994 Unumquodque
1222 924 1486 990 bandum,
1545 924 1598 978 id
1641 931 1748 990 est,
1780 924 2002 992 cohors,
2042 922 2119 980 fe-

550 1034 678 1073 nunt
729 1029 823 1071 aut
854 1017 1038 1086 paleas
1071 1016 1233 1071 unius
1260 1016 1367 1071 diei
1396 1030 1582 1072 secum
1610 1015 2023 1080 circumferant,
2056 1024 2117 1070 ut

548 1113 617 1176 si,
661 1111 805 1179 quod
855 1125 958 1164 usu
1002 1109 1189 1163 venire
1231 1118 1444 1178 potest,
1490 1107 1665 1178 aliqua
1709 1107 1941 1163 offensio
1986 1107 2112 1162 belli

550 1201 851 1270 contingat,
883 1199 927 1251 si
960 1198 1041 1252 vel
1080 1197 1153 1251 ibi
1194 1204 1567 1265 permaneant,
1600 1195 1796 1249 habeat
1826 1204 2006 1249 tamen
2026 1194 2122 1265 ju-

550 1291 746 1344 ntentis
792 1289 909 1343 suis
964 1288 1131 1341 unius
1181 1287 1285 1340 diei
1332 1286 1612 1356 pabulum,
1655 1300 1835 1355 neque
1864 1284 1917 1338 in
1966 1293 2120 1339 tanto

550 1382 672 1435 belli
711 1379 908 1433 ardore
939 1378 1023 1432 vel
1068 1378 1132 1432 ad
1174 1377 1476 1445 pastiouem
1529 1376 1631 1439 ire,
1682 1377 1766 1430 vel
1815 1375 2000 1429 fenum
2034 1389 2121 1430 se-

549 1488 694 1536 care,
725 1472 926 1542 quibus
968 1469 1135 1523 rebus
1172 1468 1292 1522 laedi
1334 1468 1402 1521 ab
1447 1468 1700 1522 hostibus
1748 1476 2003 1536 possent,
2033 1465 2118 1522 vel

550 1565 735 1635 vagari
770 1575 822 1618 et
846 1564 1283 1616 circumcursare
1302 1559 1366 1613 ad
1386 1559 1643 1628 pabulum
1663 1558 2117 1628 comparandum,

550 1657 800 1713 hostibus
824 1656 937 1724 jam
978 1650 1409 1712 imminentibus,
1440 1650 1522 1703 vel
1555 1648 1847 1702 discedere
1892 1646 2029 1716 jam,
2064 1646 2118 1698 in

551 1758 699 1802 tanta
743 1744 1026 1799 hominum
1076 1742 1560 1810 jumentorumque
1591 1737 1732 1792 fame
1779 1745 1831 1792 et
1872 1735 2116 1798 miseria,

549 1847 714 1909 atque
742 1837 877 1890 adeo
902 1834 1127 1888 interire
1155 1842 1443 1903 cogantur.

625 1930 713 1986 16.
758 1929 815 1982 Si
867 1927 1116 1982 discedat
1149 1923 1423 1979 exercitus
1470 1932 1638 1985 tuus,
1684 1920 2002 1991 nulliusquc
2041 1922 2119 1978 rei

552 2024 810 2093 indigeat,
853 2036 1053 2075 exures
1132 2018 1317 2072 fenum
1376 2030 1679 2085 omnesque
1728 2014 1913 2085 fruges
1960 2031 2121 2085 agro-

554 2130 702 2178 rum,
737 2124 789 2166 et
818 2113 897 2167 sic
928 2109 1318 2180 proficisceris,
1355 2116 1577 2177 propter
1616 2105 1838 2171 hostes,
1870 2105 1961 2175 qui
1996 2113 2120 2176 post

551 2213 603 2258 te
637 2201 851 2257 venturi
886 2202 1173 2255 timentur.

624 2296 713 2349 17.
751 2292 807 2348 ltt
833 2293 982 2347 omni
1024 2292 1239 2355 itinere,
1276 2289 1527 2345 hostibus
1578 2287 2016 2353 imminentibus,
2061 2288 2116 2343 in

548 2387 729 2443 medio
773 2384 1051 2440 exercitus
1096 2384 1171 2437 tui
1214 2382 1423 2437 tuldum
1471 2379 1710 2445 habeas,
1745 2394 1812 2434 ne
1853 2374 1897 2434 si
1933 2378 2119 2449 aliquo

550 2475 897 2545 rejiciuntur,
931 2472 1000 2525 ab
1035 2470 1286 2526 hostibus
1313 2469 1662 2524 invadantur.

622 2567 709 2622 18.
750 2566 809 2620 In
842 2564 1061 2627 itinere,
1094 2561 1554 2632 quemadmodum
1586 2574 1753 2631 supra
1791 2558 2123 2630 praescripsi-

548 2673 693 2722 mus,
724 2671 835 2710 non
883 2652 1116 2706 confuse
1167 2652 1371 2706 milites
1416 2658 1472 2705 et
1508 2650 1769 2719 permistc
1812 2664 1938 2702 cum
1974 2649 2124 2703 tuldo

560 2746 865 2809 ambulent,
890 2743 983 2797 sed
1026 2741 1278 2797 distincte
1308 2748 1361 2796 et
1413 2739 1735 2809 separatim,
1764 2749 1824 2793 ut
1861 2747 1985 2809 post
2008 2746 2126 2793 tur-

555 2851 702 2890 mam
755 2849 912 2890 suam
965 2832 1176 2886 tuldum
1227 2846 1351 2885 eum
1386 2830 1518 2884 viris
1564 2829 1631 2884 ad
1678 2828 1729 2883 id
1787 2828 2121 2897 constitutis,

551 2942 690 2998 quos
728 2925 998 2995 euplietos
1030 2922 1341 2987 nominant,
1373 2921 1613 2978 scorsim
1642 2919 1927 2992 procedat.

621 3016 709 3070 19.
758 3013 966 3069 Habeat
999 3021 1178 3067 autem
1226 3012 1460 3077 tuldum,
1488 3013 1944 3081 quemadmodum
1999 3024 2123 3068 ante

2145 1802 2195 1861 B

2223 559 2453 628 ἀποκινὴ
2462 575 2649 612 σωσιν.

2296 650 2378 704 ιδ’.
2406 648 2578 703 Τοῦτο
2609 649 2666 703 δὲ
2688 649 2752 703 τὸ
2782 648 3049 718 φοσσάτον
3078 649 3112 719 ἦ
3146 650 3254 703 ἀπὸ
3279 652 3568 724 οἰκοδομῆς
3602 651 3800 713 λίθων,

2220 740 2251 812 ἦ
2294 740 2551 807 πλίνθων,
2579 739 2878 812 ὀχυρῶσαι,
2909 737 3011 794 κᾶν
3053 740 3190 811 πρὸς
3226 741 3354 811 μίαν
3375 744 3585 813 ἡμέραν
3607 742 3799 813 συμϐῇ

2222 831 2405 902 μένειν
2439 833 2641 887 ἐκεῖσε.
3462 848 3505 890 ο

2290 922 2369 977 ιε’.
2405 923 2675 976 Ἕκαστον
2709 921 2765 976 δέ
2797 921 2985 993 βάνδον
3002 920 3354 975 ἀποτίθεσθαι
3379 922 3568 993 χόρτον
3596 924 3628 993 ἢ
3653 924 3798 994 ﬁxu-

2223 1030 2314 1085 ρον
2345 1013 2472 1083 μιᾶς
2493 1011 2728 1083 ἡμέρας,
2758 1012 2845 1065 ίνα
2871 1012 2986 1080 ἐὰν,
3020 1013 3097 1076 ὡς
3129 1013 3298 1077 είκδς,
3322 1013 3580 1077 ἐναντίως
3601 1017 3669 1070 τὰ
3694 1017 3799 1070 τοῦ

2224 1103 2461 1173 πολέμου
2496 1104 2706 1175 ἐξέλθῃ,
2762 1105 2820 1156 ἐν
2874 1102 2953 1173 τῷ
3001 1104 3368 1174 ὑποστρέφειν
3410 1104 3500 1158 τὸν
3561 1108 3801 1177 στρατὸν

2222 1200 2362 1270 μετὰ
2392 1198 2626 1270 σπουδῆς
2656 1199 2714 1251 ἐν
2729 1196 2929 1268 αύτῷῆ
2962 1198 3141 1268 μεῖναι
3167 1198 3224 1251 ἐν
3245 1196 3392 1267 αὑτῷ
3416 1197 3495 1268 τῷ
3518 1201 3795 1270 φοσσάτψ,

2220 1290 2364 1359 ἔχειν
2395 1291 2493 1357 τὴν
2522 1288 2631 1342 τῶν
2672 1289 2884 1357 ἀλόγων
2922 1290 3235 1361 ἀποτροφὴν
3269 1291 3399 1361 μιᾶς
3436 1290 3670 1361 ἡμέρας,
3698 1292 3802 1345 καὶ

2224 1379 2299 1448 μὴ
2318 1377 2721 1447 ἀναγκάζεσθαι
2775 1380 2832 1431 tv
2864 1378 3092 1448 τοιούτῳ
3144 1378 3424 1450 θορύϐῳῆ
3477 1378 3718 1447 βόσκειν,
3761 1382 3797 1449 ἦ

2220 1468 2562 1540 χορτολογεῖν
2588 1469 2759 1522 ποιεῖν
2781 1468 2917 1540 (69),
2944 1470 3038 1523 καὶ
3060 1470 3391 1539 βλάπτεσθαι
3417 1472 3651 1542 ἑτοίμως
3690 1474 3801 1525 ὑπ’)

2220 1564 2326 1615 τῶν
2367 1560 2597 1633 ἐχθρῶν,
2626 1562 2659 1631 ἢ
2700 1561 2953 1632 γυρεύειν
2984 1563 3272 1633 ἐγχωρίοις
3299 1563 3385 1616 διὰ
3412 1563 3659 1626 δαπάνας
3688 1563 3803 1615 τῶν

2223 1652 2433 1722 ἐχθρῶν
2476 1653 2856 1722 ἐπικειμένων,
2910 1652 2943 1724 ἢ
3004 1653 3097 1706 καὶ
3151 1652 3441 1725 παρελθεῖν
3485 1653 3543 1705 ἐν
3570 1652 3802 1723 τοιαύτῃ

2222 1744 2399 1814 ἐνδείᾳ
2432 1744 2613 1798 αὐτῶν
2642 1761 2700 1797 τε
2726 1744 2817 1797 καὶ
2838 1744 2947 1796 τῶν
2981 1743 3209 1812 ἀλόγων,
3240 1745 3333 1796 καὶ
3356 1742 3661 1813 ἐκλυθῆναι.

2298 1925 2393 1983 ις’.
2434 1919 2495 1971 Et
2536 1919 2593 1972 δέ
2655 1918 2763 1989 ἄρα
2795 1917 2889 1971 καὶ⁵
2934 1916 3323 1988 παρέρχονται,
3352 1917 3446 1970 καὶ
3474 1917 3573 1970 οὐκ
3613 1914 3805 1986 ἔχουσί

2225 2028 2371 2073 τινος
2400 2010 2609 2081 χρείαν,
2644 2009 2927 2080 ἀφορία-εις
2951 2008 3102 2072 τινὰς
3128 2008 3271 2061 ὥστε
3303 2010 3484 2063 καίειν
3530 2008 3624 2061 τὸν
3665 2009 3802 2079 χόρ-

2226 2119 2319 2155 τον
2356 2101 2450 2154 καὶ
2472 2100 2645 2164 οὕτως
2676 2100 2769 2153 ἐπὶ⁵
2799 2100 2868 2154 τὰ
2890 2098 3199 2170 ἔμπροσθεν
3238 2100 3659 2170 περιπατεῖνδια
3672 2101 3805 2161 τοὺς

2228 2193 2613 2262 ἐλπιζομένους
2640 2192 2814 2244 ὀπίσω
2837 2191 3166 2261 ἐπέρχεσθαι
3197 2192 3511 2262 πολεμίους.

2302 2281 2386 2348 ιζ’.
2426 2282 2513 2335 Ἐν
2549 2283 2604 2335 δέ
2635 2284 2754 2345 ταῖς
2801 2281 3133 2353 ὁδοιπορίαις
3161 2281 3438 2351 πολεμίων
3469 2281 3805 2350 ἐγγιζόντων

2226 2374 2520 2441 ἀναγκαῖόν
2550 2372 2698 2425 ἐστιν
2729 2372 2815 2425 ἀεὶ
2850 2373 3014 2441 μέσον
3036 2370 3183 2441 ἔχειν
3209 2370 3269 2425 τὸ
3307 2369 3545 2438 τοῦλδον,
3593 2371 3683 2425 ἵνα
3722 2370 3808 2441 μὴ

2225 2464 2535 2535 ἀφύλακτον
2562 2463 2621 2517 ὃν
2650 2461 3044 2535 ἐπηρεάζηται.

2299 2560 2386 2625 ιη’.
2419 2552 2532 2615 Τὰς
2560 2553 2617 2605 δὲ
2648 2552 2982 2620 ὁδοιπορίας,
3007 2551 3084 2617 ὡς
3123 2552 3224 2623 ἤδη
3256 2551 3352 2605 καὶ
3389 2553 3500 2608 ἄνω
3520 2570 3624 2606 που
3646 2556 3799 2607 είποο

2227 2659 2347 2712 μεν,
2384 2641 2457 2712 μὴ
2497 2641 2769 2695 ποιεῖσθαι
2795 2641 3141 2712 μεμιγμένας
3192 2643 3331 2714 μετά
3384 2643 3628 2708 τούλδου,
3662 2645 3803 2698 ἀλλὰ

2222 2733 2645 2803 διακεκριμένας
2706 2734 2801 2786 καὶ
2863 2735 3298 2805 κεχωρισμένας,
3345 2735 3488 2788 ὥστε
3543 2736 3690 2800 ἰδίως
3737 2736 3809 2789 τὸ

2223 2825 2439 2878 τοῦλδον
2484 2822 2712 2878 δπισθεν
2762 2822 2856 2877 τοῦ
2890 2824 3022 2877 ἰδίου
3074 2825 3275 2895 μέρους
3314 2826 3647 2898 ὁδοιπορεῖν,
3704 2829 3803 2880 καὶ

2228 2916 2372 2979 ίδίως
2400 2917 2737 2985 στρατιώτας
2758 2915 3118 2985 εύπλήκτους.

2300 3008 2386 3062 ιθ’.
2435 3007 2548 3061 Ἀεὶ
2571 3007 2627 3061 δέ
2661 3008 2722 3060 τὸ
2742 3006 2984 3072 τοῦλδον,
3006 3007 3082 3071 ὡς
3111 3007 3325 3080 εἴρηται
3352 3010 3484 3079 ημῖν
3516 3009 3796 3078 ἀνωτέρω,

549 3105 1012 3170 memoravimus,
1049 3114 1364 3175 separatum
1398 3103 1633 3173 aliquem
1663 3104 1998 3173 praefectum,
2028 3103 2116 3175 qui

2224 3099 2318 3152 ml.
2359 3099 2603 3170 ἡγεμόνα
2657 3098 2803 3167 ἔχειν
2864 3097 3015 3162 ίδιον,
3063 3098 3202 3151 ὣστε
3224 3098 3352 3152 αύτὺ
3402 3102 3496 3152 καὶ
3524 3100 3797 3165 διατάξαι,

549 3199 869 3254 universum
922 3195 1055 3249 illud
1131 3194 1394 3264 gubernet
1440 3204 1495 3249 et
1546 3193 1746 3264 dirigat
1805 3195 1857 3249 in
1928 3210 2116 3250 omnes

2222 3192 2315 3244 xui
2338 3189 2662 3255 διευθύνειν,
2693 3190 2789 3243 καὶ
2816 3190 2973 3259 ἄγειν
3001 3189 3163 3244 αὐτὸν
3180 3190 3415 3261 οὖτω;,ἢ
3442 3191 3547 3262 πρὸ
3577 3191 3673 3258 τῆς
3699 3208 3801 3243 πα-

548 3302 769 3361 partcs;
819 3296 946 3341 ante
997 3285 1315 3340 universum
1363 3285 1691 3351 exercitum,
1739 3287 1784 3338 si
1824 3302 1892 3341 ex
1934 3286 2117 3340 hostili

549 3392 696 3437 terra
747 3379 1023 3444 discedis;
1056 3387 1179 3448 post
1211 3377 1496 3432 universas
1539 3377 1758 3447 copias,
1790 3377 1832 3432 si
1869 3378 2119 3434 hostilem

468 3539 473 3543 _
548 3474 825 3543 regionem
860 3470 1114 3535 iuvadis;
1149 3469 1276 3523 hinc
1314 3476 1407 3522 aut
1436 3468 1615 3535 illinc,
1652 3468 1697 3524 si
1728 3468 1887 3522 alicui
1925 3485 1955 3524 e
1990 3469 2121 3523 late-

549 3566 703 3620 ribus
749 3564 946 3629 times;
992 3562 1047 3615 in
1099 3562 1299 3625 medio,
1363 3562 1411 3615 si
1447 3562 1650 3622 ,omnia
1697 3560 1792 3615 tibi
1836 3576 1992 3631 aeque
2037 3578 2123 3616 su-

550 3668 738 3727 specta
768 3657 903 3709 sint.
947 3653 1127 3723 Atque
1162 3653 1278 3707 haec
1309 3653 1377 3708 de
1408 3652 1581 3717 tuldo,
1615 3654 1728 3707 sive
1762 3652 2121 3722 impedimen—

551 3752 644 3814 tis,
678 3748 869 3817 paucis
899 3747 993 3801 tibi
1024 3746 1443 3815 explicavimus,
1470 3745 1584 3798 sive
1614 3746 1668 3797 in
1696 3745 1949 3799 curribus
1979 3745 2121 3799 inter

549 3840 781 3909 pedites,
815 3839 929 3891 sive
973 3836 1026 3889 in
1059 3835 1327 3901 sarcittiis
1358 3834 1500 3888 inter
1533 3834 1767 3904 equites,
1790 3835 1904 3889 sive
1939 3835 2118 3906 aliqua

549 3927 809 3998 quapiam
836 3927 1238 3997 praeparatione
1267 3926 1323 3979 in
1358 3925 1619 3995 permista
1660 3926 1843 3989 turba,
1870 3937 1927 3981 ut
1968 3926 2119 3980 nulla

547 4038 614 4077 ex
649 4031 822 4090 parte,
857 4020 1038 4090 quoad
1082 4019 1200 4088 ejus
1242 4020 1358 4074 ticri
1397 4020 1596 4090 potuit,
1630 4019 1836 4090 aliquid
1880 4019 2117 4075 abesset.

550 4112 738 4166 Restat
776 4111 888 4181 jam
913 4148 928 4174 ,
962 4122 1021 4163 ut
1067 4111 1134 4166 de
1180 4110 1534 4181 apiictorum,
1573 4110 1627 4164 id
1668 4118 1771 4177 est,
1810 4120 2115 4167 castrorum

548 4204 726 4261 forma
755 4204 1125 4274 disputemus.

1039 4462 1508 4521 CONSTITUTIO
1543 4463 1635 4521 XI.

899 4556 976 4612 De
1024 4557 1256 4626 aplictis,
1308 4557 1361 4610 id
1405 4566 1482 4611 est
1535 4558 1749 4613 castris.

620 4651 672 4705 1.
719 4649 931 4720 Aplicta
979 4649 1167 4718 igitur,
1200 4648 1315 4703 sive
1339 4644 1633 4722 fossatum
1656 4652 1802 4720 (nam
1851 4649 2111 4720 apiictum

544 4742 763 4815 proprie
791 4742 1058 4795 fossatum
1092 4740 1264 4795 totius
1296 4742 1572 4795 exercitus
1604 4741 1710 4813 est)
1732 4743 1911 4798 valide
1936 4758 2113 4813 quan--

543 4848 656 4886 tutu
694 4840 846 4901 putes
890 4828 1125 4885 munies.
1169 4827 1225 4880 Si
1276 4827 1330 4881 in
1380 4828 1515 4883 locis
1558 4831 1822 4900 Spatiosis
1866 4833 2115 4904 laxisque

541 4923 827 4979 eonnnode
859 4934 1039 4978 castra
1092 4937 1298 4992 ponere
1341 4923 1606 4992 potueris,
1662 4922 1733 4977 ita
1780 4922 1993 4979 facias:
2026 4927 2111 4981 sin

540 5017 746 5080 minus,
792 5031 899 5070 non
950 5015 1311 5087 negligenter,
1348 5015 1441 5071 sed
1489 5014 1681 5071 sedulo
1709 5024 1763 5071 et
1801 5016 2032 5072 firmiter
2057 5028 2111 5073 et

539 5105 710 5160 dense
740 5113 921 5158 castra
947 5120 1137 5175 pones.
1180 5106 1271 5161 llla
1316 5115 1504 5162 autem
1548 5108 1668 5164 loca
1716 5107 1772 5164 in
1804 5110 1997 5180 primis
2024 5111 2111 5167 fu-

537 5198 671 5266 gies,
700 5214 819 5268 quae
846 5198 1051 5269 aliquid
1088 5216 1255 5271 prope
1285 5202 1485 5259 celsius
1540 5216 1605 5260 ac
1656 5204 1985 5263 eminentius
2013 5208 2109 5262 ha-

537 5288 685 5351 bent,
724 5303 793 5342 ne
824 5289 959 5343 illud
1017 5290 1228 5347 inimici
1275 5302 1440 5349 noctu
1477 5301 1532 5349 et
1581 5294 1870 5350 confertim
1911 5299 2107 5354 antici-

536 5390 751 5447 pantes,
786 5381 956 5436 multa
988 5382 1128 5437 maia
1164 5384 1317 5440 vobis
1348 5399 1415 5439 ex
1443 5399 1509 5439 eo
1538 5384 1658 5441 loco
1689 5386 1942 5442 inferant.

1981 5584 2185 5641 ΝΟΤᾹΞ

531 5667 714 5807 Thfigit)
748 5670 824 5723 "II
854 5671 1234 5742 χορτολογπῖι·
1277 5673 1485 5731 ποιεῖν.
1536 5676 1744 5739 Scribe,
1777 5679 1805 5749 ἢ
1853 5683 2071 5751 χιρτολο

590 5776 601 5807 ,
703 5776 715 5791 .

590 5776 631 5807 ,ν

2148 4473 2201 4532 D

2222 3282 2517 3353 ρατάξεως,
2546 3282 2639 3334 ἐὰν
2665 3284 2728 3335 ἐκ
2762 3282 3028 3353 πολεμίας
3052 3285 3155 3353 γῆς
3192 3283 3539 3356 ύποστρέφῃς
3558 3300 3574 3316 ·
3623 3283 3797 3337 ὀπίσω

2219 3375 2276 3428 δέ
2303 3377 2401 3446 τῆς
2418 3375 2795 3448 παρατάξεως,
2827 3376 2923 3429 ἐὰν
2947 3377 3028 3440 είς
3063 3376 3329 3448 πολεμίαν
3355 3378 3461 3449 γῆν
3492 3378 3787 3448 ἐμϐάλλῃς,

2221 3465 2375 3520 ενθεν
2396 3466 2510 3537 δέἢ
2546 3467 2776 3533 ἐκεῖθεν,
2801 3468 2895 3521 ἐὰν
2924 3468 2993 3522 τὰ
3032 3468 3237 3537 πλάγια
3285 3469 3385 3538 τῆς
3438 3469 3793 3542 παρατάξεως

2224 3557 2559 3627 φοσούμενος
2606 3559 2836 3631 πορεύῃ,
2872 3560 3023 3624 ἐντὸς
3057 3561 3114 3613 δέ
3141 3562 3239 3632 τῆς
3269 3560 3569 3631 φάλαγγος,
3611 3563 3701 3615 ἐὰν
3724 3564 3791 3615 τὰ

2221 3649 2557 3719 πανταχόθεν
2578 3648 2794 3703 ὕποπτα
2817 3650 2967 3723 ἔχῃς.
2995 3651 3242 3705 Τοσαῦτα
3274 3651 3373 3723 μὲν
3405 3650 3499 3707 οὖν
3530 3656 3624 3708 καὶ
3665 3654 3792 3723 περὶ

2219 3738 2315 3792 τοῦ
2344 3741 2562 3794 τούλδου
2606 3742 2693 3794 διὰ
2726 3739 2974 3811 βραχέων
3010 3760 3091 3796 σοι
3112 3744 3482 3816 διεξήλθομεν,
3517 3741 3563 3800 ὧ
3595 3764 3788 3816 στρατ-

2222 3831 2343 3899 ηγέ,
2406 3832 2513 3886 εἴτε
2567 3835 2625 3886 ἐν
2661 3833 2896 3903 ἁμάξαις
2925 3836 3062 3904 μετὰ
3099 3836 3321 3900 πεζικοῦ
3371 3840 3628 3907 στρατοῦ,
3685 3841 3787 3892 εἴτε

2222 3919 2281 3971 ἐν
2321 3921 2648 3992 σαγμαρίοις
2690 3923 2825 3992 μετὰ
2858 3923 3260 3993 καὸαλλαρίων,
3305 3926 3413 3979 είτε
3464 3927 3629 3997 ἄλλης
3657 3930 3792 3980 ἀπο-

2227 4010 2428 4079 σκευῆς
2460 4010 2714 4082 τοιαύτης
2747 4014 2884 4082 μετὰ
2906 4015 3234 4084 συμμίκτου,
3264 4016 3339 4079 ὡς
3369 4016 3436 4069 ἂν
3484 4019 3542 4070 ἐν
3580 4020 3788 4087 μηδενὶ,

2224 4100 2350 4154 ὅσον
2395 4103 2513 4155 ἐστὶ
2553 4104 2616 4156 τὸ
2637 4103 2860 4157 δυνατὸν
2901 4107 3052 4175 ἡμῖν,
3093 4106 3314 4178 ἐλλείπῃ
3337 4126 3417 4162 σοι
3438 4110 3716 4179 κεφαλαίῳ
3755 4113 3789 4179 ἡ

2225 4192 2474 4261 ἡμετέρα
2531 4193 2955 4264 παρακέλευσις.
3002 4197 3291 4267 Ἐχόμενον
3338 4199 3395 4252 δὲ
3448 4200 3650 4253 τούτων
3697 4203 3790 4252 καὶ

2221 4283 2288 4336 τὰ
2336 4288 2465 4351 περὶ
2499 4286 2608 4337 τῶν
2658 4286 2967 4356 λεγομένων
2994 4289 3270 4344 ἁπλίκτων
3296 4291 3701 4363 διασαφήσομεν
3722 4296 3786 4362 τῇ

2223 4375 2289 4444 σῇ
2323 4373 2643 4446 ἐνδοξότητι.

2792 4471 3103 4525 ΔΙΑΤΑΞῙΣ
3123 4472 3225 4527 ΙΛ’.

2755 4562 2893 4630 Περὶ
2919 4564 3249 4619 ἀπλίκτων.

2291 4648 2362 4703 α’.
2393 4650 2483 4703 Δεῖ
2502 4645 2596 4705 οὖν
2621 4650 2691 4704 τὰ
2714 4651 2970 4716 ἄπλικτα,
3007 4652 3125 4722 ἤτοι
3155 4654 3222 4707 τὰ
3262 4656 3505 4723 φοσσάτα
3562 4658 3784 4727 (κυρίως

2218 4739 2327 4810 γὰρ
2357 4742 2622 4809 φοσσάτον
2651 4742 2712 4795 τὸ
2748 4743 3010 4798 ἄπλικτον
3038 4744 3132 4798 τοῦ
3171 4746 3291 4799 ὅλου
3325 4748 3558 4818 στρατοῦ
3606 4749 3785 4801 καλεῑο

2219 4837 2356 4903 ται),
2393 4836 2564 4889 ταῦτα
2596 4836 2689 4891 οὖν
2717 4837 2974 4905 ἀσφαλῶς
2998 4855 3057 4890 σε
3085 4842 3277 4894 ποιεῖν.
3314 4842 3421 4893 Καὶ
3452 4843 3485 4913 ἠ
3530 4842 3629 4911 μέν
3676 4843 3783 4911 (ῖο)

2218 4927 2513 4997 ἐνδέχεται,
2560 4929 2639 4991 εἰς
2667 4929 3023 4999 ἀραιοτέρους
3059 4931 3258 4996 τόπους
3311 4933 3686 5004 κατασκηνοῦν
3717 4933 3785 4988 τὰ

2216 5018 2620 5089 στρατιωτικὰ,
2674 5022 2724 5073 εί
2775 5020 2832 5073 δὲ
2861 5023 2921 5074 ού
2970 5024 3111 5075 κατὰ
3154 5024 3350 5089 πάντα,
3407 5025 3483 5095 μὴ
3539 5026 3779 5092 ἀμελῶς,

2215 5108 2352 5161 ἀλλὰ
2377 5109 2652 5178 σφιγκτῶς
2683 5112 2778 5165 καὶ
2798 5112 3008 5182 ὀχυρῶς
3029 5113 3364 5180 ἀπλικεύειν,
3383 5117 3479 5169 καὶ
3536 5116 3781 5186 ἀποφεύ-

2214 5216 2332 5269 γειν
2358 5202 2483 5265 τοὺς
2512 5202 2710 5266 τόπους
2733 5202 2849 5274 (7|)
2878 5204 3116 5268 ἐκείνους
3139 5205 3252 5273 ὅσοι
3308 5206 3522 5277 ἔχουσιν
3569 5209 3633 5260 ἐκ
3683 5206 3778 5261 τοῦ

2214 5292 2444 5363 πλησίον
2470 5293 2831 5366 ὑψηλοτέρους
2849 5295 3046 5364 αὐτῶν,
3078 5297 3167 5351 ἵνα
3201 5296 3277 5367 μὴ
3321 5298 3562 5362 ἐκείνους
3606 5300 3655 5351 οἱ
3684 5300 3778 5369 ἐχ-

2208 5383 2329 5452 θροὶ
2385 5385 2580 5457 ἁθρόον
2609 5388 2640 5457 ἢ
2683 5389 2740 5439 ἐν
2767 5390 2922 5442 νυκτὶ
2951 5389 3451 5460 προκαταλαϐόντες
3486 5391 3630 5446 κακά
3658 5406 3779 5448 τινα

2206 5475 2521 5547 διαθήσουσι
2551 5478 2629 5549 τῷ
2668 5480 2939 5551 φοσσάτῳ.

2282 5684 2392 5760 (ἶς’)
2418 5686 2530 5760 fuit
2555 5689 2592 5755 ἡ
2620 5688 2756 5754 μέν.
2793 5688 3002 5751 Scribe,
3036 5690 3129 5741 και
3151 5690 3201 5741 εἰ
3233 5704 3354 5760 μεν.

2274 5755 2386 5823 (71)
2418 5755 2477 5809 Tc
2490 5756 2561 5821 ὺς
2587 5760 2827 5836 τόπους.
2857 5755 3382 5838 Scribebamukob;
3418 5758 3639 5825 τύπους.
