4074 6222
562 170 670 237 795
1834 174 2108 240 LEOle
2142 175 2600 240 PHILOSOPIII
3723 186 3767 247 7
3775 182 3865 249 96

564 278 668 335 sub
719 286 905 333 nostro
959 277 1185 348 imperio
1228 287 1375 342 sunt,
1408 279 1627 348 aliquod
1678 280 1937 334 damnum
1998 283 2143 337 acci-

2249 284 2524 337 ὑποτελῶν
2569 285 2668 355 τῆς
2724 285 3003 355 βασιλείας
3054 286 3231 359 ἡμῶν,
3268 291 3356 342 ἵνα
3392 292 3466 361 μὴ
3514 293 3858 351 ἀδικοῦνται

561 371 736 440 piant,
767 371 820 424 in
853 371 1043 440 primis
1088 382 1268 425 autem
1316 382 1374 425 ut
1400 371 1650 441 agricolae
1680 372 1799 427 sine
1837 373 2140 430 oii‘ensione

2250 376 2392 445 παρὰ
2419 374 2526 427 τῶν
2557 377 2919 444 στρατιωτῶν,
2939 379 3031 430 καὶ
3061 378 3183 431 κατ’
3209 380 3485 450 ἐξαίρετον
3510 384 3619 437 τῶν
3637 402 3859 455 γεωρ-

560 470 972 517 conserventur.
1002 459 1129 515 Duae
1182 461 1327 515 enim
1375 462 1457 517 ιιῖε
1509 471 1653 518 artes
1694 464 1927 518 maxime
1978 466 2139 521 utiles

2245 467 2373 534 γῶν.
2402 466 2506 519 Δύο
2537 468 2645 537 γὰρ
2667 467 2841 521 ταῦτά
2865 486 2953 539 μοι
2973 469 3225 525 δοκοῦσιν
3253 472 3664 545 ἐπιτηδεύματα
3694 479 3854 531 λίαν

561 570 684 610 esse
743 555 995 608 videntur
1050 552 1118 606 ad
1176 553 1491 623 reipublicae
1555 555 2000 610 constitutionem
2086 566 2140 612 et

2245 555 2512 623 ἀναγκαῖα
2546 557 2682 626 πρὸς
2704 557 2891 620 ἐθνους
2922 558 3185 611 σύστασιν
3221 560 3315 612 καὶ
3338 560 3621 635 διαμονήνθ
3651 580 3775 630 γεω
3785 583 3854 637 ρο

560 653 1048 707 eonservationcm.
1098 649 1464 720 Agricultura,
1529 666 1647 721 qua:
1689 652 1860 706 nutrit
1899 667 1963 706 ac
2012 667 2137 721 pro-

2238 648 2368 717 γικὴ
2403 647 2500 717 μὲν
2533 649 2806 718 τρέφουσα
2862 649 2958 702 καὶ
2989 648 3231 715 αὔξουσα
3289 652 3417 715 τοὺς
3456 654 3844 722 στρατιώτας,

558 754 735 799 movet
790 744 1005 807 milites,
1058 752 1110 797 ct
1164 759 1255 797 ars
1307 744 1583 810 militaris,
1635 760 1756 813 qua:
1804 746 2044 801 defendit
2083 754 2137 800 et

2242 736 2609 811 στρατιωτικὴ
2654 738 2711 791 δὲ
2733 738 3025 793 ἐκδικοῦσα
3052 740 3147 793 καὶ
3176 741 3650 810 περιφυλάττουσα
3692 746 3846 809 τοὺς

556 843 859 906 propugnat
888 836 1193 905 agricolas:
1226 835 1450 905 reliquie
1484 853 1612 892 vero
1642 847 1789 893 artes
1830 838 1950 894 istis
1995 837 2135 893 infe-

2235 827 2546 899 γεωργούςο
2581 829 2638 881 αἱ
2666 830 2709 881 δ’
2742 829 2899 885 ἄλλαι
2937 830 3313 897 ἐπιτηδεύσεις
3334 831 3563 903 δεύτερα
3608 834 3840 889 τούτων

555 928 729 983 riores
779 943 901 983 esse
954 927 1228 993 videntur,
1259 936 1424 998 atque
1489 928 1610 983 ideo
1655 945 1877 985 necesse
1905 940 1988 984 est
2016 929 2135 985 istis

2234 919 2359 988 ἐμοὶ
2407 920 2851 989 καταφαίνονται.
2908 920 3008 975 Διὰ
3063 920 3221 975 τοῦτο
3265 924 3362 976 καὶ
3413 924 3719 990 ἀναγκαῖον
3735 927 3838 980 ἀεὶ

552 1021 857 1090 providere,
885 1029 938 1077 et
984 1020 1204 1073 illarum
1237 1036 1423 1074 curam
1463 1036 1571 1074 non
1611 1021 1869 1091 ahjicere,
1898 1030 1959 1076 ut
1985 1022 2132 1075 mili-

2232 1009 2440 1065 τούτων
2471 1013 2873 1083 ἐπιμελεῖσθαι,
2905 1014 3002 1068 καὶ
3036 1013 3106 1067 τὰ
3130 1015 3271 1087 ὑπὲρ
3296 1016 3477 1069 αὐτῶν
3508 1018 3834 1087 φροντίζειν

551 1118 635 1165 tes
659 1111 802 1180 juste
829 1111 896 1164 ab
924 1110 1029 1165 illis
1063 1111 1254 1167 nutriti
1290 1119 1509 1165 strenue
1549 1126 1606 1165 se
1655 1122 1867 1181 gerant,
1898 1121 1951 1166 et
1984 1110 2132 1181 agri-

2234 1102 2515 1169 ἑκάστοτε,
2574 1103 2650 1168 ὡς
2706 1105 2785 1158 ἂν
2816 1106 2910 1158 καὶ
2942 1106 2992 1158 oi
3028 1105 3360 1177 στρατιῶται
3410 1105 3637 1171 δικαίως
3689 1127 3830 1175 τρε-

549 1203 680 1258 coim
700 1203 928 1258 honeste
950 1204 1162 1257 tractati
1190 1202 1349 1261 bonis
1379 1202 1524 1257 votis
1548 1202 1670 1258 illos
1701 1212 2126 1273 prosequantur.

2232 1196 2455 1265 φόμενοι
2481 1198 2883 1269 ἀνδραγαθῶσι,
2909 1198 3007 1253 καὶ
3058 1200 3111 1252 οῖ
3142 1199 3380 1269 γεωργοὶ
3422 1199 3499 1271 μὴ
3525 1199 3832 1271 ἀδικούμε-

2231 1305 2311 1340 νοι
2342 1290 2529 1358 εὐχαῖς
2579 1290 2776 1354 αὐτοὺς
2814 1293 2936 1355 ταῖς
2966 1290 3338 1362 ἁρμοζούσαις
3393 1294 3825 1364 προπέμπωσιν.

629 1383 709 1438 l2.
765 1382 1025 1439 Hostibus
1072 1383 1510 1448 imminentibus,
1559 1395 1610 1440 et
1658 1391 1977 1454 exspectato
2012 1384 2125 1454 jam

2301 1378 2389 1447 ιβ’.
2419 1379 2697 1449 Πολεμίων
2730 1380 2786 1433 δὲ
2820 1380 3165 1449 ἐγγιζόντων,
3204 1382 3302 1435 καὶ
3355 1384 3825 1452 προσδοκωμένου

548 1475 709 1538 bello,
735 1475 779 1529 si
812 1472 1122 1543 anticipatis
1152 1474 1402 1529 hostibus
1428 1486 1605 1530 castra
1643 1474 1858 1538 feceris,
1895 1475 2125 1529 duorum

2229 1470 2485 1537 πολέμου,
2518 1470 2611 1524 ἐὰν
2661 1472 2946 1541 προλαϐὼν
2978 1474 3037 1525 ἐν
3063 1473 3317 1544 φοσσάτῳ
3344 1474 3558 1546 διάγῃς,
3600 1492 3816 1545 στρατ-

550 1575 644 1619 aut
670 1566 833 1619 trium
860 1565 1070 1618 dierum
1112 1567 1397 1634 pabulum,
1428 1568 1543 1621 sive
1587 1568 1821 1636 paleam,
1851 1569 1965 1622 sive
2001 1568 2125 1621 hor-

2228 1564 2351 1633 ηγέ,
2391 1565 2486 1616 καὶ
2547 1563 2672 1627 τοὺς
2714 1563 2942 1635 ἐχθροὺς
2971 1565 3269 1637 ἀναμένῃς,
3301 1565 3480 1617 ἐκεῖσε
3510 1565 3593 1619 δεῖ
3624 1566 3824 1636 εὐτρε-

546 1655 733 1720 deum,
758 1655 1139 1726 projumentis
1174 1656 1283 1711 tuis
1324 1672 1435 1725 pra:
1481 1672 1644 1709 manu
1686 1657 1911 1720 habeas,
1938 1670 2126 1726 quem-

2232 1654 2409 1718 πίζειν
2457 1655 2553 1709 καὶ
2588 1655 2903 1709 ἁποτιθὲναι
2932 1655 3145 1726 χόρτον,
3187 1656 3219 1727 ἢ
3276 1656 3498 1726 ἄχυρον,
3531 1656 3564 1726 ἢ
3618 1657 3826 1729 κριθὴν

548 1749 843 1803 admodum
881 1748 976 1801 tibi
1023 1748 1076 1801 in
1110 1748 1285 1817 capite
1318 1747 1392 1801 De
1437 1748 1626 1802 itinere
1659 1750 1921 1801 exercitus
1953 1748 2127 1818 expiio

2236 1749 2366 1815 μιᾶς
2392 1747 2426 1817 ἢ
2476 1746 2733 1815 δευτέρας
2768 1748 2981 1819 ἡμέρας
3018 1748 3129 1802 τῶν
3180 1748 3412 1817 ἀλόγων,
3451 1749 3525 1812 ὡς
3599 1750 3702 1820 ήδη
3741 1768 3825 1805 σοι

548 1840 687 1895 cavi.
713 1840 807 1894 Sin
824 1840 972 1895 illinc
992 1841 1057 1893 ad
1082 1841 1186 1894 alia
1209 1848 1388 1895 castra
1421 1842 1653 1895 transire
1678 1842 1935 1905 volueris,
1966 1841 2128 1895 unius

2234 1840 2326 1891 καὶ
2350 1841 2404 1892 ἐν
2436 1838 2513 1909 τῷ
2543 1840 2679 1908 Περὶ
2706 1842 3046 1908 ὁδοιπορίας
3077 1840 3356 1913 κεφαλαίῳ
3386 1841 3820 1912 πρώιεθέμεθα.

548 1932 746 1988 saltem
781 1931 888 1987 diei
922 1943 1286 1987 commeatum
1322 1947 1388 1986 eo
1431 1941 1607 1988 tecum
1656 1933 1869 2003 paleam
1902 1942 1998 1986 aut
2048 1931 2125 1987 fe-

2232 1934 2353 1985 Kai'
2372 1931 2533 1985 πάλιν
2558 1932 2653 1985 ἐὰν
2686 1932 2893 1986 ἐκεῖθεν
2930 1932 3197 2004 βουληθῇς
3225 1934 3305 1996 είς
3339 1931 3527 2003 ἕτερον
3551 1934 3824 1988 ἄπλικτον

550 2038 679 2076 num
730 2022 891 2087 feras,
929 2031 985 2077 et
1024 2022 1078 2075 in
1125 2022 1326 2077 castris
1366 2038 1620 2092 reponas,
1676 2038 1744 2077 ne
1793 2023 1931 2077 forte
1974 2023 2127 2093 pueri

2235 2023 2488 2076 ἀπελθεῖν
2546 2024 2639 2076 καὶ
2700 2023 2911 2076 ἐκεῖθεν
2964 2022 3427 2095 παρατάξασθαι,
3518 2026 3825 2093 ἀναγκαῖον

560 2114 874 2168 adminislri
924 2115 975 2168 vi
1024 2114 1093 2169 ab
1138 2114 1388 2169 hostibus
1426 2115 1795 2177 detineantur,
1837 2125 1891 2169 et
1934 2131 1997 2171 eo
2042 2116 2130 2169 die

2236 2117 2429 2187 χόρτον
2473 2115 2567 2168 καὶ
2605 2114 2805 2185 ἄχυρον
2836 2116 2940 2169 κᾶν
2973 2117 3100 2186 μιᾶς
3125 2117 3337 2187 ἡμέρας
3373 2116 3681 2187 βαστάζειν,
3726 2119 3822 2171 καὶ

548 2205 938 2274 prohibeantur
991 2205 1077 2260 vel
1136 2206 1396 2279 pabulum
1443 2208 1719 2279 colligere,
1752 2208 1837 2262 vel
1887 2207 2131 2277 iumenta

2239 2206 2409 2268 οὕτως
2440 2206 2497 2258 ἐν
2532 2222 2607 2275 τῳ
2638 2206 2906 2275 γινομένῳ
2934 2208 3189 2276 (poni-rip
3221 2206 3571 2261 ἀποτίθεσθαι
3601 2208 3817 2261 τοῦτον·

549 2295 617 2351 ad
654 2307 876 2367 pastum
908 2296 1133 2352 ducere.

2233 2300 2362 2361 toto;
2392 2297 2500 2367 γὰρ
2550 2300 2610 2350 οὺ
2645 2297 3050 2370 συγχωροῦνται
3103 2299 3208 2353 ὑπὸ
3233 2299 3338 2353 τῶν
3377 2299 3584 2370 ἐχθρῶν
3636 2298 3682 2353 oi
3739 2304 3819 2362 εἰς

548 2386 792 2441 δουλείαν
808 2388 1179 2459 ἀφωρισμένοι
1207 2389 1397 2454 παῖδες
1425 2390 1560 2462 αὐτῇ
1586 2392 1653 2461 τῇ
1682 2390 1863 2461 ἡμέρα
1893 2388 2126 2451 ἐξελθεῖν
2150 2390 2242 2443 καὶ
2270 2389 2681 2460 χορτολογῆσαι,
2700 2389 2822 2442 οὗτε
2845 2389 2899 2442 δέ
2918 2390 2985 2443 τὰ
3006 2390 3177 2458 ἄλογα
3200 2391 3278 2453 εις
3310 2388 3507 2460 βοσκὴν
3538 2391 3814 2445 ἐκϐαλεῖν.

620 2479 706 2533 l3.
730 2478 786 2533 Si
819 2480 1112 2535 admodum
1145 2496 1314 2551 prope
1365 2483 1551 2537 hostes
1601 2481 1825 2545 fuerint,
1870 2497 1978 2534 non
2024 2482 2119 2534 ab-

2295 2488 2383 2549 ιγ’.
2417 2482 2477 2533 Ei
2501 2481 2555 2533 δὲ
2590 2481 2681 2533 καὶ
2712 2481 2847 2534 πολὺ
2889 2479 3199 2548 ἐγγίζουσιν
3230 2484 3276 2533 oi
3318 2482 3523 2552 ἐχθροὶ.
3557 2484 3659 2536 οὐκ
3687 2484 3816 2536 ἄτο-

548 2571 776 2624 surdum
806 2572 911 2625 erit
960 2573 1207 2643 singulos
1242 2575 1442 2628 milites
1493 2575 1632 2628 inter
1681 2577 1918 2628 eundum
1952 2575 2122 2642 pabu-

2225 2588 2324 2625 πον
2349 2572 2404 2623 ἐν
2427 2570 2505 2640 τῷ
2540 2573 2883 2640 περιπατεῖν,
2915 2571 2990 2633 ὡς
3016 2572 3254 2641 εἴρηται,
3288 2572 3517 2626 ἕκαστον
3550 2574 3809 2642 συνάγειν

548 2663 659 2717 lum
701 2664 981 2732 colligere,
1016 2666 1143 2733 quia
1179 2666 1504 2733 castrisjatn
1536 2666 1750 2735 positis,
1780 2668 1826 2719 si
1864 2667 2018 2719 multi
2054 2681 2119 2719 ex

2220 2661 2313 2714 τὸν
2336 2661 2526 2731 χόρτον
2556 2661 2645 2714 τδν
2667 2661 2946 2731 ὀφείλοντα
2971 2662 3298 2731 ἁποτεθῆναι
3320 2677 3336 2695 '
3371 2664 3491 2717 οὐδὲ
3527 2664 3633 2736 γὰρ
3669 2667 3813 2735 μετὰ

550 2754 797 2807 hostibus
831 2755 1043 2823 equites
1076 2755 1301 2821 fuerint,
1338 2756 1492 2824 pueri
1524 2756 1834 2812 administri
1890 2758 2037 2815 exitu
2069 2766 2123 2812 et

2222 2754 2285 2805 τὸ
2336 2752 2662 2807 ἀπλικεῦσαι
2720 2754 2979 2816 πολλάκις
3055 2755 3462 2826 συγχωροῦνται
3521 2759 3567 2808 οἱ
3620 2759 3812 2820 παῖδες

548 2843 657 2901 feni
683 2844 983 2917 pabulique
1015 2847 1262 2904 sectione
1288 2847 1748 2920 prohibebuntur.

2232 2844 2471 2910 ἐξελθεῖν
2529 2844 2622 2898 καὶ
2673 2845 3086 2917 χορτολογῆσαι,
3130 2846 3391 2899 πλειόνων
3421 2847 3653 2915 μάλιστα
3706 2867 3810 2902 κι-

2234 2934 2538 3007 6αλλαρίων
2565 2934 2673 2988 τῶν
2698 2935 2908 3007 ἐχθρῶν
2938 2936 3364 3007 εὑρισκομένων.

626 3023 715 3077 Μ.
760 3020 865 3076 Par
899 3030 982 3078 est
1017 3023 1071 3078 in
1106 3039 1267 3079 casus
1302 3024 1561 3079 adversos
1601 3039 1741 3095 smpe
1796 3023 2021 3087 intueri,
2073 3032 2126 3078 et
2154 3038 2197 3097 (ς

2301 3028 2382 3083 ιδ’.
2415 3030 2522 3083 Καὶ
2558 3029 2673 3093 πῶς
2704 3032 2813 3099 γὰρ
2844 3030 2904 3082 οὑ
2950 3028 3157 3083 δίκαιον
3190 3029 3283 3082 καὶ
3322 3029 3391 3083 τὰ
3426 3032 3501 3092 εἰς
3548 3029 3806 3100 δευτεραν

547 3129 670 3187 qua:
700 3111 825 3167 inde
853 3113 1297 3183 perturbationes
1332 3116 1461 3170 oriri
1494 3128 1725 3186 possunt
1751 3118 2121 3186 considerare,

2226 3121 2397 3193 τύχην
2427 3122 2638 3192 ἁφορᾷν
2668 3121 2949 3185 πολλάκις,
2975 3122 3068 3174 καὶ
3095 3121 3193 3185 τὰς
3211 3119 3430 3181 ,ἐκεῖθεν
3458 3122 3806 3187 ἐναντιώσεις

548 3223 616 3262 ne
650 3214 840 3276 postea
876 3215 927 3261 te
951 3205 1145 3262 horum
1180 3207 1443 3277 pmnileat
1470 3225 1483 3262 :
1512 3210 1857 3280 maximeque
1887 3212 1951 3265 de
1974 3226 2125 3265 com-

2230 3212 2475 3275 σκοπεῖν,
2502 3210 3113 3281 καὶπροασφαλίζεσθαι
3137 3212 3204 3264 τὰ
3224 3210 3507 3280 μέλλοντα,
3534 3210 3608 3281 μὴ
3639 3228 3802 3281 μετα-

547 3307 725 3355 meatu
750 3306 804 3353 et
835 3297 1034 3370 pabulo
1060 3298 1293 3353 militum
1323 3309 1375 3354 et
1396 3300 1772 3370 iumentorum
1821 3302 2121 3368 laborabls,

2228 3301 2487 3372 μέλεσθαι
2526 3300 2772 3372 ὕστερον,
2814 3302 2908 3355 καὶ
2954 3301 3189 3375 μάλιστα
3221 3303 3321 3366 τὰς
3351 3301 3666 3373 ἀποτροφὰς
3690 3302 3790 3374 (7t)

545 3396 599 3443 ct
645 3397 825 3446 castra
889 3389 1100 3445 munita
1148 3404 1320 3460 pones
1375 3390 1588 3445 idoneis
1636 3391 1691 3446 in
1747 3390 1902 3458 locis,
1947 3394 2039 3447 ubi
2076 3394 2122 3449 si

2221 3393 2446 3464 ἡμερῶν
2479 3392 2674 3462 ὀλίγων
2711 3392 2820 3446 τῶν
2852 3410 2913 3447 τε
2972 3393 3319 3466 στρατιωτῶν
3377 3393 3492 3465 (77)
3550 3394 3643 3446 καὶ
3693 3394 3799 3447 τῶν

546 3479 768 3551 quando
794 3494 883 3535 res
920 3479 974 3535 id
1006 3480 1209 3551 exigat,
1238 3481 1322 3537 vel
1354 3497 1495 3553 aqua
1527 3482 1701 3552 ﬂuvii,
1737 3492 1831 3539 aut
1860 3486 2015 3540 locus
2037 3499 2124 3539 ar—

2224 3486 2452 3555 ἀλόγων,
2471 3486 2564 3539 καὶ
2588 3486 2831 3556 φοσσάτα
2854 3485 3029 3557 ὀχυρὰ
3052 3488 3229 3540 ποιεῖν
3254 3485 3585 3556 ἐπιτηδείοις
3614 3485 3797 3551 τόποις

544 3570 710 3635 duus,
739 3577 835 3625 aut
883 3570 990 3625 alia
1022 3571 1178 3625 tirma
1234 3573 1489 3639 munitio,
1531 3572 1825 3631 defendere
1854 3573 2120 3632 fossatum

2225 3578 2352 3633 ἔνθα
2374 3578 2623 3643 δυνατὸν,
2654 3579 2762 3633 εἴτε
2804 3577 2949 3650 ὕδωρ
2980 3576 3249 3648 ποταμοῦ,
3288 3579 3401 3631 εἴτε
3427 3577 3591 3642 τόπος
3615 3578 3796 3647 δυσχε-

546 3661 883 3733 temporibus
911 3662 1248 3720 necessariis
1275 3668 1473 3735 possit.

2230 3672 2354 3744 ρὴς,
2387 3672 2496 3725 εῐτε
2529 3670 2656 3724 ἄλλο
2704 3688 2757 3724 τι
2810 3670 3071 3743 ὀχύρωμα
3118 3670 3406 3725 διεκδικεῖν
3442 3671 3504 3725 τὸ
3533 3670 3794 3741 φοσσὰτον

2223 3765 2281 3817 ἐν
2304 3762 2482 3833 καιρῷ
2503 3762 2749 3833 ἀνάγκης
2769 3780 2783 3829 ;

617 3838 707 3892 15.
757 3838 1056 3898 Dimcultas
1118 3842 1386 3911 temporis
1435 3842 1480 3897 si
1524 3859 1643 3913 quae
1691 3845 1930 3916 pedestri
1986 3847 2124 3903 aciei

2298 3860 2379 3907 ιε’.
2433 3854 2521 3907 Ἐν
2552 3853 2608 3906 δέ
2638 3855 2749 3917 τοῖς
2773 3851 3093 3921 ἀναγκαίοις
3112 3850 3209 3905 τοῦ
3252 3850 3482 3915 πεζικοῦ
3532 3851 3790 3907 ἀπλίκτου

546 3928 845 4001 contingat,
879 3932 1056 3987 carris
1083 3941 1138 3988 et
1182 3933 1441 4001 plaustris
1468 3950 1656 3991 eorum
1686 3947 1863 3993 castra
1887 3940 2124 3995 circum-

2224 3946 2319 3998 καὶ
2374 3945 2472 4007 τὰς
2502 3942 2748 4014 ἀμάξας,
2786 3944 2861 4006 ὼς
2929 3944 3165 4013 εἴρηται,
3213 3941 3531 4012 περικύκλῳ
3570 3941 3794 3994 καθίστα

545 4018 694 4075 circa
725 4022 882 4090 quasi
911 4024 1050 4078 vallo
1091 4023 1371 4089 defendes,
1406 4025 1521 4080 sive
1558 4028 1795 4097 pedestri
1821 4031 1976 4096 aciei,
2011 4030 2124 4086 sive

2222 4036 2317 4090 τοῦ
2346 4036 2630 4101 ἁπλίκτου,
2673 4036 2782 4089 εἴτε
2804 4036 2863 4090 ἐν
2880 4035 3090 4106 πεζικῷ
3117 4034 3349 4107 στρατῷ,
3386 4035 3419 4104 ἦ
3452 4034 3543 4087 καὶ
3562 4033 3658 4087 ἐάν
3685 4035 3794 4087 sict

544 4112 814 4180 equestri,
856 4113 975 4168 sive
1014 4114 1289 4183 permistte
1315 4117 1631 4187 contingat,
1662 4129 1717 4173 et
1747 4120 1952 4175 circum
1981 4135 2124 4176 exae-

2223 4128 2318 4181 xa‘t
2343 4128 2401 4181 ἐν
2433 4126 2837 4198 καϐαλλαρικῷ,
2890 4125 2923 4196 ἢ
2957 4125 3276 4197 συμμίκτῳ,
3326 4125 3420 4177 καὶ
3470 4122 3789 4193 οἰκοδομεῖν,

544 4200 795 4259 dificabis
830 4217 931 4273 pro
956 4204 1062 4260 loci
1087 4206 1321 4274 ratione,
1357 4210 1815 4280 quemadmodum
1847 4226 1877 4266 a
1908 4227 1994 4267 me
2028 4228 2121 4268 su-

2221 4215 2299 4277 ὦς
2333 4232 2422 4284 μοι
2452 4215 2687 4286 εἴρηται,
2716 4214 2810 4267 ἐὰν
2830 4216 2857 4267 ὁ
2888 4214 3053 4276 τόπος
3088 4214 3210 4285 ἔχῃ,
3245 4214 3338 4268 καὶ
3365 4212 3566 4280 ἔξωθεν
3590 4206 3788 4283 τάφρον

542 4307 639 4363 pra
668 4302 753 4350 est
776 4294 1021 4364 dictum;
1056 4305 1110 4353 et
1142 4299 1386 4355 exterius
1422 4299 1624 4356 fossam
1660 4301 1862 4358 ducere
1893 4314 1959 4358 ad
1994 4304 2121 4359 lati.

2223 4311 2419 4373 ποιεῖν,
2455 4309 2688 4372 πλάτους
2720 4308 2819 4379 μὲν
2868 4307 3046 4361 ποδῶν
3076 4313 3116 4363 ι’
3169 4307 3201 4378 ἢ
3243 4313 3297 4371 ς’
3317 4323 3333 4339 ·
3370 4305 3569 4370 ἔξωθεν
3602 4303 3790 4375 βάθους

541 4386 786 4441 tudinem
825 4388 1070 4461 quinque
1115 4392 1313 4461 pedum
1366 4401 1461 4447 aut
1514 4408 1632 4459 sex,
1671 4394 1739 4449 ad
1782 4396 2119 4452 altitudinem

2193 4393 2281 4456 ’δὲ
2328 4402 2370 4466 ζ’
2418 4403 2451 4472 ἢ
2485 4400 2556 4473 η’,
2593 4403 2687 4454 καὶ
2728 4401 2789 4454 τὸ
2821 4401 2982 4472 χῶμα
3016 4402 3075 4452 ἐν
3099 4402 3164 4469 τῇ
3198 4397 3444 4469 ἐσωτὲρᾳ
3471 4396 3592 4466 ὄψει
3628 4395 3802 4465 τεθῆφε

542 4487 725 4534 autem
774 4490 983 4551 septem
1014 4492 1108 4539 aut
1163 4493 1287 4539 octo
1330 4487 1550 4554 pedum,
1582 4495 1633 4541 et
1669 4503 1916 4559 aggerem
1965 4488 2125 4545 fossze

2225 4510 2313 4547 ναι
2343 4510 2358 4525 ·
2392 4492 2594 4557 ἔξωθεν
2621 4492 2679 4545 δέ
2714 4492 2920 4561 ταύτης
2960 4491 3242 4562 τρισόλους
3290 4489 3384 4543 καὶ
3413 4488 3651 4550 λάκκους
3705 4504 3798 4555 tit--

544 4571 775 4627 interius
801 4573 1082 4642 conjicies,
1119 4583 1173 4630 et
1195 4584 1349 4631 extra
1381 4577 1522 4633 hanc
1562 4577 1763 4635 fossam
1799 4581 2031 4636 tribulos
2070 4592 2124 4637 et

2220 4586 2388 4656 κροὺς
2427 4585 2648 4655 ἔχοντας
2674 4584 2878 4647 πάλους
2900 4584 3050 4646 ἐντὸς
3079 4582 3486 4651 πεπηγμὲνους,
3513 4579 3607 4642 οὒς
3632 4579 3713 4631 δεῖ
3734 4579 3787 4632 ἐν

543 4661 729 4719 foveas
762 4678 958 4735 parvas
984 4667 1123 4735 palis
1157 4667 1341 4724 infixis
1388 4668 1576 4733 facies,
1612 4687 1733 4741 qua:
1769 4673 1837 4727 ab
1874 4672 2116 4727 exercitu

2221 4675 2419 4744 γνώσει
2438 4678 2613 4729 ποιεῖν
2635 4677 2745 4739 τοῖς
2768 4674 2866 4728 τοῦ
2895 4673 3149 4745 στρατοῦ,
3176 4674 3265 4727 διὰ
3288 4672 3349 4725 τὸ
3380 4671 3456 4743 μὴ
3466 4668 3788 4740 ἀγνοοῦντας

542 4756 801 4813 universo
836 4758 1230 4828 cognoscenda:
1259 4769 1408 4826 sunt,
1438 4777 1506 4817 ne
1528 4762 1747 4818 illorum
1771 4764 2115 4834 ignoratione

1298 4769 1408 4826 unt,
1438 4777 1506 4817 ne
1528 4762 1747 4818 illorum
1771 4764 2115 4834 ignoratione
2219 4767 2310 4820 ὑπ’
2340 4767 2521 4821 αὐτῶν
2553 4767 2907 4837 βλάπτεσθαι.

542 4847 829 4903 laedantur.

613 4938 701 4993 16.
750 4940 1005 4997 Ambitus
1066 4941 1281 5010 fossati,
1333 4944 1449 4999 sive
1503 4954 1835 5012 castrorum,
1882 4957 2116 5019 quatuor

2289 4952 2388 5009 ις’.
2414 4944 2601 5013 Ἕχειν
2627 4943 2685 4996 δὲ
2719 4943 2817 4996 καὶ
2874 4942 2972 5012 τὴν
3006 4940 3341 5011 περίμετρον
3368 4937 3464 4992 τοῦ
3519 4934 3781 5004 φοσσάτου

542 5036 729 5097 portas
753 5029 993 5100 majores
1020 5040 1072 5085 et
1120 5028 1365 5101 publicas
1396 5033 1614 5097 habeat,
1646 5037 1891 5104 portulas
1930 5045 2109 5091 autem

2216 5037 2487 5109 τέσσαρας
2522 5036 2619 5106 μὲν
2651 5036 2805 5107 παρᾶ
2835 5036 2933 5098 τὰς
2957 5034 3068 5106 (78)
3101 5031 3473 5102 μεγαλοτέρας
3505 5028 3597 5085 καλ⁸
3619 5027 3785 5098 δημοο

540 5134 737 5189 parvas
775 5128 1040 5191 praterea
1084 5124 1410 5194 complures.
1448 5123 1611 5180 Juxta
1668 5141 2112 5196 unamquamque

2221 5129 2362 5190 σίας,
2390 5126 2743 5196 παραπόρτωι
2773 5126 2830 5183 δέ
2867 5125 3039 5194 μικρὰ
3081 5123 3325 5186 πλείονα,
3368 5122 3462 5177 καὶ
3512 5115 3793 5201 καθ’ἑκά-ἐ

541 5222 773 5279 portam,
817 5213 867 5268 id
890 5225 995 5281 est,
1031 5230 1337 5286 egressum,
1369 5216 1658 5285 prtefectus
1695 5218 1896 5287 aliquis
1929 5226 2108 5272 castra

2221 5238 2352 5289 στην
2381 5219 2587 5285 πόρταν
2621 5220 2788 5289 ἤγουν
2821 5216 2996 5281 ἔξοδον
3015 5215 3158 5285 ἔχειν
3186 5214 3423 5284 ἄρχοντα
3442 5210 3533 5269 τὸν
3559 5207 3781 5278 πλησίον

540 5313 705 5372 ponat
728 5305 795 5359 ad
820 5305 938 5376 eius
963 5306 1292 5362 custodiam.
1327 5305 1561 5364 Interius
1584 5320 1764 5365 autem
1784 5310 1937 5380 juxta
1962 5308 2111 5378 ipsos

2215 5311 2577 5367 ἀπλικεύοντα
2637 5310 2774 5381 πρὸς
2825 5308 3224 5380 παραφυλακὴν
3274 5304 3464 5375 αὐτῆς.
3531 5304 3677 5357 Ἔσω
3730 5298 3784 5351 δὲ

2049 5421 2284 5479 NOTAE.

722 5508 838 5589 Τρς
854 5510 1216 5580 ἀποτροφάς·
1232 5513 1604 5589 Scribebgtur,
1619 5516 1716 5589 τᾲς
1730 5515 2096 5589 ἀποστροφάς.

854 5510 1216 5580 ἀποτροφάς.
1232 5513 1604 5589 Scribebgtur,
1619 5516 1716 5589 τᾲς
1730 5516 1872 5572 ἁποσ
1883 5515 2096 5589 τροφάς.
2209 5517 2455 5589 στρατόν.

588 5578 697 5649 (77)
748 5580 869 5635 Ἰῖῶν
916 5578 1426 5652 τοστρατιωτῶν.
1468 5578 1848 5653 Scl'ibebatur,
1891 5578 1998 5640 τόγ’
2029 5578 2088 5641 τε

1614 5587 1848 5653 rebatur,
1891 5578 1998 5640 ξύν’
2029 5578 2088 5641 τε
2271 5578 2384 5655 (78)
2414 5588 2575 5656 Παρὰ
2594 5585 2724 5653 τάς.
2750 5584 2965 5653 Scribe,
2996 5582 3223 5656 πόρτας.
