4074 6222
318 248 424 315 79η

1386 242 1723 303 TACTICA.
1766 267 1829 274 -
1868 190 2369 299 CONSTITUTIO
2405 238 2510 298 XI.

3471 236 3578 302 798

318 364 447 436 παρ’
472 361 643 427 αὑτᾶς
670 362 766 427 τὰς
795 363 1010 434 ἁμάξας
1044 363 1141 428 τὰς
1174 364 1280 417 τῶν
1305 363 1479 433 ψιλῶν
1502 362 1693 422 τὲντας
1721 359 1897 421 ἁπλᾶς

2017 371 2189 413 :an'os
2214 355 2437 421 levium,
2478 354 2531 408 id
2556 360 2658 418 est,
2685 351 3049 423 juculatorum
3081 360 3135 407 et
3159 337 3573 426 sagittariorum

319 454 755 525 παρακειμένας,
804 456 971 524 ἤγουν
1024 453 1132 508 τῶν
1169 471 1228 507 τε
1280 454 1613 509 ἀκοντιστῶν
1654 454 1750 507 καὶ
1792 455 1901 504 τῶν

316 545 569 613 τοξοτῶν,
602 547 698 599 καὶ
728 546 822 599 ἀπ’
841 546 1062 603 ἐκείνων
1086 545 1338 617 εὔκαιρον
1363 546 1635 615 διάστημα
1670 542 1806 617 (79),
1829 542 1904 605 ὡς

320 637 498 691 ποδῶν
522 644 589 704 τ’,
622 638 655 708 ἢ
688 635 752 703 υ’,
780 637 875 691 καὶ
918 637 1040 691 τότε
1072 637 1171 701 τὰς
1208 637 1399 700 λοιπὰς
1430 636 1666 709 ταγῆναι
1688 635 1903 696 τέντας,

318 730 461 783 ὥστε
513 731 571 783 ἐν
630 733 748 794 ταῖς
784 729 891 783 τῶν
940 730 1148 801 ἐχθρῶν
1192 729 1427 794 τοξείαις
1469 728 1545 801 μὴ
1578 727 1904 798 πλήττεσθαι

318 821 419 885 τὰς
451 823 509 875 ὲν
542 821 620 894 τῷ
669 823 840 893 μέσῳ,
863 822 991 877 ἀλλ’
1031 824 1089 877 ὲν
1124 820 1200 891 τῷ
1239 821 1478 893 εὐκαίρῳ
1502 821 1651 890 τόπῳ
1687 820 1905 875 πίπτειν

318 914 419 978 τὰς
446 916 732 984 σαγίττας.

398 1002 593 1070 ις’.Ἐν
615 1003 691 1074 τῷ
726 1002 874 1073 μέσῳ
900 999 958 1057 δὲ
979 999 1071 1056 τοῦ
1104 999 1374 1069 φοσσὰτου
1406 999 1731 1071 σταυροειδῆ
1766 999 1904 1053 πλα-

320 1096 474 1147 τεῖαν
506 1088 646 1147 εἷναι
693 1091 949 1165 στράταν,
998 1091 1061 1144 τὸ
1103 1090 1304 1154 πλάτος
1340 1088 1392 1163 μ’
1425 1090 1458 1160 ἢ
1510 1087 1551 1143 ν’
1576 1089 1777 1157 ποδῶν,
1812 1090 1909 1145 καὶ

323 1184 479 1239 ἐνθεν
530 1182 786 1239 κάκεῖθεν
840 1181 1212 1255 παρακεῖσθαι
1264 1181 1401 1252 αὐτῇ
1436 1181 1538 1245 τὰς
1580 1182 1772 1244 τέντας
1813 1184 1906 1253 ῥυ-

327 1277 557 1348 μοειδῶς
617 1275 739 1331 κατ’
762 1275 969 1349 δρδινον
996 1274 1225 1346 ἐχούσας
1279 1274 1451 1338 αὑτὰς
1482 1275 1663 1344 ὀλίγον
1694 1275 1790 1329 ἀπ’
1815 1274 1909 1329 ἀλ-

323 1369 505 1441 λήλων
534 1368 830 1439 διάστημα,
855 1368 950 1422 καὶ
973 1368 1205 1422 ἕκαστον
1223 1367 1579 1443 τουρμάρχην
1601 1366 1768 1440 μέσον
1797 1368 1907 1423 τῶν

328 1460 421 1512 ὑπ’
444 1458 615 1513 αὑτὸν
647 1457 983 1514 ἀπλικεύειν.

400 1549 490 1621 ιη’.
530 1550 599 1602 Σὲ
626 1549 682 1603 δὲ
710 1550 800 1603 τὸν
830 1549 1137 1621 στρατηγὸν
1170 1550 1250 1613 εἰς
1284 1549 1342 1602 ιν
1372 1549 1560 1619 μέρος,
1607 1549 1702 1604 καὶ
1746 1550 1821 1621 μὴ
1850 1553 1907 1604 ἐν

323 1639 405 1710 τῷ
436 1640 586 1711 μέσῳ
610 1640 709 1710 τῆς
752 1638 1031 1706 πλατείας,
1064 1640 1149 1695 ἵνα
1183 1638 1259 1711 μὴ
1290 1639 1383 1695 καὶ
1410 1642 1477 1713 τῇ
1509 1641 1650 1713 μέσῃ
1682 1641 1906 1709 ἐμποδί-

327 1697 587 1807 ζξξξπρδς
622 1697 853 1800 παροδον
880 1697 1107 1786 καὶνῦπὸ
1143 1697 1259 1785 τῶν.
1289 1697 1725 1805 παρερχομένων
1749 1731 1911 1803 ὀχλῆ-
1945 1697 1985 1750 Β

327 1839 442 1875 σαι.
481 1823 620 1887 Τοὺς
657 1824 714 1875 δὲ
747 1821 1175 1894 καϐαλλαρίους,
1208 1824 1303 1877 ὲάν
1326 1824 1549 1895 γένηται
1579 1825 1769 1898 καιρὸς
1799 1825 1912 1877 eis-

328 1914 528 1987 ελθεῖν,
577 1916 635 1969 ὲν
670 1915 746 1987 τῷ
776 1916 930 1987 μέσῳ
980 1915 1075 1971 τοῦ
1123 1914 1394 1985 φοσσάτου
1429 1915 1768 1982 ἀπλικεύειν,
1818 1916 1914 1971 καὶ

333 2007 411 2079 μὴ
432 2009 489 2060 ὲν
516 2008 629 2071 τοῖς
653 2006 866 2078 ἄκροις.

405 2095 490 2152 ιϐ’.
523 2099 657 2161 Τοὺς
703 2099 759 2152 δὲ
808 2097 1259 2170 χρησιμωτέρους
1316 2097 1423 2150 τῶν
1464 2098 1722 2169 κομήτων
1773 2098 1913 2171 μετὰ

331 2186 440 2242 τῶν
476 2188 565 2241 ὑπ’
588 2189 783 2252 αὐτοὺς
815 2188 1114 2257 ταγμάτων
1160 2190 1240 2251 εἰς
1291 2188 1389 2251 τὰς
1415 2188 1621 2258 πόρτας
1649 2187 1746 2240 τοῦ
1776 2205 1911 2258 φοσ-

336 2281 497 2335 σάτον
523 2278 902 2351 ἁφορίζεσθαι,
931 2278 1071 2332 ὥστε
1101 2278 1240 2349 μετὰ
1262 2279 1358 2342 τὰς
1390 2279 1681 2349 έσπερινὰς
1714 2279 1913 2349 μίσσας

337 2372 543 2442 μηδένα
597 2371 819 2442 θαρρεῖν
852 2370 1013 2441 μέχρι
1043 2369 1137 2423 τοῦ
1176 2369 1463 2440 δεδομένου
1501 2370 1728 2440 σημείου
1763 2372 1913 2441 παρὰ

334 2464 558 2534 γνώμην
588 2461 681 2515 τοῦ
730 2460 1037 2534 στρατηγοῦ
1086 2461 1266 2517 αὐτῶν
1298 2460 1645 2535 είσὲρχεσθαι
1689 2462 1722 2534 ἢ
1759 2462 1913 2535 ἐξέρ-

335 2555 527 2626 χεσθαι
557 2558 613 2608 ὲν
638 2553 716 2625 τῷ
741 2554 1014 2625 φοσσάτῳ.

406 2644 479 2701 κ’.
528 2645 638 2710 Τὰς
676 2646 734 2701 δὲ
782 2645 1101 2717 νυκτερινὰς
1155 2645 1346 2717 βίγλας
1378 2645 1489 2700 τῶν
1535 2647 1915 2719 καϐαλλαρίων

338 2737 541 2791 ἔσωθεν
569 2738 738 2791 ὄντων
767 2736 1024 2807 ἀσφαλῶς
1059 2737 1326 2805 γίνεσθαι.
1356 2738 1626 2800 Ἕκαστος
1668 2737 1724 2791 δὲ
1753 2755 1913 2810 τουρ-

343 2827 558 2898 μάρχης
585 2827 668 2881 ἵνα
699 2826 830 2880 ῐδιον
867 2825 1175 2898 μανδάτορα
1209 2827 1469 2898 ἁφορίσῃ,
1507 2827 1648 2880 ὥστε
1672 2823 1810 2880 εἶναι
1836 2829 1918 2891 είς

338 2918 438 2988 τὴν
472 2918 672 2988 κόρτην
719 2915 812 2971 τοῦ
847 2915 1154 2988 στρατηγοῦ
1188 2916 1641 2987 προσεδρεύοντα.
1687 2917 1916 2988 Ὁμοίως

341 3008 402 3061 δὲ
419 3010 656 3072 καὶτοὺς
676 3007 1068 3080 δρουγγαρίους
1092 3007 1188 3061 καὶ
1219 3008 1469 3079 κόμητας
1499 3010 1579 3071 είς
1602 3008 1698 3079 τὴν
1727 3008 1917 3062 τένταν
1945 3048 1989 3106 C

341 3095 437 3151 τοῦ
458 3099 823 3172 τουρμάρχουο
853 3100 939 3153 ἵνα
956 3098 1043 3154 διὰ
1071 3098 1275 3154 τούτων
1308 3099 1589 3171 συντόμως
1610 3097 1918 3167 γινώσκωσι

344 3191 546 3255 πάντες
564 3192 631 3246 τὰ
660 3190 1038 3266 ὲντελλόμενα.

415 3288 521 3339 καί.
548 3283 732 3354 Ἐχειν
752 3283 808 3337 δέ
834 3301 915 3351 σε,
942 3280 986 3340 ῶ
1016 3284 1311 3358 στρατηγέ,
1343 3284 1474 3358 περὶ
1522 3283 1714 3339 ἑαυτὸν
1738 3283 1922 3355 βουκι-

346 3373 574 3447 νὰτορας
601 3377 696 3431 καὶ
726 3377 937 3447 μικρῶν
964 3378 1229 3449 βουκίνων
1253 3379 1347 3432 καὶ
1388 3379 1661 3449 μεγάλων,
1694 3378 1789 3433 καὶ
1826 3376 1920 3431 τοῦ

346 3467 649 3538 εἰθισμένου
679 3468 926 3541 βουκίνου
957 3469 1309 3533 σαλπίζοντος
1339 3470 1467 3540 περὶ
1490 3469 1731 3540 ἑσπέραν
1751 3466 1922 3522 παῦε-

349 3560 471 3614 σθαι
516 3561 624 3615 τῶν
669 3562 870 3630 πόνων,
907 3561 1002 3617 καὶ
1025 3559 1377 3625 δειπνοῦντας
1411 3559 1629 3629 ψάλλειν
1653 3560 1748 3615 τὸν
1772 3575 1921 3631 τρισ-

354 3653 508 3721 ἀγιον
544 3652 713 3723 ῦμνον
740 3653 872 3724 (80).

417 3744 521 3817 κβ’.
557 3746 935 3818 Ἀφορίζεσθαι
959 3744 1015 3799 δὲ
1042 3743 1136 3799 καί
1173 3760 1324 3808 τινας
1354 3742 1554 3809 ίδικούς
1591 3761 1685 3797 σου
1710 3743 1921 3815 ἀνθρώ-

348 3853 482 3900 πους
529 3839 770 3901 πιστοὺς,
811 3838 897 3891 ἵνα
927 3836 1385 3907 καταμανθάνωσι
1439 3835 1539 3899 τὰς
1584 3836 1793 3907 βίγλας,
1828 3836 1922 3890 καὶ

352 3932 486 3987 πᾶσι
521 3929 940 4003 παραγγέλλωσι
971 3928 1180 4000 σιωπὴν
1224 3930 1388 3999 ἔχειν,
1410 3926 1551 3981 ὥστε
1579 3928 1638 3995 ἐξ
1659 3928 1937 3999 ὀνόματος

356 4022 431 4093 μὴ
452 4022 672 4095 θαρρεῖν
712 4023 854 4095 μετὰ
883 4021 1133 4094 κραυγῆς
1167 4020 1352 4075 καλεῖν
1374 4020 1465 4073 τὸν
1488 4020 1704 4090 ἑταῖρον
1731 4019 1919 4073 αὐτοῦ·

354 4113 525 4166 πολλὰ
552 4114 661 4185 γὰρ
686 4115 755 4168 τὰ
787 4114 851 4168 ὲκ
886 4114 986 4184 τῆς
1017 4113 1226 4182 σιωπῆς
1255 4111 1455 4182 ἀγαθά.
1490 4112 1601 4167 Καὶ
1619 4113 1701 4166 ὅτι
1727 4111 1925 4167 πολλά-

351 4222 442 4271 κις
479 4206 817 4262 κατάσκοποι
873 4206 1152 4278 πολεμίων
1195 4206 1260 4259 ἐκ
1285 4204 1473 4261 τούτου
1505 4205 1601 4259 τοῦ
1628 4204 1829 4276 τρόπου
1866 4206 1925 4259 ἐν

352 4298 434 4371 τῷ
471 4299 819 4371 στρατοπέδῳ
842 4299 1199 4362 λανθάνοντες
1240 4297 1605 4368 ἐφωράθησαν
1635 4297 1729 4351 καὶ
1754 4299 1921 4369 ἐκρα-

2007 448 2288 519 simpliees
2309 455 2506 511 tentas,
2545 445 2661 499 sive
2683 445 2919 500 tentoria
2951 459 3150 517 ponas,
3181 453 3235 499 et
3256 459 3286 498 a
3317 444 3579 498 eurrihus

2006 547 2401 601 trecentorum,
2436 546 2529 593 aut
2559 532 3044 605 quadragintorum
3070 534 3263 603 pedum
3290 531 3579 586 intervallo

2006 632 2292 693 distantes,
2322 639 2546 699 tumque
2592 628 2811 699 reliqua:
2843 628 2915 685 ita
2951 626 3354 683 constituantur
3394 636 3577 685 tentm.

2007 723 2059 776 id
2088 732 2191 788 est,
2218 721 2469 786 tentoria,
2503 730 2560 774 ut
2583 720 2711 773 dum
2764 720 2948 775 hostes
2969 718 3447 791 sagittasjaciunt.
3476 720 3579 775 mi-

2007 830 2110 871 nus
2145 815 2200 868 in
2232 813 2411 869 medio
2438 812 2717 867 collocata:
2744 819 2906 865 tentze
2932 809 3224 878 feriantur,
3257 810 3351 866 sed
3376 823 3581 881 Oppor-

2009 916 2143 963 tuno
2175 906 2229 961 in
2255 906 2374 961 loco
2409 906 2619 974 sagitta“:
2655 906 2875 960 cadant.

2080 997 2171 1054 17.
2208 996 2268 1052 ln
2304 998 2483 1053 medio
2517 1008 2820 1053 castrorum
2847 996 3021 1068 platea
3049 1005 3220 1052 strata
3249 996 3319 1053 sit
3353 996 3420 1052 ad
3453 1012 3583 1051 cru-

2007 1090 2087 1147 cis
2121 1090 2351 1145 l'ormam
2396 1097 2730 1152 transversa,
2766 1089 3124 1163 quadraginta
3153 1090 3264 1159 {aut
3310 1089 3587 1162 quinqua-

2009 1181 2158 1253 ginta
2204 1182 2402 1252 pedum
2436 1181 2745 1246 latitudine,
2790 1190 2843 1235 et
2885 1181 3014 1238 hinc
3071 1192 3235 1250 atque
3278 1180 3428 1237 illinc
3472 1189 3587 1236 ten-

2009 1281 2080 1330 ta:
2116 1280 2170 1328 et
2217 1281 2418 1338 castra,
2450 1271 2590 1328 serie
2621 1270 2857 1341 quadam
2899 1283 2951 1327 et
2982 1271 3175 1325 ordine
3221 1271 3583 1341 compitorum

2009 1377 2041 1417 a
2077 1377 2138 1419 se
2167 1363 2427 1421 distantia
2475 1370 2773 1433 ponantur.
2818 1360 3213 1431 Unusquisque
3251 1371 3435 1416 autem
3467 1369 3587 1414 tur-

2009 1470 2114 1511 mae
2146 1454 2439 1525 praefectus
2467 1456 2520 1509 in
2548 1455 2726 1509 medio
2748 1469 2973 1509 suorum
3002 1463 3179 1509 castra
3212 1453 3431 1512 habeat.

2079 1548 2166 1606 18.
2201 1547 2281 1603 Tu
2335 1563 2485 1611 vero.
2525 1548 2843 1617 imperator,
2886 1563 2994 1602 una
3024 1548 3205 1617 aliqua
3235 1562 3298 1601 ex
3325 1556 3501 1616 parte,
3532 1556 3589 1602 et

2010 1653 2117 1694 non
2176 1638 2229 1694 in
2269 1638 2446 1693 media
2486 1638 2662 1708 platea
2716 1649 2897 1693 castra
2942 1637 3167 1703 habeas,
3221 1653 3294 1694 ne
3352 1638 3586 1693 aliorum

2015 1729 2211 1785 itinera
2256 1738 2307 1784 et
2340 1729 2629 1784 transitum
2666 1728 2952 1799 impedias,
2995 1740 3164 1800 tuque
3200 1730 3311 1799 ipse
3341 1745 3371 1783 a
3403 1739 3591 1786 trans-

2013 1820 2273 1878 euntibus
2317 1820 2655 1891 perturbere.
2698 1819 2953 1891 Equites,
3011 1821 3062 1875 si
3107 1822 3488 1891 opportunitas
3533 1822 3590 1876 id

2014 1912 2176 1977 ferat,
2208 1914 2264 1970 in
2289 1911 2487 1970 mediis
2518 1913 2737 1980 castris,
2769 1921 2824 1970 et
2845 1928 2954 1970 non
2984 1914 3041 1970 in
3068 1914 3351 1985 extremis,
3383 1915 3591 1973 consti-

2016 2016 2159 2063 tues.

2085 2098 2170 2155 l9.
2211 2099 2543 2169 Aptissimos
2571 2114 2788 2169 quoque
2830 2099 3061 2156 comites
3088 2116 3213 2155 cum
3245 2102 3363 2157 suis
3391 2102 3588 2156 cohor-

2017 2192 2160 2249 tibus
2194 2190 2258 2246 ad
2294 2200 2481 2261 portas
2514 2191 2708 2248 fossati
2762 2192 3084 2261 collocabis,
3116 2202 3185 2250 ut.
3208 2202 3335 2264 post
3364 2208 3589 2263 vesper-

2018 2281 2158 2336 tinas
2197 2281 2395 2337 missas
2440 2296 2602 2337 neruo
2642 2281 2845 2339 audeat
2884 2295 3080 2354 prater
3110 2283 3455 2353 imperatoris
3497 2300 3590 2339 vo-

2017 2372 2299 2440 luntatcm,
2341 2372 2450 2429 nisi
2501 2373 2628 2429 dato
2678 2376 2839 2445 signo
2890 2375 3121 2445 ingredi,
3174 2385 3268 2433 aut
3312 2391 3343 2431 e
3378 2374 3591 2431 fossato

2016 2465 2219 2534 egredi.

2086 2638 2175 2693 20.
2216 2638 2512 2696 Nocturnae
2538 2642 2785 2713 equitum
2820 2642 3068 2697 excubiae
3097 2643 3243 2697 intus
3273 2651 3390 2699 tuto
3435 2643 3582 2702 (iant.

2022 2730 2410 2803 Unusquisque
2471 2734 2785 2788 turmarcha
2855 2750 3018 2790 suum
3091 2736 3467 2791 mandatorcm
3523 2738 3587 2791 ad

2022 2824 2367 2895 imperatoris
2409 2826 2691 2881 cohortem
2737 2827 3012 2894 amandet,
3062 2837 3122 2883 ut
3153 2826 3224 2883 ibi
3258 2841 3594 2898 permaneat.

2022 2915 2284 2971 Similiter
2315 2916 2623 2985 drungarii,
2668 2917 2720 2972 id
2765 2926 2850 2974 est
2900 2919 3106 2975 tribuni
3133 2930 3187 2975 et
3230 2919 3483 2986 comites,
3526 2922 3596 2976 ad

2024 3009 2462 3063 turmarcharum
2498 3018 2678 3063 castra
2707 3023 2839 3064 suos
2874 3011 3112 3074 mittant,
3154 3019 3213 3065 ut
3253 3026 3350 3079 per
3379 3027 3477 3068 eos
3506 3027 3598 3067 ce-

2024 3099 2211 3156 leriter
2238 3108 2596 3169 cognoscant,
2628 3114 2752 3169 qua:
2780 3100 2988 3169 agenda
3019 3109 3170 3155 sunt.

2091 3276 2181 3331 2|.
2237 3275 2452 3332 Habeas
2495 3286 2699 3342 tecum,
2750 3292 2784 3332 ο
2835 3276 3155 3348 imperator,
3212 3277 3601 3337 buccinatores

2022 3376 2137 3424 tum
2171 3368 2440 3438 majorum
2470 3369 2854 3434 buccinarum,
2886 3378 3001 3423 tum
3030 3368 3329 3437 minorum,
3369 3378 3425 3425 et
3455 3385 3594 3427 con—

2021 3469 2179 3514 sueta
2210 3459 2443 3514 buccina
2496 3459 2704 3527 vesperi
2741 3469 2994 3523 sonante,
3038 3460 3293 3515 desinant
3331 3476 3364 3516 a
3391 3461 3591 3518 labori-

2025 3549 2151 3615 bus,
2197 3556 2253 3601 ct
2317 3548 2409 3602 ub'i
2476 3548 2836 3613 coenaverint,
2881 3551 3183 3622 τρισάγιον,
3239 3552 3294 3608 id
3359 3562 3464 3619 est,
3516 3562 3597 3610 ter

2023 3648 2272 3695 sanctum
2302 3638 2563 3710 hymnum
2596 3637 2709 3711 (8t)
2744 3650 2967 3696 canant.

2093 3729 2183 3785 22.
2242 3727 2523 3795 Quosdam
2582 3728 2747 3785 etiam
2821 3729 3130 3802 singulares
3198 3732 3348 3790 viros
3409 3733 3598 3790 ﬁdeles

2024 3824 2353 3889 constitues,
2420 3830 2479 3877 ut
2534 3821 2798 3879 excubias
2847 3824 3199 3893 perlustrent,
3242 3834 3297 3880 et
3339 3825 3597 3882 erunibus

2024 3918 2343 3988 praecipiant
2392 3916 2698 3983 silentium,
2732 3926 2791 3971 ut
2836 3933 2905 3973 ne
2945 3918 3167 3974 nomine
3190 3918 3480 3990 quisquam
3507 3934 3598 3977 so-

2028 4011 2173 4067 cium
2207 4025 2369 4066 suum
2418 4008 2692 4079 appellare
2735 4010 2967 4076 audeat;
3025 4010 3196 4066 multa
3226 4012 3373 4067 enim
3423 4026 3491 4067 ex
3520 4013 3599 4073 si-

2026 4102 2190 4159 lentio
2218 4103 2361 4159 bona
2397 4102 2846 4172 proﬁciscuntur.
2886 4102 3141 4174 Perszepe
3177 4104 3324 4159 enim
3355 4104 3425 4163 ad
3451 4105 3600 4162 hunc

2027 4194 2248 4251 modum
2294 4194 2532 4251 hostium
2579 4195 2956 4265 speculatores
2999 4196 3325 4266 deprehensi
3351 4197 3408 4253 in
3443 4212 3602 4259 exer-

2027 4288 2134 4341 citu
2184 4297 2346 4355 atque
2398 4285 2535 4340 adeo
2573 4286 2717 4355 capti
2766 4294 2918 4351 sunt,
2958 4288 3422 4356 quemadmodum
3466 4302 3602 4345 con-

354 4390 618 4462 τήθησαν,
654 4390 842 4462 ῶσπερ
878 4392 973 4445 καὶ
1012 4391 1075 4443 ὲκ
1098 4392 1194 4461 τῆς
1223 4390 1469 4463 κραυγῆς
1500 4387 1673 4442 πολλὰ
1689 4387 1759 4445 τὰ
1786 4404 1918 4459 συμα

2031 4387 2109 4433 tra
2150 4392 2217 4433 ex
2252 4377 2491 4432 clamore
2530 4384 2586 4431 et
2624 4376 2859 4431 tumultu
2902 4378 3071 4432 multa
3112 4394 3255 4448 saepe
3283 4378 3427 4433 mala
3456 4379 3601 4435 exsi-

354 4484 606 4541 σαίνοντα
622 4484 880 4557 βλαϐερά.
1866 4526 1871 4529 Α

425 4576 531 4646 κγ’.
570 4577 820 4631 Κωλύειν
869 4576 927 4631 δὲ
978 4576 1072 4631 καί
1104 4577 1204 4638 τὰς
1227 4575 1507 4645 ὀρχήσεις,
1550 4574 1647 4629 καὶ
1695 4572 1929 4644 μάλιστα

2061 4478 2201 4525 lunt.

2061 4484 2081 4524 ι
2124 4484 2201 4525 ιιι.

2029 4484 2056 4526 8
2087 4486 2188 4619 025.
2219 4564 2518 4622 Prohibeas
2555 4565 2721 4621 etiam
2771 4564 3050 4622 orcheseis
3097 4563 3213 4635 (82)
3264 4572 3322 4621 et
3362 4563 3600 4621 maxime

354 4670 451 4732 τὰς
482 4669 797 4739 ἑσπερινὰς,
826 4670 921 4724 καὶ
944 4668 1073 4724 ἄλλο
1101 4669 1155 4722 εῐ
1175 4686 1228 4722 τι
1251 4666 1524 4735 παίγνιον,
1555 4665 1632 4729 ὡς
1662 4665 1739 4736 μὴ
1767 4665 1918 4736 μόνον

2029 4667 2350 4723 nocturnas,
2400 4667 2455 4714 et
2490 4659 2534 4713 si
2566 4659 2697 4729 quid
2734 4658 2885 4714 aliud
2916 4656 3185 4713 ludicrum
3214 4665 3315 4724 est,
3341 4670 3467 4727 qum
3490 4670 3603 4713 non.

353 4760 628 4829 ἀκόσμους
663 4762 756 4815 καὶ
792 4761 1154 4831 θορυϐοειδεῖς
1204 4758 1470 4815 ποιοῦντα
1509 4757 1759 4824 ἀταξίας,
1789 4757 1918 4812 ἀλλὰ

2030 4747 2209 4804 solum
2241 4748 2527 4803 indecoras
2581 4758 2638 4803 et
2669 4747 3051 4827 tumultuosa:
3096 4744 3308 4801 ordinis
3382 4750 3603 4813 perturo

354 4852 449 4905 xui.
474 4851 674 4915 κόπους
702 4853 995 4922 ἀνωφελεῖς
1026 4852 1352 4923 παρέχοντα.

2033 4841 2281 4899 [ultiones
2325 4839 2556 4906 faciunt,
2602 4840 2697 4897 sed
2730 4840 2896 4896 etiam
2932 4838 3147 4895 labores
3186 4836 3409 4892 inutiles
3458 4848 3602 4905 pra:-

692 4989 701 4996 .
2030 4938 2180 4991 bent.

426 5030 525 5084 κδ’.
562 5031 688 5085 Ἐὰν
725 5031 783 5085 δὲ
825 5030 1027 5102 μέλλῃς
1080 5028 1341 5101 μεθιστᾷν
1391 5030 1472 5092 είς
1529 5029 1716 5101 ἓτερον
1761 5028 1918 5082 τόπον

2099 5029 2190 5084 24.
2223 5028 2283 5085 Si
2309 5028 2613 5085 exercitum
2661 5043 2693 5083 a
2720 5027 2917 5084 castris
2962 5025 3031 5080 ad
3072 5023 3180 5079 alia
3208 5033 3388 5079 castra
3424 5030 3603 5077 trans-

357 5120 467 5173 ἀπὸ
487 5121 752 5176 ἀπλίκτου
774 5121 839 5175 τὸ
874 5123 1213 5192 στράτευμα,
1247 5121 1341 5175 καὶ
1375 5119 1541 5189 βούλη
1584 5119 1767 5175 λαθεῖν
1798 5119 1918 5180 τοὺς

2035 5121 2177 5176 ferre
2206 5121 2387 5191 cupis,
2432 5122 2596 5191 idque
2641 5119 2781 5174 clam
2818 5119 3005 5174 hostes
3049 5115 3249 5181 facere,
3293 5113 3378 5169 vel
3418 5112 3617 5168 locum:

356 5212 667 5285 πολεμίους,
696 5216 730 5289 ἢ
758 5216 957 5278 τόπους
984 5215 1215 5285 ὀχυροὺς
1247 5210 1760 5284 προκαταλαϐέσθαι
1798 5226 1918 5281 προ-

2033 5208 2268 5279 aliquem
2315 5210 2533 5264 ﬁrmum
2605 5207 2856 5263 hostibus
2903 5205 3197 5277 praeripere
3245 5202 3454 5269 studes,
3508 5210 3606 5255 aut

1882 5301 2115 5358 NOTAS.

430 5398 542 5471 (79)
571 5399 869 5469 Ε-ΰκαιρὸν
925 5397 1246 5468 διάστημα.
1311 5395 1685 5462 Scribebatur,
1739 5395 1918 5465 καιρδι

2111 5392 2225 5471 (gl)
2263 5393 2375 5471 Hoc
2400 5402 2504 5471 es},
2537 5390 2882 5471 saltationes,
2910 5389 3165 5471 choreas.

354 5451 842 5543 etaiéiﬁrla'gm'm
916 5538 927 5543 _
992 5451 1040 5453 ⁷“
1110 5451 1170 5543 ⁷“’,
1331 5451 1360 5543 ⁷-
1830 5451 1850 5543 _'

2038 5534 2052 5543 -
2112 5451 2225 5535 (82}
2263 5451 2692 5543 Trisagionﬁnon
2717 5541 2723 5543 Δ
2745 5470 2825 5516 est
2852 5451 3089 5543 hymnus
3119 5468 3204 5541 ter
3225 5451 3603 5543 sanctuspsed

428 5530 851 5611 (εθῩΨάλλειν
870 5536 1307 5611 τὸῃτρισάγιον
1326 5538 1539 5608 ὕμνον.
1598 5534 1673 5589 De
1702 5534 1805 5611 hoc
1830 5537 1918 5606 hy-

2038 5530 2297 5611 hymnus,
2324 5536 2378 5589 in
2405 5530 2514 5608 q'uo
2540 5535 2684 5591 Deus
2711 5541 2792 5590 ter
2809 5530 2904 5589 seu
2933 5530 3110 5587 tribus
3135 5531 3346 5587 vicibus
3376 5531 3604 5587 sanctus

356 5605 489 5665 nnio
517 5605 675 5683 plene
702 5627 803 5670 nos
842 5612 897 5667 in
926 5605 1203 5666 Glossario
1230 5605 1426 5667 nostro
1450 5606 1802 5666 commcntati
1832 5605 1928 5661 su-
2037 5605 2388 5675 praedicatur.

361 5695 509 5740 inus.
