4052 6216
442 198 555 264 799

1700 187 1894 249 LEON
1903 184 1976 244 1S
2002 179 2101 241 PH
2113 179 2463 246 [LOSOPHI

3574 194 3689 258 800

447 307 565 364 loca
620 304 868 378 quaedam
930 304 1072 374 fugis
1141 310 1359 371 propter
1405 300 1735 355 otl‘ensiones
1777 311 1898 367 qua:
1940 294 2006 347 ab

2119 291 2352 360 ιιρῆσαι,
2384 291 2416 361 ἢ
2444 292 2571 355 τοὺς
2595 292 2756 356 ὄντας
2784 295 3053 358 τοιούτους
3094 295 3301 367 φεύγῃς
3338 298 3428 352 διά
3454 317 3600 365 τινας
3622 304 3690 356 ἐκ

450 398 701 455 hostibus
724 394 855 451 oriri
886 401 1136 463 possunt,
1166 402 1219 446 et
1244 392 1294 444 in
1325 390 1698 443 necessitatem
1730 386 2012 458 prteliandi

450 489 636 542 venire
684 484 945 547 nolueris,
995 482 1145 550 ignes
1202 477 1403 530 mullos
1445 475 1634 539 facito,
1676 483 1728 529 ct
1762 473 2010 535 discede;

452 581 634 634 hostes
667 576 811 630 enim
844 586 937 626 eos
980 570 1131 637 ignes
1162 567 1205 621 si
1250 575 1494 631 cernant,
1522 565 1934 619 arbitrabuntur
1960 572 2014 617 te

450 672 503 726 in
535 669 730 724 castris
764 678 905 729 esse,
942 662 1132 729 sicque
1161 656 1309 728 quod
1338 654 1494 725 cupis
1518 654 1738 711 elllcies.

512 760 603 813 9.5.
632 755 743 811 Hoc
776 752 1141 821 Nicephorum
1184 748 1468 820 copiarum
1504 755 1810 801 nostrarum
1844 745 2013 815 impe-

450 859 717 909 ratorem,
759 842 978 915 quando
1021 840 1074 895 in
1129 839 1343 911 Syriam
1383 837 1585 905 ingenti
1618 851 1739 891 cum
1769 835 2011 890 exercitu

448 957 478 995 a
514 938 675 994 nobis
724 935 925 990 missus
972 941 1075 997 est,
1123 928 1321 985 fecisse
1376 928 1647 982 novimus.
1703 923 1839 977 Nam
1888 937 2012 978 cum

447 1042 703 1099 magnam
748 1025 983 1097 praedam
1036 1021 1089 1075 in
1131 1019 1308 1075 media
1363 1016 1546 1071 hostili
1600 1026 1741 1069 terra
1771 1013 2012 1077 fecisset,

449 1121 699 1177 hosﬁhus
726 1116 1010 1188 permultis
1040 1113 1302 1168 adversus
1330 1125 1453 1164 eum
1483 1105 1842 1177 congregatis,
1875 1118 2015 1174 quos

447 1206 1048 1283 Apulpherfeunuchus
1076 1203 1470 1256 Saracenorum
1507 1206 1559 1251 et
1600 1194 2012 1250 barbaricarum

449 1303 731 1372 copiarum
779 1298 1073 1366 imperator
1108 1300 1384 1364 coegerat,
1417 1300 1597 1344 tamen
1623 1287 1689 1342 ad
1720 1287 1865 1341 hunc
1898 1299 2015 1339 mo-

448 1396 578 1449 dum
640 1390 893 1461 populata
947 1385 1131 1442 hostili
1180 1393 1347 1445 terra,
1404 1381 1646 1449 captivos
1703 1391 1834 1432 suos
1885 1375 2012 1430 reli-

449 1496 722 1554 quamque
758 1479 993 1551 prtedam
1033 1476 1297 1546 integram
1324 1470 1566 1527 abduxit.

518 1665 608 1719 26.
662 1662 966 1717 Adversum
1024 1657 1376 1723 Bulgarorum
1446 1649 1845 1721 expeditionem
1907 1647 2013 1702 tale
2051 1633 2095 1689 Β

450 1754 655 1825 aliquid
700 1754 768 1807 ab
810 1750 1000 1805 eodem
1042 1746 1407 1815 excogitatum
1453 1753 1555 1806 est,
1605 1739 1750 1810 quod
1803 1751 2016 1808 nequa-

450 1860 616 1917 quam
667 1840 928 1896 obliviooi
975 1835 1343 1891 mandandum
1392 1841 1512 1887 est:
1563 1830 1729 1885 simul
1772 1828 1918 1882 enim
1948 1827 2016 1881 ad

453 1946 728 1992 vecturam
758 1930 1092 2001 expeditum,
1123 1935 1177 1980 et
1206 1925 1271 1979 ad
1312 1921 1615 1977 custodiam
1649 1918 2015 1973 necessarium

453 2029 623 2085 fuisse
659 2023 1062 2080 advertebatur.
1098 2017 1296 2071 [ladies
1328 2014 1467 2068 duos
1498 2027 1621 2081 qua:
1656 2010 1888 2064 canonia
1922 2023 2017 2061 vo-

453 2129 599 2180 cant.
625 2116 879 2186 :equales,
908 2115 1071 2166 trium
1106 2107 1452 2164 dodrantium
1478 2114 1571 2157 aut
1595 2102 1760 2171 paulo
1785 2100 2016 2168 amplius

452 2209 813 2282 longitudine,
865 2206 932 2259 ad
988 2203 1217 2258 formam
1251 2202 1315 2266 A,
1349 2199 1401 2252 id
1434 2203 1539 2261 est,
1568 2194 1782 2248 lambda
1822 2193 2018 2246 litter:e

447 2301 738 2372 iungebat:
808 2299 1037 2353 alterum
1082 2302 1263 2349 autem
1314 2291 1527 2345 radium
1577 2291 1692 2344 sive
1722 2287 2014 2352 canonion,

452 2396 694 2462 quinque
724 2398 819 2445 aut
850 2405 943 2444 sex
981 2385 1329 2442 drodantium
1355 2381 1715 2453 longitudine,
1755 2379 2015 2444 menauli,

453 2483 505 2538 id
540 2491 619 2538 est
644 2481 811 2551 jaculi
850 2469 1021 2535 instar
1049 2478 1114 2531 ad
1146 2478 1298 2545 bipes
1338 2474 1465 2528 illuc
1489 2473 1810 2543 adiungens,
1849 2473 2019 2541 tripes

457 2575 606 2639 fecit,
651 2573 879 2627 [irtnatis
952 2572 1093 2624 inter
1136 2584 1195 2624 se
1235 2568 1287 2622 in
1340 2567 1613 2637 iungendo
1662 2565 1909 2635 pedibus.
1957 2563 2016 2617 In

453 2679 667 2721 summo
710 2671 889 2716 autetn
937 2661 1030 2713 illo
1059 2660 1216 2729 quasi
1264 2658 1516 2712 menanlo
1546 2657 1730 2725 cuspis
1768 2655 2017 2726 quaedam

455 2774 650 2827 magna
684 2767 739 2810 et
764 2755 942 2824 ampla
966 2754 1161 2822 injecta
1189 2761 1297 2817 est,
1320 2765 1350 2805 e
1373 2750 1584 2820 tripode
1609 2751 1855 2805 eminens
1881 2752 2020 2806 duos

454 2852 772 2909 dodrantes,
805 2855 902 2899 aut
935 2846 1097 2913 paulo
1134 2841 1386 2911 amplius.
1427 2840 1614 2911 Itaque
1644 2843 1853 2911 ligneos
1886 2841 2020 2896 istos

458 2940 688 2995 tribulos
718 2938 833 2993 sive
885 2938 1124 2991 murices
1169 2934 1389 3005 quando
1420 2934 1631 2989 volebat
1661 2935 1857 2989 iterum
1885 2950 2017 2989 con-
2046 2956 2089 3015 ρ

451 3031 686 3101 jungens
719 3028 784 3080 ad
821 3026 1177 3079 munitionem
1210 3022 1371 3077 simul
1400 3031 1455 3076 et
1486 3037 1635 3076 arma
1672 3022 1726 3075 in
1770 3035 2019 3075 necessa-

457 3121 555 3174 riis
586 3117 916 3186 temporibus
958 3115 1217 3178 habebat,
1259 3114 1301 3169 si
1337 3113 1554 3183 quando
1590 3112 1827 3167 hostittm
1866 3112 2019 3180 equi-

458 3222 539 3267 tes
565 3211 617 3264 itt
648 3219 831 3263 castra
868 3216 1058 3262 nostra
1115 3205 1476 3276 irruptionem
1508 3213 1670 3272 atque
1701 3203 2019 3271 impressio-

458 3315 581 3354 nem
653 3298 831 3351 l'aeere
876 3295 1256 3360 moliebantur,
1330 3294 1421 3362 qui
1481 3294 1582 3347 hoc
1646 3292 1806 3362 quasi
1879 3291 2019 3345 vallo

458 3390 888 3461 impedirentur;
932 3402 1075 3456 smpe
1110 3395 1163 3440 et
1207 3385 1635 3439 vulnerabantur
1679 3383 2017 3446 invadentes,

457 3500 583 3539 cum
638 3483 796 3537 facile
848 3481 984 3545 tolli,
1034 3479 1232 3551 gestari
1300 3487 1353 3533 et
1404 3476 1561 3546 deligi
1618 3476 1808 3545 possit.
1861 3474 2018 3543 Saepe

460 3578 640 3631 autem
674 3569 896 3643 quando
940 3569 1086 3625 fossa
1133 3584 1245 3624 non
1295 3568 1615 3631 ducebatur,
1666 3566 1784 3620 haec
1838 3573 2019 3619 tamen

456 3684 610 3724 arma
641 3667 706 3720 ad
733 3663 1164 3718 incolumitatem
1197 3670 1385 3730 parata
1413 3673 1629 3727 semper
1658 3657 1913 3710 habebat.

529 3759 619 3812 27.
653 3757 883 3824 Quando
929 3762 1107 3808 autem
1146 3766 1338 3808 secure
1370 3760 1419 3805 et
1459 3751 1577 3803 sine
1612 3749 1808 3803 timore
1841 3755 2020 3801 castra

458 3866 665 3913 moves,
714 3847 968 3901 mandata
1018 3841 1449 3914 pridievesperi
1498 3838 1803 3893 mandatori
1844 3838 2018 3892 danda

459 3948 607 4002 sunt,
644 3951 975 4005 rursumque
1018 3943 1139 4005 post
1187 3933 1360 3986 lucem
1395 3931 1500 3985 diei
1535 3946 1643 4000 quo
1683 3940 1859 3985 castra
1900 3944 2021 3984 mo-

458 4038 675 4093 ventur,
704 4026 991 4081 buccinam
1035 4034 1115 4079 ter
1153 4022 1462 4093 significare
1497 4022 1600 4077 hoc
1638 4030 1870 4091 oportet,
1902 4036 2020 4075 om-

460 4133 667 4189 nesque
697 4116 890 4171 ordine
926 4123 1089 4183 atque
1142 4114 1405 4166 instructa
1455 4114 1573 4166 acie
1605 4111 1925 4181 procedant,
1968 4120 2021 4164 et

458 4208 639 4282 primo
680 4221 892 4279 graves,
934 4205 1128 4261 deinde
1164 4218 1382 4267 currus,
1438 4213 1489 4258 et
1520 4203 1564 4258 si
1588 4202 1717 4272 quid
1759 4202 1906 4257 aliud
1953 4202 2020 4258 ad

459 4301 754 4357 militarem
782 4312 944 4353 usum
977 4296 1096 4351 vehi
1135 4304 1369 4366 oportet.

524 4478 615 4532 28.
650 4476 1022 4541 Tribulorum,
1049 4475 1101 4530 id
1137 4484 1239 4539 est,
1269 4474 1539 4529 murieum
1583 4489 1715 4528 usus
1748 4474 1799 4528 in
1820 4475 2020 4530 castris

458 4570 902 4641 pernecessarius
937 4577 1040 4622 est.
1072 4568 1129 4622 Si
1166 4567 1313 4622 enim
1349 4567 1431 4621 vel
1459 4581 1690 4622 saxosus
1722 4568 1873 4622 locus
1910 4566 2020 4621 fue-

458 4662 550 4727 rit,
579 4660 662 4714 vel
704 4658 896 4713 fodere
944 4673 1052 4712 non
1091 4656 1386 4727 potuerint,
1444 4658 1527 4711 vel
1573 4667 1813 4726 tempore
1857 4658 2023 4712 desti-

456 4759 702 4813 tuantur,
736 4748 988 4802 eumdem
1034 4747 1089 4801 in
1134 4745 1333 4801 castris
1394 4746 1664 4817 ponendis
1718 4762 1876 4801 usum
1923 4748 2020 4802 tri-

457 4842 571 4897 buli
609 4842 802 4897 idonee
829 4838 1078 4895 collocati
1115 4838 1371 4903 atl‘erunt,
1411 4851 1573 4907 quem
1616 4847 1671 4892 et
1703 4838 1851 4893 fossa
1901 4840 2019 4909 ipsa

455 4943 722 5005 apportat.

516 5026 608 5081 29.
644 5024 900 5080 Diversus
939 5023 1078 5079 situs
1129 5031 1187 5077 et
1209 5022 1418 5077 formas
1452 5020 1779 5077 fossatorum
1811 5022 2017 5092 antiqui

457 5118 792 5173 tradiderunt
834 5118 888 5173 in
928 5117 1122 5172 castris
1157 5115 1420 5186 ponendis
1443 5156 1456 5169 .
1491 5114 1783 5170 laudabilis
1831 5125 2013 5171 autem

2117 382 2227 433 τῶν
2257 383 2533 452 πολεμίων
2560 382 2782 452 βλάϐας,
2807 385 2901 438 καὶ
2922 386 2983 439 οὑ
3027 386 3193 459 βούλῃ
3221 387 3396 441 ἐλθεῖν
3412 391 3492 453 είς
3519 393 3691 462 ἀνάγ·

2120 487 2222 538 κην
2252 471 2347 524 τοῦ
2382 472 2669 541 μάχεσθαι,
2709 473 2858 543 πυρὰ
2909 474 3079 529 πολλὰ
3126 476 3337 540 καύσας
3393 480 3691 550 ἁναχὼρει·

2120 560 2408 631 βλέποντες
2434 561 2545 634 γάρ
2578 563 2627 615 οἱ
2671 563 2916 634 πολέμιοι
2958 566 3026 620 τὰ
3054 567 3208 635 φῶτα
3239 570 3484 636 δόξουσιν
3524 573 3605 626 ἔτι
3635 576 3695 628 ἐν

2117 650 2454 721 τῷιάπλίκτῳ
2472 670 2530 706 σε
2560 653 2762 723 μένειν,
2791 657 2884 708 καὶ
2909 657 3211 722 ἐκτελέσεις
3228 677 3321 713 σου
3339 662 3397 715 τὸ
3421 662 3693 734 βούλημα.

2189 739 2288 798 κε’.
2333 742 2507 797 Τοῦτο
2541 743 2599 797 δὲ
2638 745 2730 797 καὶ
2754 745 3066 817 Νικηφόρον
3095 750 3252 821 ἴσμεν
3281 753 3372 805 τὸν
3426 755 3698 825 ἡμέτερον

2121 835 2426 906 στρατηγὸν
2455 836 2837 904 πεποιηκέναι,
2869 838 2956 890 ὅτε
2990 839 3131 891 κατὰ
3165 840 3363 911 Συρίας
3405 844 3696 915 ἀπεστάλη

2120 924 2250 995 παρ’
2282 926 2438 994 ἡμων
2470 925 2612 994 μετὰ
2641 924 2925 994 δυνάμεως
2961 926 3172 998 ἱκανῆς,
3207 929 3407 999 πολλήν
3440 947 3499 983 τε
3530 950 3697 1003 ποιησ-

2120 1015 2351 1084 σάμενος
2381 1013 2689 1085 λεηλασίαν,
2725 1016 2818 1068 καὶ
2840 1015 2983 1069 οὕτω
3019 1019 3336 1087 μετατεθεὶς
3361 1020 3419 1074 ἐν
3448 1023 3591 1093 μέσῃ
3626 1028 3697 1096 τῇ

2120 1105 2373 1177 πολεμίᾳ,
2416 1104 2524 1159 τῶν
2572 1106 2783 1179 ἐχθρῶν
2828 1107 2992 1161 αὐτοῦ
3046 1126 3148 1163 που
3205 1113 3560 1183 συνηγμένων
3599 1115 3699 1178 οὓς

2131 1199 2435 1271 ’Δπουλφέρ
2479 1202 2508 1253 ό
2542 1198 2798 1270 εὐνοῦχος
2834 1202 2862 1253 ό
2892 1200 3000 1255 τῶν
3026 1203 3357 1274 Σαρακηνῶν
3386 1208 3697 1277 στρατηγὸς

2120 1290 2437 1360 ἐπεφέρετο,
2482 1290 2653 1361 ῆγουν
2704 1290 2809 1345 τῶν
2872 1290 3225 1363 βαρϐαρικῶν
3254 1294 3557 1364 δυνάμεων,
3588 1301 3698 1367 τήν

2118 1399 2179 1436 τε
2238 1382 2612 1452 αἰχμαλωσίαν
2651 1382 2752 1453 τὴν
2802 1382 3164 1455 βαρϐαρικὴν,
3214 1389 3307 1439 κα1⁸
3359 1390 3540 1441 πᾶσαν
3592 1389 3698 1459 τὴν

2120 1474 2288 1544 ἄλλην
2308 1474 2537 1542 πραῖδαν
2564 1474 2632 1544 ἢν
2660 1469 2806 1546 εἶχεν
2832 1475 3084 1541 ἀϐλαϐῶς
3107 1476 3405 1531 διεσώσατο
3426 1478 3697 1550 λεηλατή-

2124 1581 2223 1629 σας
2246 1564 2343 1633 τὴν
2365 1564 2649 1632 πολεμίαν.

2190 1653 2304 1719 κς·’,
2360 1656 2517 1709 Κατὰ
2565 1654 2622 1708 δέ
2682 1655 2781 1726 τὴν
2844 1656 3168 1727 Βουλγᾶῳων
3206 1656 3563 1729 ἐκστρατείαν
3599 1662 3701 1713 καί

2118 1748 2314 1820 ἕτερον
2344 1748 2492 1816 αὐτῷ
2526 1747 2792 1819 ἐπενοήθη
2836 1750 2972 1820 πρὸς
3005 1750 3250 1821 φυλακὴν
3278 1752 3541 1805 ἀπλίκτου
3568 1756 3704 1822 χρή-

2121 1856 2297 1909 σιμον,
2332 1840 2468 1910 ὅπερ
2508 1840 2614 1909 χρὴ
2648 1838 2721 1909 μὴ
2756 1839 2894 1911 λήθῃ
2924 1841 3419 1912 παραπεμφθῆναι·
3445 1843 3582 1912 όμςῦ
3636 1861 3700 1896 τε

2119 1931 2226 2001 γὰρ
2257 1930 2488 2000 ἐλαφρὸν
2516 1930 2595 1992 είς
2628 1928 2908 1999 βασταγὴν
2938 1931 3033 1984 καὶ
3065 1932 3362 1999 ἀναγκαῖον
3392 1935 3473 1995 εἰς
3520 1934 3701 2001 φυλα-

2120 2018 2222 2091 κὴν
2243 2018 2572 2090 ἐγνωρίσθη.
2599 2014 2706 2071 Ἱιν
2731 2019 2787 2074 δὲ
2807 2019 3065 2073 τοιοῦτονο
3090 2021 3325 2075 Κανόνια
3353 2022 3447 2075 δύο
3476 2023 3700 2093 σύμμε-

2118 2130 2222 2183 τρα
2273 2110 2450 2165 λαϐὼν
2508 2110 2693 2175 ξύλινα
2738 2112 2903 2178 τριῶν
2958 2128 3059 2164 που
3095 2111 3404 2183 σπιθαμῶν,
3446 2114 3479 2186 ἢ
3526 2115 3701 2185 ὀλίγῳ

2118 2203 2281 2255 πλέον
2313 2202 2644 2270 λαϐδαραίαν
2680 2203 2960 2271 συνέμιξεν
2994 2202 3128 2270 (8.3)-
3158 2203 3345 2275 ἓτερον
3367 2204 3422 2258 δέ
3444 2207 3699 2259 κανόνιον

2119 2292 2316 2369 ὁμοίως
2338 2294 2459 2361 ἕχον
2485 2292 2760 2363 σπιθαμὰς
2802 2293 2982 2358 πέντε,
3011 2293 3043 2365 ἢ
3069 2296 3161 2349 καὶ
3192 2296 3271 2360 ἓξ,
3303 2296 3455 2363 τάξιν
3483 2299 3696 2367 μεναύ-

2119 2385 2213 2440 λου
2249 2387 2305 2439 ἐν
2335 2388 2399 2457 τῇ
2426 2386 2683 2456 συμμίξει
2713 2384 2805 2438 τοῦ
2827 2386 3096 2439 δισκελίου
3123 2388 3353 2452 ἐπιθεὶς,
3384 2388 3698 2457 τρισκέλιον

2121 2478 2374 2546 ἐποίησεν
2421 2476 2706 2545 ἱστάμενον
2763 2475 2997 2545 ἰσχυρῶς
3055 2474 3143 2528 διὰ
3188 2476 3288 2546 τῆς
3319 2477 3411 2530 ὑπ’
3440 2478 3696 2547 ἀλλήλων

2120 2568 2227 2620 τῶν
2280 2567 2487 2620 σκελῶν
2523 2567 2959 2637 συγκροτήσεως.
3014 2567 3146 2639 Περὶ
3180 2566 3236 2619 δὲ
3285 2567 3346 2620 τὸ
3396 2568 3564 2637 ἄκρον
3594 2568 3694 2621 τοῦ

2121 2657 2229 2711 οἷον
2264 2657 2525 2727 μεναύλου
2580 2656 2828 2727 ξιφάριον
2881 2656 3056 2725 μέγαν
3089 2656 3182 2709 καὶ
3219 2657 3382 2727 ἁδρὸν
3436 2658 3695 2711 ἐνέϐαλεν

2122 2752 2449 2821 προκύπτων
2480 2750 2573 2802 τοῦ
2622 2748 2949 2819 τρισκελίου,
2995 2747 3072 2811 ὡς
3122 2747 3361 2819 εἴρηται,
3412 2749 3693 2817 σπιθαμὰς

2122 2842 2288 2913 δύο,ἢ
2325 2841 2505 2912 μικρῷ
2537 2841 2717 2904 πλέον,
2748 2840 2839 2893 καὶ
2864 2839 3006 2894 οὕτω
3027 2841 3152 2902 τοὺς
3182 2839 3425 2904 ξυλίνους
3450 2840 3693 2904 ἐκείνους

2123 2931 2400 3004 τριϐόλους
2456 2932 2544 2984 ὅτε
2599 2930 2845 2984 ἐϐούλετο
2907 2931 3229 2985 συστέλλων.
3258 2931 3389 2984 Ὅτε
3439 2931 3691 2984 ἐϐούλετο

2122 3025 2283 3078 πάλιν
2336 3023 2575 3087 συνίστα,
2628 3023 2720 3076 καὶ
2771 3023 2850 3083 είς
2897 3021 3157 3093 ὀχύρωμα
3206 3017 3355 3091 εἶχεν
3403 3022 3561 3092 ὁμοῦ,
3594 3024 3689 3075 καὶ

2120 3116 2257 3170 ὅπλα
2291 3117 2347 3169 ἐν
2373 3118 2491 3179 ταῖς
2516 3113 2835 3182 ἀναγκαίαις
2866 3114 3076 3185 χρείαις
3126 3113 3221 3166 τοῦ
3251 3114 3516 3167 ἁπλίκτου
3545 3112 3690 3166 κατὰ

2070 3226 2071 3229 η
2118 3206 2226 3259 τῶν
2278 3205 2588 3275 δυναμένων
2638 3204 2969 3274 ἐπέρχεσθαι
3028 3202 3411 3273 καϐαλλαρίων
3463 3206 3531 3274 τῇ
3575 3202 3687 3256 τῶν

2119 3297 2399 3366 δυνάμεων
2425 3295 2579 3367 ἡμῶν
2607 3294 2756 3360 τάξει
2784 3296 3230 3365 τιτρωσκομένων
3258 3297 3313 3347 ἐν
3343 3297 3465 3358 ταῖς
3489 3295 3686 3366 προϐο-

2120 3391 2239 3453 λαῖς
2274 3387 2383 3459 (84)
2414 3388 2518 3443 ὑπὸ
2549 3387 2641 3442 τοῦ
2667 3382 2776 3441 οἷον
2805 3387 3045 3459 χάρακος
3079 3386 3317 3450 εὐκόλως
3350 3387 3444 3440 καὶ
3469 3386 3687 3461 ἐπαιρό-

2126 3499 2284 3552 μενον
2317 3480 2427 3551 (85)
2458 3478 2550 3534 καὶ
2602 3478 3001 3551 βασταζόμενον
3056 3478 3151 3534 καὶ
3183 3480 3548 3549 πηγνύμενον,
3593 3476 3686 3530 καὶ

2121 3572 2209 3625 ὅτε
2245 3570 2503 3632 πολλάκις
2543 3570 2833 3642 ὀρύγματα
2882 3570 2981 3624 οὒκ
3016 3571 3245 3640 ἐγίνετο,
3299 3569 3492 3639 ἕτοιμα
3544 3563 3687 3638 εἶχον

2123 3662 2298 3717 ταῦτα
2326 3665 2403 3725 εἰς
2430 3663 2751 3732 ἀσφάλειαν.

2194 3755 2295 3818 κζ’.
2329 3755 2497 3807 Ὅταν
2527 3754 2583 3807 δὲ
2619 3754 2817 3824 μέλλῃς
2857 3754 2995 3823 μετὰ
3025 3754 3209 3817 ἁδείας
3240 3756 3412 3808 κινεῖν
3459 3752 3567 3809 ἀπὶ»
3589 3749 3687 3808 τ’θῦ

2124 3844 2408 3907 ἀπλίκτου,
2466 3844 2584 3897 δέον
2626 3844 2860 3897 δίδοσθαι
2904 3844 3145 3914 μανδάτα
3175 3845 3283 3898 ἀπὸ
3325 3846 3562 3916 ἑσπέρας
3593 3844 3687 3900 καὶ

2124 3936 2286 3989 πάλιν
2313 3937 2393 3998 εἰς
2422 3936 2482 3989 τὸ
2514 3932 2678 4003 αύγος
2713 3935 2833 3988 κατ’
2855 3935 3028 4006 αὐτὴν
3057 3936 3153 4007 τὴν
3183 3938 3394 4007 ἡμέραν
3419 3936 3510 3990 τοῦ
3536 3937 3690 4007 κινὴο

2127 4032 2295 4097 ματος
2333 4028 2401 4080 τα
2445 4028 2667 4096 βούκινα
2720 4027 3006 4094 τρισσάκις
3059 4028 3363 4097 σημαίνειν,
3424 4027 3514 4080 καὶ
3559 4029 3686 4079 τότε

2126 4117 2313 4179 κινεῖν,
2365 4116 2458 4167 καὶ
2492 4114 2633 4167 κατὰ
2665 4112 2816 4179 τάξιν
2864 4113 3179 4184 ἐξὲρχεσθαι
3226 4116 3351 4177 τοὺς
3397 4115 3682 4184 ἄρχοντας,

2126 4207 2217 4260 καὶ
2244 4208 2507 4277 πρότερον
2533 4206 2630 4275 μὲν
2662 4207 2787 4268 τοὺς
2808 4204 3051 4268 ὁπλίτας,
3075 4199 3194 4257 εἶτα
3224 4206 3321 4269 τὰς
3347 4207 3559 4275 ἁμάξας
3588 4206 3687 4259 ἐάν

2054 4281 2096 4337 Ῐ)
2125 4298 2251 4361 είσι,
2311 4296 2405 4349 καὶ
2462 4296 2515 4347 et
2550 4311 2603 4346 τι
2640 4294 2825 4363 ἕτερον
2851 4291 3241 4364 ἐπιφερόμενον
3278 4296 3354 4358 si;
3385 4297 3691 4365 ὑπηρεσίαν

2104 4386 2217 4440 τοῦ
2249 4382 2503 4456 στρατοῦ.

2198 4476 2303 4548 κη’.
2347 4478 2495 4531 ’11δέ
2535 4478 2643 4532 τῶν
2684 4480 2946 4549 τριϐόλων
2974 4483 3168 4553 χρῆσις
3218 4481 3491 4551 ἀναγκαία
3540 4479 3691 4535 ἐστὶν

2127 4570 2185 4622 ἐν
2219 4570 2331 4631 τοῖς
2359 4567 2663 4632 άπλίκτοις·
2695 4571 2791 4623 ἐὰν
2824 4573 2932 4641 γὰρ
2966 4574 2999 4645 ἢ
3034 4573 3314 4643 πετρωδης
3341 4572 3369 4623 ό
3401 4574 3564 4636 τόπος
3593 4573 3689 4624 εὐ-

2130 4659 2282 4730 ρεθῇ,
2310 4659 2346 4727 ἢ
2383 4659 2457 4729 μὴ
2484 4657 2784 4729 δυνηθῶσιν
2830 4661 3043 4731 ὀρύξαι,
3067 4662 3099 4734 ἦ
3142 4662 3361 4731 βραδεῖα
3390 4664 3422 4732 ἡ
3445 4662 3564 4733 ῶρα
3591 4661 3691 4731 γέ-

2133 4767 2317 4821 νηται,
2338 4752 2435 4821 τὴν
2453 4751 2625 4819 αὐτὴν
2644 4750 2725 4821 τῷ
2750 4751 2967 4821 στρατῷ
2994 4751 3292 4822 παρέχουσι
3320 4752 3507 4822 χρείαν
3538 4752 3598 4807 ἂν
3620 4754 3688 4821 τῇ

2126 4841 2513 4912 στρατοπεδείᾳ
2538 4842 2595 4894 αἱ
2623 4841 2860 4911 τρίϐολοι
2883 4842 3200 4912 πρεπόντως
3221 4842 3599 4914 ἀποτιθέμενοι
3620 4842 3691 4912 ἢν

2122 4933 2216 4986 καὶ
2247 4932 2307 4985 τὸ
2339 4932 2555 5001 δρυγμα
2576 4932 2840 5004 παρέχει.

2190 5022 2289 5079 κθ¹.
2319 5024 2550 5093 Οἴδαμεν
2586 5022 2642 5075 δὲ
2671 5024 2754 5074 ὅτι
2778 5021 3065 5093 διαφόρους
3092 5022 3269 5085 θέσεις
3304 5025 3399 5077 καὶ
3425 5024 3684 5095 σχήματα

2122 5120 2405 5187 φοσσάτων
2443 5115 2494 5169 oi
2539 5115 2756 5186 ἀρχαῖοι
2810 5114 3258 5185 παραδεδώκασιν
3285 5117 3342 5169 ἐν
3366 5119 3433 5186 τῇ
3466 5133 3693 5189 στρατο-

2020 5275 2229 5333 ΝΟΤΙΕ
2243 5316 2256 5333 .

524 5368 632 5438 (83)
664 5366 1081 5438 Λαμϐδαραίαν
1106 5364 1462 5438 συνέμιξενἒ
1476 5361 1753 5438 Ιιιηοοάξοο
1773 5361 2019 5438 {glutino

452 5431 576 5523 erat
606 5431 623 5489 :7
655 5431 1009 5523 λαμπαδᾶρια
1062 5431 1365 5506 συνέμιξεν.
1429 5432 1640 5498 Scribe,
1672 5431 2017 5503 λαμϐδαραία

455 5506 759 5573 συνέμιξεν.
920 5506 927 5507 ί

527 5576 638 5643 (84)
686 5576 786 5629 Ἐν
812 5573 936 5640 ταῖς
958 5574 1294 5644 προϐολαῖς.
1325 5572 1534 5637 Scribe,
1586 5570 1644 5626 ἐν
1678 5570 1797 5651 ταῖς
1842 5587 2017 5643 προσ-

2125 5367 2441 5573 Σέξίὲῖὲῖκω
2475 5410 2885 5504 ἐπαιρόμενον.
2933 5433 3308 5504 Scribebatur,
3356 5436 3448 5491 καὶ
3493 5436 3691 5509 ἐπερόο

2424 5697 2465 5709 ,ο
