4074 6222
300 286 404 356 301

1391 289 1729 357 TACTICA.
1766 313 1830 327 -··
1852 288 2362 356 CONSTITUTIO
2402 290 2505 350 XI.

3463 293 3566 356 802

300 400 514 473 πεδείᾳο
560 399 901 472 έπαινετὴδὲ
948 401 984 472 ἠ
1031 399 1376 474 παραμήκης
1409 401 1750 473 τετράγωνος
1807 399 1884 464 ὡς

1996 401 2258 472 quadrata
2306 401 2748 472 atque'oblonga
2785 409 2888 467 est,
2937 411 3051 458 tum
3098 403 3228 475 quia
3290 402 3568 468 ordinata.

301 494 565 556 εὔτακτος
585 493 680 546 καὶ
705 493 1002 561 ἀναγκαία.

372 585 438 642 λ’.
468 589 562 650 El;
587 587 643 638 δὲ
672 585 946 652 ὑπόδειξιν
977 586 1211 657 στρατοῦ
1238 584 1332 640 καὶ
1357 584 1668 654 φαντασίαν
1686 584 1887 655 μᾶλλον

300 681 372 735 τὰ
397 679 605 747 πλάγια
633 677 731 731 καὶ
776 677 871 731 ἐπὶ
902 676 1034 748 ὕψος
1057 676 1298 731 άπλικτα
1321 675 1546 729 πλείονα
1577 674 1670 729 τὸν
1699 675 1757 727 ὲν
1784 675 1885 726 αὐ-

297 773 414 836 τοῖς
450 769 682 842 στρατὺν
716 769 872 841 παρὰ
902 769 1028 832 τοὺς
1057 768 1206 834 ίσους
1241 770 1274 841 ἢ
1304 769 1657 838 ἐγκειμένους
1686 764 1888 828 τόπους

304 863 753 935 παραδείκνυσιν.
799 859 930 914 Ἐὰν
988 856 1084 914 οὖν
1113 860 1250 931 πρὸς
1291 858 1551 923 ἐπίδειξιν
1585 859 1744 930 χρεία
1797 857 1891 925 γέ·-

305 974 486 1029 νηται,
509 957 633 1020 τοὺς
659 954 927 1024 πλαγίους
944 954 1000 1010 δὲ
1020 954 1134 1024 (86)
1157 953 1508 1022 ἐπιλέγεσθαι
1540 952 1762 1015 τόπους,
1795 951 1891 1004 ἐὰν

309 1050 546 1122 μάλιστα
578 1049 672 1102 καὶ
694 1046 762 1103 τά
787 1046 1072 1118 ἐπιτήδεια
1100 1045 1266 1116 έχωσι
1314 1045 1414 1116 τῆς
1444 1042 1881 1114 ἀναγκαιοτέρας

305 1141 518 1213 χρείας.

373 1317 476 1375 λα’.
521 1316 768 1380 ’Λνίσους
808 1315 888 1383 δὲ,
913 1314 991 1379 ὡς
1037 1314 1280 1386 εἴρηται,
1309 1312 1663 1384 ἐπιλέγεσθαι
1692 1313 1892 1378 τόπους

305 1415 385 1476 είς
424 1410 683 1474 άπλικτα,
721 1407 818 1461 καὶ
863 1407 940 1478 μὴ
971 1406 1162 1478 χρόνον
1202 1404 1370 1459 πολὺν
1424 1403 1786 1477 ἐνδιατρίϐειν
1834 1406 1894 1458 ὲν

305 1505 386 1556 ἑνὶ
414 1501 620 1574 χωρίῳ,
643 1500 692 1552 εί
733 1498 808 1569 μὴ
839 1497 950 1569 ἄρα
984 1496 1072 1550 διὰ
1096 1495 1222 1559 τοὺς
1249 1495 1420 1566 ἀέρας
1451 1495 1580 1556 τοὺς
1614 1492 1893 1564 καθαροὺς

304 1594 400 1648 καὶ
435 1594 505 1647 τὰ
541 1590 826 1662 ἐπιτήδεια
854 1587 1114 1660 χρειῶδές
1148 1589 1321 1654 ἐστιν,
1371 1587 1469 1642 καὶ
1518 1586 1620 1640 οὐκ
1670 1584 1892 1640 άτεπεί-

303 1700 377 1758 γει
404 1685 515 1756 (87)
543 1700 629 1745 τις
659 1681 896 1753 ἀνάγκη.

1990 503 2104 550 tum
2134 494 2262 566 quia
2294 495 2606 550 necessaria
2635 504 2740 551 est.

2057 587 2148 644 50.
2193 588 2274 643 Ad
2316 587 2656 659 splendorem
2691 597 2745 648 et
2791 605 3044 661 pompam
3075 592 3350 648 exercitus
3378 593 3573 648 vendi-

1993 679 2239 745 tandam,
2291 680 2464 751 magis
2512 680 2692 736 valent
2742 681 2968 752 obliqua
3018 690 3074 737 et
3114 682 3181 737 ad
3224 683 3570 738 altitudinem

1993 773 2295 844 spectantia
2341 784 2544 836 castra.
2603 774 2978 845 majoremque
3026 789 3317 830 numerum
3360 785 3575 831 castro-

1994 879 2141 930 rum,
2186 880 2351 935 quam
2384 865 2543 936 plana
2589 873 2643 920 et
2671 867 2903 936 aequalia
2934 869 3073 928 loca,
3111 881 3223 937 pra:
3267 879 3328 921 se
3360 864 3566 921 ferunt.

1995 952 2053 1010 Si
2086 954 2252 1025 igitur
2293 955 2473 1026 aliqua
2526 971 2723 1027 pompa
2755 971 2896 1027 Opus
2946 957 3040 1023 sit,
3067 956 3288 1027 obliqua
3319 971 3385 1012 ac
3415 957 3573 1011 decli-

1992 1047 2083 1102 via
2116 1047 2236 1104 loca
2272 1047 2565 1120 eligantur,
2610 1056 2838 1118 tumque
2877 1050 3227 1118 potissimum
3257 1064 3382 1104 cum
3430 1063 3578 1104 com.

1995 1147 2235 1197 meatum
2287 1141 2543 1198 idoneum
2591 1141 2794 1198 habent
2855 1143 2922 1196 ad
2977 1158 3172 1200 omnes
3228 1141 3573 1202 necessarios

1996 1248 2152 1289 usus.

2065 1326 2156 1382 51.
2214 1325 2528 1398 ιιιωᾳυαιὶο,
2595 1337 2655 1382 ut
2700 1327 2964 1394 diximus,
3025 1330 3140 1384 loca
3197 1328 3468 1400 eligantur
3505 1329 3576 1382 ad

1995 1429 2177 1475 castra
2206 1421 2498 1491 ponenda:
2543 1436 2721 1491 neque
2759 1421 2923 1491 longo
2950 1430 3198 1492 tempore
3226 1437 3338 1476 uno
3370 1422 3424 1476 in
3450 1422 3575 1477 loco

1995 1519 2376 1580 permaneant,
2413 1510 2518 1565 nisi
2552 1517 2774 1580 prepter
2802 1509 2925 1564 cmli
2957 1508 3300 1575 tenuitatem,
3333 1518 3388 1564 et
3420 1511 3578 1580 puri-

1997 1609 2192 1666 tatem,
2237 1613 2290 1656 et
2335 1611 2556 1672 propter
2619 1602 2993 1658 necessarium
3036 1611 3430 1670 commeatum,
3481 1613 3578 1657 aut

1997 1691 2101 1746 alia
2134 1692 2405 1763 quaepiam
2439 1692 2738 1748 necessitas
2760 1691 3018 1748 detineat.

372 1776 476 1846 λβθ.
531 1773 694 1827 Ἀλλὰ
718 1777 814 1830 καὶ
842 1771 940 1837 τὰς
972 1771 1208 1842 φυσικὰς
1233 1769 1538 1840 ἀναγκαίας
1567 1769 1757 1840 χρείας
1779 1765 1890 1820 τῶν

2066 1783 2157 1842 '52.
2193 1784 2314 1839 Δινί
2345 1793 2664 1855 naturaeque
2711 1799 2880 1840 onera
2911 1799 3260 1856 nequaquam
3303 1783 3447 1839 intra
3485 1799 3578 1838 ca-

303 1866 629 1939 ἀνθρώπων,
678 1865 756 1928 ὡς
806 1863 1046 1937 εἴρηται,
1085 1863 1163 1935 μὴ
1223 1862 1472 1932 γίνεσθαι
1533 1861 1736 1916 ἔσωθεν
1789 1857 1886 1913 τοῦ

305 1959 602 2031 φοσσάτου,
634 1956 750 2011 ἀλλ’
780 1955 1002 2023 ἔξωθεν,
1039 1955 1127 2009 διὰ
1168 1953 1266 2026 τὴν
1294 1951 1561 2010 δυσωδίαν
1607 1951 1745 2024 (88),
1795 1952 1890 2006 καὶ

307 2054 543 2124 μάλιστα
574 2049 671 2102 ἐὰν
703 2047 942 2121 ἐπιμένῃ
963 2047 1052 2102 διά
1075 2063 1196 2101 τινα
1217 2045 1409 2118 χρείαν
1439 2045 1502 2099 τὸ
1531 2043 1800 2115 φοσσάτον
1830 2044 1889 2096 ὲν

305 2145 390 2198 ἑνὶ
414 2145 588 2215 τόπῳ.
946 2174 954 2179 -

376 2235 478 2306 λγ’.
521 2237 611 2290 Ἐν
659 2235 716 2288 δὲ
763 2235 875 2298 τοῖς
911 2232 1230 2302 ἀναγκαίοις
1263 2233 1478 2303 καιροῖς
1523 2231 1733 2302 βραχὺν
1791 2229 1890 2302 μιν

302 2331 424 2403 ἢτοι
455 2327 652 2400 μικρὸν
681 2327 812 2381 δντα
840 2325 932 2380 τδν
960 2324 1204 2395 ποταμὸν
1227 2323 1286 2376 ἰν
1325 2322 1474 2395 μέσῳ
1491 2322 1574 2375 δεῖ
1598 2320 1890 2392 παραλαμ-

305 2423 492 2479 ϐάνειν
522 2420 616 2475 τοῦ
644 2420 887 2491 χάρακος
919 2415 1015 2471 τοῦ
1043 2417 1320 2487 φοσσάτου
1344 2416 1432 2470 ἵνα
1480 2414 1628 2468 ἐστὶν
1661 2413 1890 2478 εὔϐατος

303 2516 416 2578 τοῖς
443 2513 537 2568 τοῦ
567 2509 826 2582 στρατοῦ.

373 2603 468 2660 λδ’.
512 2603 636 2658 Ἐὰν
665 2603 720 2657 δὲ
748 2601 954 2675 τραχύς
997 2603 1116 2655 ἐστι
1167 2602 1264 2655 καὶ
1310 2601 1506 2672 μέγας,
1544 2603 1609 2654 ὲκ
1655 2600 1888 2670 πλαγίου

305 2697 468 2752 αὑτὸν
489 2698 660 2750 ποιεῖν
685 2711 745 2748 σε
775 2693 880 2765 χρὴ
908 2694 996 2748 διὰ
1019 2693 1080 2747 τὸ
1109 2695 1190 2759 εἰς
1216 2691 1480 2764 ὀχύρωμα
1514 2691 1769 2762 γενέσθαι
1795 2692 1888 2746 τοῦ

309 2789 573 2863 στρατοῦ.

379 2883 474 2939 λε’.
535 2881 788 2952 Ποταμοῦ
836 2880 897 2933 δὲ
948 2876 1388 2948 παρατρέχοντος
1453 2877 1768 2948 συμμέτρου
1828 2880 1890 2933 οὐ

308 2977 427 3030 δέον
475 2975 602 3039 τοὺς
651 2973 852 3036 ἵππους
905 2971 1033 3034 τοὺς
1066 2969 1282 3037 ἐξάγεις
1309 2968 1390 3030 είς
1436 2968 1601 3021 ποτὸν
1632 2969 1777 3022 κατὰ
1828 2970 1890 3022 τὸ

309 3069 515 3126 ἄνωθεν
549 3070 734 3140 μέρος,
761 3071 848 3120 ἵνα
880 3066 954 3136 μὴ
987 3066 1053 3136 τῇ
1080 3065 1293 3135 κινήσει
1320 3059 1427 3114 τῶν
1462 3059 1642 3114 ποδῶν
1671 3061 1883 3132 ταράσ-

312 3179 496 3225 σοντες
527 3161 588 3215 eo
619 3160 764 3230 ὕδωρ
795 3157 1012 3229 θολερὸν
1041 3156 1173 3210 αὐτὸ
1205 3154 1299 3210 καὶ
1327 3153 1602 3225 ἄχρηστον
1653 3155 1894 3224 ποιήσω·
1920 3153 1924 3169 ’

312 3270 420 3318 σιν,
451 3251 586 3307 ἀλλὰ
620 3249 866 3305 κάτωθεν
899 3247 1123 3320 μᾶλλον.

379 3343 488 3413 λς’.
526 3343 655 3398 Ἐὰν
703 3343 759 3395 δὲ
785 3341 963 3411 ὀλίγος
995 3340 1144 3394 ἐστὶν
1173 3341 1202 3392 ό
1228 3336 1474 3418 ποταμὸς
1517 3335 1608 3390 διὰ
1653 3335 1892 3405 ἀγγείων

311 3442 507 3504 αὐτοὺς
528 3440 649 3494 δέον
680 3437 942 3502 ποτίζειν,
978 3435 1072 3489 καὶ
1097 3433 1174 3505 μὴ
1203 3430 1495 3500 ὲπαῳιέναι
1523 3429 1651 3492 τοὺς
1688 3429 1892 3492 ἵππους

311 3533 390 3598 εἰς
413 3531 474 3586 τὸ
499 3529 796 3605 ταράσσειν
829 3527 979 3580 αὐτό.

379 3623 478 3688 λζ’.
515 3621 751 3693 Πλησίον
783 3619 839 3673 δὲ
898 3617 1087 3686 λόφου,
1121 3615 1201 3678 εἰς
1228 3612 1288 3666 ὃν
1316 3608 1571 3666 δύνανται
1623 3610 1673 3662 ol
1705 3607 1894 3682 ἐχθροὶ

310 3715 601 3782 ἀναϐῆναι,
658 3712 719 3766 τὸ
770 3711 1030 3765 ἄπλικτον
1063 3707 1138 3780 μὴ
1197 3703 1375 3769 ποιοῦ,
1434 3703 1632 3773 μήπως
1684 3701 1893 3755 ἐκεῖθεν

310 3809 438 3871 τοὺς
481 3808 538 3859 ὲν
592 3804 670 3875 τῷ
723 3802 1075 3876 στρατοπέδῳ
1125 3799 1238 3872 (89)
1286 3795 1761 3864 κατατοξεύσωσιν
1805 3794 1896 3849 εὖ·

311 3898 504 3960 κόλως.

379 3989 482 4065 λη’.
501 3989 626 4044 Ἐὰν
663 3989 720 4043 δὲ
749 3989 850 4043 οὐκ
881 3987 1017 4041 εἰσὶν
1044 3985 1213 4055 ἐγγὺς
1234 3984 1282 4036 οἱ
1316 3982 1593 4052 πολέμιοι,
1617 3979 1754 4036 ἀλλὰ
1791 3997 1894 4051 μα·

312 4083 452 4154 κ’ρὰν
483 4083 591 4135 άπδ
615 4078 814 4134 ἱκανῶν
842 4078 1067 4151 ἡμερῶν
1088 4074 1230 4142 ὁδοῦ,
1250 4074 1324 4148 μὴ
1349 4073 1634 4144 ἑπιτήδευε
1667 4069 1895 4140 πλησίον

311 4174 504 4238 ὓδατος
534 4175 605 4230 τὰ
625 4173 862 4227 άπλικτα
891 4173 1088 4236 ποιεῖν,
1113 4171 1208 4223 καὶ
1239 4169 1475 4238 μάλιστα
1516 4165 1590 4237 μὴ
1623 4163 1893 4220 καϐαλλα-

315 4263 468 4338 ρίων,
505 4263 593 4318 ἴνα
625 4262 700 4336 μὴ
732 4264 824 4318 καὶ
878 4263 949 4317 τὰ
977 4262 1150 4332 ἄλογα
1184 4262 1281 4314 καὶ
1329 4260 1379 4313 οί
1432 4258 1626 4329 ἄνδρες
1675 4257 1735 4308 ὲν
1767 4271 1892 4308 συν-

313 4353 474 4430 ηθείᾳ
501 4354 601 4426 τῆς
624 4353 956 4415 πολυποσίας
1005 4350 1289 4422 γενόμενοι
1344 4349 1403 4402 ἐν
1441 4347 1619 4417 καιρῷ
1653 4345 1753 4416 τῆς
1781 4344 1893 4397 λεί-

311 4447 476 4518 ψεως,
507 4447 583 4511 ὡς
633 4447 800 4510 είκὸς,
848 4443 1040 4507 ὕδατος
1093 4443 1180 4494 ὅτε
1208 4441 1290 4494 δεῖ
1355 4439 1642 4509 καρτερεῖν
1695 4436 1888 4508 φέρον·
1924 4453 1967 4510 ι)

309 4557 400 4604 τες
424 4537 748 4610 ὀλιγωρῶσι.

382 4630 484 4684 λθ’.
516 4630 650 4683 Οὐδὲ
679 4627 808 4691 τοὺς
846 4625 1047 4691 πεζοὺς
1096 4622 1236 4694 μετὰ
1267 4621 1378 4675 τῶν
1409 4618 1790 4691 καὸαλλαρίων
1821 4618 1904 4672 δεῖ

313 4721 652 4786 ἀπλικεὺειν,
681 4720 812 4792 πρὶν
848 4719 882 4790 ἢ
912 4721 1039 4782 τοὺς
1073 4715 1302 4787 ὲχθροὺς
1332 4713 1550 4783 ἐγγίσαι
1573 4713 1634 4765 ἐν
1663 4711 1741 4783 τῷ
1771 4729 1900 4781 (ροσ-

315 4813 485 4883 σάτῳ,
513 4811 626 4865 ἀλλ’
645 4811 845 4878 ἔξωθεν
873 4811 992 4881 μὲν,
1023 4807 1251 4880 πλησίον
1271 4807 1329 4861 δὲ
1355 4805 1450 4859 τοῦ
1480 4804 1775 4876 φοσσάτου,
1808 4805 1897 4859 ἵνα

317 4905 458 4977 μηδὲ
502 4904 949 4974 στενοχορῶνται,
997 4901 1134 4973 μηδὲ
1187 4899 1544 4972 εὐαρίθμητοι
1595 4898 1895 4967 φαίνωνται

314 5001 426 5061 τοῖς
469 4994 860 5056 κατασκόποις.
901 4990 1176 5063 Δοκίμαξε
1206 4992 1264 5046 δὲ
1292 4991 1400 5064 πρὸ
1438 4990 1637 5059 ὀλίγων
1667 4988 1894 5060 ἡμερῶν

313 5090 394 5154 είς
420 5089 584 5144 πόσον
629 5086 907 5156 διάστημα
959 5082 1290 5155 χωροῦνται,
1315 5085 1407 5138 καὶ
1455 5080 1572 5145 πῶς
1610 5079 1895 5150 μέλλουσιν

313 5179 652 5247 ἁπλικεύειν,
683 5178 779 5233 καὶ
807 5176 901 5230 ἐὰν
930 5176 1156 5248 γένηται
1184 5175 1370 5238 αὑτοτς
1405 5172 1594 5246 καιρὸς
1631 5168 1894 5224 εἰσελθεῖν

316 5275 454 5346 μετὰ
485 5272 593 5329 τῶν
628 5267 1032 5340 κασαλλαρίων.

1992 1882 2232 1929 atrorum
2265 1874 2532 1929 ambitum
2562 1874 2817 1944 ponenda
2860 1884 3009 1942 sunt,
3041 1875 3135 1930 sed
3162 1873 3320 1942 foris,
3354 1885 3578 1944 propter

1991 1967 2178 2024 odoris
2208 1968 2555 2038 gravitatem,
2598 1969 2646 2024 si
2693 1968 2898 2025 diutius
2938 1984 3048 2025 uno
3086 1968 3141 2023 in
3169 1968 3289 2024 loco
3327 1983 3580 2024 commo-

1992 2061 2224 2115 randum
2257 2059 2350 2115 sit.

2063 2237 2155 2293 35.
2192 2236 2530 2295 Necessariis
2561 2235 2898 2307 temporibus
2939 2237 3158 2291 brevem
3190 2243 3286 2291 aut
3317 2236 3576 2308 exiguum

1993 2329 2236 2384 rivulum
2264 2328 2405 2383 intra
2427 2327 2692 2385 ambitum
2727 2337 3031 2384 castrorum
3058 2327 3313 2399 recipies,
3339 2342 3402 2384 ea
3425 2337 3579 2398 parte

1993 2437 2100 2494 qua
2136 2420 2486 2493 permeabilis
2515 2431 2598 2478 est
2619 2421 2908 2477 exercitui.

2065 2606 2157 2662 54.
2209 2605 2306 2660 Sin
2353 2619 2584 2674 magnus
2637 2613 2801 2674 atque
2841 2619 3000 2674 asper
3031 2603 3231 2671 ﬂuvius
3273 2603 3462 2668 fuerit,
3509 2605 3578 2658 ad

1995 2699 2140 2754 latus
2171 2706 2477 2753 rastrorum
2509 2695 2789 2766 jungatur,
2825 2702 3006 2765 utpro
3035 2694 3180 2750 vallo
3213 2697 3413 2751 castris
3447 2695 3538 2750 sit.

2069 2869 2160 2924 55.
2225 2866 2491 2923 Mediocri
2539 2865 2706 2921 ﬂuvio
2751 2867 3192 2936 praeterlabente,
3239 2868 3580 2939 superiorem

1997 2974 2205 3032 partem
2247 2975 2444 3016 versus
2496 2960 2624 3029 equi
2681 2969 2946 3029 aquatum
2996 2960 3234 3015 ducendi
3269 2975 3378 3016 non
3429 2972 3578 3027 sunt,

1996 3066 2066 3106 ne
2111 3065 2252 3120 aqua
2292 3050 2524 3119 pedibus
2567 3048 2782 3104 turbata
2811 3063 3036 3105 caenosa
3066 3064 3131 3105 ac
3165 3049 3430 3106 lutulenta
3462 3050 3579 3113 ﬂat.

1999 3140 2094 3197 sed
2126 3142 2194 3196 ad
2228 3139 2545 3196 interiorem
2573 3149 2781 3212 partem
2812 3141 3123 3202 adducendi
3152 3152 3302 3197 sunt.

2071 3317 2156 3376 56.
2185 3318 2240 3374 Si
2268 3319 2500 3391 exiguus
2526 3317 2922 3385 lueritﬂuvius,
2939 3317 3086 3374 vasis
3101 3319 3338 3378 educant
3356 3336 3578 3392 aquam,

1999 3425 2178 3481 neque
2203 3427 2374 3480 equos
2409 3411 2464 3466 in
2509 3410 2737 3465 ﬂuvium
2778 3411 3097 3474 admittant,
3149 3423 3374 3483 propter
3424 3429 3582 3485 aqua:

1998 3502 2412 3558 turbulentiam.
2993 3551 2998 3564 κ

2071 3595 2160 3652 57.
2207 3593 2383 3666 Prope
2424 3593 2616 3660 collem
2673 3595 2938 3666 aliquem,
2991 3611 3158 3668 quem
3212 3599 3399 3656 hostes
3447 3615 3584 3658 con-

1997 3687 2261 3745 scendere
2300 3693 2554 3756 possunt,
2587 3694 2769 3742 castra
2805 3701 2875 3741 ne
2903 3701 3100 3756 ponas,
3135 3703 3204 3743 ne
3232 3688 3374 3746 forte
3411 3706 3581 3747 occu-

2000 3790 2125 3853 pato
2162 3796 2229 3838 eo
2258 3780 2402 3845 loco,
2439 3780 2625 3838 hostes
2657 3779 2876 3850 sagittis
2912 3790 2965 3837 te
2993 3783 3326 3853 opprimant.

2068 3961 2160 4016 58.
2202 3958 2259 4014 Si
2313 3973 2480 4030 prope
2527 3959 2715 4015 hostes
2759 3974 2869 4015 non
2921 3959 3213 4029 aﬂ‘uerint,
3269 3963 3362 4019 sed
3434 3963 3582 4036 longi

2001 4051 2214 4107 itineris
2253 4051 2394 4105 viam
2435 4047 2734 4115 abfuerint,
2775 4058 2957 4105 castra
2995 4059 3214 4122 propter
3254 4049 3480 4106 ﬂuvium
3515 4068 3584 4106 ne

1999 4155 2190 4210 ponas,
2242 4139 2488 4210 equitum
2545 4137 2600 4193 in
2659 4139 2876 4209 primis,
2935 4155 3004 4195 ne
3053 4139 3301 4211 jumenta
3343 4143 3583 4211 copiosae

2001 4233 2280 4302 aquationi
2339 4230 2674 4298 assuefacta,
2715 4232 2824 4289 alio
2882 4241 3126 4304 tempore
3183 4233 3399 4289 delecta
3451 4246 3583 4304 potu

1999 4328 2220 4395 quando
2249 4327 2521 4382 sustinere
2545 4329 2692 4383 sitim
2711 4325 2946 4390 debent,
2982 4340 3088 4381 non
3127 4326 3364 4396 possint.

2071 4609 2160 4664 39.
2201 4608 2419 4665 Pedites
2447 4609 2590 4666 intra
2620 4617 2932 4668 castrorum
2961 4611 3227 4668 ambitum
3257 4628 3382 4669 cum
3423 4615 3584 4686 equi-

2001 4702 2144 4759 tibus
2183 4702 2531 4773 requiescere
2574 4717 2686 4758 non
2716 4712 2952 4775 oportet,
2998 4706 3046 4760 si
3081 4705 3268 4762 hostes
3304 4708 3464 4777 longe
3486 4708 3582 4762 ab-

1998 4794 2225 4862 fuerint,
2269 4795 2366 4851 sed
2411 4800 2569 4854 extra
2619 4805 2675 4853 et
2719 4799 3016 4870 separatim
3051 4815 3221 4870 prope
3268 4810 3471 4866 castra,
3524 4811 3585 4856 ut

2003 4903 2180 4960 neque
2216 4889 2402 4946 nimiis
2445 4892 2717 4962 angustiis
2757 4901 3096 4964 premantur,
3125 4907 3302 4962 neque
3335 4909 3364 4948 a
3391 4909 3586 4964 specu-

2001 4981 2270 5038 latoribus
2299 4983 2458 5040 facile
2509 4995 2886 5041 numerentur.
2923 4983 3030 5040 Sed
3070 5000 3277 5054 paucos
3309 4998 3436 5042 ante
3463 4987 3583 5043 dies

2001 5088 2166 5145 quam
2201 5075 2386 5132 hostes
2427 5079 2707 5142 accedant,
2757 5077 3156 5147 explorandum
3193 5088 3276 5134 est
3317 5090 3582 5149 quantum

2001 5167 2161 5237 spatii
2200 5169 2436 5238 capiant,
2467 5177 2522 5225 et
2551 5170 3019 5240 quemadmodum
3060 5170 3203 5226 intra
3253 5172 3449 5226 vallum
3494 5187 3586 5227 ca-

2003 5266 2118 5314 stra
2147 5261 2439 5330 ponant,si
2469 5260 2694 5331 quando
2709 5276 2847 5333 opus
2863 5261 3048 5331 fuerit,
3073 5273 3133 5320 ut
3153 5279 3276 5320 cum
3306 5265 3584 5336 equitibus

2007 5350 2168 5406 simul
2191 5364 2369 5407 castra
2405 5353 2658 5410 habeant.

1839 5491 2072 5556 NOTIE.

384 5600 495 5672 (86)
533 5600 681 5672 Τοὺς
701 5599 997 5672 πλαγίους
1021 5597 1111 5652 δέ.
1132 5594 1373 5672 _Scribe,
1413 5610 1464 5672 τ.
1493 5589 1756 5672 πλαγίους
1781 5587 1893 5672 ⁹δεῖ.

382 5659 494 5742 (873
528 5671 635 5725 Kal
655 5659 770 5742 'oz‘tx
791 5659 1113 5742 ὰὶεξτείτῃ.
1128 5665 1344 5742 Scribe1
1363 5663 1458 5716 καὶ
1470 5661 1547 5742 Δοιξ
1571 5659 1891 5730 κατεπείγῃ.

385 5732 496 5813 (88)
537 5739 869 5796 Δυσωδίαν.
899 5732 1287 5798 Scribebatur,
1319 5732 1634 5788 δυσωδεῐαν.

602 5835 873 5896 ΡΑτιιοι..
919 5835 1036 5894 Gn.
1069 5833 1263 5895 CVII.

2077 5589 2210 5666 (39)_
2239 5591 2474 5666 ’ΞΥ-τῷ,
2497 5592 2900 5665 στρατοπέδῳ.
2951 5592 3308 5651 Scribebatur
3329 5633 3345 5659 ,
3409 5593 3470 5649 ιν
3500 5593 3580 5666 τῷ

2004 5661 2220 5735 στρατῷ
2245 5663 2440 5736 παίδῳ.

3026 5816 3100 5879 26
