  <div class='ocr_page' id='page_1' title='image "/cluster/home/n/w/nwhite01/storage/ocr_20150623/107/hvd.32044073502338/445.png"; bbox 0 0 4052 6216; ppageno 0'>
   <div class='ocr_carea' id='block_1_1' title="bbox 530 339 634 401">
    <p class='ocr_par' dir='ltr' id='par_1_1' title="bbox 530 339 634 401">
     <span class='ocr_line' id='line_1_1' title="bbox 530 339 634 401; baseline 0 0"><span class='ocrx_word' id='word_1_1' title='bbox 530 339 634 401; x_wconf 81' lang='lat'><strong>803</strong></span> 
     </span>
    </p>
   </div>
   <div class='ocr_carea' id='block_1_2' title="bbox 1791 319 2558 385">
    <p class='ocr_par' dir='ltr' id='par_1_2' title="bbox 1791 319 2558 385">
     <span class='ocr_line' id='line_1_2' title="bbox 1791 319 2558 385; baseline -0.007 0"><span class='ocrx_word' id='word_1_2' title='bbox 1791 323 2065 385; x_wconf 69' lang='lat' dir='ltr'><strong>LEONIS</strong></span> <span class='ocrx_word' id='word_1_3' title='bbox 2103 319 2558 381; x_wconf 81' lang='lat' dir='ltr'><strong>PHILOSOPIII</strong></span> 
     </span>
    </p>
   </div>
   <div class='ocr_carea' id='block_1_3' title="bbox 3682 317 3801 381">
    <p class='ocr_par' dir='ltr' id='par_1_3' title="bbox 3682 317 3801 381">
     <span class='ocr_line' id='line_1_3' title="bbox 3682 317 3801 381; baseline 0 -1"><span class='ocrx_word' id='word_1_4' title='bbox 3682 317 3801 381; x_wconf 67' lang='grc'><strong>804</strong></span> 
     </span>
    </p>
   </div>
   <div class='ocr_carea' id='block_1_4' title="bbox 603 424 2099 510">
    <p class='ocr_par' dir='ltr' id='par_1_4' title="bbox 603 435 2099 510">
     <span class='ocr_line' id='line_1_4' title="bbox 603 435 2099 510; baseline -0.012 -7"><span class='ocrx_word' id='word_1_5' title='bbox 603 451 692 503; x_wconf 72' lang='lat'><strong>40.</strong></span> <span class='ocrx_word' id='word_1_6' title='bbox 725 447 820 502; x_wconf 87' lang='lat' dir='ltr'><strong>Sin</strong></span> <span class='ocrx_word' id='word_1_7' title='bbox 867 446 1048 500; x_wconf 92' lang='lat' dir='ltr'><strong>hostes</strong></span> <span class='ocrx_word' id='word_1_8' title='bbox 1080 442 1418 505; x_wconf 93' lang='lat' dir='ltr'><strong>immineant,</strong></span> <span class='ocrx_word' id='word_1_9' title='bbox 1466 435 1862 510; x_wconf 90' lang='lat' dir='ltr'><strong>providendum</strong></span> <span class='ocrx_word' id='word_1_10' title='bbox 1891 443 1997 496; x_wconf 88' lang='lat' dir='ltr'><strong>est,</strong></span> <span class='ocrx_word' id='word_1_11' title='bbox 2047 446 2099 486; x_wconf 77' lang='lat' dir='ltr'><strong>nt</strong></span> 
     </span>
    </p>
   </div>
   <div class='ocr_carea' id='block_1_5' title="bbox 2211 424 3794 510">
    <p class='ocr_par' dir='ltr' id='par_1_5' title="bbox 2291 424 3794 499">
     <span class='ocr_line' id='line_1_5' title="bbox 2291 424 3794 499; baseline -0.001 -17"><span class='ocrx_word' id='word_1_12' title='bbox 2291 435 2366 499; x_wconf 85' lang='grc' dir='ltr'>μ’.</span> <span class='ocrx_word' id='word_1_13' title='bbox 2405 427 2530 480; x_wconf 84' lang='grc' dir='ltr'><strong>Ἑάν</strong></span> <span class='ocrx_word' id='word_1_14' title='bbox 2582 425 2639 480; x_wconf 78' lang='grc' dir='ltr'>δὲ</span> <span class='ocrx_word' id='word_1_15' title='bbox 2673 425 2721 478; x_wconf 86' lang='lat' dir='ltr'><strong>oi</strong></span> <span class='ocrx_word' id='word_1_16' title='bbox 2753 424 2937 496; x_wconf 70' lang='grc' dir='ltr'>ἐχθροὶ</span> <span class='ocrx_word' id='word_1_17' title='bbox 2960 425 3274 493; x_wconf 77' lang='grc' dir='ltr'>ἐγγίζωσιν,</span> <span class='ocrx_word' id='word_1_18' title='bbox 3297 425 3383 478; x_wconf 78' lang='grc' dir='ltr'>ἵνα</span> <span class='ocrx_word' id='word_1_19' title='bbox 3413 424 3794 481; x_wconf 80' lang='grc' dir='ltr'>συνάπτωνται</span> 
     </span>
    </p>
   </div>
   <div class='ocr_carea' id='block_1_6' title="bbox 531 529 2108 600">
    <p class='ocr_par' dir='ltr' id='par_1_6' title="bbox 531 529 2108 600">
     <span class='ocr_line' id='line_1_6' title="bbox 531 529 2108 600; baseline -0.013 -6"><span class='ocrx_word' id='word_1_20' title='bbox 531 541 719 594; x_wconf 81' lang='lat' dir='ltr'><strong>eodem</strong></span> <span class='ocrx_word' id='word_1_21' title='bbox 771 539 822 591; x_wconf 92' lang='lat' dir='ltr'><strong>in</strong></span> <span class='ocrx_word' id='word_1_22' title='bbox 877 537 1105 598; x_wconf 79' lang='lat' dir='ltr'><strong>ambitu,</strong></span> <span class='ocrx_word' id='word_1_23' title='bbox 1149 531 1376 587; x_wconf 80' lang='lat' dir='ltr'><strong>confuse</strong></span> <span class='ocrx_word' id='word_1_24' title='bbox 1414 529 1625 600; x_wconf 90' lang='lat' dir='ltr'><strong>equites</strong></span> <span class='ocrx_word' id='word_1_25' title='bbox 1677 533 1854 580; x_wconf 86' lang='lat' dir='ltr'><strong>castra</strong></span> <span class='ocrx_word' id='word_1_26' title='bbox 1905 529 2108 592; x_wconf 85' lang='lat' dir='ltr'><strong>ponant</strong></span> 
     </span>
    </p>
   </div>
   <div class='ocr_carea' id='block_1_7' title="bbox 531 617 2104 697">
    <p class='ocr_par' dir='ltr' id='par_1_7' title="bbox 531 617 2104 697">
     <span class='ocr_line' id='line_1_7' title="bbox 531 617 2104 697; baseline -0.01 -14"><span class='ocrx_word' id='word_1_27' title='bbox 531 647 652 683; x_wconf 90' lang='lat' dir='ltr'><strong>eum</strong></span> <span class='ocrx_word' id='word_1_28' title='bbox 671 627 958 697; x_wconf 83' lang='lat' dir='ltr'><strong>peditibus,</strong></span> <span class='ocrx_word' id='word_1_29' title='bbox 979 625 1070 678; x_wconf 87' lang='lat' dir='ltr'><strong>sed</strong></span> <span class='ocrx_word' id='word_1_30' title='bbox 1086 623 1402 692; x_wconf 74' lang='lat' dir='ltr'><strong>separatim,</strong></span> <span class='ocrx_word' id='word_1_31' title='bbox 1419 637 1481 674; x_wconf 86' lang='lat' dir='ltr'><strong>ac</strong></span> <span class='ocrx_word' id='word_1_32' title='bbox 1497 620 1747 674; x_wconf 90' lang='lat' dir='ltr'><strong>distincte</strong></span> <span class='ocrx_word' id='word_1_33' title='bbox 1763 617 2104 672; x_wconf 91' lang='lat' dir='ltr'><strong>considcam.</strong></span> 
     </span>
    </p>
   </div>
   <div class='ocr_carea' id='block_1_8' title="bbox 600 713 2107 786">
    <p class='ocr_par' dir='ltr' id='par_1_8' title="bbox 600 713 2107 786">
     <span class='ocr_line' id='line_1_8' title="bbox 600 713 2107 786; baseline -0.01 -10"><span class='ocrx_word' id='word_1_34' title='bbox 600 723 688 776; x_wconf 75' lang='grc'><strong>41.</strong></span> <span class='ocrx_word' id='word_1_35' title='bbox 722 719 852 772; x_wconf 81' lang='lat' dir='ltr'><strong>Belli</strong></span> <span class='ocrx_word' id='word_1_36' title='bbox 891 727 1134 786; x_wconf 89' lang='lat' dir='ltr'><strong>tempore</strong></span> <span class='ocrx_word' id='word_1_37' title='bbox 1161 716 1333 769; x_wconf 91' lang='lat' dir='ltr'><strong>ﬁrmis</strong></span> <span class='ocrx_word' id='word_1_38' title='bbox 1373 715 1426 768; x_wconf 90' lang='lat' dir='ltr'><strong>in</strong></span> <span class='ocrx_word' id='word_1_39' title='bbox 1456 713 1590 767; x_wconf 84' lang='lat' dir='ltr'><strong>locis</strong></span> <span class='ocrx_word' id='word_1_40' title='bbox 1618 720 1794 766; x_wconf 83' lang='lat' dir='ltr'><strong>castra</strong></span> <span class='ocrx_word' id='word_1_41' title='bbox 1828 723 2021 780; x_wconf 87' lang='lat' dir='ltr'><strong>ponas,</strong></span> <span class='ocrx_word' id='word_1_42' title='bbox 2052 717 2107 762; x_wconf 88' lang='lat' dir='ltr'><strong>ct</strong></span> 
     </span>
    </p>
   </div>
   <div class='ocr_carea' id='block_1_9' title="bbox 529 804 2105 876">
    <p class='ocr_par' dir='ltr' id='par_1_9' title="bbox 529 804 2105 876">
     <span class='ocr_line' id='line_1_9' title="bbox 529 804 2105 876; baseline -0.008 -9"><span class='ocrx_word' id='word_1_43' title='bbox 529 830 657 868; x_wconf 88' lang='lat' dir='ltr'><strong>cura</strong></span> <span class='ocrx_word' id='word_1_44' title='bbox 692 813 785 866; x_wconf 87' lang='lat' dir='ltr'><strong>tibi</strong></span> <span class='ocrx_word' id='word_1_45' title='bbox 821 819 1159 865; x_wconf 86' lang='lat' dir='ltr'><strong>commeatus</strong></span> <span class='ocrx_word' id='word_1_46' title='bbox 1209 822 1502 876; x_wconf 86' lang='lat' dir='ltr'><strong>rerumque</strong></span> <span class='ocrx_word' id='word_1_47' title='bbox 1536 804 1966 861; x_wconf 87' lang='lat' dir='ltr'><strong>necessariarum</strong></span> <span class='ocrx_word' id='word_1_48' title='bbox 2011 817 2105 856; x_wconf 89' lang='lat' dir='ltr'><strong>su-</strong></span> 
     </span>
    </p>
   </div>
   <div class='ocr_carea' id='block_1_10' title="bbox 531 896 2105 973">
    <p class='ocr_par' dir='ltr' id='par_1_10' title="bbox 531 896 2105 973">
     <span class='ocr_line' id='line_1_10' title="bbox 531 896 2105 973; baseline -0.008 -15"><span class='ocrx_word' id='word_1_49' title='bbox 531 903 809 973; x_wconf 85' lang='lat' dir='ltr'><strong>scipienda</strong></span> <span class='ocrx_word' id='word_1_50' title='bbox 846 912 950 967; x_wconf 84' lang='lat' dir='ltr'><strong>est,</strong></span> <span class='ocrx_word' id='word_1_51' title='bbox 988 913 1043 955; x_wconf 92' lang='lat' dir='ltr'><strong>ut</strong></span> <span class='ocrx_word' id='word_1_52' title='bbox 1072 911 1184 954; x_wconf 90' lang='lat' dir='ltr'><strong>tum</strong></span> <span class='ocrx_word' id='word_1_53' title='bbox 1241 899 1514 960; x_wconf 87' lang='lat' dir='ltr'><strong>homines,</strong></span> <span class='ocrx_word' id='word_1_54' title='bbox 1550 905 1659 950; x_wconf 90' lang='lat' dir='ltr'><strong>tum</strong></span> <span class='ocrx_word' id='word_1_55' title='bbox 1687 896 1935 964; x_wconf 87' lang='lat' dir='ltr'><strong>jumenta</strong></span> <span class='ocrx_word' id='word_1_56' title='bbox 1980 908 2105 962; x_wconf 90' lang='lat' dir='ltr'><strong>pau-</strong></span> 
     </span>
    </p>
   </div>
   <div class='ocr_carea' id='block_1_11' title="bbox 531 983 2102 1058">
    <p class='ocr_par' dir='ltr' id='par_1_11' title="bbox 531 983 2102 1058">
     <span class='ocr_line' id='line_1_11' title="bbox 531 983 2102 1058; baseline -0.007 -12"><span class='ocrx_word' id='word_1_57' title='bbox 531 1011 724 1049; x_wconf 69' lang='lat' dir='ltr'><strong>corum</strong></span> <span class='ocrx_word' id='word_1_58' title='bbox 749 994 958 1048; x_wconf 89' lang='lat' dir='ltr'><strong>dierum</strong></span> <span class='ocrx_word' id='word_1_59' title='bbox 989 1002 1375 1054; x_wconf 86' lang='lat' dir='ltr'><strong>commeatum,</strong></span> <span class='ocrx_word' id='word_1_60' title='bbox 1408 999 1626 1058; x_wconf 78' lang='lat' dir='ltr'><strong>propter</strong></span> <span class='ocrx_word' id='word_1_61' title='bbox 1652 987 1946 1057; x_wconf 88' lang='lat' dir='ltr'><strong>ancipitem</strong></span> <span class='ocrx_word' id='word_1_62' title='bbox 1976 983 2102 1038; x_wconf 88' lang='lat' dir='ltr'><strong>belli</strong></span> 
     </span>
    </p>
   </div>
   <div class='ocr_carea' id='block_1_12' title="bbox 530 1076 2101 1149">
    <p class='ocr_par' dir='ltr' id='par_1_12' title="bbox 530 1076 2101 1149">
     <span class='ocr_line' id='line_1_12' title="bbox 530 1076 2101 1149; baseline -0.006 -10"><span class='ocrx_word' id='word_1_63' title='bbox 530 1095 812 1148; x_wconf 78' lang='lat' dir='ltr'><strong>eventum,</strong></span> <span class='ocrx_word' id='word_1_64' title='bbox 844 1085 1097 1138; x_wconf 84' lang='lat' dir='ltr'><strong>habeant.</strong></span> <span class='ocrx_word' id='word_1_65' title='bbox 1157 1081 1392 1135; x_wconf 77' lang='lat' dir='ltr'><strong>Maxime</strong></span> <span class='ocrx_word' id='word_1_66' title='bbox 1432 1089 1612 1134; x_wconf 90' lang='lat' dir='ltr'><strong>autetn</strong></span> <span class='ocrx_word' id='word_1_67' title='bbox 1659 1076 2101 1149; x_wconf 88' lang='lat' dir='ltr'><strong>prospiciendum</strong></span> 
     </span>
    </p>
   </div>
   <div class='ocr_carea' id='block_1_13' title="bbox 527 1168 2102 1245">
    <p class='ocr_par' dir='ltr' id='par_1_13' title="bbox 527 1168 2102 1245">
     <span class='ocr_line' id='line_1_13' title="bbox 527 1168 2102 1245; baseline -0.006 -15"><span class='ocrx_word' id='word_1_68' title='bbox 527 1187 634 1242; x_wconf 83' lang='lat' dir='ltr'><strong>cst,</strong></span> <span class='ocrx_word' id='word_1_69' title='bbox 672 1183 730 1228; x_wconf 90' lang='lat' dir='ltr'><strong>ut</strong></span> <span class='ocrx_word' id='word_1_70' title='bbox 773 1178 825 1228; x_wconf 89' lang='lat' dir='ltr'><strong>iu</strong></span> <span class='ocrx_word' id='word_1_71' title='bbox 864 1175 1054 1245; x_wconf 89' lang='lat' dir='ltr'><strong>primis</strong></span> <span class='ocrx_word' id='word_1_72' title='bbox 1099 1189 1296 1240; x_wconf 81' lang='lat' dir='ltr'><strong>aquam</strong></span> <span class='ocrx_word' id='word_1_73' title='bbox 1337 1173 1608 1237; x_wconf 87' lang='lat' dir='ltr'><strong>obtincas,</strong></span> <span class='ocrx_word' id='word_1_74' title='bbox 1643 1179 1697 1223; x_wconf 90' lang='lat' dir='ltr'><strong>et</strong></span> <span class='ocrx_word' id='word_1_75' title='bbox 1741 1169 1809 1222; x_wconf 93' lang='lat' dir='ltr'><strong>ab</strong></span> <span class='ocrx_word' id='word_1_76' title='bbox 1855 1168 2102 1222; x_wconf 88' lang='lat' dir='ltr'><strong>hostibus</strong></span> 
     </span>
    </p>
   </div>
   <div class='ocr_carea' id='block_1_14' title="bbox 528 1259 2103 1335">
    <p class='ocr_par' dir='ltr' id='par_1_14' title="bbox 528 1259 2103 1335">
     <span class='ocr_line' id='line_1_14' title="bbox 528 1259 2103 1335; baseline -0.008 -13"><span class='ocrx_word' id='word_1_77' title='bbox 528 1266 812 1331; x_wconf 81' lang='lat' dir='ltr'><strong>defendas,</strong></span> <span class='ocrx_word' id='word_1_78' title='bbox 843 1281 950 1335; x_wconf 89' lang='lat' dir='ltr'><strong>qua</strong></span> <span class='ocrx_word' id='word_1_79' title='bbox 984 1266 1060 1318; x_wconf 91' lang='lat' dir='ltr'><strong>illi</strong></span> <span class='ocrx_word' id='word_1_80' title='bbox 1087 1266 1356 1318; x_wconf 76' lang='lat' dir='ltr'><strong>interdum</strong></span> <span class='ocrx_word' id='word_1_81' title='bbox 1393 1263 1648 1330; x_wconf 85' lang='lat' dir='ltr'><strong>cgebunt.</strong></span> <span class='ocrx_word' id='word_1_82' title='bbox 1684 1259 1741 1313; x_wconf 89' lang='lat' dir='ltr'><strong>Si</strong></span> <span class='ocrx_word' id='word_1_83' title='bbox 1775 1273 2000 1328; x_wconf 86' lang='lat' dir='ltr'><strong>campus</strong></span> <span class='ocrx_word' id='word_1_84' title='bbox 2021 1267 2103 1311; x_wconf 90' lang='lat' dir='ltr'><strong>est</strong></span> 
     </span>
    </p>
   </div>
   <div class='ocr_carea' id='block_1_15' title="bbox 530 1346 2104 1426">
    <p class='ocr_par' dir='ltr' id='par_1_15' title="bbox 530 1346 2104 1426">
     <span class='ocr_line' id='line_1_15' title="bbox 530 1346 2104 1426; baseline -0.008 -15"><span class='ocrx_word' id='word_1_85' title='bbox 530 1358 583 1411; x_wconf 88' lang='lat' dir='ltr'><strong>in</strong></span> <span class='ocrx_word' id='word_1_86' title='bbox 623 1371 734 1426; x_wconf 93' lang='lat' dir='ltr'><strong>quo</strong></span> <span class='ocrx_word' id='word_1_87' title='bbox 767 1354 1104 1410; x_wconf 82' lang='lat' dir='ltr'><strong>conﬂictatio</strong></span> <span class='ocrx_word' id='word_1_88' title='bbox 1136 1353 1259 1406; x_wconf 90' lang='lat' dir='ltr'><strong>belli</strong></span> <span class='ocrx_word' id='word_1_89' title='bbox 1293 1351 1474 1405; x_wconf 88' lang='lat' dir='ltr'><strong>futura</strong></span> <span class='ocrx_word' id='word_1_90' title='bbox 1508 1360 1611 1413; x_wconf 88' lang='lat' dir='ltr'><strong>est,</strong></span> <span class='ocrx_word' id='word_1_91' title='bbox 1645 1365 1675 1403; x_wconf 91' lang='lat' dir='ltr'><strong>a</strong></span> <span class='ocrx_word' id='word_1_92' title='bbox 1709 1357 1858 1418; x_wconf 83' lang='lat' dir='ltr'><strong>tergo</strong></span> <span class='ocrx_word' id='word_1_93' title='bbox 1893 1347 1975 1402; x_wconf 88' lang='lat' dir='ltr'><strong>vel</strong></span> <span class='ocrx_word' id='word_1_94' title='bbox 2003 1346 2104 1400; x_wconf 85' lang='lat' dir='ltr'><strong>ilu-</strong></span> 
     </span>
    </p>
   </div>
   <div class='ocr_carea' id='block_1_16' title="bbox 527 1439 2100 1514">
    <p class='ocr_par' dir='ltr' id='par_1_16' title="bbox 527 1439 2100 1514">
     <span class='ocr_line' id='line_1_16' title="bbox 527 1439 2100 1514; baseline -0.006 -11"><span class='ocrx_word' id='word_1_95' title='bbox 527 1450 675 1503; x_wconf 82' lang='lat' dir='ltr'><strong>vium</strong></span> <span class='ocrx_word' id='word_1_96' title='bbox 703 1448 782 1502; x_wconf 88' lang='lat' dir='ltr'><strong>vel</strong></span> <span class='ocrx_word' id='word_1_97' title='bbox 825 1447 1000 1501; x_wconf 90' lang='lat' dir='ltr'><strong>lacum</strong></span> <span class='ocrx_word' id='word_1_98' title='bbox 1024 1445 1248 1509; x_wconf 76' lang='lat' dir='ltr'><strong>habeas,</strong></span> <span class='ocrx_word' id='word_1_99' title='bbox 1282 1455 1376 1498; x_wconf 90' lang='lat' dir='ltr'><strong>aut</strong></span> <span class='ocrx_word' id='word_1_100' title='bbox 1403 1444 1640 1514; x_wconf 85' lang='lat' dir='ltr'><strong>aliquam</strong></span> <span class='ocrx_word' id='word_1_101' title='bbox 1673 1440 1883 1495; x_wconf 82' lang='lat' dir='ltr'><strong>ﬁrmam</strong></span> <span class='ocrx_word' id='word_1_102' title='bbox 1917 1439 2100 1494; x_wconf 65' lang='lat' dir='ltr'><strong>muni»</strong></span> 
     </span>
    </p>
   </div>
   <div class='ocr_carea' id='block_1_17' title="bbox 528 1541 752 1606">
    <p class='ocr_par' dir='ltr' id='par_1_17' title="bbox 528 1541 752 1606">
     <span class='ocr_line' id='line_1_17' title="bbox 528 1541 752 1606; baseline -0.009 -12"><span class='ocrx_word' id='word_1_103' title='bbox 528 1541 752 1606; x_wconf 76' lang='lat' dir='ltr'><strong>tionem.</strong></span> 
     </span>
    </p>
   </div>
   <div class='ocr_carea' id='block_1_18' title="bbox 607 1701 2102 1775">
    <p class='ocr_par' dir='ltr' id='par_1_18' title="bbox 607 1701 2102 1775">
     <span class='ocr_line' id='line_1_18' title="bbox 607 1701 2102 1775; baseline -0.012 -3"><span class='ocrx_word' id='word_1_104' title='bbox 607 1720 696 1774; x_wconf 68' lang='grc'>42.</span> <span class='ocrx_word' id='word_1_105' title='bbox 733 1715 1041 1775; x_wconf 88' lang='lat' dir='ltr'><strong>Fossatum,</strong></span> <span class='ocrx_word' id='word_1_106' title='bbox 1080 1711 1131 1764; x_wconf 83' lang='lat' dir='ltr'><strong>id</strong></span> <span class='ocrx_word' id='word_1_107' title='bbox 1155 1719 1255 1775; x_wconf 90' lang='lat' dir='ltr'><strong>est,</strong></span> <span class='ocrx_word' id='word_1_108' title='bbox 1292 1717 1598 1763; x_wconf 86' lang='lat' dir='ltr'><strong>castrorum</strong></span> <span class='ocrx_word' id='word_1_109' title='bbox 1621 1704 1886 1759; x_wconf 89' lang='lat' dir='ltr'><strong>ambitum</strong></span> <span class='ocrx_word' id='word_1_110' title='bbox 1920 1701 2102 1756; x_wconf 89' lang='lat' dir='ltr'><strong>muni-</strong></span> 
     </span>
    </p>
   </div>
   <div class='ocr_carea' id='block_1_19' title="bbox 2217 515 3807 588">
    <p class='ocr_par' dir='ltr' id='par_1_19' title="bbox 2217 515 3807 588">
     <span class='ocr_line' id='line_1_19' title="bbox 2217 515 3807 588; baseline 0 -16"><span class='ocrx_word' id='word_1_111' title='bbox 2217 521 2267 572; x_wconf 76' lang='grc' dir='ltr'><strong>οἱ</strong></span> <span class='ocrx_word' id='word_1_112' title='bbox 2291 519 2644 588; x_wconf 84' lang='grc' dir='ltr'>καϐαλλάριοι</span> <span class='ocrx_word' id='word_1_113' title='bbox 2676 520 2791 580; x_wconf 90' lang='grc' dir='ltr'>τοῖς</span> <span class='ocrx_word' id='word_1_114' title='bbox 2819 517 3023 581; x_wconf 79' lang='grc' dir='ltr'><strong>πεζοῖς,</strong></span> <span class='ocrx_word' id='word_1_115' title='bbox 3054 518 3144 569; x_wconf 76' lang='grc' dir='ltr'>καὶ</span> <span class='ocrx_word' id='word_1_116' title='bbox 3174 519 3232 568; x_wconf 86' lang='grc' dir='ltr'><strong>ἐν</strong></span> <span class='ocrx_word' id='word_1_117' title='bbox 3268 515 3346 586; x_wconf 83' lang='grc' dir='ltr'><strong>τῷ</strong></span> <span class='ocrx_word' id='word_1_118' title='bbox 3376 517 3488 586; x_wconf 71' lang='grc' dir='ltr'>ἅμα</span> <span class='ocrx_word' id='word_1_119' title='bbox 3533 518 3807 572; x_wconf 75' lang='grc' dir='ltr'>ἀπλικεύο-</span> 
     </span>
    </p>
   </div>
   <div class='ocr_carea' id='block_1_20' title="bbox 2215 611 3205 679">
    <p class='ocr_par' dir='ltr' id='par_1_20' title="bbox 2215 611 3205 679">
     <span class='ocr_line' id='line_1_20' title="bbox 2215 611 3205 679; baseline 0 -15"><span class='ocrx_word' id='word_1_120' title='bbox 2215 629 2364 664; x_wconf 88' lang='grc' dir='ltr'>ουσιν</span> <span class='ocrx_word' id='word_1_121' title='bbox 2397 612 2454 664; x_wconf 90' lang='grc' dir='ltr'><strong>ἐν</strong></span> <span class='ocrx_word' id='word_1_122' title='bbox 2479 613 2590 674; x_wconf 90' lang='grc' dir='ltr'>τοῖς</span> <span class='ocrx_word' id='word_1_123' title='bbox 2615 611 2969 679; x_wconf 80' lang='grc' dir='ltr'><strong>τεταγμένοις</strong></span> <span class='ocrx_word' id='word_1_124' title='bbox 2999 611 3205 673; x_wconf 78' lang='grc' dir='ltr'><strong>τόποις.</strong></span> 
     </span>
    </p>
   </div>
   <div class='ocr_carea' id='block_1_21' title="bbox 2289 699 3805 773">
    <p class='ocr_par' dir='ltr' id='par_1_21' title="bbox 2289 699 3805 773">
     <span class='ocr_line' id='line_1_21' title="bbox 2289 699 3805 773; baseline 0.001 -17"><span class='ocrx_word' id='word_1_125' title='bbox 2289 699 2400 773; x_wconf 83' lang='grc' dir='ltr'>μα’.</span> <span class='ocrx_word' id='word_1_126' title='bbox 2445 703 2532 756; x_wconf 86' lang='grc' dir='ltr'>Ἐν</span> <span class='ocrx_word' id='word_1_127' title='bbox 2567 701 2626 755; x_wconf 77' lang='grc' dir='ltr'>δὲ</span> <span class='ocrx_word' id='word_1_128' title='bbox 2655 702 2734 773; x_wconf 82' lang='grc' dir='ltr'>τῷ</span> <span class='ocrx_word' id='word_1_129' title='bbox 2780 701 2873 754; x_wconf 81' lang='grc' dir='ltr'>τοῦ</span> <span class='ocrx_word' id='word_1_130' title='bbox 2935 701 3173 771; x_wconf 82' lang='grc' dir='ltr'>πολέμου</span> <span class='ocrx_word' id='word_1_131' title='bbox 3234 704 3412 772; x_wconf 85' lang='grc' dir='ltr'>καιρῷ</span> <span class='ocrx_word' id='word_1_132' title='bbox 3467 703 3588 757; x_wconf 80' lang='grc' dir='ltr'>δέον</span> <span class='ocrx_word' id='word_1_133' title='bbox 3623 721 3684 756; x_wconf 90' lang='grc' dir='ltr'><strong>σε</strong></span> <span class='ocrx_word' id='word_1_134' title='bbox 3717 705 3805 769; x_wconf 85' lang='grc' dir='ltr'><strong>είς</strong></span> 
     </span>
    </p>
   </div>
   <div class='ocr_carea' id='block_1_22' title="bbox 2211 790 3804 865">
    <p class='ocr_par' dir='ltr' id='par_1_22' title="bbox 2211 790 3804 865">
     <span class='ocr_line' id='line_1_22' title="bbox 2211 790 3804 865; baseline 0.002 -20"><span class='ocrx_word' id='word_1_135' title='bbox 2211 794 2444 864; x_wconf 71' lang='grc' dir='ltr'>ὀχυροὺς</span> <span class='ocrx_word' id='word_1_136' title='bbox 2477 792 2675 856; x_wconf 82' lang='grc' dir='ltr'>τόπους</span> <span class='ocrx_word' id='word_1_137' title='bbox 2701 791 2768 846; x_wconf 81' lang='grc' dir='ltr'>τὰ</span> <span class='ocrx_word' id='word_1_138' title='bbox 2798 790 3036 846; x_wconf 75' lang='grc' dir='ltr'>ἅπλικτα</span> <span class='ocrx_word' id='word_1_139' title='bbox 3060 795 3315 858; x_wconf 76' lang='grc' dir='ltr'>ἐπινοεῖν,</span> <span class='ocrx_word' id='word_1_140' title='bbox 3351 794 3443 846; x_wconf 74' lang='grc' dir='ltr'>καὶ</span> <span class='ocrx_word' id='word_1_141' title='bbox 3484 795 3804 865; x_wconf 75' lang='grc' dir='ltr'>φροντίζειν</span> 
     </span>
    </p>
   </div>
   <div class='ocr_carea' id='block_1_23' title="bbox 2211 885 3803 957">
    <p class='ocr_par' dir='ltr' id='par_1_23' title="bbox 2211 885 3803 957">
     <span class='ocr_line' id='line_1_23' title="bbox 2211 885 3803 957; baseline 0.003 -18"><span class='ocrx_word' id='word_1_142' title='bbox 2211 887 2319 939; x_wconf 91' lang='grc' dir='ltr'><strong>τῶν</strong></span> <span class='ocrx_word' id='word_1_143' title='bbox 2369 887 2713 956; x_wconf 77' lang='grc' dir='ltr'><strong>ἐπιτηδείων,</strong></span> <span class='ocrx_word' id='word_1_144' title='bbox 2752 885 3030 956; x_wconf 82' lang='grc' dir='ltr'>μὴμόνον,</span> <span class='ocrx_word' id='word_1_145' title='bbox 3067 887 3142 950; x_wconf 81' lang='grc' dir='ltr'>ὡς</span> <span class='ocrx_word' id='word_1_146' title='bbox 3166 885 3402 956; x_wconf 79' lang='grc' dir='ltr'>εἴρηται,</span> <span class='ocrx_word' id='word_1_147' title='bbox 3433 887 3532 957; x_wconf 84' lang='grc' dir='ltr'>τῆς</span> <span class='ocrx_word' id='word_1_148' title='bbox 3559 888 3668 941; x_wconf 92' lang='grc' dir='ltr'><strong>τῶν</strong></span> <span class='ocrx_word' id='word_1_149' title='bbox 3703 890 3803 943; x_wconf 82' lang='grc' dir='ltr'>ἀν-</span> 
     </span>
    </p>
   </div>
   <div class='ocr_carea' id='block_1_24' title="bbox 2213 977 3798 1049">
    <p class='ocr_par' dir='ltr' id='par_1_24' title="bbox 2213 977 3798 1049">
     <span class='ocr_line' id='line_1_24' title="bbox 2213 977 3798 1049; baseline 0.003 -19"><span class='ocrx_word' id='word_1_150' title='bbox 2213 977 2450 1049; x_wconf 79' lang='grc' dir='ltr'>θρώπων</span> <span class='ocrx_word' id='word_1_151' title='bbox 2481 979 2796 1048; x_wconf 82' lang='grc' dir='ltr'>ἀποτροφῆς</span> <span class='ocrx_word' id='word_1_152' title='bbox 2831 977 3026 1045; x_wconf 78' lang='grc' dir='ltr'><strong>ὀλίγων</strong></span> <span class='ocrx_word' id='word_1_153' title='bbox 3062 978 3308 1048; x_wconf 77' lang='grc' dir='ltr'>ἡμερῶν,</span> <span class='ocrx_word' id='word_1_154' title='bbox 3331 978 3446 1032; x_wconf 88' lang='grc' dir='ltr'>ἀλλ’</span> <span class='ocrx_word' id='word_1_155' title='bbox 3471 983 3518 1032; x_wconf 87' lang='grc' dir='ltr'><strong>εί</strong></span> <span class='ocrx_word' id='word_1_156' title='bbox 3545 979 3798 1045; x_wconf 73' lang='grc' dir='ltr'>δυνατὸν,</span> 
     </span>
    </p>
   </div>
   <div class='ocr_carea' id='block_1_25' title="bbox 2211 1066 3801 1139">
    <p class='ocr_par' dir='ltr' id='par_1_25' title="bbox 2211 1066 3801 1139">
     <span class='ocr_line' id='line_1_25' title="bbox 2211 1066 3801 1139; baseline 0.003 -19"><span class='ocrx_word' id='word_1_157' title='bbox 2211 1069 2305 1120; x_wconf 73' lang='grc' dir='ltr'>καὶ</span> <span class='ocrx_word' id='word_1_158' title='bbox 2354 1067 2463 1120; x_wconf 89' lang='grc' dir='ltr'><strong>τῶν</strong></span> <span class='ocrx_word' id='word_1_159' title='bbox 2520 1067 2766 1135; x_wconf 83' lang='grc' dir='ltr'><strong>ἀλόγων,</strong></span> <span class='ocrx_word' id='word_1_160' title='bbox 2825 1066 2911 1121; x_wconf 81' lang='grc' dir='ltr'><strong>διά</strong></span> <span class='ocrx_word' id='word_1_161' title='bbox 2952 1067 3014 1119; x_wconf 82' lang='grc' dir='ltr'>τὸ</span> <span class='ocrx_word' id='word_1_162' title='bbox 3049 1067 3241 1137; x_wconf 84' lang='grc' dir='ltr'>ἀδηλον</span> <span class='ocrx_word' id='word_1_163' title='bbox 3265 1067 3360 1121; x_wconf 77' lang='grc' dir='ltr'><strong>τοῦ</strong></span> <span class='ocrx_word' id='word_1_164' title='bbox 3394 1067 3654 1139; x_wconf 89' lang='grc' dir='ltr'>πολέμου,</span> <span class='ocrx_word' id='word_1_165' title='bbox 3703 1075 3801 1124; x_wconf 76' lang='grc' dir='ltr'><strong>καὶ</strong></span> 
     </span>
    </p>
   </div>
   <div class='ocr_carea' id='block_1_26' title="bbox 2212 1155 3800 1226">
    <p class='ocr_par' dir='ltr' id='par_1_26' title="bbox 2212 1155 3800 1226">
     <span class='ocr_line' id='line_1_26' title="bbox 2212 1155 3800 1226; baseline 0.003 -17"><span class='ocrx_word' id='word_1_166' title='bbox 2212 1155 2607 1226; x_wconf 82' lang='grc' dir='ltr'>ἐπιμελεῖσθαι,</span> <span class='ocrx_word' id='word_1_167' title='bbox 2635 1157 2726 1209; x_wconf 75' lang='grc' dir='ltr'>καὶ</span> <span class='ocrx_word' id='word_1_168' title='bbox 2753 1155 3092 1222; x_wconf 80' lang='grc' dir='ltr'><strong>διασκοπεῖν,</strong></span> <span class='ocrx_word' id='word_1_169' title='bbox 3135 1157 3222 1211; x_wconf 88' lang='grc' dir='ltr'><strong>ῖνα</strong></span> <span class='ocrx_word' id='word_1_170' title='bbox 3253 1157 3341 1211; x_wconf 81' lang='grc' dir='ltr'><strong>διὰ</strong></span> <span class='ocrx_word' id='word_1_171' title='bbox 3373 1159 3592 1213; x_wconf 85' lang='grc' dir='ltr'>πάντων</span> <span class='ocrx_word' id='word_1_172' title='bbox 3629 1160 3800 1214; x_wconf 88' lang='grc' dir='ltr'>δύνα-</span> 
     </span>
    </p>
   </div>
   <div class='ocr_carea' id='block_1_27' title="bbox 2213 1246 3805 1317">
    <p class='ocr_par' dir='ltr' id='par_1_27' title="bbox 2213 1246 3805 1317">
     <span class='ocr_line' id='line_1_27' title="bbox 2213 1246 3805 1317; baseline 0.004 -19"><span class='ocrx_word' id='word_1_173' title='bbox 2213 1263 2300 1300; x_wconf 86' lang='grc' dir='ltr'><strong>σαι</strong></span> <span class='ocrx_word' id='word_1_174' title='bbox 2333 1247 2392 1299; x_wconf 82' lang='grc' dir='ltr'>τὸ</span> <span class='ocrx_word' id='word_1_175' title='bbox 2420 1246 2566 1317; x_wconf 79' lang='grc' dir='ltr'>ὓδωρ</span> <span class='ocrx_word' id='word_1_176' title='bbox 2597 1246 2854 1300; x_wconf 72' lang='grc' dir='ltr'>ἐκδικεῖνο</span> <span class='ocrx_word' id='word_1_177' title='bbox 2905 1249 2963 1299; x_wconf 82' lang='grc' dir='ltr'><strong>ἐν</strong></span> <span class='ocrx_word' id='word_1_178' title='bbox 2994 1247 3171 1317; x_wconf 81' lang='grc' dir='ltr'>καιρῷ</span> <span class='ocrx_word' id='word_1_179' title='bbox 3202 1247 3312 1317; x_wconf 82' lang='grc' dir='ltr'><strong>γὰρ</strong></span> <span class='ocrx_word' id='word_1_180' title='bbox 3345 1249 3440 1301; x_wconf 78' lang='grc' dir='ltr'>καὶ</span> <span class='ocrx_word' id='word_1_181' title='bbox 3468 1251 3597 1314; x_wconf 71' lang='grc' dir='ltr'>τοὺς</span> <span class='ocrx_word' id='word_1_182' title='bbox 3645 1251 3805 1304; x_wconf 89' lang='grc' dir='ltr'>πολε-</span> 
     </span>
    </p>
   </div>
   <div class='ocr_carea' id='block_1_28' title="bbox 2213 1334 3801 1409">
    <p class='ocr_par' dir='ltr' id='par_1_28' title="bbox 2213 1334 3801 1409">
     <span class='ocr_line' id='line_1_28' title="bbox 2213 1334 3801 1409; baseline 0.004 -21"><span class='ocrx_word' id='word_1_183' title='bbox 2213 1335 2372 1404; x_wconf 86' lang='grc' dir='ltr'>μίους</span> <span class='ocrx_word' id='word_1_184' title='bbox 2401 1334 2546 1400; x_wconf 77' lang='grc' dir='ltr'>ἕξεις</span> <span class='ocrx_word' id='word_1_185' title='bbox 2571 1334 2884 1404; x_wconf 78' lang='grc' dir='ltr'><strong>δεομένους.</strong></span> <span class='ocrx_word' id='word_1_186' title='bbox 2921 1337 3030 1389; x_wconf 78' lang='grc' dir='ltr'><strong>Καὶ</strong></span> <span class='ocrx_word' id='word_1_187' title='bbox 3055 1335 3150 1389; x_wconf 88' lang='grc' dir='ltr'><strong>ὲάν</strong></span> <span class='ocrx_word' id='word_1_188' title='bbox 3188 1337 3286 1406; x_wconf 84' lang='grc' dir='ltr'><strong>μέν</strong></span> <span class='ocrx_word' id='word_1_189' title='bbox 3331 1338 3448 1390; x_wconf 84' lang='grc' dir='ltr'>ἐστι</span> <span class='ocrx_word' id='word_1_190' title='bbox 3490 1339 3712 1409; x_wconf 88' lang='grc' dir='ltr'>κάμπος</span> <span class='ocrx_word' id='word_1_191' title='bbox 3737 1342 3801 1394; x_wconf 84' lang='grc' dir='ltr'><strong>ἐν</strong></span> 
     </span>
    </p>
   </div>
   <div class='ocr_carea' id='block_1_29' title="bbox 2208 1419 3803 1496">
    <p class='ocr_par' dir='ltr' id='par_1_29' title="bbox 2208 1419 3803 1496">
     <span class='ocr_line' id='line_1_29' title="bbox 2208 1419 3803 1496; baseline 0.005 -19"><span class='ocrx_word' id='word_1_192' title='bbox 2208 1419 2251 1493; x_wconf 77' lang='grc' dir='ltr'>ᾧ</span> <span class='ocrx_word' id='word_1_193' title='bbox 2278 1427 2309 1496; x_wconf 69' lang='grc' dir='ltr'>ἡ</span> <span class='ocrx_word' id='word_1_194' title='bbox 2330 1425 2580 1496; x_wconf 83' lang='grc' dir='ltr'>συμϐολὴ</span> <span class='ocrx_word' id='word_1_195' title='bbox 2610 1427 2702 1478; x_wconf 83' lang='grc' dir='ltr'><strong>τού</strong></span> <span class='ocrx_word' id='word_1_196' title='bbox 2723 1426 2960 1496; x_wconf 84' lang='grc' dir='ltr'>πολέμου</span> <span class='ocrx_word' id='word_1_197' title='bbox 2986 1427 3451 1496; x_wconf 72' lang='grc' dir='ltr'>μέλλειζγίνεσθαι,</span> <span class='ocrx_word' id='word_1_198' title='bbox 3477 1429 3803 1494; x_wconf 71' lang='grc' dir='ltr'>σπουδάζειν</span> 
     </span>
    </p>
   </div>
   <div class='ocr_carea' id='block_1_30' title="bbox 2217 1516 3795 1591">
    <p class='ocr_par' dir='ltr' id='par_1_30' title="bbox 2217 1516 3795 1591">
     <span class='ocr_line' id='line_1_30' title="bbox 2217 1516 3795 1591; baseline 0.001 -23"><span class='ocrx_word' id='word_1_199' title='bbox 2217 1517 2315 1586; x_wconf 83' lang='grc' dir='ltr'>μὲν</span> <span class='ocrx_word' id='word_1_200' title='bbox 2353 1516 2495 1586; x_wconf 78' lang='grc' dir='ltr'>ἔχειν</span> <span class='ocrx_word' id='word_1_201' title='bbox 2531 1516 2748 1577; x_wconf 87' lang='grc' dir='ltr'>πάντως</span> <span class='ocrx_word' id='word_1_202' title='bbox 2777 1517 2858 1580; x_wconf 86' lang='grc' dir='ltr'><strong>είς</strong></span> <span class='ocrx_word' id='word_1_203' title='bbox 2887 1517 2955 1569; x_wconf 81' lang='grc' dir='ltr'><strong>τά</strong></span> <span class='ocrx_word' id='word_1_204' title='bbox 2987 1517 3163 1570; x_wconf 81' lang='grc' dir='ltr'>ὀπίσω</span> <span class='ocrx_word' id='word_1_205' title='bbox 3188 1517 3220 1587; x_wconf 80' lang='grc' dir='ltr'>ἦ</span> <span class='ocrx_word' id='word_1_206' title='bbox 3249 1518 3490 1589; x_wconf 82' lang='grc' dir='ltr'>ποταμὸν</span> <span class='ocrx_word' id='word_1_207' title='bbox 3517 1520 3549 1589; x_wconf 81' lang='grc' dir='ltr'>ἢ</span> <span class='ocrx_word' id='word_1_208' title='bbox 3575 1520 3795 1591; x_wconf 79' lang='grc' dir='ltr'>λίμνην,</span> 
     </span>
    </p>
   </div>
   <div class='ocr_carea' id='block_1_31' title="bbox 2209 1608 3032 1681">
    <p class='ocr_par' dir='ltr' id='par_1_31' title="bbox 2209 1608 3032 1681">
     <span class='ocr_line' id='line_1_31' title="bbox 2209 1608 3032 1681; baseline 0.004 -21"><span class='ocrx_word' id='word_1_209' title='bbox 2209 1608 2242 1677; x_wconf 83' lang='grc' dir='ltr'>ἦ</span> <span class='ocrx_word' id='word_1_210' title='bbox 2272 1608 2457 1677; x_wconf 76' lang='grc' dir='ltr'>ἓτερον</span> <span class='ocrx_word' id='word_1_211' title='bbox 2485 1609 2727 1660; x_wconf 83' lang='grc' dir='ltr'>τοιοῦτον</span> <span class='ocrx_word' id='word_1_212' title='bbox 2749 1608 3032 1681; x_wconf 82' lang='grc' dir='ltr'><strong>ὀχύρωμα.</strong></span> 
     </span>
    </p>
   </div>
   <div class='ocr_carea' id='block_1_32' title="bbox 2284 1697 3800 1774">
    <p class='ocr_par' dir='ltr' id='par_1_32' title="bbox 2284 1697 3800 1774">
     <span class='ocr_line' id='line_1_32' title="bbox 2284 1697 3800 1774; baseline 0.003 -21"><span class='ocrx_word' id='word_1_213' title='bbox 2284 1697 2394 1770; x_wconf 78' lang='grc' dir='ltr'>μβ’.</span> <span class='ocrx_word' id='word_1_214' title='bbox 2429 1699 2537 1753; x_wconf 71' lang='grc' dir='ltr'><strong>Καὶ</strong></span> <span class='ocrx_word' id='word_1_215' title='bbox 2568 1699 2628 1752; x_wconf 86' lang='grc' dir='ltr'>τὸ</span> <span class='ocrx_word' id='word_1_216' title='bbox 2657 1699 2755 1770; x_wconf 82' lang='grc' dir='ltr'>μὲν</span> <span class='ocrx_word' id='word_1_217' title='bbox 2787 1702 3055 1769; x_wconf 82' lang='grc' dir='ltr'>φοσσάτον</span> <span class='ocrx_word' id='word_1_218' title='bbox 3083 1704 3259 1754; x_wconf 85' lang='grc' dir='ltr'>ποιεῖν</span> <span class='ocrx_word' id='word_1_219' title='bbox 3278 1702 3498 1772; x_wconf 78' lang='grc' dir='ltr'>ὀχυρὸν,</span> <span class='ocrx_word' id='word_1_220' title='bbox 3516 1705 3608 1756; x_wconf 72' lang='grc' dir='ltr'>καὶ</span> <span class='ocrx_word' id='word_1_221' title='bbox 3631 1720 3800 1774; x_wconf 82' lang='grc' dir='ltr'>στρα-</span> 
     </span>
    </p>
   </div>
   <div class='ocr_carea' id='block_1_33' title="bbox 530 1789 2099 1867">
    <p class='ocr_par' dir='ltr' id='par_1_33' title="bbox 530 1789 2099 1867">
     <span class='ocr_line' id='line_1_33' title="bbox 530 1789 2099 1867; baseline -0.013 -3"><span class='ocrx_word' id='word_1_222' title='bbox 530 1822 643 1864; x_wconf 87' lang='lat' dir='ltr'><strong>tum</strong></span> <span class='ocrx_word' id='word_1_223' title='bbox 700 1807 895 1867; x_wconf 84' lang='lat' dir='ltr'><strong>facias,</strong></span> <span class='ocrx_word' id='word_1_224' title='bbox 929 1815 981 1858; x_wconf 90' lang='lat' dir='ltr'><strong>et</strong></span> <span class='ocrx_word' id='word_1_225' title='bbox 1021 1802 1156 1857; x_wconf 84' lang='lat' dir='ltr'><strong>satis</strong></span> <span class='ocrx_word' id='word_1_226' title='bbox 1189 1797 1389 1852; x_wconf 91' lang='lat' dir='ltr'><strong>multos</strong></span> <span class='ocrx_word' id='word_1_227' title='bbox 1431 1795 1504 1849; x_wconf 92' lang='lat' dir='ltr'><strong>ibi</strong></span> <span class='ocrx_word' id='word_1_228' title='bbox 1554 1795 1854 1848; x_wconf 79' lang='lat' dir='ltr'><strong>instructus</strong></span> <span class='ocrx_word' id='word_1_229' title='bbox 1901 1789 2099 1844; x_wconf 83' lang='lat' dir='ltr'><strong>milites</strong></span> 
     </span>
    </p>
   </div>
   <div class='ocr_carea' id='block_1_34' title="bbox 2211 1789 3796 1867">
    <p class='ocr_par' dir='ltr' id='par_1_34' title="bbox 2211 1789 3796 1866">
     <span class='ocr_line' id='line_1_34' title="bbox 2211 1789 3796 1866; baseline 0.004 -24"><span class='ocrx_word' id='word_1_230' title='bbox 2211 1791 2292 1842; x_wconf 75' lang='grc' dir='ltr'><strong>τὸν</strong></span> <span class='ocrx_word' id='word_1_231' title='bbox 2349 1794 2406 1844; x_wconf 85' lang='grc' dir='ltr'><strong>ἐν</strong></span> <span class='ocrx_word' id='word_1_232' title='bbox 2439 1789 2589 1859; x_wconf 81' lang='grc' dir='ltr'>αὐτῷ</span> <span class='ocrx_word' id='word_1_233' title='bbox 2623 1791 3064 1861; x_wconf 81' lang='grc' dir='ltr'>καταλιμπάνειν</span> <span class='ocrx_word' id='word_1_234' title='bbox 3096 1792 3186 1846; x_wconf 78' lang='grc' dir='ltr'>τὸν</span> <span class='ocrx_word' id='word_1_235' title='bbox 3224 1793 3493 1860; x_wconf 86' lang='grc' dir='ltr'>ἀρκοῦτα,</span> <span class='ocrx_word' id='word_1_236' title='bbox 3525 1795 3613 1848; x_wconf 82' lang='grc' dir='ltr'>ἵνα</span> <span class='ocrx_word' id='word_1_237' title='bbox 3652 1794 3733 1866; x_wconf 79' lang='grc' dir='ltr'>μὴ</span> <span class='ocrx_word' id='word_1_238' title='bbox 3765 1797 3796 1848; x_wconf 85' lang='grc' dir='ltr'><strong>ό</strong></span> 
     </span>
    </p>
   </div>
   <div class='ocr_carea' id='block_1_35' title="bbox 529 1882 2100 1969">
    <p class='ocr_par' dir='ltr' id='par_1_35' title="bbox 529 1882 2100 1969">
     <span class='ocr_line' id='line_1_35' title="bbox 529 1882 2100 1969; baseline -0.012 -15"><span class='ocrx_word' id='word_1_239' title='bbox 529 1901 830 1969; x_wconf 84' lang='lat' dir='ltr'><strong>relinquas,</strong></span> <span class='ocrx_word' id='word_1_240' title='bbox 877 1907 938 1951; x_wconf 89' lang='lat' dir='ltr'><strong>ut</strong></span> <span class='ocrx_word' id='word_1_241' title='bbox 982 1909 1048 1948; x_wconf 89' lang='lat' dir='ltr'><strong>ne</strong></span> <span class='ocrx_word' id='word_1_242' title='bbox 1079 1893 1126 1947; x_wconf 89' lang='lat' dir='ltr'><strong>si</strong></span> <span class='ocrx_word' id='word_1_243' title='bbox 1162 1890 1399 1946; x_wconf 89' lang='lat' dir='ltr'><strong>hostium</strong></span> <span class='ocrx_word' id='word_1_244' title='bbox 1445 1888 1554 1942; x_wconf 86' lang='lat' dir='ltr'><strong>dux</strong></span> <span class='ocrx_word' id='word_1_245' title='bbox 1589 1885 1785 1940; x_wconf 87' lang='lat' dir='ltr'><strong>castris</strong></span> <span class='ocrx_word' id='word_1_246' title='bbox 1819 1884 1926 1938; x_wconf 89' lang='lat' dir='ltr'><strong>tuis</strong></span> <span class='ocrx_word' id='word_1_247' title='bbox 1963 1882 2100 1938; x_wconf 81' lang='lat' dir='ltr'><strong>insi-</strong></span> 
     </span>
    </p>
   </div>
   <div class='ocr_carea' id='block_1_36' title="bbox 528 1972 2097 2055">
    <p class='ocr_par' dir='ltr' id='par_1_36' title="bbox 528 1972 2097 2055">
     <span class='ocr_line' id='line_1_36' title="bbox 528 1972 2097 2055; baseline -0.013 -9"><span class='ocrx_word' id='word_1_248' title='bbox 528 1991 726 2053; x_wconf 87' lang='lat' dir='ltr'><strong>dietur,</strong></span> <span class='ocrx_word' id='word_1_249' title='bbox 768 2003 863 2042; x_wconf 86' lang='lat' dir='ltr'><strong>eos</strong></span> <span class='ocrx_word' id='word_1_250' title='bbox 899 1984 991 2055; x_wconf 91' lang='lat' dir='ltr'><strong>qui</strong></span> <span class='ocrx_word' id='word_1_251' title='bbox 1039 1982 1094 2036; x_wconf 91' lang='lat' dir='ltr'><strong>iu</strong></span> <span class='ocrx_word' id='word_1_252' title='bbox 1125 1979 1324 2035; x_wconf 86' lang='lat' dir='ltr'><strong>castris</strong></span> <span class='ocrx_word' id='word_1_253' title='bbox 1367 1986 1496 2031; x_wconf 88' lang='lat' dir='ltr'><strong>sunt</strong></span> <span class='ocrx_word' id='word_1_254' title='bbox 1536 1989 1728 2029; x_wconf 86' lang='lat' dir='ltr'><strong>omnes</strong></span> <span class='ocrx_word' id='word_1_255' title='bbox 1784 1972 2097 2028; x_wconf 88' lang='lat' dir='ltr'><strong>interﬁciat.</strong></span> 
     </span>
    </p>
   </div>
   <div class='ocr_carea' id='block_1_37' title="bbox 529 2073 1731 2140">
    <p class='ocr_par' dir='ltr' id='par_1_37' title="bbox 529 2073 1731 2140">
     <span class='ocr_line' id='line_1_37' title="bbox 529 2073 1731 2140; baseline -0.016 -1"><span class='ocrx_word' id='word_1_256' title='bbox 529 2083 737 2138; x_wconf 86' lang='lat' dir='ltr'><strong>Currus</strong></span> <span class='ocrx_word' id='word_1_257' title='bbox 777 2087 959 2134; x_wconf 89' lang='lat' dir='ltr'><strong>autem</strong></span> <span class='ocrx_word' id='word_1_258' title='bbox 985 2075 1063 2130; x_wconf 90' lang='lat' dir='ltr'><strong>tui</strong></span> <span class='ocrx_word' id='word_1_259' title='bbox 1085 2073 1256 2128; x_wconf 89' lang='lat' dir='ltr'><strong>aciem</strong></span> <span class='ocrx_word' id='word_1_260' title='bbox 1281 2078 1608 2140; x_wconf 86' lang='lat' dir='ltr'><strong>sequantur.</strong></span> <span class='ocrx_word' id='word_1_261' title='bbox 1728 2125 1731 2128; x_wconf 96' lang='lat'><em>_</em></span> 
     </span>
    </p>
   </div>
   <div class='ocr_carea' id='block_1_38' title="bbox 521 2157 2099 2229">
    <p class='ocr_par' dir='ltr' id='par_1_38' title="bbox 521 2157 2099 2229">
     <span class='ocr_line' id='line_1_38' title="bbox 521 2157 2099 2229; baseline -0.012 -2"><span class='ocrx_word' id='word_1_262' title='bbox 521 2195 531 2210; x_wconf 79' lang='grc' dir='ltr'><strong>ι</strong></span> <span class='ocrx_word' id='word_1_263' title='bbox 603 2173 694 2226; x_wconf 73' lang='grc'><strong>45.</strong></span> <span class='ocrx_word' id='word_1_264' title='bbox 725 2170 781 2224; x_wconf 90' lang='lat' dir='ltr'><strong>Si</strong></span> <span class='ocrx_word' id='word_1_265' title='bbox 815 2168 972 2224; x_wconf 89' lang='lat' dir='ltr'><strong>fortis</strong></span> <span class='ocrx_word' id='word_1_266' title='bbox 1013 2165 1179 2220; x_wconf 88' lang='lat' dir='ltr'><strong>fuerit</strong></span> <span class='ocrx_word' id='word_1_267' title='bbox 1220 2163 1373 2217; x_wconf 92' lang='lat' dir='ltr'><strong>locus</strong></span> <span class='ocrx_word' id='word_1_268' title='bbox 1414 2171 1576 2229; x_wconf 89' lang='lat' dir='ltr'><strong>atque</strong></span> <span class='ocrx_word' id='word_1_269' title='bbox 1610 2157 1911 2226; x_wconf 63' lang='lat' dir='ltr'><strong>inaequalis,</strong></span> <span class='ocrx_word' id='word_1_270' title='bbox 1945 2171 2099 2211; x_wconf 88' lang='lat' dir='ltr'><strong>cara-</strong></span> 
     </span>
    </p>
   </div>
   <div class='ocr_carea' id='block_1_39' title="bbox 528 2249 2097 2332">
    <p class='ocr_par' dir='ltr' id='par_1_39' title="bbox 528 2249 2097 2332">
     <span class='ocr_line' id='line_1_39' title="bbox 528 2249 2097 2332; baseline -0.011 -15"><span class='ocrx_word' id='word_1_271' title='bbox 528 2279 677 2332; x_wconf 79' lang='lat' dir='ltr'><strong>gum,</strong></span> <span class='ocrx_word' id='word_1_272' title='bbox 735 2261 786 2315; x_wconf 91' lang='lat' dir='ltr'><strong>id</strong></span> <span class='ocrx_word' id='word_1_273' title='bbox 835 2267 936 2322; x_wconf 88' lang='lat' dir='ltr'><strong>est,</strong></span> <span class='ocrx_word' id='word_1_274' title='bbox 980 2263 1280 2319; x_wconf 87' lang='lat' dir='ltr'><strong>vecturam,</strong></span> <span class='ocrx_word' id='word_1_275' title='bbox 1329 2252 1645 2321; x_wconf 87' lang='lat' dir='ltr'><strong>reliquaque</strong></span> <span class='ocrx_word' id='word_1_276' title='bbox 1692 2249 2097 2318; x_wconf 87' lang='lat' dir='ltr'><strong>impedimenta,</strong></span> 
     </span>
    </p>
   </div>
   <div class='ocr_carea' id='block_1_40' title="bbox 526 2339 2096 2424">
    <p class='ocr_par' dir='ltr' id='par_1_40' title="bbox 526 2339 2096 2424">
     <span class='ocr_line' id='line_1_40' title="bbox 526 2339 2096 2424; baseline -0.011 -15"><span class='ocrx_word' id='word_1_277' title='bbox 526 2365 690 2424; x_wconf 87' lang='lat' dir='ltr'><strong>atque</strong></span> <span class='ocrx_word' id='word_1_278' title='bbox 730 2359 1049 2422; x_wconf 86' lang='lat' dir='ltr'><strong>apparatum</strong></span> <span class='ocrx_word' id='word_1_279' title='bbox 1090 2347 1142 2401; x_wconf 89' lang='lat' dir='ltr'><strong>in</strong></span> <span class='ocrx_word' id='word_1_280' title='bbox 1173 2344 1379 2401; x_wconf 86' lang='lat' dir='ltr'><strong>fossato</strong></span> <span class='ocrx_word' id='word_1_281' title='bbox 1401 2358 1523 2398; x_wconf 86' lang='lat' dir='ltr'><strong>cum</strong></span> <span class='ocrx_word' id='word_1_282' title='bbox 1561 2341 1748 2411; x_wconf 87' lang='lat' dir='ltr'><strong>paucis</strong></span> <span class='ocrx_word' id='word_1_283' title='bbox 1771 2339 2096 2410; x_wconf 90' lang='lat' dir='ltr'><strong>quihusdam</strong></span> 
     </span>
    </p>
   </div>
   <div class='ocr_carea' id='block_1_41' title="bbox 528 2432 2092 2500">
    <p class='ocr_par' dir='ltr' id='par_1_41' title="bbox 528 2432 2092 2500">
     <span class='ocr_line' id='line_1_41' title="bbox 528 2432 2092 2500; baseline -0.01 -2"><span class='ocrx_word' id='word_1_284' title='bbox 528 2447 659 2500; x_wconf 81' lang='lat' dir='ltr'><strong>\‘it&#39;is</strong></span> <span class='ocrx_word' id='word_1_285' title='bbox 710 2442 994 2499; x_wconf 89' lang='lat' dir='ltr'><strong>curulibus</strong></span> <span class='ocrx_word' id='word_1_286' title='bbox 1049 2439 1115 2494; x_wconf 90' lang='lat' dir='ltr'><strong>ad</strong></span> <span class='ocrx_word' id='word_1_287' title='bbox 1167 2437 1385 2492; x_wconf 90' lang='lat' dir='ltr'><strong>illorum</strong></span> <span class='ocrx_word' id='word_1_288' title='bbox 1443 2435 1742 2490; x_wconf 88' lang='lat' dir='ltr'><strong>custodiam</strong></span> <span class='ocrx_word' id='word_1_289' title='bbox 1801 2432 2092 2500; x_wconf 87' lang='lat' dir='ltr'><strong>relinques.</strong></span> 
     </span>
    </p>
   </div>
   <div class='ocr_carea' id='block_1_42' title="bbox 527 2523 2098 2596">
    <p class='ocr_par' dir='ltr' id='par_1_42' title="bbox 527 2523 2098 2596">
     <span class='ocr_line' id='line_1_42' title="bbox 527 2523 2098 2596; baseline -0.008 -6"><span class='ocrx_word' id='word_1_290' title='bbox 527 2537 688 2590; x_wconf 84' lang='lat' dir='ltr'><strong>Acies</strong></span> <span class='ocrx_word' id='word_1_291' title='bbox 725 2544 906 2589; x_wconf 90' lang='lat' dir='ltr'><strong>autem</strong></span> <span class='ocrx_word' id='word_1_292' title='bbox 940 2533 1210 2587; x_wconf 89' lang='lat' dir='ltr'><strong>instructa</strong></span> <span class='ocrx_word' id='word_1_293' title='bbox 1249 2528 1444 2584; x_wconf 88' lang='lat' dir='ltr'><strong>idoneo</strong></span> <span class='ocrx_word' id='word_1_294' title='bbox 1471 2525 1524 2580; x_wconf 94' lang='lat' dir='ltr'><strong>in</strong></span> <span class='ocrx_word' id='word_1_295' title='bbox 1568 2526 1690 2581; x_wconf 92' lang='lat' dir='ltr'><strong>loco</strong></span> <span class='ocrx_word' id='word_1_296' title='bbox 1725 2541 1887 2596; x_wconf 88' lang='lat' dir='ltr'><strong>prope</strong></span> <span class='ocrx_word' id='word_1_297' title='bbox 1920 2523 2098 2580; x_wconf 87' lang='lat' dir='ltr'><strong>fossa-</strong></span> 
     </span>
    </p>
   </div>
   <div class='ocr_carea' id='block_1_43' title="bbox 531 2627 984 2681">
    <p class='ocr_par' dir='ltr' id='par_1_43' title="bbox 531 2627 984 2681">
     <span class='ocr_line' id='line_1_43' title="bbox 531 2627 984 2681; baseline -0.004 -1"><span class='ocrx_word' id='word_1_298' title='bbox 531 2640 642 2681; x_wconf 88' lang='lat' dir='ltr'><strong>tum</strong></span> <span class='ocrx_word' id='word_1_299' title='bbox 667 2627 984 2681; x_wconf 89' lang='lat' dir='ltr'><strong>collocetur.</strong></span> 
     </span>
    </p>
   </div>
   <div class='ocr_carea' id='block_1_44' title="bbox 593 2709 2096 2780">
    <p class='ocr_par' dir='ltr' id='par_1_44' title="bbox 593 2709 2096 2780">
     <span class='ocr_line' id='line_1_44' title="bbox 593 2709 2096 2780; baseline -0.003 -11"><span class='ocrx_word' id='word_1_300' title='bbox 593 2716 682 2771; x_wconf 67' lang='grc' dir='ltr'>Μ.</span> <span class='ocrx_word' id='word_1_301' title='bbox 714 2714 770 2769; x_wconf 90' lang='lat' dir='ltr'><strong>Si</strong></span> <span class='ocrx_word' id='word_1_302' title='bbox 798 2716 916 2768; x_wconf 89' lang='lat' dir='ltr'><strong>loca</strong></span> <span class='ocrx_word' id='word_1_303' title='bbox 961 2711 1280 2768; x_wconf 88' lang='lat' dir='ltr'><strong>difﬁcultate</strong></span> <span class='ocrx_word' id='word_1_304' title='bbox 1325 2718 1486 2780; x_wconf 91' lang='lat' dir='ltr'><strong>atque</strong></span> <span class='ocrx_word' id='word_1_305' title='bbox 1530 2710 1822 2779; x_wconf 89' lang='lat' dir='ltr'><strong>asperitate</strong></span> <span class='ocrx_word' id='word_1_306' title='bbox 1867 2709 2096 2776; x_wconf 88' lang='lat' dir='ltr'><strong>munita,</strong></span> 
     </span>
    </p>
   </div>
   <div class='ocr_carea' id='block_1_45' title="bbox 527 2800 2100 2873">
    <p class='ocr_par' dir='ltr' id='par_1_45' title="bbox 527 2800 2100 2873">
     <span class='ocr_line' id='line_1_45' title="bbox 527 2800 2100 2873; baseline -0.001 -15"><span class='ocrx_word' id='word_1_307' title='bbox 527 2816 581 2859; x_wconf 85' lang='lat' dir='ltr'><strong>et</strong></span> <span class='ocrx_word' id='word_1_308' title='bbox 627 2809 808 2860; x_wconf 89' lang='lat' dir='ltr'><strong>hostes</strong></span> <span class='ocrx_word' id='word_1_309' title='bbox 841 2804 1079 2859; x_wconf 78' lang='lat' dir='ltr'><strong>maxima</strong></span> <span class='ocrx_word' id='word_1_310' title='bbox 1121 2818 1187 2857; x_wconf 80' lang='lat' dir='ltr'><strong>ex</strong></span> <span class='ocrx_word' id='word_1_311' title='bbox 1216 2812 1367 2873; x_wconf 91' lang='lat' dir='ltr'><strong>parte</strong></span> <span class='ocrx_word' id='word_1_312' title='bbox 1395 2802 1608 2871; x_wconf 79' lang='lat' dir='ltr'><strong>equites</strong></span> <span class='ocrx_word' id='word_1_313' title='bbox 1655 2800 1880 2864; x_wconf 82' lang='lat' dir='ltr'><strong>fuerint,</strong></span> <span class='ocrx_word' id='word_1_314' title='bbox 1910 2800 1974 2855; x_wconf 92' lang='lat' dir='ltr'><strong>ad</strong></span> <span class='ocrx_word' id='word_1_315' title='bbox 2004 2801 2100 2856; x_wconf 88' lang='lat' dir='ltr'><strong>de-</strong></span> 
     </span>
    </p>
   </div>
   <div class='ocr_carea' id='block_1_46' title="bbox 531 2891 2100 2965">
    <p class='ocr_par' dir='ltr' id='par_1_46' title="bbox 531 2891 2100 2965">
     <span class='ocr_line' id='line_1_46' title="bbox 531 2891 2100 2965; baseline -0.003 -14"><span class='ocrx_word' id='word_1_316' title='bbox 531 2897 831 2952; x_wconf 89' lang='lat' dir='ltr'><strong>fensionem</strong></span> <span class='ocrx_word' id='word_1_317' title='bbox 877 2905 932 2950; x_wconf 93' lang='lat' dir='ltr'><strong>et</strong></span> <span class='ocrx_word' id='word_1_318' title='bbox 982 2895 1471 2965; x_wconf 81' lang='lat' dir='ltr'><strong>propugnationem</strong></span> <span class='ocrx_word' id='word_1_319' title='bbox 1529 2901 1768 2948; x_wconf 73' lang='lat' dir='ltr'><strong>vectura:</strong></span> <span class='ocrx_word' id='word_1_320' title='bbox 1813 2906 1877 2946; x_wconf 90' lang='lat' dir='ltr'><strong>ac</strong></span> <span class='ocrx_word' id='word_1_321' title='bbox 1930 2891 2100 2961; x_wconf 87' lang='lat' dir='ltr'><strong>impe-</strong></span> 
     </span>
    </p>
   </div>
   <div class='ocr_carea' id='block_1_47' title="bbox 528 2981 2095 3055">
    <p class='ocr_par' dir='ltr' id='par_1_47' title="bbox 528 2981 2095 3055">
     <span class='ocr_line' id='line_1_47' title="bbox 528 2981 2095 3055; baseline -0.003 -14"><span class='ocrx_word' id='word_1_322' title='bbox 528 2987 888 3041; x_wconf 80' lang='lat' dir='ltr'><strong>dimentorum</strong></span> <span class='ocrx_word' id='word_1_323' title='bbox 935 2986 1050 3055; x_wconf 90' lang='lat' dir='ltr'><strong>ipsa</strong></span> <span class='ocrx_word' id='word_1_324' title='bbox 1088 2984 1193 3038; x_wconf 87' lang='lat' dir='ltr'><strong>loci</strong></span> <span class='ocrx_word' id='word_1_325' title='bbox 1248 2992 1444 3038; x_wconf 85' lang='lat' dir='ltr'><strong>natura</strong></span> <span class='ocrx_word' id='word_1_326' title='bbox 1499 2983 1630 3038; x_wconf 85' lang='lat' dir='ltr'><strong>satis</strong></span> <span class='ocrx_word' id='word_1_327' title='bbox 1661 2983 1783 3037; x_wconf 91' lang='lat' dir='ltr'><strong>crit.</strong></span> <span class='ocrx_word' id='word_1_328' title='bbox 1841 2981 1896 3036; x_wconf 91' lang='lat' dir='ltr'><strong>Si</strong></span> <span class='ocrx_word' id='word_1_329' title='bbox 1951 2982 2095 3037; x_wconf 89' lang='lat' dir='ltr'><strong>enim</strong></span> 
     </span>
    </p>
   </div>
   <div class='ocr_carea' id='block_1_48' title="bbox 524 3075 2098 3145">
    <p class='ocr_par' dir='ltr' id='par_1_48' title="bbox 524 3075 2098 3145">
     <span class='ocr_line' id='line_1_48' title="bbox 524 3075 2098 3145; baseline -0.003 -11"><span class='ocrx_word' id='word_1_330' title='bbox 524 3095 720 3134; x_wconf 91' lang='lat' dir='ltr'><strong>currus</strong></span> <span class='ocrx_word' id='word_1_331' title='bbox 754 3080 952 3134; x_wconf 87' lang='lat' dir='ltr'><strong>talibus</strong></span> <span class='ocrx_word' id='word_1_332' title='bbox 985 3080 1038 3132; x_wconf 92' lang='lat' dir='ltr'><strong>in</strong></span> <span class='ocrx_word' id='word_1_333' title='bbox 1063 3077 1198 3132; x_wconf 92' lang='lat' dir='ltr'><strong>locis</strong></span> <span class='ocrx_word' id='word_1_334' title='bbox 1217 3083 1596 3145; x_wconf 86' lang='lat' dir='ltr'><strong>sequerentur,</strong></span> <span class='ocrx_word' id='word_1_335' title='bbox 1621 3075 1783 3131; x_wconf 89' lang='lat' dir='ltr'><strong>utiles</strong></span> <span class='ocrx_word' id='word_1_336' title='bbox 1819 3075 2098 3132; x_wconf 71' lang='lat' dir='ltr'><strong>instructa:</strong></span> 
     </span>
    </p>
   </div>
   <div class='ocr_carea' id='block_1_49' title="bbox 2199 1879 3795 1955">
    <p class='ocr_par' dir='ltr' id='par_1_49' title="bbox 2199 1879 3795 1955">
     <span class='ocr_line' id='line_1_49' title="bbox 2199 1879 3795 1955; baseline 0.005 -24"><span class='ocrx_word' id='word_1_337' title='bbox 2199 1879 2306 1932; x_wconf 89' lang='grc' dir='ltr'><strong>τῶν</strong></span> <span class='ocrx_word' id='word_1_338' title='bbox 2360 1881 2634 1950; x_wconf 86' lang='grc' dir='ltr'>πολεμίων</span> <span class='ocrx_word' id='word_1_339' title='bbox 2691 1881 2994 1950; x_wconf 77' lang='grc' dir='ltr'>στρατηγὸς</span> <span class='ocrx_word' id='word_1_340' title='bbox 3023 1881 3389 1954; x_wconf 83' lang='grc' dir='ltr'>ἐπιϐουλεύσῃ</span> <span class='ocrx_word' id='word_1_341' title='bbox 3426 1883 3518 1936; x_wconf 82' lang='grc' dir='ltr'>τὸν</span> <span class='ocrx_word' id='word_1_342' title='bbox 3549 1885 3795 1955; x_wconf 80' lang='grc' dir='ltr'>χάρακα,</span> 
     </span>
    </p>
   </div>
   <div class='ocr_carea' id='block_1_50' title="bbox 2199 1972 3797 2047">
    <p class='ocr_par' dir='ltr' id='par_1_50' title="bbox 2199 1972 3797 2047">
     <span class='ocr_line' id='line_1_50' title="bbox 2199 1972 3797 2047; baseline 0.003 -19"><span class='ocrx_word' id='word_1_343' title='bbox 2199 1972 2295 2028; x_wconf 74' lang='grc' dir='ltr'>καὶ</span> <span class='ocrx_word' id='word_1_344' title='bbox 2321 1972 2610 2044; x_wconf 82' lang='grc' dir='ltr'>διαφθείρῃ</span> <span class='ocrx_word' id='word_1_345' title='bbox 2644 1975 2772 2037; x_wconf 77' lang='grc' dir='ltr'>τοὺς</span> <span class='ocrx_word' id='word_1_346' title='bbox 2821 1973 3043 2028; x_wconf 76' lang='grc' dir='ltr'>ἔσωθεν.</span> <span class='ocrx_word' id='word_1_347' title='bbox 3081 1975 3190 2040; x_wconf 85' lang='grc' dir='ltr'>Τὰς</span> <span class='ocrx_word' id='word_1_348' title='bbox 3241 1977 3299 2029; x_wconf 86' lang='grc' dir='ltr'>δὲ</span> <span class='ocrx_word' id='word_1_349' title='bbox 3337 1977 3553 2047; x_wconf 83' lang='grc' dir='ltr'>ἀμάξας</span> <span class='ocrx_word' id='word_1_350' title='bbox 3583 1979 3797 2033; x_wconf 83' lang='grc' dir='ltr'>ἐπακο-</span> 
     </span>
    </p>
   </div>
   <div class='ocr_carea' id='block_1_51' title="bbox 2201 2063 2716 2128">
    <p class='ocr_par' dir='ltr' id='par_1_51' title="bbox 2201 2063 2716 2128">
     <span class='ocr_line' id='line_1_51' title="bbox 2201 2063 2716 2128; baseline 0.004 -12"><span class='ocrx_word' id='word_1_351' title='bbox 2201 2063 2418 2117; x_wconf 84' lang='grc' dir='ltr'>λουθεῖν</span> <span class='ocrx_word' id='word_1_352' title='bbox 2447 2066 2506 2117; x_wconf 89' lang='grc' dir='ltr'><strong>ἐν</strong></span> <span class='ocrx_word' id='word_1_353' title='bbox 2542 2063 2716 2128; x_wconf 80' lang='grc' dir='ltr'>τάξει.</span> 
     </span>
    </p>
   </div>
   <div class='ocr_carea' id='block_1_52' title="bbox 2276 2154 3796 2230">
    <p class='ocr_par' dir='ltr' id='par_1_52' title="bbox 2276 2154 3796 2230">
     <span class='ocr_line' id='line_1_52' title="bbox 2276 2154 3796 2230; baseline 0.004 -22"><span class='ocrx_word' id='word_1_354' title='bbox 2276 2154 2381 2225; x_wconf 85' lang='grc' dir='ltr'>μγ’.</span> <span class='ocrx_word' id='word_1_355' title='bbox 2413 2156 2475 2209; x_wconf 85' lang='lat' dir='ltr'><strong>Ei</strong></span> <span class='ocrx_word' id='word_1_356' title='bbox 2503 2155 2559 2208; x_wconf 82' lang='grc' dir='ltr'><strong>δέ</strong></span> <span class='ocrx_word' id='word_1_357' title='bbox 2597 2155 2820 2220; x_wconf 88' lang='grc' dir='ltr'>δυνατός</span> <span class='ocrx_word' id='word_1_358' title='bbox 2868 2157 3013 2211; x_wconf 85' lang='grc' dir='ltr'>ἐστιν</span> <span class='ocrx_word' id='word_1_359' title='bbox 3061 2158 3088 2210; x_wconf 88' lang='grc' dir='ltr'><strong>ό</strong></span> <span class='ocrx_word' id='word_1_360' title='bbox 3135 2159 3296 2221; x_wconf 86' lang='grc' dir='ltr'>τόπος</span> <span class='ocrx_word' id='word_1_361' title='bbox 3329 2159 3422 2213; x_wconf 68' lang='grc' dir='ltr'>καὶ</span> <span class='ocrx_word' id='word_1_362' title='bbox 3470 2159 3796 2230; x_wconf 83' lang='grc' dir='ltr'>ἀνώμαλος,</span> 
     </span>
    </p>
   </div>
   <div class='ocr_carea' id='block_1_53' title="bbox 2199 2247 3802 2321">
    <p class='ocr_par' dir='ltr' id='par_1_53' title="bbox 2199 2247 3802 2321">
     <span class='ocr_line' id='line_1_53' title="bbox 2199 2247 3802 2321; baseline 0.003 -21"><span class='ocrx_word' id='word_1_363' title='bbox 2199 2247 2417 2318; x_wconf 74' lang='grc' dir='ltr'>τὸνμὲν</span> <span class='ocrx_word' id='word_1_364' title='bbox 2471 2248 2730 2318; x_wconf 83' lang='grc' dir='ltr'>καραγὸν,</span> <span class='ocrx_word' id='word_1_365' title='bbox 2760 2248 2882 2318; x_wconf 71' lang='grc' dir='ltr'>ἦτοι</span> <span class='ocrx_word' id='word_1_366' title='bbox 2937 2247 3038 2311; x_wconf 83' lang='grc' dir='ltr'>τὰς</span> <span class='ocrx_word' id='word_1_367' title='bbox 3091 2248 3326 2319; x_wconf 82' lang='grc' dir='ltr'>ἀμάξας,</span> <span class='ocrx_word' id='word_1_368' title='bbox 3374 2251 3465 2302; x_wconf 74' lang='grc' dir='ltr'>καὶ</span> <span class='ocrx_word' id='word_1_369' title='bbox 3498 2251 3568 2303; x_wconf 81' lang='grc' dir='ltr'><strong>τά</strong></span> <span class='ocrx_word' id='word_1_370' title='bbox 3629 2252 3802 2321; x_wconf 74' lang='grc' dir='ltr'>ὃμοια</span> 
     </span>
    </p>
   </div>
   <div class='ocr_carea' id='block_1_54' title="bbox 2202 2339 3802 2413">
    <p class='ocr_par' dir='ltr' id='par_1_54' title="bbox 2202 2339 3802 2413">
     <span class='ocr_line' id='line_1_54' title="bbox 2202 2339 3802 2413; baseline 0.004 -22"><span class='ocrx_word' id='word_1_371' title='bbox 2202 2341 2296 2392; x_wconf 77' lang='grc' dir='ltr'><strong>καὶ</strong></span> <span class='ocrx_word' id='word_1_372' title='bbox 2343 2339 2405 2392; x_wconf 82' lang='grc' dir='ltr'>τὸ</span> <span class='ocrx_word' id='word_1_373' title='bbox 2443 2339 2630 2392; x_wconf 85' lang='grc' dir='ltr'>λοιπὸν</span> <span class='ocrx_word' id='word_1_374' title='bbox 2677 2339 2920 2405; x_wconf 81' lang='grc' dir='ltr'>τοῦλδον,</span> <span class='ocrx_word' id='word_1_375' title='bbox 2946 2341 3005 2392; x_wconf 85' lang='grc' dir='ltr'><strong>ἐν</strong></span> <span class='ocrx_word' id='word_1_376' title='bbox 3031 2340 3109 2410; x_wconf 85' lang='grc' dir='ltr'><strong>τῷ</strong></span> <span class='ocrx_word' id='word_1_377' title='bbox 3158 2342 3414 2411; x_wconf 82' lang='grc' dir='ltr'>φοσσάτῳ</span> <span class='ocrx_word' id='word_1_378' title='bbox 3447 2343 3802 2413; x_wconf 84' lang='grc' dir='ltr'>καταλιμπά-</span> 
     </span>
    </p>
   </div>
   <div class='ocr_carea' id='block_1_55' title="bbox 2203 2430 3800 2505">
    <p class='ocr_par' dir='ltr' id='par_1_55' title="bbox 2203 2430 3800 2505">
     <span class='ocr_line' id='line_1_55' title="bbox 2203 2430 3800 2505; baseline 0.003 -21"><span class='ocrx_word' id='word_1_379' title='bbox 2203 2447 2313 2484; x_wconf 89' lang='grc' dir='ltr'>νειν</span> <span class='ocrx_word' id='word_1_380' title='bbox 2354 2433 2494 2500; x_wconf 82' lang='grc' dir='ltr'><strong>μετά</strong></span> <span class='ocrx_word' id='word_1_381' title='bbox 2547 2431 2744 2499; x_wconf 81' lang='grc' dir='ltr'>ὀλίγων</span> <span class='ocrx_word' id='word_1_382' title='bbox 2775 2430 2882 2483; x_wconf 90' lang='grc' dir='ltr'><strong>τῶν</strong></span> <span class='ocrx_word' id='word_1_383' title='bbox 2930 2430 3300 2501; x_wconf 83' lang='grc' dir='ltr'>ἀμαξηλατῶν</span> <span class='ocrx_word' id='word_1_384' title='bbox 3335 2435 3417 2498; x_wconf 90' lang='grc' dir='ltr'><strong>είς</strong></span> <span class='ocrx_word' id='word_1_385' title='bbox 3469 2436 3800 2505; x_wconf 82' lang='grc' dir='ltr'>παραφυλα-</span> 
     </span>
    </p>
   </div>
   <div class='ocr_carea' id='block_1_56' title="bbox 2200 2521 3800 2594">
    <p class='ocr_par' dir='ltr' id='par_1_56' title="bbox 2200 2521 3800 2594">
     <span class='ocr_line' id='line_1_56' title="bbox 2200 2521 3800 2594; baseline 0.006 -22"><span class='ocrx_word' id='word_1_386' title='bbox 2200 2522 2324 2590; x_wconf 77' lang='grc' dir='ltr'>κὴν,</span> <span class='ocrx_word' id='word_1_387' title='bbox 2351 2521 2448 2591; x_wconf 81' lang='grc' dir='ltr'>τὴν</span> <span class='ocrx_word' id='word_1_388' title='bbox 2477 2521 2534 2573; x_wconf 79' lang='grc' dir='ltr'>δὲ</span> <span class='ocrx_word' id='word_1_389' title='bbox 2565 2521 2871 2591; x_wconf 80' lang='grc' dir='ltr'>παράταξιν</span> <span class='ocrx_word' id='word_1_390' title='bbox 2895 2522 3124 2592; x_wconf 70' lang='grc' dir='ltr'>πλησίον</span> <span class='ocrx_word' id='word_1_391' title='bbox 3153 2523 3247 2576; x_wconf 78' lang='grc' dir='ltr'><strong>τοῦ</strong></span> <span class='ocrx_word' id='word_1_392' title='bbox 3271 2525 3543 2594; x_wconf 80' lang='grc' dir='ltr'>φοσσάτου</span> <span class='ocrx_word' id='word_1_393' title='bbox 3565 2527 3800 2581; x_wconf 86' lang='grc' dir='ltr'>τάσσειν</span> 
     </span>
    </p>
   </div>
   <div class='ocr_carea' id='block_1_57' title="bbox 2201 2612 2858 2683">
    <p class='ocr_par' dir='ltr' id='par_1_57' title="bbox 2201 2612 2858 2683">
     <span class='ocr_line' id='line_1_57' title="bbox 2201 2612 2858 2683; baseline 0 -18"><span class='ocrx_word' id='word_1_394' title='bbox 2201 2615 2260 2665; x_wconf 83' lang='grc' dir='ltr'><strong>ἐν</strong></span> <span class='ocrx_word' id='word_1_395' title='bbox 2294 2613 2586 2682; x_wconf 82' lang='grc' dir='ltr'>ἐπιτηδείῳ</span> <span class='ocrx_word' id='word_1_396' title='bbox 2614 2616 2788 2683; x_wconf 82' lang='grc' dir='ltr'>τόπῳ.</span> <span class='ocrx_word' id='word_1_397' title='bbox 2847 2612 2858 2618; x_wconf 80' lang='grc'><em>’</em></span> 
     </span>
    </p>
   </div>
   <div class='ocr_carea' id='block_1_58' title="bbox 2275 2701 3802 2776">
    <p class='ocr_par' dir='ltr' id='par_1_58' title="bbox 2275 2701 3802 2776">
     <span class='ocr_line' id='line_1_58' title="bbox 2275 2701 3802 2776; baseline 0.005 -21"><span class='ocrx_word' id='word_1_398' title='bbox 2275 2701 2378 2773; x_wconf 84' lang='grc' dir='ltr'>μδ’.</span> <span class='ocrx_word' id='word_1_399' title='bbox 2417 2703 2479 2755; x_wconf 79' lang='lat' dir='ltr'><strong>Ei</strong></span> <span class='ocrx_word' id='word_1_400' title='bbox 2513 2703 2619 2773; x_wconf 90' lang='grc' dir='ltr'><strong>γάρ</strong></span> <span class='ocrx_word' id='word_1_401' title='bbox 2658 2703 2798 2755; x_wconf 78' lang='grc' dir='ltr'>εἰσιν</span> <span class='ocrx_word' id='word_1_402' title='bbox 2833 2704 2881 2755; x_wconf 80' lang='lat' dir='ltr'><strong>oi</strong></span> <span class='ocrx_word' id='word_1_403' title='bbox 2912 2703 3066 2756; x_wconf 81' lang='grc' dir='ltr'>τόποι</span> <span class='ocrx_word' id='word_1_404' title='bbox 3097 2703 3374 2768; x_wconf 77' lang='grc' dir='ltr'>δύσϐατοι,</span> <span class='ocrx_word' id='word_1_405' title='bbox 3407 2707 3501 2759; x_wconf 87' lang='grc' dir='ltr'>καὶ</span> <span class='ocrx_word' id='word_1_406' title='bbox 3544 2706 3802 2776; x_wconf 79' lang='grc' dir='ltr'>μάλιστα</span> 
     </span>
    </p>
   </div>
   <div class='ocr_carea' id='block_1_59' title="bbox 2199 2794 3798 2870">
    <p class='ocr_par' dir='ltr' id='par_1_59' title="bbox 2199 2794 3798 2870">
     <span class='ocr_line' id='line_1_59' title="bbox 2199 2794 3798 2870; baseline 0.005 -23"><span class='ocrx_word' id='word_1_407' title='bbox 2199 2795 2310 2847; x_wconf 91' lang='grc' dir='ltr'><strong>τῶν</strong></span> <span class='ocrx_word' id='word_1_408' title='bbox 2341 2794 2552 2866; x_wconf 78' lang='grc' dir='ltr'>ἐχθρῶν</span> <span class='ocrx_word' id='word_1_409' title='bbox 2583 2795 2752 2848; x_wconf 76' lang='grc' dir='ltr'>ὄντων</span> <span class='ocrx_word' id='word_1_410' title='bbox 2780 2795 3180 2866; x_wconf 84' lang='grc' dir='ltr'>καϐαλλαρίων,</span> <span class='ocrx_word' id='word_1_411' title='bbox 3209 2799 3373 2868; x_wconf 90' lang='grc' dir='ltr'>ἀρκεῖ</span> <span class='ocrx_word' id='word_1_412' title='bbox 3392 2802 3456 2870; x_wconf 77' lang='grc' dir='ltr'><strong>τῇ</strong></span> <span class='ocrx_word' id='word_1_413' title='bbox 3482 2801 3798 2869; x_wconf 74' lang='grc' dir='ltr'>παρατάξει</span> 
     </span>
    </p>
   </div>
   <div class='ocr_carea' id='block_1_60' title="bbox 2201 2886 3795 2962">
    <p class='ocr_par' dir='ltr' id='par_1_60' title="bbox 2201 2886 3795 2962">
     <span class='ocr_line' id='line_1_60' title="bbox 2201 2886 3795 2962; baseline 0.004 -24"><span class='ocrx_word' id='word_1_414' title='bbox 2201 2887 2280 2950; x_wconf 86' lang='grc' dir='ltr'><strong>εἰς</strong></span> <span class='ocrx_word' id='word_1_415' title='bbox 2339 2886 2603 2957; x_wconf 89' lang='grc' dir='ltr'>οχύρωμα</span> <span class='ocrx_word' id='word_1_416' title='bbox 2639 2888 2671 2956; x_wconf 78' lang='grc' dir='ltr'>ἠ</span> <span class='ocrx_word' id='word_1_417' title='bbox 2703 2887 2798 2940; x_wconf 78' lang='grc' dir='ltr'>τοῦ</span> <span class='ocrx_word' id='word_1_418' title='bbox 2829 2887 2994 2940; x_wconf 83' lang='grc' dir='ltr'>τόπου</span> <span class='ocrx_word' id='word_1_419' title='bbox 3048 2888 3338 2958; x_wconf 80' lang='grc' dir='ltr'>δυσχέρεια</span> <span class='ocrx_word' id='word_1_420' title='bbox 3362 2907 3375 2922; x_wconf 76' lang='grc' dir='ltr'><strong>ο</strong></span> <span class='ocrx_word' id='word_1_421' title='bbox 3405 2893 3501 2944; x_wconf 81' lang='grc' dir='ltr'><strong>ἐάν</strong></span> <span class='ocrx_word' id='word_1_422' title='bbox 3555 2894 3665 2962; x_wconf 82' lang='grc' dir='ltr'>γὰρ</span> <span class='ocrx_word' id='word_1_423' title='bbox 3725 2895 3795 2945; x_wconf 85' lang='grc' dir='ltr'>αἱ</span> 
     </span>
    </p>
   </div>
   <div class='ocr_carea' id='block_1_61' title="bbox 2201 2977 3800 3050">
    <p class='ocr_par' dir='ltr' id='par_1_61' title="bbox 2201 2977 3800 3050">
     <span class='ocr_line' id='line_1_61' title="bbox 2201 2977 3800 3050; baseline 0.004 -17"><span class='ocrx_word' id='word_1_424' title='bbox 2201 2977 2407 3049; x_wconf 80' lang='grc' dir='ltr'>ἄμαξαι</span> <span class='ocrx_word' id='word_1_425' title='bbox 2465 2979 2832 3032; x_wconf 85' lang='grc' dir='ltr'>ἀκολουθῶσιν</span> <span class='ocrx_word' id='word_1_426' title='bbox 2865 2981 2922 3033; x_wconf 92' lang='grc' dir='ltr'><strong>ἐν</strong></span> <span class='ocrx_word' id='word_1_427' title='bbox 2953 2982 3064 3044; x_wconf 86' lang='grc' dir='ltr'>τοῖς</span> <span class='ocrx_word' id='word_1_428' title='bbox 3116 2981 3376 3046; x_wconf 84' lang='grc' dir='ltr'>τοιούτοις</span> <span class='ocrx_word' id='word_1_429' title='bbox 3413 2983 3624 3050; x_wconf 84' lang='grc' dir='ltr'>τόποις,</span> <span class='ocrx_word' id='word_1_430' title='bbox 3684 2987 3800 3040; x_wconf 82' lang='grc' dir='ltr'>ἐπ-</span> 
     </span>
    </p>
   </div>
   <div class='ocr_carea' id='block_1_62' title="bbox 2200 3069 3804 3140">
    <p class='ocr_par' dir='ltr' id='par_1_62' title="bbox 2200 3069 3804 3140">
     <span class='ocr_line' id='line_1_62' title="bbox 2200 3069 3804 3140; baseline 0.004 -18"><span class='ocrx_word' id='word_1_431' title='bbox 2200 3071 2424 3140; x_wconf 76' lang='grc' dir='ltr'>ωφελεῖς</span> <span class='ocrx_word' id='word_1_432' title='bbox 2490 3069 2588 3138; x_wconf 78' lang='grc' dir='ltr'>μὲν</span> <span class='ocrx_word' id='word_1_433' title='bbox 2664 3071 2776 3132; x_wconf 84' lang='grc' dir='ltr'>τοῖς</span> <span class='ocrx_word' id='word_1_434' title='bbox 2802 3070 3158 3138; x_wconf 86' lang='grc' dir='ltr'>τασσομένοις</span> <span class='ocrx_word' id='word_1_435' title='bbox 3192 3070 3291 3122; x_wconf 83' lang='grc' dir='ltr'>οὐκ</span> <span class='ocrx_word' id='word_1_436' title='bbox 3323 3073 3482 3137; x_wconf 77' lang='grc' dir='ltr'>εἰσὶν,</span> <span class='ocrx_word' id='word_1_437' title='bbox 3515 3073 3651 3126; x_wconf 81' lang='grc' dir='ltr'>ἀλλὰ</span> <span class='ocrx_word' id='word_1_438' title='bbox 3692 3077 3804 3128; x_wconf 79' lang='grc' dir='ltr'>καὶ</span> 
     </span>
    </p>
   </div>
   <div class='ocr_carea' id='block_1_63' title="bbox 527 3138 2099 3237">
    <p class='ocr_par' dir='ltr' id='par_1_63' title="bbox 527 3165 2096 3237">
     <span class='ocr_line' id='line_1_63' title="bbox 527 3165 2096 3237; baseline -0.003 -12"><span class='ocrx_word' id='word_1_439' title='bbox 527 3170 662 3225; x_wconf 90' lang='lat' dir='ltr'><strong>aciei</strong></span> <span class='ocrx_word' id='word_1_440' title='bbox 706 3186 812 3224; x_wconf 87' lang='lat' dir='ltr'><strong>non</strong></span> <span class='ocrx_word' id='word_1_441' title='bbox 859 3177 1064 3232; x_wconf 89' lang='lat' dir='ltr'><strong>essent,</strong></span> <span class='ocrx_word' id='word_1_442' title='bbox 1125 3169 1221 3222; x_wconf 86' lang='lat' dir='ltr'><strong>sed</strong></span> <span class='ocrx_word' id='word_1_443' title='bbox 1272 3165 1710 3237; x_wconf 85' lang='lat' dir='ltr'><strong>perturbationes</strong></span> <span class='ocrx_word' id='word_1_444' title='bbox 1761 3181 1885 3222; x_wconf 87' lang='lat' dir='ltr'><strong>esse</strong></span> <span class='ocrx_word' id='word_1_445' title='bbox 1937 3181 2096 3236; x_wconf 87' lang='lat' dir='ltr'><strong>repe-</strong></span> 
     </span>
    </p>
   </div>
   <div class='ocr_carea' id='block_1_64' title="bbox 2211 3138 2991 3237">
    <p class='ocr_par' dir='ltr' id='par_1_64' title="bbox 2211 3159 2991 3230">
     <span class='ocr_line' id='line_1_64' title="bbox 2211 3159 2991 3230; baseline 0.003 -18"><span class='ocrx_word' id='word_1_446' title='bbox 2211 3160 2592 3229; x_wconf 80' lang='grc' dir='ltr'>Βυσμετάθετοι</span> <span class='ocrx_word' id='word_1_447' title='bbox 2625 3159 2991 3230; x_wconf 82' lang='grc' dir='ltr'>εὑρίσκονται.</span> 
     </span>
    </p>
   </div>
   <div class='ocr_carea' id='block_1_65' title="bbox 529 3268 790 3322">
    <p class='ocr_par' dir='ltr' id='par_1_65' title="bbox 529 3268 790 3322">
     <span class='ocr_line' id='line_1_65' title="bbox 529 3268 790 3322; baseline 0 -2"><span class='ocrx_word' id='word_1_448' title='bbox 529 3268 790 3322; x_wconf 86' lang='lat' dir='ltr'><strong>rirentur.</strong></span> 
     </span>
    </p>
   </div>
   <div class='ocr_carea' id='block_1_66' title="bbox 593 3349 2100 3420">
    <p class='ocr_par' dir='ltr' id='par_1_66' title="bbox 593 3349 2100 3420">
     <span class='ocr_line' id='line_1_66' title="bbox 593 3349 2100 3420; baseline -0.001 -14"><span class='ocrx_word' id='word_1_449' title='bbox 593 3353 682 3407; x_wconf 75' lang='grc'>45.</span> <span class='ocrx_word' id='word_1_450' title='bbox 724 3351 1047 3408; x_wconf 68' lang='lat' dir='ltr'><strong>ObserVuhis</strong></span> <span class='ocrx_word' id='word_1_451' title='bbox 1090 3351 1254 3405; x_wconf 86' lang='lat' dir='ltr'><strong>etiam</strong></span> <span class='ocrx_word' id='word_1_452' title='bbox 1288 3351 1452 3406; x_wconf 86' lang='lat' dir='ltr'><strong>boves</strong></span> <span class='ocrx_word' id='word_1_453' title='bbox 1493 3349 1798 3420; x_wconf 77' lang='lat' dir='ltr'><strong>diligenter,</strong></span> <span class='ocrx_word' id='word_1_454' title='bbox 1835 3358 1895 3403; x_wconf 90' lang='lat' dir='ltr'><strong>ut</strong></span> <span class='ocrx_word' id='word_1_455' title='bbox 1927 3351 2100 3404; x_wconf 86' lang='lat' dir='ltr'><strong>aciem</strong></span> 
     </span>
    </p>
   </div>
   <div class='ocr_carea' id='block_1_67' title="bbox 524 3441 2099 3514">
    <p class='ocr_par' dir='ltr' id='par_1_67' title="bbox 524 3441 2099 3514">
     <span class='ocr_line' id='line_1_67' title="bbox 524 3441 2099 3514; baseline -0.003 -13"><span class='ocrx_word' id='word_1_456' title='bbox 524 3445 698 3502; x_wconf 90' lang='lat' dir='ltr'><strong>sicubi</strong></span> <span class='ocrx_word' id='word_1_457' title='bbox 737 3453 1067 3514; x_wconf 84' lang='lat' dir='ltr'><strong>sequantur,</strong></span> <span class='ocrx_word' id='word_1_458' title='bbox 1112 3444 1201 3496; x_wconf 91' lang='lat' dir='ltr'><strong>ubi</strong></span> <span class='ocrx_word' id='word_1_459' title='bbox 1232 3457 1372 3514; x_wconf 91' lang='lat' dir='ltr'><strong>opus</strong></span> <span class='ocrx_word' id='word_1_460' title='bbox 1415 3451 1499 3498; x_wconf 87' lang='lat' dir='ltr'><strong>est</strong></span> <span class='ocrx_word' id='word_1_461' title='bbox 1538 3441 1839 3496; x_wconf 83' lang='lat' dir='ltr'><strong>consistere</strong></span> <span class='ocrx_word' id='word_1_462' title='bbox 1869 3442 2099 3512; x_wconf 90' lang='lat' dir='ltr'><strong>possint,</strong></span> 
     </span>
    </p>
   </div>
   <div class='ocr_carea' id='block_1_68' title="bbox 525 3532 2101 3604">
    <p class='ocr_par' dir='ltr' id='par_1_68' title="bbox 525 3532 2101 3604">
     <span class='ocr_line' id='line_1_68' title="bbox 525 3532 2101 3604; baseline -0.004 -11"><span class='ocrx_word' id='word_1_463' title='bbox 525 3554 594 3593; x_wconf 88' lang='lat' dir='ltr'><strong>ne</strong></span> <span class='ocrx_word' id='word_1_464' title='bbox 633 3537 869 3592; x_wconf 88' lang='lat' dir='ltr'><strong>tumultu</strong></span> <span class='ocrx_word' id='word_1_465' title='bbox 909 3536 1251 3589; x_wconf 88' lang='lat' dir='ltr'><strong>inimicorum</strong></span> <span class='ocrx_word' id='word_1_466' title='bbox 1274 3574 1289 3599; x_wconf 95' lang='lat'><strong>,</strong></span> <span class='ocrx_word' id='word_1_467' title='bbox 1323 3543 1377 3589; x_wconf 89' lang='lat' dir='ltr'><strong>et</strong></span> <span class='ocrx_word' id='word_1_468' title='bbox 1407 3535 1724 3604; x_wconf 78' lang='lat' dir='ltr'><strong>sagittarum</strong></span> <span class='ocrx_word' id='word_1_469' title='bbox 1761 3532 2101 3603; x_wconf 74' lang='lat' dir='ltr'><strong>iaculorum-</strong></span> 
     </span>
    </p>
   </div>
   <div class='ocr_carea' id='block_1_69' title="bbox 525 3624 2100 3699">
    <p class='ocr_par' dir='ltr' id='par_1_69' title="bbox 525 3624 2100 3699">
     <span class='ocr_line' id='line_1_69' title="bbox 525 3624 2100 3699; baseline 0.001 -19"><span class='ocrx_word' id='word_1_470' title='bbox 525 3646 628 3699; x_wconf 87' lang='lat' dir='ltr'><strong>que</strong></span> <span class='ocrx_word' id='word_1_471' title='bbox 661 3628 1000 3699; x_wconf 70' lang='lat' dir='ltr'><strong>conjectione</strong></span> <span class='ocrx_word' id='word_1_472' title='bbox 1041 3627 1331 3697; x_wconf 79' lang='lat' dir='ltr'><strong>exagitati,</strong></span> <span class='ocrx_word' id='word_1_473' title='bbox 1374 3642 1493 3680; x_wconf 90' lang='lat' dir='ltr'><strong>eam</strong></span> <span class='ocrx_word' id='word_1_474' title='bbox 1549 3624 1845 3694; x_wconf 87' lang='lat' dir='ltr'><strong>impediant</strong></span> <span class='ocrx_word' id='word_1_475' title='bbox 1889 3635 1940 3681; x_wconf 85' lang='lat' dir='ltr'><strong>et</strong></span> <span class='ocrx_word' id='word_1_476' title='bbox 1977 3641 2100 3695; x_wconf 82' lang='lat' dir='ltr'><strong>per-</strong></span> 
     </span>
    </p>
   </div>
   <div class='ocr_carea' id='block_1_70' title="bbox 525 3716 2103 3788">
    <p class='ocr_par' dir='ltr' id='par_1_70' title="bbox 525 3716 2103 3788">
     <span class='ocr_line' id='line_1_70' title="bbox 525 3716 2103 3788; baseline -0.001 -13"><span class='ocrx_word' id='word_1_477' title='bbox 525 3721 762 3776; x_wconf 88' lang='lat' dir='ltr'><strong>turbent.</strong></span> <span class='ocrx_word' id='word_1_478' title='bbox 809 3719 914 3774; x_wconf 89' lang='lat' dir='ltr'><strong>Sed</strong></span> <span class='ocrx_word' id='word_1_479' title='bbox 956 3719 1038 3773; x_wconf 87' lang='lat' dir='ltr'><strong>vel</strong></span> <span class='ocrx_word' id='word_1_480' title='bbox 1085 3719 1334 3788; x_wconf 88' lang='lat' dir='ltr'><strong>pedicas,</strong></span> <span class='ocrx_word' id='word_1_481' title='bbox 1379 3717 1461 3772; x_wconf 90' lang='lat' dir='ltr'><strong>vel</strong></span> <span class='ocrx_word' id='word_1_482' title='bbox 1493 3716 1710 3772; x_wconf 77' lang='lat' dir='ltr'><strong>viucula</strong></span> <span class='ocrx_word' id='word_1_483' title='bbox 1747 3716 1990 3786; x_wconf 81' lang='lat' dir='ltr'><strong>injicies,</strong></span> <span class='ocrx_word' id='word_1_484' title='bbox 2035 3732 2103 3773; x_wconf 87' lang='lat' dir='ltr'><strong>ue</strong></span> 
     </span>
    </p>
   </div>
   <div class='ocr_carea' id='block_1_71' title="bbox 525 3808 2102 3882">
    <p class='ocr_par' dir='ltr' id='par_1_71' title="bbox 525 3808 2102 3882">
     <span class='ocr_line' id='line_1_71' title="bbox 525 3808 2102 3882; baseline -0.003 -15"><span class='ocrx_word' id='word_1_485' title='bbox 525 3813 741 3882; x_wconf 73' lang='lat' dir='ltr'><strong>sagittis</strong></span> <span class='ocrx_word' id='word_1_486' title='bbox 793 3811 958 3880; x_wconf 89' lang='lat' dir='ltr'><strong>aliqui</strong></span> <span class='ocrx_word' id='word_1_487' title='bbox 1011 3809 1278 3863; x_wconf 87' lang='lat' dir='ltr'><strong>vulnerati</strong></span> <span class='ocrx_word' id='word_1_488' title='bbox 1302 3809 1515 3879; x_wconf 84' lang='lat' dir='ltr'><strong>pedites</strong></span> <span class='ocrx_word' id='word_1_489' title='bbox 1543 3808 1875 3876; x_wconf 88' lang='lat' dir='ltr'><strong>perturbent.</strong></span> <span class='ocrx_word' id='word_1_490' title='bbox 1917 3808 2102 3878; x_wconf 87' lang='lat' dir='ltr'><strong>Itaque</strong></span> 
     </span>
    </p>
   </div>
   <div class='ocr_carea' id='block_1_72' title="bbox 527 3898 1964 3973">
    <p class='ocr_par' dir='ltr' id='par_1_72' title="bbox 527 3898 1964 3973">
     <span class='ocr_line' id='line_1_72' title="bbox 527 3898 1964 3973; baseline -0.002 -18"><span class='ocrx_word' id='word_1_491' title='bbox 527 3917 593 3956; x_wconf 83' lang='lat' dir='ltr'><strong>ne</strong></span> <span class='ocrx_word' id='word_1_492' title='bbox 623 3918 788 3972; x_wconf 84' lang='lat' dir='ltr'><strong>prope</strong></span> <span class='ocrx_word' id='word_1_493' title='bbox 813 3904 1033 3973; x_wconf 87' lang='lat' dir='ltr'><strong>quidem</strong></span> <span class='ocrx_word' id='word_1_494' title='bbox 1077 3903 1288 3972; x_wconf 88' lang='lat' dir='ltr'><strong>pedites</strong></span> <span class='ocrx_word' id='word_1_495' title='bbox 1322 3900 1377 3953; x_wconf 89' lang='lat' dir='ltr'><strong>in</strong></span> <span class='ocrx_word' id='word_1_496' title='bbox 1409 3899 1525 3955; x_wconf 90' lang='lat' dir='ltr'><strong>acie</strong></span> <span class='ocrx_word' id='word_1_497' title='bbox 1553 3898 1964 3955; x_wconf 84' lang='lat' dir='ltr'><strong>admoveantur.</strong></span> 
     </span>
    </p>
   </div>
   <div class='ocr_carea' id='block_1_73' title="bbox 597 4163 2099 4236">
    <p class='ocr_par' dir='ltr' id='par_1_73' title="bbox 597 4163 2099 4236">
     <span class='ocr_line' id='line_1_73' title="bbox 597 4163 2099 4236; baseline -0.002 -14"><span class='ocrx_word' id='word_1_498' title='bbox 597 4168 688 4222; x_wconf 71' lang='grc'>46.</span> <span class='ocrx_word' id='word_1_499' title='bbox 721 4163 778 4219; x_wconf 89' lang='lat' dir='ltr'><strong>Si</strong></span> <span class='ocrx_word' id='word_1_500' title='bbox 807 4164 970 4220; x_wconf 91' lang='lat' dir='ltr'><strong>alicui</strong></span> <span class='ocrx_word' id='word_1_501' title='bbox 1002 4165 1126 4219; x_wconf 84' lang='lat' dir='ltr'><strong>loco</strong></span> <span class='ocrx_word' id='word_1_502' title='bbox 1156 4163 1226 4218; x_wconf 90' lang='lat' dir='ltr'><strong>ab</strong></span> <span class='ocrx_word' id='word_1_503' title='bbox 1255 4163 1504 4220; x_wconf 89' lang='lat' dir='ltr'><strong>hostibus</strong></span> <span class='ocrx_word' id='word_1_504' title='bbox 1527 4173 1842 4236; x_wconf 84' lang='lat' dir='ltr'><strong>oppugnato</strong></span> <span class='ocrx_word' id='word_1_505' title='bbox 1874 4179 2099 4220; x_wconf 86' lang='lat' dir='ltr'><strong>succur-</strong></span> 
     </span>
    </p>
   </div>
   <div class='ocr_carea' id='block_1_74' title="bbox 525 4256 2102 4327">
    <p class='ocr_par' dir='ltr' id='par_1_74' title="bbox 525 4256 2102 4327">
     <span class='ocr_line' id='line_1_74' title="bbox 525 4256 2102 4327; baseline -0.001 -15"><span class='ocrx_word' id='word_1_506' title='bbox 525 4259 779 4323; x_wconf 86' lang='lat' dir='ltr'><strong>rendum,</strong></span> <span class='ocrx_word' id='word_1_507' title='bbox 823 4267 918 4312; x_wconf 89' lang='lat' dir='ltr'><strong>aut</strong></span> <span class='ocrx_word' id='word_1_508' title='bbox 951 4258 1333 4327; x_wconf 85' lang='lat' dir='ltr'><strong>anticipaudus</strong></span> <span class='ocrx_word' id='word_1_509' title='bbox 1388 4257 1587 4326; x_wconf 89' lang='lat' dir='ltr'><strong>aliquis</strong></span> <span class='ocrx_word' id='word_1_510' title='bbox 1622 4257 1774 4310; x_wconf 88' lang='lat' dir='ltr'><strong>locus</strong></span> <span class='ocrx_word' id='word_1_511' title='bbox 1805 4271 1927 4312; x_wconf 90' lang='lat' dir='ltr'><strong>cum</strong></span> <span class='ocrx_word' id='word_1_512' title='bbox 1960 4256 2102 4311; x_wconf 79' lang='lat' dir='ltr'><strong>rele-</strong></span> 
     </span>
    </p>
   </div>
   <div class='ocr_carea' id='block_1_75' title="bbox 527 4348 2096 4419">
    <p class='ocr_par' dir='ltr' id='par_1_75' title="bbox 527 4348 2096 4419">
     <span class='ocr_line' id='line_1_75' title="bbox 527 4348 2096 4419; baseline -0.001 -14"><span class='ocrx_word' id='word_1_513' title='bbox 527 4353 685 4406; x_wconf 82' lang='lat' dir='ltr'><strong>ritaie</strong></span> <span class='ocrx_word' id='word_1_514' title='bbox 729 4361 834 4416; x_wconf 81' lang='lat' dir='ltr'><strong>est,</strong></span> <span class='ocrx_word' id='word_1_515' title='bbox 882 4367 950 4406; x_wconf 88' lang='lat' dir='ltr'><strong>ne</strong></span> <span class='ocrx_word' id='word_1_516' title='bbox 995 4365 1190 4405; x_wconf 90' lang='lat' dir='ltr'><strong>currus</strong></span> <span class='ocrx_word' id='word_1_517' title='bbox 1246 4351 1454 4407; x_wconf 86' lang='lat' dir='ltr'><strong>tardius</strong></span> <span class='ocrx_word' id='word_1_518' title='bbox 1488 4348 1846 4419; x_wconf 86' lang='lat' dir='ltr'><strong>procedentes</strong></span> <span class='ocrx_word' id='word_1_519' title='bbox 1868 4349 2096 4418; x_wconf 89' lang='lat' dir='ltr'><strong>impedi-</strong></span> 
     </span>
    </p>
   </div>
   <div class='ocr_carea' id='block_1_76' title="bbox 526 4441 2094 4513">
    <p class='ocr_par' dir='ltr' id='par_1_76' title="bbox 526 4441 2094 4513">
     <span class='ocr_line' id='line_1_76' title="bbox 526 4441 2094 4513; baseline -0.001 -15"><span class='ocrx_word' id='word_1_520' title='bbox 526 4454 710 4500; x_wconf 90' lang='lat' dir='ltr'><strong>mento</strong></span> <span class='ocrx_word' id='word_1_521' title='bbox 760 4445 867 4500; x_wconf 90' lang='lat' dir='ltr'><strong>illis</strong></span> <span class='ocrx_word' id='word_1_522' title='bbox 918 4445 1315 4498; x_wconf 79' lang='lat' dir='ltr'><strong>maturantibus</strong></span> <span class='ocrx_word' id='word_1_523' title='bbox 1373 4444 1520 4508; x_wconf 92' lang='lat' dir='ltr'><strong>sint,</strong></span> <span class='ocrx_word' id='word_1_524' title='bbox 1579 4441 1919 4513; x_wconf 89' lang='lat' dir='ltr'><strong>relinquendi</strong></span> <span class='ocrx_word' id='word_1_525' title='bbox 1971 4457 2094 4497; x_wconf 91' lang='lat' dir='ltr'><strong>cum</strong></span> 
     </span>
    </p>
   </div>
   <div class='ocr_carea' id='block_1_77' title="bbox 524 4535 2094 4606">
    <p class='ocr_par' dir='ltr' id='par_1_77' title="bbox 524 4535 2094 4606">
     <span class='ocr_line' id='line_1_77' title="bbox 524 4535 2094 4606; baseline -0.001 -15"><span class='ocrx_word' id='word_1_526' title='bbox 524 4537 748 4606; x_wconf 87' lang='lat' dir='ltr'><strong>reliquis</strong></span> <span class='ocrx_word' id='word_1_527' title='bbox 793 4537 1195 4606; x_wconf 88' lang='lat' dir='ltr'><strong>impedimentis</strong></span> <span class='ocrx_word' id='word_1_528' title='bbox 1241 4537 1293 4590; x_wconf 92' lang='lat' dir='ltr'><strong>in</strong></span> <span class='ocrx_word' id='word_1_529' title='bbox 1339 4537 1520 4606; x_wconf 84' lang='lat' dir='ltr'><strong>aliquo</strong></span> <span class='ocrx_word' id='word_1_530' title='bbox 1552 4535 1672 4590; x_wconf 90' lang='lat' dir='ltr'><strong>loco</strong></span> <span class='ocrx_word' id='word_1_531' title='bbox 1703 4536 1915 4590; x_wconf 90' lang='lat' dir='ltr'><strong>munito</strong></span> <span class='ocrx_word' id='word_1_532' title='bbox 1947 4542 2094 4590; x_wconf 91' lang='lat' dir='ltr'><strong>sunt.</strong></span> 
     </span>
    </p>
   </div>
   <div class='ocr_carea' id='block_1_78' title="bbox 524 4627 2096 4698">
    <p class='ocr_par' dir='ltr' id='par_1_78' title="bbox 524 4627 2096 4698">
     <span class='ocr_line' id='line_1_78' title="bbox 524 4627 2096 4698; baseline -0.002 -16"><span class='ocrx_word' id='word_1_533' title='bbox 524 4627 788 4698; x_wconf 84' lang='lat' dir='ltr'><strong>Capiendi</strong></span> <span class='ocrx_word' id='word_1_534' title='bbox 815 4629 1042 4697; x_wconf 88' lang='lat' dir='ltr'><strong>pedites,</strong></span> <span class='ocrx_word' id='word_1_535' title='bbox 1083 4628 1491 4698; x_wconf 83' lang='lat' dir='ltr'><strong>capiendusque</strong></span> <span class='ocrx_word' id='word_1_536' title='bbox 1521 4627 1736 4682; x_wconf 89' lang='lat' dir='ltr'><strong>illorum</strong></span> <span class='ocrx_word' id='word_1_537' title='bbox 1760 4635 2096 4682; x_wconf 89' lang='lat' dir='ltr'><strong>commeatus</strong></span> 
     </span>
    </p>
   </div>
   <div class='ocr_carea' id='block_1_79' title="bbox 523 4719 2096 4793">
    <p class='ocr_par' dir='ltr' id='par_1_79' title="bbox 523 4719 2096 4793">
     <span class='ocr_line' id='line_1_79' title="bbox 523 4719 2096 4793; baseline -0.003 -17"><span class='ocrx_word' id='word_1_538' title='bbox 523 4731 640 4786; x_wconf 86' lang='lat' dir='ltr'><strong>est,</strong></span> <span class='ocrx_word' id='word_1_539' title='bbox 687 4723 730 4776; x_wconf 93' lang='lat' dir='ltr'><strong>si</strong></span> <span class='ocrx_word' id='word_1_540' title='bbox 774 4722 826 4776; x_wconf 93' lang='lat' dir='ltr'><strong>id</strong></span> <span class='ocrx_word' id='word_1_541' title='bbox 856 4737 988 4778; x_wconf 89' lang='lat' dir='ltr'><strong>usus</strong></span> <span class='ocrx_word' id='word_1_542' title='bbox 1026 4722 1239 4793; x_wconf 75' lang='lat' dir='ltr'><strong>exigat,</strong></span> <span class='ocrx_word' id='word_1_543' title='bbox 1277 4733 1331 4776; x_wconf 88' lang='lat' dir='ltr'><strong>et</strong></span> <span class='ocrx_word' id='word_1_544' title='bbox 1362 4721 1642 4777; x_wconf 88' lang='lat' dir='ltr'><strong>vehendus</strong></span> <span class='ocrx_word' id='word_1_545' title='bbox 1679 4736 1804 4776; x_wconf 91' lang='lat' dir='ltr'><strong>cum</strong></span> <span class='ocrx_word' id='word_1_546' title='bbox 1837 4720 1972 4784; x_wconf 86' lang='lat' dir='ltr'><strong>illis,</strong></span> <span class='ocrx_word' id='word_1_547' title='bbox 2016 4719 2096 4774; x_wconf 87' lang='lat' dir='ltr'><strong>vel</strong></span> 
     </span>
    </p>
   </div>
   <div class='ocr_carea' id='block_1_80' title="bbox 525 4810 2094 4884">
    <p class='ocr_par' dir='ltr' id='par_1_80' title="bbox 525 4810 2094 4884">
     <span class='ocr_line' id='line_1_80' title="bbox 525 4810 2094 4884; baseline -0.003 -16"><span class='ocrx_word' id='word_1_548' title='bbox 525 4814 834 4884; x_wconf 83' lang='lat' dir='ltr'><strong>sagmariis,</strong></span> <span class='ocrx_word' id='word_1_549' title='bbox 884 4814 935 4868; x_wconf 88' lang='lat' dir='ltr'><strong>id</strong></span> <span class='ocrx_word' id='word_1_550' title='bbox 965 4822 1049 4868; x_wconf 90' lang='lat' dir='ltr'><strong>cst</strong></span> <span class='ocrx_word' id='word_1_551' title='bbox 1081 4814 1335 4876; x_wconf 88' lang='lat' dir='ltr'><strong>sarcinis,</strong></span> <span class='ocrx_word' id='word_1_552' title='bbox 1362 4813 1442 4868; x_wconf 90' lang='lat' dir='ltr'><strong>vel</strong></span> <span class='ocrx_word' id='word_1_553' title='bbox 1471 4813 1624 4882; x_wconf 84' lang='lat' dir='ltr'><strong>cquis</strong></span> <span class='ocrx_word' id='word_1_554' title='bbox 1651 4813 1719 4867; x_wconf 86' lang='lat' dir='ltr'><strong>ad</strong></span> <span class='ocrx_word' id='word_1_555' title='bbox 1746 4813 1849 4866; x_wconf 93' lang='lat' dir='ltr'><strong>hoc</strong></span> <span class='ocrx_word' id='word_1_556' title='bbox 1870 4810 2094 4882; x_wconf 90' lang='lat' dir='ltr'><strong>paratis.</strong></span> 
     </span>
    </p>
   </div>
   <div class='ocr_carea' id='block_1_81' title="bbox 523 4902 2096 4975">
    <p class='ocr_par' dir='ltr' id='par_1_81' title="bbox 523 4902 2096 4975">
     <span class='ocr_line' id='line_1_81' title="bbox 523 4902 2096 4975; baseline -0.003 -15"><span class='ocrx_word' id='word_1_557' title='bbox 523 4907 784 4975; x_wconf 74' lang='lat' dir='ltr'><strong>(lapieudi</strong></span> <span class='ocrx_word' id='word_1_558' title='bbox 809 4906 975 4961; x_wconf 87' lang='lat' dir='ltr'><strong>etiam</strong></span> <span class='ocrx_word' id='word_1_559' title='bbox 1010 4907 1217 4970; x_wconf 83' lang='lat' dir='ltr'><strong>tribuli,</strong></span> <span class='ocrx_word' id='word_1_560' title='bbox 1259 4905 1310 4959; x_wconf 88' lang='lat' dir='ltr'><strong>id</strong></span> <span class='ocrx_word' id='word_1_561' title='bbox 1343 4913 1446 4971; x_wconf 84' lang='lat' dir='ltr'><strong>est,</strong></span> <span class='ocrx_word' id='word_1_562' title='bbox 1477 4905 1710 4959; x_wconf 86' lang='lat' dir='ltr'><strong>murices</strong></span> <span class='ocrx_word' id='word_1_563' title='bbox 1737 4912 1884 4966; x_wconf 85' lang='lat' dir='ltr'><strong>sunt,</strong></span> <span class='ocrx_word' id='word_1_564' title='bbox 1909 4902 2096 4972; x_wconf 90' lang='lat' dir='ltr'><strong>sicque</strong></span> 
     </span>
    </p>
   </div>
   <div class='ocr_carea' id='block_1_82' title="bbox 523 4998 1361 5055">
    <p class='ocr_par' dir='ltr' id='par_1_82' title="bbox 523 4998 1361 5055">
     <span class='ocr_line' id='line_1_82' title="bbox 523 4998 1361 5055; baseline 0 -2"><span class='ocrx_word' id='word_1_565' title='bbox 523 5015 647 5054; x_wconf 90' lang='lat' dir='ltr'><strong>eum</strong></span> <span class='ocrx_word' id='word_1_566' title='bbox 671 4999 916 5055; x_wconf 81' lang='lat' dir='ltr'><strong>exercitu</strong></span> <span class='ocrx_word' id='word_1_567' title='bbox 948 4998 1361 5054; x_wconf 83' lang='lat' dir='ltr'><strong>discedendum.</strong></span> 
     </span>
    </p>
   </div>
   <div class='ocr_carea' id='block_1_83' title="bbox 592 5089 2095 5158">
    <p class='ocr_par' dir='ltr' id='par_1_83' title="bbox 592 5089 2095 5158">
     <span class='ocr_line' id='line_1_83' title="bbox 592 5089 2095 5158; baseline -0.003 -12"><span class='ocrx_word' id='word_1_568' title='bbox 592 5090 680 5146; x_wconf 68' lang='grc'>47.</span> <span class='ocrx_word' id='word_1_569' title='bbox 722 5090 862 5146; x_wconf 85' lang='lat' dir='ltr'><strong>Tum</strong></span> <span class='ocrx_word' id='word_1_570' title='bbox 906 5091 1086 5157; x_wconf 87' lang='lat' dir='ltr'><strong>enim,</strong></span> <span class='ocrx_word' id='word_1_571' title='bbox 1139 5091 1185 5145; x_wconf 91' lang='lat' dir='ltr'><strong>si</strong></span> <span class='ocrx_word' id='word_1_572' title='bbox 1232 5099 1442 5158; x_wconf 89' lang='lat' dir='ltr'><strong>tempus</strong></span> <span class='ocrx_word' id='word_1_573' title='bbox 1493 5089 1715 5158; x_wconf 80' lang='lat' dir='ltr'><strong>aliquod</strong></span> <span class='ocrx_word' id='word_1_574' title='bbox 1767 5096 1946 5142; x_wconf 89' lang='lat' dir='ltr'><strong>castra</strong></span> <span class='ocrx_word' id='word_1_575' title='bbox 1995 5102 2095 5156; x_wconf 87' lang='lat' dir='ltr'><strong>po-</strong></span> 
     </span>
    </p>
   </div>
   <div class='ocr_carea' id='block_1_84' title="bbox 521 5178 2099 5252">
    <p class='ocr_par' dir='ltr' id='par_1_84' title="bbox 521 5178 2099 5252">
     <span class='ocr_line' id='line_1_84' title="bbox 521 5178 2099 5252; baseline -0.004 -14"><span class='ocrx_word' id='word_1_576' title='bbox 521 5185 699 5239; x_wconf 85' lang='lat' dir='ltr'><strong>nenda</strong></span> <span class='ocrx_word' id='word_1_577' title='bbox 743 5183 930 5249; x_wconf 89' lang='lat' dir='ltr'><strong>fuerit,</strong></span> <span class='ocrx_word' id='word_1_578' title='bbox 968 5181 1113 5238; x_wconf 84' lang='lat' dir='ltr'><strong>fossa</strong></span> <span class='ocrx_word' id='word_1_579' title='bbox 1143 5191 1447 5252; x_wconf 83' lang='lat' dir='ltr'><strong>Opportune</strong></span> <span class='ocrx_word' id='word_1_580' title='bbox 1471 5182 1654 5245; x_wconf 87' lang='lat' dir='ltr'><strong>ducta,</strong></span> <span class='ocrx_word' id='word_1_581' title='bbox 1684 5188 1737 5235; x_wconf 86' lang='lat' dir='ltr'><strong>et</strong></span> <span class='ocrx_word' id='word_1_582' title='bbox 1771 5178 1988 5234; x_wconf 87' lang='lat' dir='ltr'><strong>tribulis</strong></span> <span class='ocrx_word' id='word_1_583' title='bbox 2009 5193 2099 5232; x_wconf 83' lang='lat' dir='ltr'><strong>or-</strong></span> 
     </span>
    </p>
   </div>
   <div class='ocr_carea' id='block_1_85' title="bbox 519 5269 2096 5345">
    <p class='ocr_par' dir='ltr' id='par_1_85' title="bbox 519 5269 2096 5345">
     <span class='ocr_line' id='line_1_85' title="bbox 519 5269 2096 5345; baseline -0.003 -17"><span class='ocrx_word' id='word_1_584' title='bbox 519 5277 644 5329; x_wconf 89' lang='lat' dir='ltr'><strong>dine</strong></span> <span class='ocrx_word' id='word_1_585' title='bbox 666 5275 884 5345; x_wconf 87' lang='lat' dir='ltr'><strong>positis,</strong></span> <span class='ocrx_word' id='word_1_586' title='bbox 922 5274 1004 5328; x_wconf 86' lang='lat' dir='ltr'><strong>vel</strong></span> <span class='ocrx_word' id='word_1_587' title='bbox 1034 5273 1397 5328; x_wconf 67' lang='lat' dir='ltr'><strong>aediﬁcatione</strong></span> <span class='ocrx_word' id='word_1_588' title='bbox 1424 5273 1607 5342; x_wconf 86' lang='lat' dir='ltr'><strong>aliqua</strong></span> <span class='ocrx_word' id='word_1_589' title='bbox 1649 5271 1795 5326; x_wconf 87' lang='lat' dir='ltr'><strong>intus</strong></span> <span class='ocrx_word' id='word_1_590' title='bbox 1830 5269 2096 5333; x_wconf 86' lang='lat' dir='ltr'><strong>adhibita,</strong></span> 
     </span>
    </p>
   </div>
   <div class='ocr_carea' id='block_1_86' title="bbox 519 5362 2099 5436">
    <p class='ocr_par' dir='ltr' id='par_1_86' title="bbox 519 5362 2099 5436">
     <span class='ocr_line' id='line_1_86' title="bbox 519 5362 2099 5436; baseline -0.003 -17"><span class='ocrx_word' id='word_1_591' title='bbox 519 5369 599 5422; x_wconf 81' lang='lat' dir='ltr'><strong>vel</strong></span> <span class='ocrx_word' id='word_1_592' title='bbox 621 5368 761 5421; x_wconf 84' lang='lat' dir='ltr'><strong>vallo</strong></span> <span class='ocrx_word' id='word_1_593' title='bbox 778 5382 841 5422; x_wconf 80' lang='lat' dir='ltr'><strong>ex</strong></span> <span class='ocrx_word' id='word_1_594' title='bbox 862 5367 1018 5436; x_wconf 83' lang='lat' dir='ltr'><strong>lignis</strong></span> <span class='ocrx_word' id='word_1_595' title='bbox 1039 5366 1310 5431; x_wconf 84' lang='lat' dir='ltr'><strong>confecto,</strong></span> <span class='ocrx_word' id='word_1_596' title='bbox 1329 5382 1485 5436; x_wconf 73' lang='lat' dir='ltr'><strong>teque</strong></span> <span class='ocrx_word' id='word_1_597' title='bbox 1504 5366 1718 5418; x_wconf 89' lang='lat' dir='ltr'><strong>ﬁrmam</strong></span> <span class='ocrx_word' id='word_1_598' title='bbox 1741 5362 2099 5416; x_wconf 85' lang='lat' dir='ltr'><strong>munitionem</strong></span> 
     </span>
    </p>
   </div>
   <div class='ocr_carea' id='block_1_87' title="bbox 518 5453 2101 5527">
    <p class='ocr_par' dir='ltr' id='par_1_87' title="bbox 518 5453 2101 5527">
     <span class='ocr_line' id='line_1_87' title="bbox 518 5453 2101 5527; baseline -0.003 -18"><span class='ocrx_word' id='word_1_599' title='bbox 518 5457 782 5513; x_wconf 81' lang='lat' dir='ltr'><strong>fossatum</strong></span> <span class='ocrx_word' id='word_1_600' title='bbox 828 5458 1080 5524; x_wconf 83' lang='lat' dir='ltr'><strong>habebit,</strong></span> <span class='ocrx_word' id='word_1_601' title='bbox 1127 5473 1189 5513; x_wconf 87' lang='lat' dir='ltr'><strong>ac</strong></span> <span class='ocrx_word' id='word_1_602' title='bbox 1233 5459 1278 5512; x_wconf 87' lang='lat' dir='ltr'><strong>si</strong></span> <span class='ocrx_word' id='word_1_603' title='bbox 1323 5471 1520 5527; x_wconf 84' lang='lat' dir='ltr'><strong>carago</strong></span> <span class='ocrx_word' id='word_1_604' title='bbox 1569 5455 1836 5509; x_wconf 90' lang='lat' dir='ltr'><strong>munitum</strong></span> <span class='ocrx_word' id='word_1_605' title='bbox 1885 5453 2101 5506; x_wconf 87' lang='lat' dir='ltr'><strong>fuisset.</strong></span> 
     </span>
    </p>
   </div>
   <div class='ocr_carea' id='block_1_88' title="bbox 515 5547 2104 5622">
    <p class='ocr_par' dir='ltr' id='par_1_88' title="bbox 515 5547 2104 5622">
     <span class='ocr_line' id='line_1_88' title="bbox 515 5547 2104 5622; baseline -0.001 -22"><span class='ocrx_word' id='word_1_606' title='bbox 515 5551 781 5622; x_wconf 76' lang='lat' dir='ltr'><strong>Caragum</strong></span> <span class='ocrx_word' id='word_1_607' title='bbox 825 5560 1005 5606; x_wconf 87' lang='lat' dir='ltr'><strong>autem</strong></span> <span class='ocrx_word' id='word_1_608' title='bbox 1045 5551 1620 5621; x_wconf 86' lang='lat' dir='ltr'><strong>appellamus‘currus</strong></span> <span class='ocrx_word' id='word_1_609' title='bbox 1665 5557 1720 5604; x_wconf 83' lang='lat' dir='ltr'><strong>et.</strong></span> <span class='ocrx_word' id='word_1_610' title='bbox 1748 5547 2104 5602; x_wconf 87' lang='lat' dir='ltr'><strong>munitionem</strong></span> 
     </span>
    </p>
   </div>
   <div class='ocr_carea' id='block_1_89' title="bbox 518 5638 1289 5698">
    <p class='ocr_par' dir='ltr' id='par_1_89' title="bbox 518 5638 1289 5698">
     <span class='ocr_line' id='line_1_89' title="bbox 518 5638 1289 5698; baseline 0.003 -7"><span class='ocrx_word' id='word_1_611' title='bbox 518 5638 708 5695; x_wconf 85' lang='lat' dir='ltr'><strong>fossati</strong></span> <span class='ocrx_word' id='word_1_612' title='bbox 747 5656 869 5696; x_wconf 89' lang='lat' dir='ltr'><strong>cum</strong></span> <span class='ocrx_word' id='word_1_613' title='bbox 909 5643 1030 5698; x_wconf 89' lang='lat' dir='ltr'><strong>istis</strong></span> <span class='ocrx_word' id='word_1_614' title='bbox 1063 5641 1289 5697; x_wconf 84' lang='lat' dir='ltr'><strong>factam.</strong></span> 
     </span>
    </p>
   </div>
   <div class='ocr_carea' id='block_1_90' title="bbox 585 5729 2100 5803">
    <p class='ocr_par' dir='ltr' id='par_1_90' title="bbox 585 5729 2100 5803">
     <span class='ocr_line' id='line_1_90' title="bbox 585 5729 2100 5803; baseline 0.001 -20"><span class='ocrx_word' id='word_1_615' title='bbox 585 5730 675 5784; x_wconf 73' lang='grc'><strong>48.</strong></span> <span class='ocrx_word' id='word_1_616' title='bbox 709 5731 805 5784; x_wconf 84' lang='lat' dir='ltr'><strong>Sin</strong></span> <span class='ocrx_word' id='word_1_617' title='bbox 836 5732 906 5786; x_wconf 88' lang='lat' dir='ltr'><strong>ita</strong></span> <span class='ocrx_word' id='word_1_618' title='bbox 945 5734 1180 5797; x_wconf 89' lang='lat' dir='ltr'><strong>accidat,</strong></span> <span class='ocrx_word' id='word_1_619' title='bbox 1227 5742 1285 5786; x_wconf 91' lang='lat' dir='ltr'><strong>ut</strong></span> <span class='ocrx_word' id='word_1_620' title='bbox 1323 5731 1505 5802; x_wconf 81' lang='lat' dir='ltr'><strong>plures</strong></span> <span class='ocrx_word' id='word_1_621' title='bbox 1541 5732 1776 5803; x_wconf 86' lang='lat' dir='ltr'><strong>equites,</strong></span> <span class='ocrx_word' id='word_1_622' title='bbox 1811 5729 2100 5802; x_wconf 87' lang='lat' dir='ltr'><strong>pauciores</strong></span> 
     </span>
    </p>
   </div>
   <div class='ocr_carea' id='block_1_91' title="bbox 2124 4495 2178 4555">
    <p class='ocr_par' dir='ltr' id='par_1_91' title="bbox 2124 4495 2178 4555">
     <span class='ocr_line' id='line_1_91' title="bbox 2124 4495 2178 4555; baseline 0 0"><span class='ocrx_word' id='word_1_623' title='bbox 2124 4495 2178 4555; x_wconf 92' lang='lat' dir='ltr'><strong>D</strong></span> 
     </span>
    </p>
   </div>
   <div class='ocr_carea' id='block_1_92' title="bbox 2278 3338 3798 3414">
    <p class='ocr_par' dir='ltr' id='par_1_92' title="bbox 2278 3338 3798 3414">
     <span class='ocr_line' id='line_1_92' title="bbox 2278 3338 3798 3414; baseline 0.003 -22"><span class='ocrx_word' id='word_1_624' title='bbox 2278 3338 2376 3409; x_wconf 91' lang='grc' dir='ltr'>με’.</span> <span class='ocrx_word' id='word_1_625' title='bbox 2425 3339 2761 3410; x_wconf 80' lang='grc' dir='ltr'>Ἑπινοήσεις</span> <span class='ocrx_word' id='word_1_626' title='bbox 2809 3340 2865 3394; x_wconf 78' lang='grc' dir='ltr'>δὲ</span> <span class='ocrx_word' id='word_1_627' title='bbox 2896 3341 2976 3404; x_wconf 86' lang='grc' dir='ltr'><strong>εἰς</strong></span> <span class='ocrx_word' id='word_1_628' title='bbox 3027 3341 3152 3404; x_wconf 74' lang='grc' dir='ltr'>τοὺς</span> <span class='ocrx_word' id='word_1_629' title='bbox 3211 3341 3339 3412; x_wconf 84' lang='grc' dir='ltr'>βόας</span> <span class='ocrx_word' id='word_1_630' title='bbox 3384 3340 3495 3396; x_wconf 90' lang='grc' dir='ltr'><strong>τῶν</strong></span> <span class='ocrx_word' id='word_1_631' title='bbox 3531 3342 3798 3414; x_wconf 80' lang='grc' dir='ltr'>ἁμαξῶν,</span> 
     </span>
    </p>
   </div>
   <div class='ocr_carea' id='block_1_93' title="bbox 2204 3432 3802 3506">
    <p class='ocr_par' dir='ltr' id='par_1_93' title="bbox 2204 3432 3802 3506">
     <span class='ocr_line' id='line_1_93' title="bbox 2204 3432 3802 3506; baseline 0.003 -22"><span class='ocrx_word' id='word_1_632' title='bbox 2204 3433 2292 3484; x_wconf 84' lang='grc' dir='ltr'><strong>ῖνα</strong></span> <span class='ocrx_word' id='word_1_633' title='bbox 2329 3434 2456 3486; x_wconf 81' lang='grc' dir='ltr'>ὅταν</span> <span class='ocrx_word' id='word_1_634' title='bbox 2491 3432 2827 3485; x_wconf 80' lang='grc' dir='ltr'>ἀκολουθῶσι</span> <span class='ocrx_word' id='word_1_635' title='bbox 2854 3437 2920 3503; x_wconf 78' lang='grc' dir='ltr'><strong>τῇ</strong></span> <span class='ocrx_word' id='word_1_636' title='bbox 2962 3432 3263 3503; x_wconf 77' lang='grc' dir='ltr'>παρατάξει</span> <span class='ocrx_word' id='word_1_637' title='bbox 3290 3434 3386 3487; x_wconf 73' lang='grc' dir='ltr'>ἐὰν</span> <span class='ocrx_word' id='word_1_638' title='bbox 3415 3434 3574 3506; x_wconf 81' lang='grc' dir='ltr'>χρεία</span> <span class='ocrx_word' id='word_1_639' title='bbox 3625 3435 3802 3505; x_wconf 77' lang='grc' dir='ltr'>γένη-</span> 
     </span>
    </p>
   </div>
   <div class='ocr_carea' id='block_1_94' title="bbox 2204 3524 3802 3598">
    <p class='ocr_par' dir='ltr' id='par_1_94' title="bbox 2204 3524 3802 3598">
     <span class='ocr_line' id='line_1_94' title="bbox 2204 3524 3802 3598; baseline 0.004 -21"><span class='ocrx_word' id='word_1_640' title='bbox 2204 3541 2291 3577; x_wconf 88' lang='grc' dir='ltr'><strong>ται</strong></span> <span class='ocrx_word' id='word_1_641' title='bbox 2331 3524 2440 3595; x_wconf 81' lang='grc' dir='ltr'>ἄρα</span> <span class='ocrx_word' id='word_1_642' title='bbox 2481 3525 2575 3578; x_wconf 78' lang='grc' dir='ltr'><strong>καὶ</strong></span> <span class='ocrx_word' id='word_1_643' title='bbox 2610 3526 2897 3595; x_wconf 86' lang='grc' dir='ltr'>ἀναμεῖναι</span> <span class='ocrx_word' id='word_1_644' title='bbox 2943 3527 3042 3589; x_wconf 85' lang='grc' dir='ltr'><strong>τάς</strong></span> <span class='ocrx_word' id='word_1_645' title='bbox 3081 3527 3296 3596; x_wconf 85' lang='grc' dir='ltr'>ἀμάξας</span> <span class='ocrx_word' id='word_1_646' title='bbox 3330 3525 3471 3580; x_wconf 83' lang='grc' dir='ltr'>ὥστε</span> <span class='ocrx_word' id='word_1_647' title='bbox 3505 3528 3579 3598; x_wconf 78' lang='grc' dir='ltr'>μὴ</span> <span class='ocrx_word' id='word_1_648' title='bbox 3604 3527 3802 3583; x_wconf 87' lang='grc' dir='ltr'>διατα-</span> 
     </span>
    </p>
   </div>
   <div class='ocr_carea' id='block_1_95' title="bbox 2209 3614 3798 3687">
    <p class='ocr_par' dir='ltr' id='par_1_95' title="bbox 2209 3614 3798 3687">
     <span class='ocr_line' id='line_1_95' title="bbox 2209 3614 3798 3687; baseline 0.003 -21"><span class='ocrx_word' id='word_1_649' title='bbox 2209 3614 2501 3684; x_wconf 78' lang='grc' dir='ltr'>ράσσεσθαι</span> <span class='ocrx_word' id='word_1_650' title='bbox 2524 3615 2626 3667; x_wconf 74' lang='grc' dir='ltr'><strong>ὑπὸ</strong></span> <span class='ocrx_word' id='word_1_651' title='bbox 2656 3614 2748 3668; x_wconf 82' lang='grc' dir='ltr'>τοῦ</span> <span class='ocrx_word' id='word_1_652' title='bbox 2774 3614 3004 3686; x_wconf 85' lang='grc' dir='ltr'>θορύϐου</span> <span class='ocrx_word' id='word_1_653' title='bbox 3035 3617 3143 3668; x_wconf 86' lang='grc' dir='ltr'><strong>τῶν</strong></span> <span class='ocrx_word' id='word_1_654' title='bbox 3164 3616 3398 3687; x_wconf 85' lang='grc' dir='ltr'>ἐχθρῶν,</span> <span class='ocrx_word' id='word_1_655' title='bbox 3437 3617 3543 3668; x_wconf 81' lang='grc' dir='ltr'><strong>ὑπὸ</strong></span> <span class='ocrx_word' id='word_1_656' title='bbox 3558 3617 3687 3680; x_wconf 87' lang='grc' dir='ltr'>τῶν,</span> <span class='ocrx_word' id='word_1_657' title='bbox 3713 3618 3798 3682; x_wconf 86' lang='grc' dir='ltr'>ὠς</span> 
     </span>
    </p>
   </div>
   <div class='ocr_carea' id='block_1_96' title="bbox 2203 3706 3794 3778">
    <p class='ocr_par' dir='ltr' id='par_1_96' title="bbox 2203 3706 3794 3778">
     <span class='ocr_line' id='line_1_96' title="bbox 2203 3706 3794 3778; baseline 0.003 -20"><span class='ocrx_word' id='word_1_658' title='bbox 2203 3707 2373 3772; x_wconf 80' lang='grc' dir='ltr'>εἰκὸς,</span> <span class='ocrx_word' id='word_1_659' title='bbox 2428 3706 2770 3778; x_wconf 81' lang='grc' dir='ltr'>βαλλομένων</span> <span class='ocrx_word' id='word_1_660' title='bbox 2837 3707 3125 3776; x_wconf 88' lang='grc' dir='ltr'>σαγιττῶν,</span> <span class='ocrx_word' id='word_1_661' title='bbox 3173 3709 3267 3761; x_wconf 73' lang='grc' dir='ltr'>καὶ</span> <span class='ocrx_word' id='word_1_662' title='bbox 3299 3710 3558 3762; x_wconf 83' lang='grc' dir='ltr'>ἀτακτεῖν</span> <span class='ocrx_word' id='word_1_663' title='bbox 3581 3711 3672 3762; x_wconf 77' lang='grc' dir='ltr'>καὶ</span> <span class='ocrx_word' id='word_1_664' title='bbox 3693 3711 3794 3762; x_wconf 86' lang='grc' dir='ltr'><strong>ὲν-</strong></span> 
     </span>
    </p>
   </div>
   <div class='ocr_carea' id='block_1_97' title="bbox 2203 3799 3796 3876">
    <p class='ocr_par' dir='ltr' id='par_1_97' title="bbox 2203 3799 3796 3876">
     <span class='ocr_line' id='line_1_97' title="bbox 2203 3799 3796 3876; baseline 0.005 -27"><span class='ocrx_word' id='word_1_665' title='bbox 2203 3799 2379 3869; x_wconf 85' lang='grc' dir='ltr'>οχλεῖν</span> <span class='ocrx_word' id='word_1_666' title='bbox 2419 3801 2484 3870; x_wconf 81' lang='grc' dir='ltr'><strong>τῇ</strong></span> <span class='ocrx_word' id='word_1_667' title='bbox 2519 3799 2843 3870; x_wconf 77' lang='grc' dir='ltr'>παρατάξει.</span> <span class='ocrx_word' id='word_1_668' title='bbox 2893 3800 3052 3854; x_wconf 84' lang='grc' dir='ltr'>’Λλλά</span> <span class='ocrx_word' id='word_1_669' title='bbox 3093 3801 3125 3871; x_wconf 80' lang='grc' dir='ltr'>ἢ</span> <span class='ocrx_word' id='word_1_670' title='bbox 3167 3800 3455 3854; x_wconf 80' lang='grc' dir='ltr'>πεδικλοῦν</span> <span class='ocrx_word' id='word_1_671' title='bbox 3493 3801 3722 3867; x_wconf 77' lang='grc' dir='ltr'>ταύτας,</span> <span class='ocrx_word' id='word_1_672' title='bbox 3757 3805 3796 3876; x_wconf 78' lang='grc' dir='ltr'><strong>ἢ</strong></span> 
     </span>
    </p>
   </div>
   <div class='ocr_carea' id='block_1_98' title="bbox 2201 3893 3796 3963">
    <p class='ocr_par' dir='ltr' id='par_1_98' title="bbox 2201 3893 3796 3963">
     <span class='ocr_line' id='line_1_98' title="bbox 2201 3893 3796 3963; baseline 0.001 -18"><span class='ocrx_word' id='word_1_673' title='bbox 2201 3893 2438 3963; x_wconf 86' lang='grc' dir='ltr'>δεσμεῖν,</span> <span class='ocrx_word' id='word_1_674' title='bbox 2467 3893 2572 3960; x_wconf 71' lang='grc' dir='ltr'>ἵνα,</span> <span class='ocrx_word' id='word_1_675' title='bbox 2625 3893 2700 3954; x_wconf 83' lang='grc' dir='ltr'>ὡς</span> <span class='ocrx_word' id='word_1_676' title='bbox 2729 3893 2966 3962; x_wconf 78' lang='grc' dir='ltr'>εἴρηται,</span> <span class='ocrx_word' id='word_1_677' title='bbox 2993 3895 3040 3945; x_wconf 86' lang='grc' dir='ltr'><strong>εί</strong></span> <span class='ocrx_word' id='word_1_678' title='bbox 3082 3893 3173 3946; x_wconf 79' lang='grc' dir='ltr'><strong>καί</strong></span> <span class='ocrx_word' id='word_1_679' title='bbox 3205 3910 3350 3956; x_wconf 90' lang='grc' dir='ltr'>τινες</span> <span class='ocrx_word' id='word_1_680' title='bbox 3395 3894 3454 3957; x_wconf 82' lang='grc' dir='ltr'><strong>ἐξ</strong></span> <span class='ocrx_word' id='word_1_681' title='bbox 3483 3895 3659 3947; x_wconf 74' lang='grc' dir='ltr'>αὐτῶν</span> <span class='ocrx_word' id='word_1_682' title='bbox 3681 3897 3796 3954; x_wconf 78' lang='grc' dir='ltr'><strong>ὑπὸ</strong></span> 
     </span>
    </p>
   </div>
   <div class='ocr_carea' id='block_1_99' title="bbox 2205 3984 3793 4056">
    <p class='ocr_par' dir='ltr' id='par_1_99' title="bbox 2205 3984 3793 4056">
     <span class='ocr_line' id='line_1_99' title="bbox 2205 3984 3793 4056; baseline 0.003 -20"><span class='ocrx_word' id='word_1_683' title='bbox 2205 3985 2474 4052; x_wconf 85' lang='grc' dir='ltr'>σαγιττῶν</span> <span class='ocrx_word' id='word_1_684' title='bbox 2528 3984 2944 4055; x_wconf 77' lang='grc' dir='ltr'>τιτρώσκονται,</span> <span class='ocrx_word' id='word_1_685' title='bbox 2979 3985 3056 4056; x_wconf 80' lang='grc' dir='ltr'>μὴ</span> <span class='ocrx_word' id='word_1_686' title='bbox 3087 3985 3496 4056; x_wconf 85' lang='grc' dir='ltr'>διαταράσσωσι</span> <span class='ocrx_word' id='word_1_687' title='bbox 3522 3987 3650 4049; x_wconf 83' lang='grc' dir='ltr'>τοὺς</span> <span class='ocrx_word' id='word_1_688' title='bbox 3685 4004 3793 4040; x_wconf 88' lang='grc' dir='ltr'>πε-</span> 
     </span>
    </p>
   </div>
   <div class='ocr_carea' id='block_1_100' title="bbox 2205 4073 3672 4146">
    <p class='ocr_par' dir='ltr' id='par_1_100' title="bbox 2205 4073 3672 4146">
     <span class='ocr_line' id='line_1_100' title="bbox 2205 4073 3672 4146; baseline 0.004 -21"><span class='ocrx_word' id='word_1_689' title='bbox 2205 4073 2350 4138; x_wconf 77' lang='grc' dir='ltr'>ζοὺς,</span> <span class='ocrx_word' id='word_1_690' title='bbox 2384 4073 2462 4126; x_wconf 77' lang='grc' dir='ltr'>διὸ</span> <span class='ocrx_word' id='word_1_691' title='bbox 2491 4075 2610 4128; x_wconf 79' lang='grc' dir='ltr'>οὐδὲ</span> <span class='ocrx_word' id='word_1_692' title='bbox 2636 4076 2742 4146; x_wconf 84' lang='grc' dir='ltr'>χρὴ</span> <span class='ocrx_word' id='word_1_693' title='bbox 2772 4075 2905 4129; x_wconf 80' lang='grc' dir='ltr'>πολὺ</span> <span class='ocrx_word' id='word_1_694' title='bbox 2945 4078 3110 4145; x_wconf 79' lang='grc' dir='ltr'>ἐγγὺς</span> <span class='ocrx_word' id='word_1_695' title='bbox 3147 4077 3444 4131; x_wconf 81' lang='grc' dir='ltr'>τάσσεσθαι</span> <span class='ocrx_word' id='word_1_696' title='bbox 3481 4077 3672 4140; x_wconf 82' lang='grc' dir='ltr'>αὐτάς.</span> 
     </span>
    </p>
   </div>
   <div class='ocr_carea' id='block_1_101' title="bbox 2277 4164 3794 4242">
    <p class='ocr_par' dir='ltr' id='par_1_101' title="bbox 2277 4164 3794 4242">
     <span class='ocr_line' id='line_1_101' title="bbox 2277 4164 3794 4242; baseline 0.003 -25"><span class='ocrx_word' id='word_1_697' title='bbox 2277 4164 2394 4236; x_wconf 79' lang='grc' dir='ltr'>μς’.</span> <span class='ocrx_word' id='word_1_698' title='bbox 2422 4167 2482 4218; x_wconf 82' lang='grc' dir='ltr'><strong>ΕΞ</strong></span> <span class='ocrx_word' id='word_1_699' title='bbox 2509 4166 2586 4230; x_wconf 84' lang='grc' dir='ltr'>δὲ,</span> <span class='ocrx_word' id='word_1_700' title='bbox 2612 4167 2686 4230; x_wconf 82' lang='grc' dir='ltr'>ὡς</span> <span class='ocrx_word' id='word_1_701' title='bbox 2718 4167 2864 4230; x_wconf 76' lang='grc' dir='ltr'>εἰκὸς</span> <span class='ocrx_word' id='word_1_702' title='bbox 2884 4207 2900 4232; x_wconf 93' lang='grc'><strong>,</strong></span> <span class='ocrx_word' id='word_1_703' title='bbox 2942 4169 3162 4238; x_wconf 80' lang='grc' dir='ltr'>γένηται</span> <span class='ocrx_word' id='word_1_704' title='bbox 3214 4170 3374 4240; x_wconf 85' lang='grc' dir='ltr'>χρεία</span> <span class='ocrx_word' id='word_1_705' title='bbox 3419 4169 3794 4242; x_wconf 70' lang='grc' dir='ltr'>ἐνοχλουμένῳ</span> 
     </span>
    </p>
   </div>
   <div class='ocr_carea' id='block_1_102' title="bbox 2205 4257 3789 4333">
    <p class='ocr_par' dir='ltr' id='par_1_102' title="bbox 2205 4257 3789 4333">
     <span class='ocr_line' id='line_1_102' title="bbox 2205 4257 3789 4333; baseline 0.004 -23"><span class='ocrx_word' id='word_1_706' title='bbox 2205 4257 2467 4328; x_wconf 80' lang='grc' dir='ltr'>βοηθῆσαι</span> <span class='ocrx_word' id='word_1_707' title='bbox 2512 4259 2662 4329; x_wconf 84' lang='grc' dir='ltr'>τόπῳ</span> <span class='ocrx_word' id='word_1_708' title='bbox 2711 4260 2816 4312; x_wconf 77' lang='grc' dir='ltr'><strong>ὑπὸ</strong></span> <span class='ocrx_word' id='word_1_709' title='bbox 2882 4260 3115 4332; x_wconf 88' lang='grc' dir='ltr'>ἐχθρῶν,</span> <span class='ocrx_word' id='word_1_710' title='bbox 3155 4261 3188 4332; x_wconf 80' lang='grc' dir='ltr'>ἢ</span> <span class='ocrx_word' id='word_1_711' title='bbox 3225 4262 3660 4333; x_wconf 83' lang='grc' dir='ltr'>προκαταλαϐεῖν</span> <span class='ocrx_word' id='word_1_712' title='bbox 3689 4280 3789 4317; x_wconf 80' lang='grc' dir='ltr'>τα-</span> 
     </span>
    </p>
   </div>
   <div class='ocr_carea' id='block_1_103' title="bbox 2202 4351 3794 4425">
    <p class='ocr_par' dir='ltr' id='par_1_103' title="bbox 2202 4351 3794 4425">
     <span class='ocr_line' id='line_1_103' title="bbox 2202 4351 3794 4425; baseline 0.004 -23"><span class='ocrx_word' id='word_1_713' title='bbox 2202 4351 2450 4421; x_wconf 87' lang='grc' dir='ltr'>χύτερον,</span> <span class='ocrx_word' id='word_1_714' title='bbox 2489 4351 2583 4403; x_wconf 73' lang='grc' dir='ltr'>καὶ</span> <span class='ocrx_word' id='word_1_715' title='bbox 2613 4351 2671 4403; x_wconf 77' lang='grc' dir='ltr'>οὐ</span> <span class='ocrx_word' id='word_1_716' title='bbox 2699 4351 2992 4420; x_wconf 82' lang='grc' dir='ltr'>φθάξουσιν</span> <span class='ocrx_word' id='word_1_717' title='bbox 3023 4355 3076 4407; x_wconf 87' lang='grc' dir='ltr'>αἱ</span> <span class='ocrx_word' id='word_1_718' title='bbox 3103 4353 3334 4424; x_wconf 74' lang='grc' dir='ltr'>ἄμαξαι,</span> <span class='ocrx_word' id='word_1_719' title='bbox 3369 4354 3454 4407; x_wconf 83' lang='grc' dir='ltr'>ἵνα</span> <span class='ocrx_word' id='word_1_720' title='bbox 3483 4353 3559 4425; x_wconf 77' lang='grc' dir='ltr'>μὴ</span> <span class='ocrx_word' id='word_1_721' title='bbox 3591 4353 3794 4425; x_wconf 86' lang='grc' dir='ltr'>βραδύ-</span> 
     </span>
    </p>
   </div>
   <div class='ocr_carea' id='block_1_104' title="bbox 2203 4443 3786 4516">
    <p class='ocr_par' dir='ltr' id='par_1_104' title="bbox 2203 4443 3786 4516">
     <span class='ocr_line' id='line_1_104' title="bbox 2203 4443 3786 4516; baseline 0.004 -21"><span class='ocrx_word' id='word_1_722' title='bbox 2203 4459 2366 4495; x_wconf 87' lang='grc' dir='ltr'>νωσιν</span> <span class='ocrx_word' id='word_1_723' title='bbox 2391 4443 2446 4494; x_wconf 89' lang='grc' dir='ltr'>αἱ</span> <span class='ocrx_word' id='word_1_724' title='bbox 2484 4445 2684 4512; x_wconf 88' lang='grc' dir='ltr'>χρεῖαι·</span> <span class='ocrx_word' id='word_1_725' title='bbox 2721 4444 2782 4495; x_wconf 72' lang='grc' dir='ltr'>τὸ</span> <span class='ocrx_word' id='word_1_726' title='bbox 2809 4444 2908 4514; x_wconf 84' lang='grc' dir='ltr'>μὲν</span> <span class='ocrx_word' id='word_1_727' title='bbox 2926 4445 3055 4498; x_wconf 81' lang='grc' dir='ltr'>ἄλλο</span> <span class='ocrx_word' id='word_1_728' title='bbox 3086 4445 3302 4498; x_wconf 79' lang='grc' dir='ltr'>τοῦλδον</span> <span class='ocrx_word' id='word_1_729' title='bbox 3342 4447 3435 4499; x_wconf 71' lang='grc' dir='ltr'>καὶ</span> <span class='ocrx_word' id='word_1_730' title='bbox 3472 4447 3533 4499; x_wconf 81' lang='grc' dir='ltr'>τὸ</span> <span class='ocrx_word' id='word_1_731' title='bbox 3569 4447 3786 4516; x_wconf 80' lang='grc' dir='ltr'>φοσσά-</span> 
     </span>
    </p>
   </div>
   <div class='ocr_carea' id='block_1_105' title="bbox 2203 4534 3788 4609">
    <p class='ocr_par' dir='ltr' id='par_1_105' title="bbox 2203 4534 3788 4609">
     <span class='ocr_line' id='line_1_105' title="bbox 2203 4534 3788 4609; baseline 0.003 -24"><span class='ocrx_word' id='word_1_732' title='bbox 2203 4551 2293 4587; x_wconf 88' lang='grc' dir='ltr'><strong>τον</strong></span> <span class='ocrx_word' id='word_1_733' title='bbox 2326 4534 2761 4604; x_wconf 79' lang='grc' dir='ltr'>καταλιμπάνειν</span> <span class='ocrx_word' id='word_1_734' title='bbox 2797 4537 2855 4588; x_wconf 82' lang='grc' dir='ltr'><strong>ἐν</strong></span> <span class='ocrx_word' id='word_1_735' title='bbox 2882 4535 3065 4607; x_wconf 81' lang='grc' dir='ltr'>ὀχυρῷ</span> <span class='ocrx_word' id='word_1_736' title='bbox 3116 4537 3286 4606; x_wconf 83' lang='grc' dir='ltr'>τόπῳ.</span> <span class='ocrx_word' id='word_1_737' title='bbox 3319 4537 3788 4609; x_wconf 82' lang='grc' dir='ltr'>Παραλαμϐάνειν</span> 
     </span>
    </p>
   </div>
   <div class='ocr_carea' id='block_1_106' title="bbox 2201 4627 3788 4701">
    <p class='ocr_par' dir='ltr' id='par_1_106' title="bbox 2201 4627 3788 4701">
     <span class='ocr_line' id='line_1_106' title="bbox 2201 4627 3788 4701; baseline 0.002 -21"><span class='ocrx_word' id='word_1_738' title='bbox 2201 4627 2258 4680; x_wconf 83' lang='grc' dir='ltr'>δὲ</span> <span class='ocrx_word' id='word_1_739' title='bbox 2283 4627 2405 4690; x_wconf 79' lang='grc' dir='ltr'>τοὺς</span> <span class='ocrx_word' id='word_1_740' title='bbox 2466 4629 2661 4691; x_wconf 76' lang='grc' dir='ltr'>πεζοὺς</span> <span class='ocrx_word' id='word_1_741' title='bbox 2706 4628 2799 4679; x_wconf 75' lang='grc' dir='ltr'><strong>καῖ</strong></span> <span class='ocrx_word' id='word_1_742' title='bbox 2826 4629 2923 4697; x_wconf 81' lang='grc' dir='ltr'>τὴν</span> <span class='ocrx_word' id='word_1_743' title='bbox 2967 4628 3208 4699; x_wconf 77' lang='grc' dir='ltr'>δαπάνην</span> <span class='ocrx_word' id='word_1_744' title='bbox 3244 4629 3444 4694; x_wconf 79' lang='grc' dir='ltr'>αὐτῶν,</span> <span class='ocrx_word' id='word_1_745' title='bbox 3474 4631 3524 4682; x_wconf 82' lang='grc' dir='ltr'><strong>εί</strong></span> <span class='ocrx_word' id='word_1_746' title='bbox 3564 4631 3788 4701; x_wconf 82' lang='grc' dir='ltr'>τοιαύτη</span> 
     </span>
    </p>
   </div>
   <div class='ocr_carea' id='block_1_107' title="bbox 2175 4719 3789 4793">
    <p class='ocr_par' dir='ltr' id='par_1_107' title="bbox 2175 4719 3789 4793">
     <span class='ocr_line' id='line_1_107' title="bbox 2175 4719 3789 4793; baseline -0.001 -17"><span class='ocrx_word' id='word_1_747' title='bbox 2175 4721 2426 4788; x_wconf 79' lang='grc' dir='ltr'>,γένηται</span> <span class='ocrx_word' id='word_1_748' title='bbox 2486 4719 2664 4790; x_wconf 81' lang='grc' dir='ltr'>χρεία,</span> <span class='ocrx_word' id='word_1_749' title='bbox 2712 4721 2804 4772; x_wconf 74' lang='grc' dir='ltr'>καὶ</span> <span class='ocrx_word' id='word_1_750' title='bbox 2858 4721 3298 4791; x_wconf 77' lang='grc' dir='ltr'>παρασκευάζειν</span> <span class='ocrx_word' id='word_1_751' title='bbox 3352 4721 3720 4792; x_wconf 73' lang='grc' dir='ltr'>βαστάζεσθαι</span> <span class='ocrx_word' id='word_1_752' title='bbox 3755 4724 3789 4793; x_wconf 83' lang='grc' dir='ltr'><strong>ἧ</strong></span> 
     </span>
    </p>
   </div>
   <div class='ocr_carea' id='block_1_108' title="bbox 2201 4811 3795 4884">
    <p class='ocr_par' dir='ltr' id='par_1_108' title="bbox 2201 4811 3795 4884">
     <span class='ocr_line' id='line_1_108' title="bbox 2201 4811 3795 4884; baseline 0.003 -22"><span class='ocrx_word' id='word_1_753' title='bbox 2201 4811 2289 4862; x_wconf 71' lang='grc' dir='ltr'>διὰ</span> <span class='ocrx_word' id='word_1_754' title='bbox 2323 4811 2639 4880; x_wconf 78' lang='grc' dir='ltr'>σαγμαρίων</span> <span class='ocrx_word' id='word_1_755' title='bbox 2669 4811 2700 4882; x_wconf 80' lang='grc' dir='ltr'>ἢ</span> <span class='ocrx_word' id='word_1_756' title='bbox 2727 4812 2816 4863; x_wconf 77' lang='grc' dir='ltr'>ἐπὶ</span> <span class='ocrx_word' id='word_1_757' title='bbox 2840 4811 3014 4882; x_wconf 83' lang='grc' dir='ltr'>τούτῳ</span> <span class='ocrx_word' id='word_1_758' title='bbox 3049 4813 3443 4884; x_wconf 73' lang='grc' dir='ltr'>ἀφωρισμένων</span> <span class='ocrx_word' id='word_1_759' title='bbox 3466 4813 3670 4879; x_wconf 69' lang='grc' dir='ltr'>ἴππιον,</span> <span class='ocrx_word' id='word_1_760' title='bbox 3698 4816 3795 4868; x_wconf 84' lang='grc' dir='ltr'>καὶ</span> 
     </span>
    </p>
   </div>
   <div class='ocr_carea' id='block_1_109' title="bbox 2204 4900 3792 4975">
    <p class='ocr_par' dir='ltr' id='par_1_109' title="bbox 2204 4900 3792 4975">
     <span class='ocr_line' id='line_1_109' title="bbox 2204 4900 3792 4975; baseline 0.003 -23"><span class='ocrx_word' id='word_1_761' title='bbox 2204 4903 2301 4964; x_wconf 80' lang='grc' dir='ltr'>τὰς</span> <span class='ocrx_word' id='word_1_762' title='bbox 2364 4900 2664 4971; x_wconf 74' lang='grc' dir='ltr'>τριϐόλους,</span> <span class='ocrx_word' id='word_1_763' title='bbox 2725 4905 2818 4956; x_wconf 73' lang='grc' dir='ltr'>καὶ</span> <span class='ocrx_word' id='word_1_764' title='bbox 2875 4903 3046 4966; x_wconf 74' lang='grc' dir='ltr'>οὕτως</span> <span class='ocrx_word' id='word_1_765' title='bbox 3099 4904 3443 4974; x_wconf 87' lang='grc' dir='ltr'>ἀπέρχεσθαι</span> <span class='ocrx_word' id='word_1_766' title='bbox 3505 4905 3644 4975; x_wconf 85' lang='grc' dir='ltr'><strong>μετά</strong></span> <span class='ocrx_word' id='word_1_767' title='bbox 3696 4905 3792 4959; x_wconf 77' lang='grc' dir='ltr'>τοῦ</span> 
     </span>
    </p>
   </div>
   <div class='ocr_carea' id='block_1_110' title="bbox 2207 5009 2458 5062">
    <p class='ocr_par' dir='ltr' id='par_1_110' title="bbox 2207 5009 2458 5062">
     <span class='ocr_line' id='line_1_110' title="bbox 2207 5009 2458 5062; baseline 0.012 -20"><span class='ocrx_word' id='word_1_768' title='bbox 2207 5009 2263 5043; x_wconf 74' lang='grc' dir='ltr'><strong>σῖ</strong></span> <span class='ocrx_word' id='word_1_769' title='bbox 2276 5009 2458 5062; x_wconf 87' lang='grc' dir='ltr'>ρατου.</span> 
     </span>
    </p>
   </div>
   <div class='ocr_carea' id='block_1_111' title="bbox 2277 5073 3844 5159">
    <p class='ocr_par' dir='ltr' id='par_1_111' title="bbox 2277 5073 3844 5159">
     <span class='ocr_line' id='line_1_111' title="bbox 2277 5073 3844 5159; baseline 0.004 -22"><span class='ocrx_word' id='word_1_770' title='bbox 2277 5085 2382 5154; x_wconf 57' lang='grc' dir='ltr'>μζκ</span> <span class='ocrx_word' id='word_1_771' title='bbox 2413 5087 2542 5138; x_wconf 82' lang='grc' dir='ltr'>Τότε</span> <span class='ocrx_word' id='word_1_772' title='bbox 2584 5086 2712 5158; x_wconf 74' lang='grc' dir='ltr'>γὰρ,</span> <span class='ocrx_word' id='word_1_773' title='bbox 2748 5088 2842 5139; x_wconf 59' lang='grc' dir='ltr'>ἐὰν</span> <span class='ocrx_word' id='word_1_774' title='bbox 2884 5089 2976 5141; x_wconf 71' lang='grc' dir='ltr'>καὶ</span> <span class='ocrx_word' id='word_1_775' title='bbox 3014 5090 3240 5158; x_wconf 64' lang='grc' dir='ltr'>γένηται</span> <span class='ocrx_word' id='word_1_776' title='bbox 3271 5091 3459 5159; x_wconf 76' lang='grc' dir='ltr'>καιρὸς</span> <span class='ocrx_word' id='word_1_777' title='bbox 3493 5088 3789 5152; x_wconf 80' lang='grc' dir='ltr'>ἀπλίκτου,</span> <span class='ocrx_word' id='word_1_778' title='bbox 3839 5073 3844 5080; x_wconf 48' lang='grc'><strong>’</strong></span> 
     </span>
    </p>
   </div>
   <div class='ocr_carea' id='block_1_112' title="bbox 2203 5176 3794 5249">
    <p class='ocr_par' dir='ltr' id='par_1_112' title="bbox 2203 5176 3794 5249">
     <span class='ocr_line' id='line_1_112' title="bbox 2203 5176 3794 5249; baseline 0.001 -20"><span class='ocrx_word' id='word_1_779' title='bbox 2203 5176 2297 5230; x_wconf 78' lang='grc' dir='ltr'>τοῦ</span> <span class='ocrx_word' id='word_1_780' title='bbox 2353 5178 2665 5249; x_wconf 76' lang='grc' dir='ltr'>ὀρύγματος</span> <span class='ocrx_word' id='word_1_781' title='bbox 2722 5179 2863 5232; x_wconf 88' lang='grc' dir='ltr'><strong>κατά</strong></span> <span class='ocrx_word' id='word_1_782' title='bbox 2899 5181 2959 5233; x_wconf 81' lang='grc' dir='ltr'>τὸ</span> <span class='ocrx_word' id='word_1_783' title='bbox 2987 5180 3102 5233; x_wconf 80' lang='grc' dir='ltr'>δέον</span> <span class='ocrx_word' id='word_1_784' title='bbox 3154 5181 3469 5249; x_wconf 84' lang='grc' dir='ltr'>γενομένου,</span> <span class='ocrx_word' id='word_1_785' title='bbox 3527 5181 3620 5232; x_wconf 79' lang='grc' dir='ltr'>καὶ</span> <span class='ocrx_word' id='word_1_786' title='bbox 3682 5180 3794 5232; x_wconf 85' lang='grc' dir='ltr'><strong>τῶν</strong></span> 
     </span>
    </p>
   </div>
   <div class='ocr_carea' id='block_1_113' title="bbox 2205 5269 3794 5342">
    <p class='ocr_par' dir='ltr' id='par_1_113' title="bbox 2205 5269 3794 5342">
     <span class='ocr_line' id='line_1_113' title="bbox 2205 5269 3794 5342; baseline 0.006 -25"><span class='ocrx_word' id='word_1_787' title='bbox 2205 5269 2467 5334; x_wconf 84' lang='grc' dir='ltr'>τριϐόλων</span> <span class='ocrx_word' id='word_1_788' title='bbox 2538 5271 2951 5342; x_wconf 88' lang='grc' dir='ltr'>ἀποτιθεμένων</span> <span class='ocrx_word' id='word_1_789' title='bbox 2993 5313 3007 5338; x_wconf 91' lang='grc'><strong>,</strong></span> <span class='ocrx_word' id='word_1_790' title='bbox 3066 5273 3099 5341; x_wconf 78' lang='grc' dir='ltr'>ἢ</span> <span class='ocrx_word' id='word_1_791' title='bbox 3149 5272 3437 5342; x_wconf 84' lang='grc' dir='ltr'>οἰκοδομῆς</span> <span class='ocrx_word' id='word_1_792' title='bbox 3494 5273 3794 5342; x_wconf 75' lang='grc' dir='ltr'>γενομένης</span> 
     </span>
    </p>
   </div>
   <div class='ocr_carea' id='block_1_114' title="bbox 2205 5361 3792 5436">
    <p class='ocr_par' dir='ltr' id='par_1_114' title="bbox 2205 5361 3792 5436">
     <span class='ocr_line' id='line_1_114' title="bbox 2205 5361 3792 5436; baseline 0.001 -22"><span class='ocrx_word' id='word_1_793' title='bbox 2205 5361 2428 5426; x_wconf 77' lang='grc' dir='ltr'>ἔσωθεν,</span> <span class='ocrx_word' id='word_1_794' title='bbox 2463 5362 2494 5433; x_wconf 78' lang='grc' dir='ltr'>ἢ</span> <span class='ocrx_word' id='word_1_795' title='bbox 2527 5363 2767 5433; x_wconf 84' lang='grc' dir='ltr'>χάρακος</span> <span class='ocrx_word' id='word_1_796' title='bbox 2793 5365 2900 5417; x_wconf 80' lang='grc' dir='ltr'>ἀπὸ</span> <span class='ocrx_word' id='word_1_797' title='bbox 2926 5364 3098 5428; x_wconf 81' lang='grc' dir='ltr'>ξύλων</span> <span class='ocrx_word' id='word_1_798' title='bbox 3116 5365 3496 5436; x_wconf 81' lang='grc' dir='ltr'>πηγνυμένου,</span> <span class='ocrx_word' id='word_1_799' title='bbox 3531 5364 3792 5432; x_wconf 74' lang='grc' dir='ltr'>τοιαύτην</span> 
     </span>
    </p>
   </div>
   <div class='ocr_carea' id='block_1_115' title="bbox 2207 5455 3792 5530">
    <p class='ocr_par' dir='ltr' id='par_1_115' title="bbox 2207 5455 3792 5530">
     <span class='ocr_line' id='line_1_115' title="bbox 2207 5455 3792 5530; baseline 0 -22"><span class='ocrx_word' id='word_1_800' title='bbox 2207 5455 2506 5523; x_wconf 78' lang='grc' dir='ltr'>ἀσφάλειαν</span> <span class='ocrx_word' id='word_1_801' title='bbox 2551 5457 2695 5526; x_wconf 81' lang='grc' dir='ltr'>ἔχειν</span> <span class='ocrx_word' id='word_1_802' title='bbox 2725 5457 2786 5510; x_wconf 85' lang='grc' dir='ltr'>τὸ</span> <span class='ocrx_word' id='word_1_803' title='bbox 2819 5459 3108 5527; x_wconf 87' lang='grc' dir='ltr'>φοσσάτον,</span> <span class='ocrx_word' id='word_1_804' title='bbox 3139 5459 3205 5530; x_wconf 76' lang='grc' dir='ltr'>ἢν</span> <span class='ocrx_word' id='word_1_805' title='bbox 3233 5458 3436 5527; x_wconf 82' lang='grc' dir='ltr'>ὀφείλει</span> <span class='ocrx_word' id='word_1_806' title='bbox 3471 5457 3618 5527; x_wconf 81' lang='grc' dir='ltr'>ἔχειν</span> <span class='ocrx_word' id='word_1_807' title='bbox 3655 5459 3792 5527; x_wconf 72' lang='grc' dir='ltr'>μετά</span> 
     </span>
    </p>
   </div>
   <div class='ocr_carea' id='block_1_116' title="bbox 2207 5548 3791 5623">
    <p class='ocr_par' dir='ltr' id='par_1_116' title="bbox 2207 5548 3791 5623">
     <span class='ocr_line' id='line_1_116' title="bbox 2207 5548 3791 5623; baseline 0.001 -24"><span class='ocrx_word' id='word_1_808' title='bbox 2207 5548 2302 5600; x_wconf 84' lang='grc' dir='ltr'><strong>τοῦ</strong></span> <span class='ocrx_word' id='word_1_809' title='bbox 2352 5550 2620 5622; x_wconf 81' lang='grc' dir='ltr'>καραγοῦ.</span> <span class='ocrx_word' id='word_1_810' title='bbox 2693 5552 2954 5623; x_wconf 84' lang='grc' dir='ltr'>Καραγὸν</span> <span class='ocrx_word' id='word_1_811' title='bbox 2981 5552 3038 5605; x_wconf 80' lang='grc' dir='ltr'>δὲ</span> <span class='ocrx_word' id='word_1_812' title='bbox 3066 5552 3296 5622; x_wconf 79' lang='grc' dir='ltr'>λέγομεν</span> <span class='ocrx_word' id='word_1_813' title='bbox 3317 5551 3418 5614; x_wconf 79' lang='grc' dir='ltr'>τὰς</span> <span class='ocrx_word' id='word_1_814' title='bbox 3452 5549 3673 5620; x_wconf 84' lang='grc' dir='ltr'>ἀμάξας</span> <span class='ocrx_word' id='word_1_815' title='bbox 3703 5553 3791 5602; x_wconf 80' lang='grc' dir='ltr'>καὶ</span> 
     </span>
    </p>
   </div>
   <div class='ocr_carea' id='block_1_117' title="bbox 2209 5639 3505 5715">
    <p class='ocr_par' dir='ltr' id='par_1_117' title="bbox 2209 5639 3505 5715">
     <span class='ocr_line' id='line_1_117' title="bbox 2209 5639 3505 5715; baseline 0.004 -25"><span class='ocrx_word' id='word_1_816' title='bbox 2209 5639 2299 5694; x_wconf 74' lang='grc' dir='ltr'><strong>τὸν</strong></span> <span class='ocrx_word' id='word_1_817' title='bbox 2328 5639 2396 5692; x_wconf 88' lang='grc' dir='ltr'><strong>δι’</strong></span> <span class='ocrx_word' id='word_1_818' title='bbox 2427 5641 2608 5695; x_wconf 76' lang='grc' dir='ltr'>αὐτῶν</span> <span class='ocrx_word' id='word_1_819' title='bbox 2631 5644 3046 5715; x_wconf 77' lang='grc' dir='ltr'>περιτειχισμὸν</span> <span class='ocrx_word' id='word_1_820' title='bbox 3080 5643 3174 5698; x_wconf 84' lang='grc' dir='ltr'>τοῦ</span> <span class='ocrx_word' id='word_1_821' title='bbox 3212 5648 3505 5714; x_wconf 80' lang='grc' dir='ltr'>φοσσάτου.</span> 
     </span>
    </p>
   </div>
   <div class='ocr_carea' id='block_1_118' title="bbox 2289 5731 3792 5808">
    <p class='ocr_par' dir='ltr' id='par_1_118' title="bbox 2289 5731 3792 5808">
     <span class='ocr_line' id='line_1_118' title="bbox 2289 5731 3792 5808; baseline -0.001 -20"><span class='ocrx_word' id='word_1_822' title='bbox 2289 5731 2398 5802; x_wconf 79' lang='grc' dir='ltr'>μη’.</span> <span class='ocrx_word' id='word_1_823' title='bbox 2442 5733 2567 5789; x_wconf 75' lang='grc' dir='ltr'><strong>Ἐὰν</strong></span> <span class='ocrx_word' id='word_1_824' title='bbox 2601 5734 2656 5788; x_wconf 79' lang='grc' dir='ltr'>δὲ</span> <span class='ocrx_word' id='word_1_825' title='bbox 2689 5735 2826 5807; x_wconf 79' lang='grc' dir='ltr'>τύχῃ</span> <span class='ocrx_word' id='word_1_826' title='bbox 2855 5736 2995 5790; x_wconf 81' lang='grc' dir='ltr'>ὥστε</span> <span class='ocrx_word' id='word_1_827' title='bbox 3033 5738 3158 5802; x_wconf 82' lang='grc' dir='ltr'>τοὺς</span> <span class='ocrx_word' id='word_1_828' title='bbox 3191 5735 3591 5808; x_wconf 84' lang='grc' dir='ltr'>καϐαλλαρίους</span> <span class='ocrx_word' id='word_1_829' title='bbox 3614 5733 3792 5789; x_wconf 79' lang='grc' dir='ltr'>πλείο-</span> 
     </span>
    </p>
   </div>
  </div>
