4052 6216
252 298 359 363 805

1343 307 1675 372 TACTICA.
1700 333 1767 347 -·
1810 306 2309 373 CONSTITUTIO
2341 307 2478 373 ΧΙῘ.

3409 315 3514 381 806

253 428 349 471 νας
404 409 567 474 εἶναι,
618 408 831 479 ὀλίγους
867 412 923 466 δε
953 414 1079 477 τοὺς
1114 413 1334 481 πεζοὺς,
1365 419 1461 471 κει)⁸
1490 419 1663 485 οὕτως
1690 421 1814 491 δόξῃ

1924 422 2132 492 pedites
2192 424 2329 487 sint,
2381 424 2774 492 decretumque
2831 422 2991 478 fuerit
3038 424 3221 480 omnia
3277 426 3513 498 impedio

255 503 395 557 ὥστε
431 504 612 572 μεῖναι
635 503 699 556 τὸ
730 503 946 557 τοῦλδον
980 507 1037 558 ἐν
1071 506 1148 577 τῷ
1198 509 1470 581 φοσσάτῳ,
1507 511 1581 582 μὴ
1626 513 1831 576 πάντας

253 596 381 658 τοὺς
433 594 633 658 πεζοὺς
691 588 943 649 ἵστασθαι
979 597 1183 651 ἔσωθεν
1220 600 1315 653 τοῦ
1362 603 1666 669 φοτσάτου,
1696 604 1832 658 ἀλλά

250 686 404 749 τινάς
429 686 527 756 μὲν
557 685 616 739 ἐν
649 686 799 756 αύτῷ
821 687 900 756 τῷ
956 691 1209 761 φοσσάτῳ
1245 694 1711 763 παραφυλάττειν,
1747 714 1829 751 τι-

252 777 348 838 νάς
370 776 425 830 δὲ
456 776 767 848 ἔμπροσθεν
819 778 929 831 τῶν
975 781 1192 851 πορτῶν
1232 784 1458 839 καὶτῶν
1499 788 1828 858 ὀρυγμάτων

248 868 343 922 τοῦ
372 869 640 935 φοσσάτου
676 870 732 922 ἐν
761 868 909 934 τάξει
944 871 1213 928 ίστασθαιδ
1250 874 1365 928 Ἵνα
1390 876 1484 930 ἐὰν
1506 880 1687 951 συμϐῇ
1720 881 1830 934 τῶν

250 959 635 1031 καὸαλλαρίων
701 963 912 1032 τροπὴν
961 964 1258 1031 γενέσθαι,
1308 969 1402 1020 καὶ
1464 970 1540 1040 μὴ
1588 971 1827 1026 σύνεισιν

251 1049 428 1113 πεζοὶ,
492 1049 648 1103 αὐτοὶ
677 1049 954 1120 δεχόμενοι
1004 1053 1200 1118 αὐτοὺς
1240 1055 1472 1128 δύναμιν
1524 1060 1620 1115 καὶ
1643 1061 1828 1116 ἄδειαν

250 1141 437 1204 αὐτοῖς
495 1141 727 1196 διδόασιν
750 1142 783 1213 ἦ
809 1144 1229 1217 ἀναστραφῆναι
1269 1150 1411 1205 κατὰ
1441 1150 1552 1205 τῶν
1593 1152 1824 1224 ἐχθρῶν,

247 1232 594 1303 ἢεύτάκτως
631 1235 961 1304 ἐπέρχεσθαι
1023 1238 1103 1302 είς
1152 1240 1213 1292 τὸ
1256 1242 1545 1311 φοσσάτον,
1607 1245 1703 1299 καὶ
1750 1247 1827 1318 μὴ

249 1324 697 1394 στενοχωρεῖσθαι
755 1327 834 1390 είς
889 1326 990 1390 τὰς
1042 1328 1249 1400 πόρτας
1279 1333 1335 1385 ἐν
1372 1335 1438 1404 τῇ
1486 1335 1675 1406 εἰσόδῳ
1730 1338 1824 1393 καὶ

250 1414 597 1470 κινδυνεύειν.

321 1502 431 1573 μθ¹.
462 1505 599 1567 Τοὺς
637 1505 692 1559 δὲ
711 1505 974 1577 ἄρχοντας
1007 1508 1116 1563 τῶν
1142 1512 1246 1565 ὑπὸ
1271 1515 1330 1568 σε
1379 1518 1677 1588 ταγμάτων
1708 1518 1826 1573 δέον

249 1611 331 1648 σοι
372 1596 795 1666 παραγγέλλειν,
819 1599 907 1654 ἴνα
931 1600 1220 1671 διάγνωσιν
1252 1606 1497 1663 ποιοῦσιν
1517 1610 1574 1662 ἐν
1599 1611 1677 1681 τῷ
1704 1629 1827 1667 και-

247 1687 328 1759 ρῷ
352 1687 446 1741 τοῦ
472 1693 905 1762 παραχειμαδίου
923 1695 1018 1749 καὶ
1044 1697 1132 1753 διὰ
1148 1698 1256 1752 τῶν
1285 1704 1649 1775 τουρμαρχῶν
1665 1706 1824 1777 81310-

1930 508 2112 571 menta
2152 516 2205 570 in
2237 515 2443 572 fossato
2469 524 2526 569 ut
2566 524 2943 586 permaneant,
2989 518 3139 573 nullo
3170 520 3330 576 modo
3367 524 3516 592 pedi.

1931 617 2011 663 tes
2042 607 2284 664 universi
2318 608 2461 662 intra
2492 607 2757 663 fossatum
2794 624 2853 662 se
2887 611 3221 678 contineant,
3258 613 3353 667 sed
3387 614 3511 684 qui-

1930 697 2056 752 dam
2089 698 2236 753 intus
2269 696 2534 752 fossatum
2572 699 2911 764 custodiant,
2956 701 3178 769 quidam
3221 702 3353 758 foris
3384 714 3514 761 ante

1931 797 2120 858 portas
2170 797 2224 842 et
2265 787 2441 843 fossas
2482 797 2789 843 castrorum
2835 791 3085 845 instructi
3137 800 3318 859 stent,
3377 804 3433 848 ut
3463 796 3512 851 si

1929 878 2209 949 contingat
2232 878 2478 949 equitum
2503 878 2685 950 fugam
2719 881 2854 946 fieri,
2878 881 3089 951 pedites
3116 883 3262 938 domi
3290 883 3511 941 illorum

1930 968 2116 1038 copias
2162 970 2450 1040 recipiant,
2487 978 2540 1025 et
2573 973 2922 1027 securitatem
2950 973 3188 1044 aliquam
3230 975 3341 1031 illis
3379 975 3511 1030 aﬂ'e-

1929 1070 2074 1125 rant,
2109 1062 2193 1115 vel
2225 1070 2282 1116 ut
2311 1063 2573 1119 adversus
2609 1064 2794 1121 hostes
2828 1065 3025 1120 iterum
3060 1081 3119 1123 se
3151 1077 3388 1135 vertant,
3420 1068 3508 1123 vel

1929 1152 2178 1208 ordinate
2206 1153 2259 1208 in
2287 1163 2463 1210 castra
2492 1155 2797 1221 discedant,
2823 1173 3001 1228 neque
3024 1158 3078 1213 in
3103 1159 3351 1231 ingressu
3381 1173 3508 1231 por-

1931 1254 2107 1302 tarum
2142 1247 2517 1317 periclitentur
2544 1260 2637 1304 aut
2663 1249 2991 1319 amiguntur.

1999 1522 2085 1577 49.
2121 1520 2396 1576 l‘rmfectis
2419 1519 2525 1574 tuis
2553 1521 2656 1574 hoc
2688 1518 2916 1573 omnino
2944 1519 3368 1589 praecipiendUm
3397 1529 3504 1587 est,

1927 1622 1987 1669 ut
2008 1615 2075 1670 de
2108 1614 2351 1668 hibernis
2377 1611 2740 1683 procurandis
2767 1611 3014 1665 nonnihil
3041 1612 3313 1675 laborent,
3336 1622 3502 1682 quot—

1927 1722 2034 1778 que
2066 1716 2121 1760 et
2158 1706 2357 1776 quibus
2389 1705 2548 1775 equis
2581 1713 2673 1759 aut
2720 1703 2889 1759 armis
2930 1702 3127 1757 milites
3161 1703 3246 1758 sui
3286 1714 3500 1774 egeant,

248 1782 444 1847 ποιεῖν,
478 1782 661 1837 πόσων
687 1784 868 1839 ἵππων
895 1790 990 1842 καὶ
1018 1790 1188 1844 ποίων
1209 1792 1387 1847 ὃπλων
1410 1796 1618 1852 δέονται
1651 1799 1701 1852 οι
1731 1801 1814 1853 ύπ¹

1927 1765 2023 1870 per
2053 1765 2397 1854 turmarchas
2425 1765 2523 1852 tibi
2547 1796 2905 1867 significetur,
2947 1805 3006 1850 ut
3040 1795 3236 1850 idoneo
3262 1803 3502 1864 tempore

244 1871 429 1935 αὐτοῖς
459 1875 780 1944 τεταγμένοι
811 1880 1163 1948 στρατιῶται,
1187 1883 1276 1939 ἵνα
1308 1886 1621 1956 ἀναγκαίως
1646 1908 1822 1962 trapet-

252 1966 522 2038 σκευάζῃς
553 1967 611 2020 ἐν
652 1967 728 2038 τῷ
751 1969 927 2023 δέοντι
956 1972 1136 2043 καιρῷ
1183 1976 1356 2030 ταῦτα
1383 1979 1819 2051 εὐτρεπίζεσθαι,

249 2060 343 2112 καὶ
402 2060 868 2129 ἐπιλαμϐάνεσθαι
923 2067 1064 2122 αὐτὰ
1119 2070 1245 2133 τοὺς
1291 2073 1652 2141 στρατιώτας.
1714 2079 1821 2133 Καὶ

248 2150 482 2221 μάλιστα
528 2151 630 2220 τῆς
685 2152 892 2219 τοξείας
943 2158 1304 2232 ἐπιμεληθῇς,
1344 2163 1483 2217 ὥστε
1518 2166 1569 2219 εί
1599 2168 1821 2225 δυνατὸν

245 2243 336 2297 καὶ
380 2244 506 2306 τοὺς
564 2245 964 2316 ἀστρατεύτους
986 2250 1042 2303 ἐν
1070 2254 1179 2315 τοῖς
1228 2253 1399 2317 οἴκοις
1455 2257 1819 2330 ἐπιφέρεσθαι

239 2331 387 2399 τόξα.
430 2332 495 2387 Ἦ
523 2333 633 2406 γὰρ
663 2335 855 2389 τούτου
880 2337 973 2391 τοῦ
1006 2340 1303 2408 κεφαλαίου
1355 2344 1586 2414 ἀμέλεια
1616 2350 1818 2422 πολλὴν

240 2422 444 2494 βλάϐην
496 2425 592 2478 καὶ
625 2425 887 2495 ἀμέλειαν
932 2428 1009 2498 τῷ
1059 2430 1288 2485 καθόλου
1329 2433 1621 2510 Ῥωμαϊκῷ
1648 2457 1815 2511 στρα-

239 2511 465 2584 τεύματι
518 2515 852 2585 ἐνεποίησεν,
899 2516 975 2582 ὥς
1001 2536 1093 2588 μοι
1142 2521 1236 2573 καὶ
1287 2522 1399 2577 ἀνω
1447 2542 1550 2579 που
1581 2529 1814 2599 εἴρηται.

238 2603 489 2658 Τοσαῦτα
544 2606 641 2676 μὲν
670 2603 763 2660 οὖν
797 2607 892 2663 καὶ
919 2609 1048 2680 περὶ
1086 2610 1369 2665 ἁπλίκτων
1401 2616 1534 2685 ἡμῖν
1557 2619 1813 2689 εἰρήσθω·

250 2693 563 2750 Ἀκόλουθον
595 2696 651 2749 δέ
674 2699 820 2751 ἐστιν
875 2700 968 2752 καὶ
1007 2700 1135 2770 περὶ
1188 2700 1290 2771 τῆς
1343 2705 1423 2768 εἰς
1445 2706 1537 2760 τὸν
1582 2709 1817 2781 πόλεμον

236 2791 720 2861 προπαρασκευῆς,
743 2792 863 2861 ἦτοι
895 2793 1002 2864 πρὸ
1031 2796 1161 2864 μιᾶς
1181 2795 1214 2867 ἧ
1235 2795 1330 2849 δύο
1347 2799 1590 2870 ἡμερῶν,
1623 2804 1818 2858 πολλά-

236 2893 325 2940 κις
347 2876 403 2932 δὲ
430 2879 521 2931 καὶ.
554 2880 661 2951 πρὸ
682 2881 962 2948 πλειόνων,
990 2883 1067 2947 ὡς
1097 2885 1340 2954 ἀπαιτεῖ,
1384 2887 1706 2957 ὀφειλούσης
1733 2897 1816 2964 γε.

1923 1902 1978 1946 et
2021 1900 2078 1946 tu
2119 1892 2232 1946 haec
2274 1905 2577 1960 prmpares,
2620 1900 2674 1944 et
2702 1888 2909 1943 milites
2942 1887 3224 1956 recipiunt.
3270 1885 3504 1940 Maxime

1923 1992 2103 2037 autem
2145 1982 2224 2036 rei
2274 1982 2567 2051 sagittario:
2618 1990 2673 2034 et
2705 1978 3122 2048 diligentissime
3161 1976 3497 2047 providebis.

1924 2080 1984 2127 ut
2027 2072 2120 2142 qui
2164 2071 2309 2125 domi
2347 2071 2618 2127 immunes
2660 2084 2690 2123 a
2733 2068 2925 2123 militia
2975 2065 3211 2129 fuerint,
3247 2080 3410 2121 arcus
3447 2074 3507 2120 et

1922 2178 2073 2219 arma
2127 2160 2407 2230 sagittaria
2460 2166 2671 2228 parent.
2723 2157 2849 2212 Haec
2888 2157 3033 2211 enim
3081 2171 3189 2211 una
3234 2171 3324 2211 res
3365 2170 3500 2210 conv

1920 2262 2148 2324 tempta,
2181 2252 2343 2308 sicuti
2386 2266 2553 2320 supra
2591 2249 2833 2306 diximus
2890 2263 3216 2319 permagnas
3245 2248 3502 2303 universo

1923 2345 2185 2403 exercitui
2219 2343 2462 2398 Romano
2483 2341 2814 2397 offensiones
2845 2343 3047 2396 attulit.
3075 2342 3256 2411 Atque
3283 2340 3399 2395 haec
3433 2339 3501 2393 de

1924 2438 2135 2507 apiietis
2167 2437 2281 2492 sive
2306 2435 2505 2491 castris
2532 2450 2562 2488 a
2590 2434 2748 2489 nobis
2780 2433 2925 2488 dicta
2959 2434 3108 2489 sint:
3142 2442 3311 2488 restat
3341 2440 3402 2486 ut
3430 2431 3501 2485 de

1925 2528 2318 2600 praeparatione
2358 2525 2426 2581 ad
2474 2525 2705 2590 bellum,
2745 2533 2871 2579 ante
2913 2539 3083 2578 unum
3130 2532 3225 2578 aut
3265 2523 3498 2577 alterum

1924 2622 2089 2682 diem,
2118 2628 2212 2672 aut
2244 2617 2430 2686 plures
2470 2615 2657 2680 etiam,
2682 2613 3145 2683 quemadmodum
3173 2612 3499 2682 opportuni-

1923 2722 2007 2769 tas
2034 2713 2085 2766 id
2129 2710 2285 2773 feret,
2325 2708 2439 2776 jam
2474 2721 2620 2761 nunc
2649 2705 3054 2776 praecipiamus,
3087 2720 3227 2775 quas
3256 2720 3345 2759 res
3373 2719 3499 2759 sus-

1920 2805 2120 2874 cipere,
2153 2816 2184 2855 a
2216 2799 2415 2869 quibus
2444 2797 2720 2853 abstinere
2747 2798 2964 2863 debeas,
2993 2805 3047 2852 et
3076 2811 3199 2864 qua:
3228 2795 3500 2865 praefectis

1920 2899 2032 2955 tuis
2067 2896 2442 2964 militibusque
2464 2891 2826 2963 praecipienda
2856 2890 2987 2946 sint.

235 2968 442 3059 νεσθαι,
487 2971 583 3042 ἤδη
618 2989 699 3026 σοι
745 2972 1124 3048 διατάξασθαι,
1177 2977 1277 3031 ὅσα
1300 2996 1357 3031 τε
1385 2984 1561 3036 ποιεῖν
1591 2983 1794 3043 δεῖκαὶ
1831 2991 1973 3046 ὅσων
2006 2985 2332 3059 ἀπέχεσθαι,
2356 2986 2451 3040 καὶ
2478 2986 2583 3039 ὅσα
2597 2984 2707 3047 τοῖς
2756 2982 3119 3053 στρατιώταις
3184 2982 3498 3053 παραγγέλ-

234 3057 349 3117 λειν
373 3081 431 3117 σε
456 3065 663 3135 πρέπον
687 3068 854 3124 ἐστίν.

796 3164 1115 3220 ΔΙΑΤᾹΞΙΣ
1142 3167 1242 3223 ΙΒ’.

512 3251 652 3319 Περὶ
697 3257 1208 3328 προπαρασκευῆς
1245 3263 1531 3333 πολέμου.

304 3338 372 3395 α’.
409 3341 575 3395 Ὅταν
628 3343 726 3414 μὲν
750 3343 842 3398 οὖν
884 3348 1077 3418 καιρὸς
1109 3351 1351 3421 πολέμου
1388 3356 1671 3422 ἐλπίζεταξ
1702 3377 1808 3427 σοι,

234 3426 280 3487 ὦ
314 3434 604 3505 στρατηγέ,
645 3436 739 3488 καὶ
785 3436 878 3491 τὸν
905 3439 1005 3510 ἤδη
1035 3445 1528 3513 προγυμνασθέντα
1579 3453 1812 3523 στρατὸν

236 3526 585 3599 ἐπισυνάξῃς,
617 3529 780 3583 καλόν
834 3532 981 3584 ἐστιν
1014 3533 1099 3586 ἵνα
1160 3536 1235 3606 μὴ
1285 3538 1502 3594 ἅπαντα
1539 3543 1674 3611 ὁμοῦ
1733 3545 1812 3608 είς

239 3614 368 3683 μίαν
419 3618 684 3690 ἐπιτάττῃς
718 3621 1047 3691 παράταξιν,
1084 3626 1176 3678 καὶ
1212 3626 1449 3697 μάλιστα
1482 3632 1647 3687 πολὺν
1679 3634 1809 3688 ὄντα

235 3709 328 3761 καὶ
387 3709 591 3775 ἱκανὸν,
626 3712 719 3764 καὶ
742 3711 831 3766 διὰ
878 3713 973 3768 τοῦ
1005 3716 1237 3788 ἀκαίρου
1273 3719 1507 3791 πλήθους
1577 3726 1812 3798 συγχέῃς

230 3799 330 3868 τὴν
392 3801 647 3866 εὐταξίαν
670 3805 768 3874 τῆς
816 3808 1196 3876 παρατάξεως,
1231 3811 1307 3875 ὡς
1333 3813 1407 3882 μὴ
1429 3814 1687 3869 δύνασθαι
1720 3817 1809 3872 διά

231 3890 294 3942 τὸ
326 3890 556 3959 μέγεθος
583 3895 675 3948 καὶ
705 3896 910 3967 πλῆθος
931 3900 1113 3968 καλῶς
1140 3903 1426 3958 πείθεσθαι
1461 3906 1631 3978 αὐτὴν
1670 3910 1809 3981 πρὸς

233 3982 303 4033 τὰ
331 3981 683 4055 κελευόμενα,
720 3988 855 4042 ἀλλὰ
877 3991 969 4044 τὸν
1008 3994 1267 4065 περισσὸν
1299 3997 1530 4066 στρατὸν
1559 3998 1809 4072 διαμέριι

234 4086 349 4135 σον,
387 4075 481 4128 καὶ
504 4077 728 4147 ποίησον
759 4082 853 4133 καὶ
880 4082 1138 4150 δευτέραν
1178 4087 1506 4157 παράταξιν.

309 4161 373 4256 β’.
398 4164 568 4256 Ὅταν
615 4169 721 4242 γάρ
750 4170 985 4242 δημοσία
1015 4175 1184 4248 μέλλῃ
1215 4178 1596 4252 καϐαλλαρίων
1632 4184 1801 4256 μάχη,

234 4254 333 4306 καὶ
366 4255 447 4317 είς
479 4257 608 4325 μίαν
642 4262 809 4331 μόνην
836 4269 1161 4338 παραταγήν
1191 4286 1276 4333 τις
1304 4271 1395 4325 τὸν
1429 4273 1547 4327 ὅλον
1579 4254 1806 4349 στρατόν

233 4350 357 4404 κατ’
415 4350 538 4419 ὅτιιν
582 4354 691 4407 τῶν
742 4356 1011 4428 πολεμίων
1037 4363 1387 4436 παρατάσσῃ,
1430 4367 1522 4420 καὶ⁸
1558 4370 1630 4437 μὴ
1670 4372 1807 4424 ἀπο-

236 4441 412 4512 ὃλέπῃ
443 4443 578 4514 πρὸς
609 4446 857 4501 ἐναντίαν
897 4450 1088 4522 τύχην,
1137 4455 1269 4524 μηδὲ
1294 4457 1495 4528 μελετᾷ
1524 4460 1799 4531 βλέπεται,

2397 3162 2861 3225 CONSTITUTIO
2900 3164 2941 3219 Χ
2954 3163 3018 3219 ll.

2286 3262 2358 3316 De
2390 3261 2778 3331 prwparatione
2807 3258 2877 3312 ad
2910 3257 3124 3312 bellum.

1988 3359 2038 3412 1.
2066 3355 2196 3409 Belli
2224 3364 2464 3422 tempore
2487 3352 2600 3420 jam
2624 3349 2961 3412 imminente,
2987 3348 3303 3403 universum
3331 3362 3490 3403 exer-

1915 3450 2082 3505 citum
2124 3461 2290 3499 unum
2331 3445 2385 3497 in
2424 3443 2600 3496 locum
2641 3454 2804 3509 coges
2837 3456 2850 3492 :
2880 3452 2988 3492 non
3021 3447 3198 3492 tamen
3238 3439 3290 3492 in
3328 3454 3493 3494 unum

1912 3539 2082 3593 aciem
2108 3549 2299 3590 omnes
2320 3532 2510 3601 copias
2535 3540 2679 3595 tuas,
2714 3530 2761 3583 si
2796 3528 2981 3582 multae
3004 3530 3350 3599 copiosaeque
3372 3529 3490 3586 fue-

1911 3629 2041 3692 rint,
2106 3626 2367 3689 instrues,
2414 3637 2482 3677 ne
2540 3629 2761 3691 propter
2809 3620 3022 3675 numeri
3084 3620 3491 3678 multitudinem

1912 3719 2080 3775 aciem
2103 3716 2438 3788 perturbent,
2469 3724 2525 3769 et
2550 3721 2768 3783 propter
2784 3721 2994 3768 vastam
3014 3712 3134 3782 ejus
3159 3714 3490 3784 magnitudi-

1911 3825 2033 3865 nem
2056 3808 2236 3864 minus
2247 3806 2470 3862 obedire
2488 3804 2764 3874 imperatis
2782 3802 2891 3858 tuis
2910 3804 3120 3873 possint
3144 3823 3157 3858 :
3184 3803 3281 3858 sed
3302 3818 3492 3874 super-

1910 3916 2207 3958 vacaneum
2242 3913 2528 3954 numerum
2562 3895 2761 3961 divide,
2807 3905 2861 3950 et
2888 3896 3182 3953 secundam
3218 3896 3390 3952 aciem
3422 3911 3488 3951 ex

1909 4008 1974 4049 eo
1999 3993 2229 4049 instrue.

1981 4173 2036 4227 2.
2072 4170 2174 4239 Qui
2214 4171 2361 4227 enim
2392 4170 2659 4225 universis
2696 4169 2941 4240 equitum
2978 4170 3149 4240 topiis
3180 4179 3404 4241 pugnat,
3435 4182 3489 4225 et

1909 4281 2073 4320 unam
2116 4266 2171 4319 in
2206 4264 2378 4319 aciem
2417 4264 2677 4318 adversus
2721 4263 2906 4317 hostes
2936 4277 3156 4317 omnem
3185 4262 3486 4316 exercitum

1907 4356 2138 4421 confert,
2167 4372 2343 4425 neque
2387 4357 2440 4410 in
2468 4356 2728 4409 adversos
2758 4353 2883 4407 belli
2914 4361 3078 4421 atque
3108 4352 3376 4421 ancipites
3396 4366 3487 4406 ca-

1908 4465 2003 4505 sus
2036 4449 2296 4512 intuetur,
2341 4460 2517 4515 neque
2556 4454 2813 4513 procurat
2860 4443 3320 4513 quemadmodum
3360 4443 3484 4498 aliis

232 4533 403 4604 ῆγουν
451 4536 541 4589 καὶ
564 4536 631 4590 δι’
679 4538 875 4608 ἐτέρας
927 4544 1306 4611 παρατάξεως,
1366 4543 1638 4613 οὗτος,ῶς
1679 4529 1802 4622 ἐμοι

1918 4538 2097 4608 :0piis,
2139 4537 2186 4593 si
2227 4537 2354 4606 quid
2390 4535 2635 4600 accidat,
2680 4549 2920 4605 pugnare
2948 4548 3070 4588 cum
3106 4532 3261 4588 hoste
3290 4534 3482 4604 possit,

231 4624 398 4689 δοκεῖ,
429 4626 569 4696 ἀνὴρ
594 4628 819 4700 ἄπειρός
847 4631 1012 4696 ἐστιν,
1050 4634 1146 4687 καὶ
1176 4637 1472 4705 προφανῶς
1509 4640 1588 4701 εἰς
1627 4641 1807 4695 κίνδυ-

230 4732 320 4767 νον
345 4717 536 4770 ἐαυτὸν
570 4721 902 4794 ἐπιρῤίπτει.

300 4802 368 4872 γ’.
402 4806 510 4859 Καὶ
539 4806 648 4878 γάρ
677 4809 800 4879 οὐχὶ
824 4810 884 4864 τὸ
915 4810 1124 4881 πλῆθος
1154 4814 1263 4868 τῶν
1298 4817 1585 4887 σωμάτων,
1620 4822 1742 4875 οὐδὲ
1773 4823 1806 4894 ἡ

232 4893 463 4959 ἄτακτος
496 4897 790 4971 θρασύτης,
824 4901 944 4955 οὐδὲ
974 4904 1006 4974 ή
1046 4903 1189 4975 ἁπλῆ
1227 4909 1501 4979 προσϐολὴ
1530 4911 1623 4964 τὸν
1646 4893 1810 4967 πόλεὲ

231 5003 335 5058 μον
359 4990 656 5060 κρίνουσιν,
681 4993 713 5063 ἢ
748 4994 1126 5065 κατορθοῦσιν,
1157 4996 1232 5062 ὣς
1264 5016 1408 5063 τινες
1427 5002 1535 5054 τῶν
1564 5004 1805 5073 ἀπείρων

228 5079 562 5149 νομίζουσιν,
596 5084 730 5138 ἀλλά
771 5086 908 5153 μετὰ
938 5086 1070 5140 Θεὸν
1120 5089 1208 5142 διὰ
1235 5090 1431 5161 τέχνης
1468 5093 1562 5145 καὶ
1593 5112 1796 5165 φρονη-

229 5173 419 5243 μάτων
451 5179 831 5247 στρατηγικῶν
874 5179 1012 5248 μετά
1038 5182 1136 5251 τῆς
1164 5183 1473 5253 προθυμίας
1500 5186 1593 5239 τοῦ
1640 5204 1804 5258 στρα·

227 5263 322 5318 τοῦ
352 5265 711 5335 κατορθοῦται
742 5269 771 5321 ὁ
801 5270 927 5323 πόλε
939 5289 1056 5340 μσς.
1790 5328 1793 5333 .

295 5354 357 5410 δ’.
376 5356 474 5411 Διά
498 5356 600 5427 μὲν
624 5360 989 5431 φρονημάτων
1007 5363 1098 5417 καὶ
1128 5365 1424 5433 τροπαίων,
1442 5358 1553 5418 οἷον
1580 5367 1658 5431 εἰς
1676 5383 1800 5421 και-

231 5446 357 5517 ροὺς
378 5449 545 5518 ἧγουν
565 5450 799 5522 ἡμέρας,
834 5453 867 5523 ἦ
901 5456 1117 5518 νυκτὸς,
1151 5455 1185 5527 ἢ
1225 5456 1513 5526 χειμῶνος,
1542 5457 1800 5530 ἢεὺδίας,

226 5541 261 5611 ἢ
284 5540 446 5597 πάλιν
492 5545 571 5605 εἰς
618 5544 835 5610 τόπους,
858 5547 1026 5618 ἤγουν
1057 5547 1125 5600 δι’
1161 5549 1645 5619 ὲγκρυμμάτων,ἢ
1680 5566 1803 5603 στε-

225 5634 516 5700 νωμάτων,
544 5636 636 5706 καὶ
663 5635 731 5690 δι’
761 5638 1174 5710 αἱφνιδιασμοῦ,
1198 5640 1231 5712 ἢ
1262 5641 1348 5695 διὰ
1382 5639 1592 5694 πολλῶν
1624 5640 1802 5703 ἄλλων

228 5726 322 5780 καὶ
349 5725 619 5798 διαφόρων
660 5729 841 5783 τόπων
866 5731 952 5785 ἵνα
983 5734 1199 5803 άπατᾷς
1224 5732 1350 5796 τοὺς
1383 5731 1631 5804 ἐχθροὺς,
1657 5732 1799 5787 ὣστε

1907 4628 1996 4682 bic
2017 4629 2101 4682 vir
2123 4626 2255 4681 mihi
2279 4625 2494 4680 videtur
2510 4624 2805 4680 admodum
2827 4626 3114 4695 imperitus
3134 4642 3314 4681 rerum
3337 4641 3477 4691 esse,

1908 4735 1962 4776 et
1989 4722 2043 4775 in
2067 4719 2417 4774 manifestum
2443 4718 2737 4773 discrimen
2779 4720 3018 4787 seipsum
3047 4719 3339 4789 conjicere.

1982 4814 2037 4867 3.
2064 4810 2252 4882 Neque
2284 4811 2430 4865 enim
2469 4824 2697 4864 numero
2724 4810 3028 4874 hominum,
3065 4826 3240 4881 neque
3274 4810 3482 4880 impor-

1913 4912 2043 4957 tuna
2082 4902 2343 4964 audacia,
2381 4916 2556 4971 neque
2590 4901 2706 4956 sola
2745 4899 3148 4956 conﬂictatione
3188 4901 3302 4969 ipsa
3343 4900 3481 4957 bella

1914 4994 2297 5059 coniiciuntur,
2328 4994 2439 5054 fsed
2478 4993 2774 5048 secundum
2818 4992 3149 5045 voluntatem
3192 4990 3324 5055 Dei,
3368 5001 3485 5045 arte

1913 5086 2108 5144 bellica
2137 5096 2192 5141 et
2221 5086 2587 5157 imperatoriis
2613 5084 2785 5149 factis,
2810 5092 2861 5138 et
2881 5083 3128 5138 consiliis
3148 5085 3281 5138 bene
3307 5084 3480 5139 admi-

1911 5179 2194 5242 nistratis,
2235 5193 2358 5233 cum
2404 5177 2636 5247 quadam
2675 5174 2947 5229 exercitus
2990 5174 3305 5241 alacritate,
3345 5176 3481 5229 bella

1910 5284 2172 5339 prospere
2210 5267 2505 5324 succedere
2538 5268 2735 5321 solent.

1980 5362 2036 5416 4.
2067 5360 2358 5417 Prudentia
2381 5366 2562 5414 autem
2589 5373 2652 5413 ac
2687 5358 2933 5415 moribus
2956 5358 3072 5414 haec
3102 5358 3260 5424 ﬁunt,
3293 5369 3474 5415 tamen

1908 5468 2007 5525 pro
2036 5453 2245 5513 ratione
2283 5450 2561 5516 temporis,
2600 5458 2660 5504 ut
2687 5450 2817 5515 diei,
2854 5451 3052 5517 noctis,
3087 5452 3306 5518 hiemis,
3333 5466 3480 5507 sere-

1910 5547 2136 5602 nitatis:
2168 5545 2252 5600 vel
2288 5559 2386 5613 pro
2417 5545 2659 5599 locorum
2695 5543 2822 5607 situ,
2854 5551 2914 5598 ut
2939 5543 3280 5607 insidiarum,
3303 5559 3478 5616 angu~

1911 5638 2173 5703 stiarum,
2212 5635 2515 5691 subitarum
2566 5634 2942 5691 incursionunt
2979 5652 2993 5690 :
3035 5635 3117 5690 vel
3145 5651 3253 5707 pro
3293 5650 3477 5690 rerum

1910 5732 2140 5787 aliarum
2185 5729 2479 5785 multarum
2520 5728 2730 5786 ratione
2759 5737 3081 5786 occurratur
3112 5727 3383 5796 hostibus,
3419 5735 3480 5784 ut
