4074 6222
554 190 659 279 sev
1826 214 2103 275 LEONIS
2148 218 2608 286 rmmsorm
3718 223 3852 287 eos

552 335 752 398 prteter
790 336 1079 376 commune
1112 327 1165 373 et
1191 319 1467 390 publicum
1495 319 1716 384 bellum,
1740 322 1843 376 alia
1870 323 1935 377 ad
1966 324 2138 379 victo.

2242 333 2410 401 χωρὶς
2437 334 2701 405 δημοσίου
2744 333 2980 404 πολέμου
3006 333 3349 404 κατορθῶσαι
3381 330 3478 404 τὴν
3508 332 3661 403 νίκην
3700 330 3848 388 κατ’

557 421 693 472 riam
722 414 1157 484 consequendam
1196 412 1472 465 instituas.
1515 410 1626 466 llue
1660 414 1805 468 enim
1838 415 2130 470 admodum

2242 429 2433 484 αὐτῶν.
2497 427 2668 481 Τοῦτο
2719 427 2829 498 γάρ
2876 427 2991 479 ἐστι
3047 427 3141 478 καὶ
3188 428 3478 496 σωτήριον,
3539 426 3633 479 καὶ
3676 427 3842 481 πάνυ

546 513 796 591 salutare
830 522 891 560 ac
935 505 1304 559 necessarium
1344 514 1448 570 est,
1486 512 1545 558 ut
1587 505 1968 577 intelligentia,
2000 522 2129 576 pru-

2242 522 2565 590 ἀναγκαῖον,
2616 521 2703 573 ἵνα
2753 517 2841 572 διὰ
2887 521 2987 589 τῆς
3028 518 3129 585 σῆς
3167 517 3441 575 συνέσεως
3478 518 3574 570 καὶ
3612 520 3840 590 φρονὴ..

555 604 761 660 (lentia.
791 599 1165 669 magnitudine
1190 596 1379 663 animi,
1404 606 1521 652 arte
1542 598 1763 654 militari
1792 599 1981 655 hostes
2008 608 2133 656 tuos

2242 596 2396 677 σεως,
2465 612 2558 666 καὶ
2625 609 2876 681 ἀνδρείας
2929 610 3024 662 καὶ
3084 612 3283 679 τέχνης
3329 612 3486 680 νικᾷς
3543 610 3674 674 τοὺς
3734 612 3840 681 εχ-

555 707 798 757 superes.
2234 705 2423 776 θροῦς,

625 781 679 833 5.
708 781 885 848 Atque
916 780 1028 833 ltzec
1051 778 1269 849 quidem
1298 781 1579 849 prudentia
1605 781 1871 852 factisque
1898 783 2133 853 impera-

2306 797 2369 852 ε’.
2399 796 2511 850 Kal
2556 793 2732 850 ταῦτα
2779 794 2879 866 μὲν
2918 794 3009 848 διά
3038 793 3147 848 τῶν
3193 794 3564 865 φρονημάτων
3592 796 3690 851 καὶ
3710 796 3833 851 τῶν

556 869 713 925 toriis
746 869 1053 939 praestabis.
1092 868 1340 925 Scienter
1367 884 1549 928 autem
1577 872 1779 927 bellum
1806 890 1983 943 geres,
2015 874 2134 929 idoo

2242 888 2738 961 στρατηγημάτων.
2764 886 2864 940 Διὰ
2889 886 2951 941 δὲ
2972 887 3069 958 τῆς
3106 887 3416 957 ἐπιστήμης
3448 887 3833 958 κατορθώσεις

554 974 652 1014 nea
680 974 806 1015 cum
846 960 965 1013 acie
991 958 1293 1013 exercitum
1319 960 1469 1015 varie
1495 974 1560 1015 ac
1604 968 1719 1016 tuto
1759 960 2012 1016 diviseris
2040 970 2135 1016 aut

2242 958 2326 1038 τὸν
2380 958 2637 1055 πύλεήμον,
2666 986 2762 1039 ἐὰν
2804 985 2944 1054 μετὰ
2976 983 3185 1048 τάξεως
3208 983 3311 1054 τῆς
3337 983 3659 1056 πρεπούσης
3707 985 3831 1039 Gra-

554 1050 931 1122 conjunxeris,
964 1068 1027 1107 ac
1050 1053 1241 1107 ordine
1269 1053 1504 1123 quodam
1531 1053 1755 1109 militari
1785 1054 1887 1109 hoc
1915 1054 2130 1121 feceris,

2242 1050 2561 1151 μερίσῃς,ἢ
2602 1050 2847 1151 άυνάψῄς
2897 1076 2990 1130 τὸν
3055 1050 3288 1148 στρατὸν
3334 1050 3733 1143 ποικίλωςκαὶ
3762 1080 3826 1133 ἀ-

556 1154 720 1216 atque
744 1145 798 1199 in
821 1144 1003 1200 hostes
1042 1144 1330 1200 invaseris.

2242 1144 2479 1239 ὲφὰλεὶξ,
2535 1144 2630 1225 καὶ
2659 1144 2983 1244 παρατάξεις
3016 1144 3155 1240 μετά
3186 1169 3442 1235 εὐταξίας
3490 1171 3824 1241 πολεμικῆς,

2236 1262 2332 1316 καὶ
2378 1262 2549 1326 οὕτως
2606 1263 2707 1327 τὰς
2762 1263 2873 1317 τῶν
2942 1264 3221 1334 πολεμίων
3271 1264 3618 1335 ὲγχειρήσεις
3663 1266 3829 1335 trod}-

624 1434 679 1489 6.
718 1432 903 1503 Neque
936 1447 1066 1487 vero
1099 1433 1335 1503 teipsum
1366 1433 1542 1488 solum
1574 1432 1647 1487 ab
1694 1433 1929 1488 hostium
1968 1432 2135 1498 dolis,

557 1525 1000 1591 incursionibus,
1055 1524 1301 1580 consiliis
1355 1531 1531 1578 tutum
1596 1522 1987 1588 conservabis,
2040 1520 2136 1577 sed

554 1619 723 1673 etiam
767 1617 980 1687 aliquas
1018 1616 1281 1672 adversus
1316 1630 1414 1672 eos
1452 1613 1890 1669 machinationes
1930 1627 2133 1669 serves.

2239 1370 2374 1406 σεις.

2312 1371 2322 1405 ι
2361 1391 2374 1406 .

2312 1370 2387 1510 si.
2441 1445 2552 1501 Kal
2584 1445 2658 1517 μὴ
2685 1445 2845 1517 μόνον
2876 1445 3123 1517 φυλάξῃς
3154 1444 3385 1499 σεαυτὸν
3412 1445 3520 1500 ἀπὸ
3550 1446 3662 1500 τῶν
3695 1447 3825 1502 ἑπι-

2236 1538 2596 1608 τηδευμάτων
2654 1539 2821 1610 ἦγουν
2853 1540 3221 1609 φρονημάτων
3249 1537 3358 1591 τῶν
3409 1536 3671 1593 ἐναντίων
3702 1555 3824 1604 σου,

2241 1628 2357 1685 ἀλλ’
2406 1630 2495 1685 ῐνα
2542 1630 2743 1701 μᾶλλον
2788 1632 2881 1684 καὶ
2918 1633 2980 1685 σὺ
3012 1633 3131 1685 κατ’
3170 1630 3350 1684 αὐτῶν
3375 1628 3707 1705 ἐπιτηδεύῃς
3734 1634 3832 1685 καὶ

559 1708 713 1763 [inde
735 1718 788 1763 ct
815 1708 1053 1778 majores
1074 1707 1250 1763 nostri
1274 1708 1377 1763 hoc
1402 1706 1560 1777 quasi
1597 1705 1727 1761 utile
1749 1704 2136 1769 observabant,

2243 1700 2663 1794 ἀντιστρατεύῃ,
2697 1723 2860 1776 Ὅθεν
2894 1723 2988 1777 καὶ
3018 1724 3066 1776 οἱ
3091 1721 3315 1776 παλαιοὶ
3338 1700 3829 1793 στρατηγοὶ-τοῦτο

556 1815 754 1871 nempe
793 1801 1001 1856 ordinis
1033 1800 1524 1856 conservationem.
1566 1798 1643 1853 Ac
1678 1796 1800 1852 ideo
1832 1796 2133 1852 exercitum

558 1894 610 1945 in
659 1900 901 1954 turmas.
953 1894 1230 1963 drungos,
1278 1892 1333 1947 id
1379 1899 1491 1955 est,
1523 1889 1778 1946 cohortes
1828 1888 2133 1953 milliarias,

556 1992 795 2057 tagmata
835 1986 948 2041 sive
971 1985 1244 2051 cohortes,
1297 1983 1598 2049 centurias,
1642 1982 2027 2047 contubernia,
2071 1994 2136 2037 ac

556 2078 796 2148 reliquas
838 2076 1022 2148 partes
1058 2078 1125 2133 ad
1172 2092 1334 2134 usum
1378 2076 1631 2133 bellicum
1668 2073 1891 2129 idoneas
1932 2071 2134 2144 partie-

555 2166 756 2221 bantur
790 2174 954 2238 atque
989 2156 1361 2222 instruebant.

625 2256 677 2313 7.
713 2256 899 2329 Neque
928 2259 1075 2313 enim
1105 2273 1205 2329 par
1232 2266 1315 2313 est
1338 2258 1390 2313 in
1417 2272 1582 2313 unam
1611 2257 1788 2313 solum
1823 2254 1996 2311 aciem
2018 2268 2135 2308 om-

553 2366 652 2407 nes
678 2351 866 2422 copias
891 2351 1165 2418 conferre,
1199 2366 1375 2423 neque
1400 2353 1455 2408 in
1484 2366 1598 2408 uno
1638 2358 1913 2407 momento
1933 2347 2134 2417 dijudi-

554 2444 828 2500 cationem
859 2452 914 2499 et
959 2444 1497 2502 administrationem
1524 2452 1691 2500 tantae
1719 2442 1963 2515 equitum
1994 2440 2135 2495 mul-

553 2534 806 2590 titudinis
863 2548 1103 2606 ponere,
1160 2535 1463 2605 praesertim
1522 2550 1647 2590 cum
1696 2535 1793 2589 tibi
1840 2544 2134 2603 permagna

554 2627 790 2683 militum
832 2628 1122 2683 multitudo
1165 2625 1422 2684 adfuerit.
1465 2625 1523 2681 Si
1558 2636 1738 2682 autem
1775 2624 2134 2697 quemadmo-

554 2720 685 2776 dum
714 2736 849 2777 usus
876 2720 1062 2788 fuerit,
1092 2728 1148 2776 et
1173 2720 1269 2775 tibi
1297 2718 1805 2775 commodissimum
1839 2715 2131 2781 videbitur,

554 2811 856 2868 exercitum
904 2812 1251 2878 instruxeris,
1282 2826 1373 2867 res
1406 2812 1587 2867 varias
1617 2824 1681 2865 ac
1715 2810 1965 2865 diversas
1995 2808 2134 2863 bene

555 2903 988 2961 adinlnistrabis.

627 3089 680 3144 8.
712 3088 912 3144 Multos
937 3099 1118 3143 autem
1147 3099 1201 3145 et
1223 3088 1406 3143 varios
1429 3087 1684 3143 adversos
1705 3100 1867 3141 casus
1888 3082 2135 3139 videmus

556 3179 893 3250 contingere,
925 3177 1146 3249 quando
1175 3176 1228 3231 in
1256 3190 1421 3233 unam
1443 3176 1617 3231 aciem
1641 3175 1933 3231 universas
1949 3173 2136 3243 copias

555 3272 682 3342 quis
706 3270 870 3338 cogit,
900 3268 955 3323 in
981 3268 1174 3340 primis
1215 3275 1398 3323 autem
1428 3282 1526 3323 eos
1556 3266 1650 3337 qui
1687 3263 1986 3329 contraria,
2021 3261 2139 3318 sive

556 3364 747 3421 hastas
772 3371 967 3434 gerunt
992 3382 1004 3419 :
1031 3376 1156 3417 nam
1179 3376 1305 3418 cum
1333 3360 1525 3433 ingens
1549 3373 1810 3415 numerus
1831 3356 1904 3413 sit
1923 3368 2136 3421 eorum,

555 3459 651 3529 qui
703 3457 758 3513 in
803 3457 1045 3513 exercitu
1097 3466 1247 3520 sunt,
1286 3469 1544 3526 magnum
1586 3450 1937 3509 intervallum
1976 3446 2138 3519 spatii

556 3551 926 3623 occupabunt.

625 3641 679 3697 9.
722 3641 925 3697 Deinde
966 3655 1090 3696 cum
1136 3640 1303 3695 multa
1347 3648 1638 3694 occurrant
1678 3633 1965 3707 ittzequalia
1996 3632 2137 3697 loca,

557 3733 881 3803 ianualem
940 3747 1161 3804 quoque
1234 3741 1290 3786 et
1351 3731 1497 3786 haud
1555 3730 1885 3801 morigeram
1941 3726 2137 3787 aciem.

559 3834 754 3893 nempe
775 3832 987 3876 vastam
1017 3837 1137 3878 esse
1163 3830 1398 3891 oportet,
1438 3828 1730 3890 partesque
1758 3818 1880 3889 ejus
1913 3815 2140 3871 minime

560 3916 702 3969 inter
728 3930 787 3970 se
829 3915 1146 3983 conspirare
1180 3921 1345 3982 atque
1386 3914 1522 3967 adeo
1558 3920 1684 3967 ante
1712 3926 1948 3982 pugnam
1985 3908 2141 3963 ince-

557 4016 729 4078 ptam,
758 4006 1126 4077 perturbatam
1158 4014 1211 4059 et
1245 4003 1611 4073 dissipabilem
1637 4003 1997 4058 inveniemus.

639 4182 720 4239 to.
764 4180 923 4249 Quod
955 4182 1002 4238 si
1037 4181 1289 4239 hostibus
1324 4182 1431 4239 hoc
1457 4182 1764 4253 contingat,
1801 4188 1862 4237 ut
1901 4180 2140 4253 longitu-

559 4278 741 4332 dinem
771 4276 909 4332 aciei
932 4286 1137 4333 nostrs:
1166 4286 1448 4348 superent,
1476 4276 1530 4333 id
1559 4286 1665 4344 est,
1693 4276 1759 4332 ad
1781 4290 1880 4334 nos
1902 4276 2142 4332 circum-

2246 1817 2636 1889 παρετὴρησαν
2664 1816 2741 1879 ὡς
2760 1816 3051 1887 χρήσιμον,
3088 1816 3257 1884 ἤγουν
3289 1815 3388 1886 τὴν
3414 1814 3691 1882 εὐταξίαν.
3717 1814 3831 1869 Καὶ

2234 1908 2324 1964 διὰ
2348 1907 2505 1963 τοῦτο
2548 1910 2629 1972 είς
2661 1907 2907 1979 τούρμας
2961 1908 3055 1961 καὶ
3082 1906 3383 1978 δρούγγους
3442 1907 3537 1959 καὶ
3574 1905 3831 1977 κόμητας

2235 2000 2330 2056 καὶ
2357 2001 2691 2070 πεντάρχους
2743 2001 2837 2054 καὶ
2869 2001 2949 2063 είς
2979 2000 3113 2054 ἀλλα
3145 2000 3286 2070 μέρη
3317 1998 3456 2070 πρὸς
3479 1998 3577 2069 τὴν
3635 1998 3830 2068 χρείαν

2235 2094 2336 2165 τὴν
2358 2111 2641 2166 παρουσαν
2666 2094 2757 2147 τὸν
2809 2092 2930 2147 ὅλον
2952 2090 3183 2162 στρατὸν
3213 2090 3300 2143 δια
3309 2106 3373 2161 με
3382 2088 3632 2161 ρίσαντες
3654 2086 3830 2151 οὕτως

2237 2186 2666 2257 παρετάσσοντο.

2308 2276 2374 2342 ζ’.
2404 2276 2480 2330 Οὐ
2518 2275 2627 2347 γάρ
2675 2275 2886 2345 πρέπον
2944 2275 3091 2328 ἐστὶν
3121 2274 3199 2337 είς
3239 2273 3370 2343 μέαν
3421 2271 3590 2344 μόνην
3638 2273 3828 2343 παρά-

2236 2370 2388 2434 ταξιν
2426 2369 2714 2423 ἐκτάσσειν
2772 2367 2863 2422 τὸν
2898 2369 3127 2439 στρατὸν
3152 2366 3247 2420 καὶ
3269 2366 3326 2420 ἐν
3359 2367 3457 2437 μιᾷ
3509 2366 3647 2437 μόνῃ
3682 2366 3827 2437 ῥοπῇ

2237 2460 2420 2530 κρίσιν
2440 2460 2531 2514 καὶ
2559 2459 2826 2530 διοίκησιν
2854 2457 3126 2513 τοσούτων
3150 2457 3405 2529 χιλιάδων
3440 2456 3827 2528 καόαλλαρίων

2237 2551 2537 2617 πιστεύειν,
2568 2550 2705 2606 ἀλλὰ
2752 2552 2849 2605 καὶ
2884 2549 3146 2621 δευτέραν
3194 2550 3459 2614 πολλάκις
3499 2549 3591 2604 καὶ
3633 2548 3827 2619 τρίτην

2236 2642 2541 2715 παράταξιν
2602 2643 2723 2696 κατ’
2759 2639 2983 2695 ὄπισθεν
3035 2642 3286 2713 διαιρεῖν,
3356 2641 3453 2694 καὶ
3522 2640 3692 2702 οὕτως
3725 2638 3829 2701 τὰς

2236 2735 2418 2802 τάξεις
2454 2735 2625 2788 ποιεῖν
2656 2733 2891 2805 μάλιστα
2918 2733 3046 2787 ὅταν
3070 2733 3152 2786 σοί
3176 2734 3345 2796 ἐστιν,
3365 2731 3549 2790 καθὼς
3580 2731 3827 2803 εἴρηται,

2236 2826 2441 2897 πλῆθος
2489 2826 2768 2897 στρατιᾶς.
2812 2825 2920 2880 Kal
2965 2825 3072 2896 γὰρ
3106 2824 3282 2889 οὕτως
3318 2825 3509 2889 ποιῶν,
3542 2824 3617 2887 ὡς
3638 2824 3704 2881 ἄν
3741 2840 3827 2876 σοι

2237 2919 2366 2991 δόξῃ
2415 2919 2510 2973 καὶ
2534 2919 2867 2991 ἀπαιτήσῃή
2905 2918 3088 2990 χρεία,
3124 2916 3384 2983 ποικίλως
3418 2918 3514 2971 καὶ
3546 2915 3826 2987 διαφόρως

2238 3010 2336 3075 τὰς
2369 3010 2713 3081 ὲγχειρήσεις
2739 3010 3005 3080 ποιήσεις,

2307 3096 2376 3170 η’.
2405 3099 2585 3154 Πολλὰ
2638 3100 2735 3170 γὰρ
2773 3099 2994 3153 ἐναντία
3023 3097 3351 3169 λογιζόμεθα
3382 3098 3649 3167 γίνεσθαι,
3696 3100 3829 3152 ὅταν

2239 3192 2320 3253 είς
2355 3189 2483 3260 μίαν
2513 3188 2821 3259 παράταξιν
2843 3190 2935 3244 τὸν
2978 3189 3100 3244 ὅλον
3142 3189 3375 3260 στρατόν
3408 3206 3491 3254 τις
3517 3190 3827 3262 συναγάγῃ.

2241 3283 2341 3337 καὶ
2377 3282 2497 3336 κατ’
2514 3281 2793 3351 ἐξαίρετον
2827 3282 2954 3346 τούς
2975 3281 3239 3353 κοντάρια
3254 3276 3507 3352 ἔχοντας·
3539 3280 3824 3351 ωμόαίνει

2240 3372 2348 3445 γάρ
2376 3372 2612 3444 πλήθους
2645 3371 2798 3433 ὄντος
2826 3372 3084 3443 στρατοῦ,
3124 3372 3218 3424 καὶ
3255 3373 3336 3435 είς
3373 3371 3505 3426 πολύ
3548 3370 3825 3441 διάστημα

2241 3464 2298 3530 ἐξ
2329 3463 2569 3533 ἀνάγκης
2592 3461 2990 3532 ὲκτεινομένου.

2311 3642 2376 3696 θ’.
2429 3634 2563 3696 Εἶτα
2621 3641 2716 3694 καὶ
2769 3639 3078 3711 ἀνωμάλων
3134 3636 3316 3693 τόπων
3391 3638 3822 3701 ὑποπιπτόντων,

2242 3733 2427 3788 άνισον
2458 3729 2812 3801 εὑρίσκεσθαι
2860 3729 2954 3783 καὶ
3002 3728 3202 3798 ἀπειθῆ
3256 3728 3354 3800 τὴν
3394 3727 3720 3798 παράταξιν,
3750 3726 3829 3789 ὡς

2246 3822 2463 3896 μακρὰν
2495 3817 2681 3887 οὖσαν,
2733 3820 2828 3875 καὶ
2870 3820 2944 3892 μὴ
2996 3821 3307 3891 συμερωνεῖν
3338 3819 3588 3891 ἀλλήλοις
3624 3818 3690 3872 τά
3728 3818 3827 3888 μὲ-

2245 3934 2314 3989 ρη
2348 3916 2542 3987 αὐτῆς.
2570 3915 2666 3970 καὶ
2703 3914 2793 3968 διὰ
2822 3913 2981 3967 τοῦτο
3014 3914 3109 3965 καὶ
3153 3911 3262 3981 πρὸ
3288 3913 3389 3980 τῆς
3436 3911 3714 3981 συμϐολῆς
3742 3910 3828 3964 διὰ

2242 4008 2341 4080 τὴν
2374 4006 2601 4072 ἀταξίαν
2659 4004 2971 4059 εὐδιάλυτον
3000 4004 3170 4075 αὐτὴν
3216 4008 3311 4056 καὶ
3355 3999 3712 4073 πεφυρμένην
3749 4000 3829 4068 γί-

2245 4099 2531 4245 visast“
2583 4188 2681 4243 ἐάν
2728 4203 2861 4242 ποτε
2892 4186 3075 4258 συμῦῇ
3123 4186 3237 4249 τοῖς
3276 4183 3561 4254 πολεμίοις
3592 4181 3627 4254 ἢ
3660 4181 3827 4251 ὓπερ-

2244 4282 2537 4352 εκταθῆναι
2592 4280 2739 4334 κατά
2793 4279 2853 4332 τὸ
2885 4278 3135 4347 πλάγιον,
3191 4279 3383 4349 ἡγουν,
3415 4276 3509 4329 ιπὶ
3535 4275 3707 4345 κέρας
3734 4275 3826 4326 ἑπ-

561 4369 863 4425 eludendos
905 4369 1090 4424 subito
1130 4369 1197 4424 ad
1242 4382 1414 4425 cornu
1452 4368 1697 4435 irruant,
1733 4368 1883 4424 acies
1909 4366 2138 4439 reliqua,

2247 4373 2481 4442 εξελθεϊν
2540 4371 2675 4440 πρὸς
2734 4368 3005 4423 κύκλωσιν
3038 4367 3342 4437 αἰφνιδίως,
3391 4363 3579 4418 λοιπὸν
3631 4362 3667 4433 ἡ
3730 4376 3829 4413 πα-

561 4477 684 4532 quae
736 4474 769 4517 ι
802 4471 956 4533 tergo
1014 4471 1065 4519 et
1111 4461 1377 4517 lateribus
1419 4470 1503 4517 est
1551 4460 1808 4532 praesidio
1861 4461 2140 4525 destituta,

565 4554 783 4609 nemine
808 4555 919 4623 jam
961 4553 1132 4609 aciem
1159 4552 1499 4619 sublevante,
1535 4553 1848 4609 necessario
1879 4553 1944 4608 ad
1978 4554 2145 4608 inter-

564 4647 847 4703 necionem
879 4648 1044 4702 venit.

637 4832 725 4886 ll.
761 4828 960 4886 Proelia
989 4828 1103 4899 jam
1135 4828 1454 4894 commisso,
1492 4839 1711 4900 propter
1750 4831 2145 4903 longitudinem

566 4924 702 4981 aciei
742 4923 993 4978 videmus
1032 4935 1175 4992 saepe
1212 4921 1442 4977 comites
1473 4936 1600 4977 cum
1646 4922 1762 4979 suis
1792 4923 1988 4979 bandis
2032 4925 2148 4980 sive

565 5013 889 5070 cohortibus
916 5011 1088 5069 aciem
1121 5011 1332 5067 occulte
1360 5009 1614 5067 deserere
1632 5028 1653 5067 ι
1682 5027 1805 5082 quae
1822 5026 1913 5069 res
1937 5013 2149 5069 caeteris

566 5105 821 5160 omnibus
863 5104 1207 5160 occasionem
1250 5103 1410 5158 amart
1453 5104 1831 5160 miserabiliter
1884 5101 2146 5176 fugiendi.

569 5196 757 5254 Versis
792 5196 937 5251 enim
986 5197 1041 5252 in
1091 5196 1274 5267 fugam
1320 5195 1455 5260 illis,
1497 5197 1645 5251 nulla
1686 5196 2024 5253 intermissio
2062 5196 2146 5252 fu-

569 5291 768 5363 giendi,
804 5290 951 5344 nulla
983 5303 1108 5359 spes
1145 5289 1437 5345 revocandi
1468 5298 1567 5346 est.
1598 5289 1770 5346 Nemo
1806 5292 1953 5346 enim
1985 5304 2082 5346 eos
2118 5305 2147 5346 a

568 5380 831 5453 fugiendo
856 5380 1136 5451 repellere,
1156 5390 1251 5435 aut
1274 5380 1341 5435 ad
1364 5382 1657 5438 stationem
1684 5382 1949 5439 reducere
1974 5390 2152 5453 potest

568 5475 679 5543 jam
715 5474 785 5529 ad
808 5471 991 5543 fugam
1021 5472 1295 5529 incitatos.

646 5650 729 5705 l2.
773 5649 831 5705 Si
876 5664 1007 5705 vero
1047 5650 1277 5708 feliciter
1317 5670 1376 5711 se
1430 5654 1629 5712 bellum
1669 5670 1919 5729 gesturos
1959 5670 2150 5731 putant

2250 4466 2470 4539 ράταξις
2512 4466 2601 4519 διά
2644 4479 2704 4515 τε
2751 4478 2858 4515 των
2905 4458 3080 4515 ὀπίσω
3107 4459 3202 4512 καὶ
3230 4459 3340 4512 τῶν
3386 4454 3634 4524 πλαγίων
3663 4450 3830 4518 αὐτῆς

2246 4558 2529 4631 ἀποροῦσα
2574 4555 2848 4627 βοηθείας,
2906 4552 3001 4605 καὶ
3058 4551 3285 4623 μηδενὸς
3333 4549 3673 4618 ὑπάρχοντος
3736 4539 3829 4595 τοῦ

2248 4648 2675 4721 συνηγοροῦντος
2703 4644 2892 4714 αὐτὴν,
2950 4642 3010 4707 ἐξ
3048 4643 3291 4714 ἀνάγκης
3324 4640 3460 4713 πρὸς
3491 4638 3703 4693 τελείαν
3735 4652 3831 4704 φυ-

2248 4743 2351 4815 γὴν
2376 4741 2629 4812 ὁρμήσει.

2324 4841 2411 4890 ια’.
2459 4832 2620 4887 Ἀλλά
2669 4832 2763 4887 καὶ
2822 4832 2880 4884 ὲν
2932 4828 3070 4900 αὐτῇ
3123 4829 3189 4898 τῇ
3233 4825 3330 4879 τοῦ
3394 4823 3637 4895 πολέμου
3695 4839 3835 4893 συμ-

2248 4929 2378 4999 ϐολῇ
2403 4969 2418 4993 ,
2475 4927 2562 4981 διὰ
2617 4924 2679 4978 τδ
2742 4915 2918 4995 μῆκος
2962 4924 3063 4992 τῆς
3114 4917 3479 4989 παρατάξεως
3521 4914 3836 4969 ἐπιϐλέπειν

2250 5020 2511 5082 πολλάκις
2547 5016 2693 5079 τίνες
2722 5015 2831 5070 τῶν
2860 5013 3159 5083 ταγμάτων
3212 5012 3350 5082 μετά
3380 5009 3474 5063 καὶ
3501 5006 3610 5059 τῶν
3636 5005 3837 5077 βάνδων

2249 5112 2473 5184 ἀφανῶς
2526 5106 2912 5164 λιωτακτοῦσι
2946 5122 2960 5138 ο
3008 5105 3103 5159 καὶ
3154 5103 3366 5173 γίνεται
3426 5100 3521 5155 καὶ
3567 5100 3703 5154 πᾶσι
3731 5100 3840 5161 τοῖς

2250 5200 2456 5263 λοιποῖς
2481 5197 2880 5268 ἀναχωρήσεως
2917 5196 3212 5265 πρόφασις.
3258 5191 3369 5245 Kal
3404 5192 3638 5262 πρᾶγμα
3670 5189 3840 5243 ἐλεει-

2250 5294 2342 5348 νὸν
2368 5290 2719 5364 τρεπομένων
2763 5287 2965 5352 αὐτῶν,
3015 5287 3138 5342 οὐδὲ
3191 5286 3443 5357 ἀνακοπὴ
3490 5285 3591 5355 τῆς
3637 5286 3838 5355 φυγῆς,

2252 5382 2375 5437 οὐδὲ
2404 5379 2719 5452 ὑποστροφὴ
2738 5378 2965 5448 οὐδεμία
2989 5377 3223 5445 γίνεταιο
3258 5376 3438 5439 οὐδεὶς
3463 5376 3573 5447 γὰρ
3606 5374 3839 5443 ἀναφαί-

2252 5490 2401 5532 νεται
2430 5476 2459 5529 ὁ
2492 5474 2703 5545 μέλλων
2732 5472 3121 5528 ἀνακαλεῖσθαι
3168 5470 3199 5542 ἣ
3235 5472 3586 5538 ἑπισυνάγειν
3642 5472 3839 5531 αὐτοὺς

2254 5572 2338 5635 είς
2367 5567 2597 5644 τροτὴν,
2627 5566 2709 5631 ὡς
2731 5566 2968 5638 εῐρηται,
3001 5568 3094 5621 καὶ
3126 5566 3305 5638 φυγὴν
3324 5565 3703 5637 ὁρμήσαντας.

2327 5660 2412 5732 ιβ’.
2460 5656 2587 5715 Ἐὰν
2638 5659 2696 5715 δὲ
2754 5659 2894 5730 τάχα
2924 5660 3019 5713 καὶ
3046 5657 3359 5731 νομίσουσιν
3392 5658 3531 5729 μετά
3560 5658 3842 5731 immixta:
