  <div class='ocr_page' id='page_1' title='image "/cluster/home/n/w/nwhite01/storage/ocr_20150623/107/hvd.32044073502338/448.png"; bbox 0 0 4074 6222; ppageno 0'>
   <div class='ocr_carea' id='block_1_1' title="bbox 263 365 369 430">
    <p class='ocr_par' dir='ltr' id='par_1_1' title="bbox 263 365 369 430">
     <span class='ocr_line' id='line_1_1' title="bbox 263 365 369 430; baseline 0.038 -3"><span class='ocrx_word' id='word_1_1' title='bbox 263 365 369 430; x_wconf 83' lang='grc'>809</span> 
     </span>
    </p>
   </div>
   <div class='ocr_carea' id='block_1_2' title="bbox 1353 363 2478 428">
    <p class='ocr_par' dir='ltr' id='par_1_2' title="bbox 1353 363 2478 428">
     <span class='ocr_line' id='line_1_2' title="bbox 1353 363 2478 428; baseline -0.004 -2"><span class='ocrx_word' id='word_1_2' title='bbox 1353 365 1692 428; x_wconf 81' lang='lat' dir='ltr'>TACTICA.</span> <span class='ocrx_word' id='word_1_3' title='bbox 1722 388 1791 404; x_wconf 57' lang='grc'><strong>⁸-</strong></span> <span class='ocrx_word' id='word_1_4' title='bbox 1829 363 2335 426; x_wconf 78' lang='lat' dir='ltr'>CONSTITUTIO</span> <span class='ocrx_word' id='word_1_5' title='bbox 2373 364 2478 424; x_wconf 82' lang='lat' dir='ltr'>XI.</span> 
     </span>
    </p>
   </div>
   <div class='ocr_carea' id='block_1_3' title="bbox 3414 360 3518 426">
    <p class='ocr_par' dir='ltr' id='par_1_3' title="bbox 3414 360 3518 426">
     <span class='ocr_line' id='line_1_3' title="bbox 3414 360 3518 426; baseline 0.058 -6"><span class='ocrx_word' id='word_1_6' title='bbox 3414 360 3518 426; x_wconf 79' lang='grc' dir='ltr'>8ίο</span> 
     </span>
    </p>
   </div>
   <div class='ocr_carea' id='block_1_4' title="bbox 263 473 1856 548">
    <p class='ocr_par' dir='ltr' id='par_1_4' title="bbox 263 473 1838 548">
     <span class='ocr_line' id='line_1_4' title="bbox 263 473 1838 548; baseline -0.006 -12"><span class='ocrx_word' id='word_1_7' title='bbox 263 481 354 536; x_wconf 66' lang='grc' dir='ltr'>τὸν</span> <span class='ocrx_word' id='word_1_8' title='bbox 374 475 608 548; x_wconf 83' lang='grc' dir='ltr'>πόλεμον</span> <span class='ocrx_word' id='word_1_9' title='bbox 632 476 802 530; x_wconf 78' lang='grc' dir='ltr'>ποιεῖν</span> <span class='ocrx_word' id='word_1_10' title='bbox 834 476 881 528; x_wconf 79' lang='lat' dir='ltr'>oi</span> <span class='ocrx_word' id='word_1_11' title='bbox 897 475 976 540; x_wconf 80' lang='grc' dir='ltr'>είς</span> <span class='ocrx_word' id='word_1_12' title='bbox 1008 473 1138 546; x_wconf 92' lang='grc' dir='ltr'>μίαν</span> <span class='ocrx_word' id='word_1_13' title='bbox 1166 474 1468 546; x_wconf 79' lang='grc' dir='ltr'>παράταξιν</span> <span class='ocrx_word' id='word_1_14' title='bbox 1493 474 1838 544; x_wconf 74' lang='grc' dir='ltr'>τασσόμενοι,</span> 
     </span>
    </p>
   </div>
   <div class='ocr_carea' id='block_1_5' title="bbox 1958 473 3523 548">
    <p class='ocr_par' dir='ltr' id='par_1_5' title="bbox 1958 473 3523 544">
     <span class='ocr_line' id='line_1_5' title="bbox 1958 473 3523 544; baseline -0.001 -16"><span class='ocrx_word' id='word_1_15' title='bbox 1958 475 2038 544; x_wconf 61' lang='lat' dir='ltr'>iui</span> <span class='ocrx_word' id='word_1_16' title='bbox 2062 490 2224 530; x_wconf 83' lang='lat' dir='ltr'><strong>unam</strong></span> <span class='ocrx_word' id='word_1_17' title='bbox 2245 474 2300 528; x_wconf 92' lang='lat' dir='ltr'>in</span> <span class='ocrx_word' id='word_1_18' title='bbox 2331 475 2504 530; x_wconf 85' lang='lat' dir='ltr'><strong>aciem</strong></span> <span class='ocrx_word' id='word_1_19' title='bbox 2527 488 2584 529; x_wconf 90' lang='lat' dir='ltr'>sc</span> <span class='ocrx_word' id='word_1_20' title='bbox 2607 473 2907 538; x_wconf 87' lang='lat' dir='ltr'><strong>instruunt,</strong></span> <span class='ocrx_word' id='word_1_21' title='bbox 2934 482 2989 528; x_wconf 84' lang='lat' dir='ltr'>et</span> <span class='ocrx_word' id='word_1_22' title='bbox 3018 482 3144 528; x_wconf 85' lang='lat' dir='ltr'><strong>ante</strong></span> <span class='ocrx_word' id='word_1_23' title='bbox 3164 489 3222 528; x_wconf 83' lang='lat' dir='ltr'>se</span> <span class='ocrx_word' id='word_1_24' title='bbox 3246 474 3298 527; x_wconf 88' lang='lat' dir='ltr'>in</span> <span class='ocrx_word' id='word_1_25' title='bbox 3328 474 3523 542; x_wconf 71' lang='lat' dir='ltr'><strong>proelio</strong></span> 
     </span>
    </p>
   </div>
   <div class='ocr_carea' id='block_1_6' title="bbox 268 563 1845 637">
    <p class='ocr_par' dir='ltr' id='par_1_6' title="bbox 268 563 1845 637">
     <span class='ocr_line' id='line_1_6' title="bbox 268 563 1845 637; baseline -0.004 -15"><span class='ocrx_word' id='word_1_26' title='bbox 268 569 360 625; x_wconf 75' lang='grc' dir='ltr'>καὶ</span> <span class='ocrx_word' id='word_1_27' title='bbox 417 564 684 637; x_wconf 80' lang='grc' dir='ltr'>προωθεῖν</span> <span class='ocrx_word' id='word_1_28' title='bbox 743 565 802 618; x_wconf 73' lang='grc' dir='ltr'>ὲν</span> <span class='ocrx_word' id='word_1_29' title='bbox 850 567 917 636; x_wconf 80' lang='grc' dir='ltr'>τῇ</span> <span class='ocrx_word' id='word_1_30' title='bbox 979 564 1126 636; x_wconf 79' lang='grc' dir='ltr'>μάχῃ</span> <span class='ocrx_word' id='word_1_31' title='bbox 1175 566 1301 628; x_wconf 79' lang='grc' dir='ltr'>τοὺς</span> <span class='ocrx_word' id='word_1_32' title='bbox 1361 563 1679 632; x_wconf 83' lang='grc' dir='ltr'>πολεμίους,</span> <span class='ocrx_word' id='word_1_33' title='bbox 1715 564 1845 617; x_wconf 83' lang='grc' dir='ltr'>ὅταν</span> 
     </span>
    </p>
   </div>
   <div class='ocr_carea' id='block_1_7' title="bbox 265 654 1840 729">
    <p class='ocr_par' dir='ltr' id='par_1_7' title="bbox 265 654 1840 729">
     <span class='ocr_line' id='line_1_7' title="bbox 265 654 1840 729; baseline -0.005 -13"><span class='ocrx_word' id='word_1_34' title='bbox 265 659 492 729; x_wconf 82' lang='grc' dir='ltr'>διαλυθῇ</span> <span class='ocrx_word' id='word_1_35' title='bbox 548 657 766 720; x_wconf 86' lang='grc' dir='ltr'>πάντως</span> <span class='ocrx_word' id='word_1_36' title='bbox 813 657 848 726; x_wconf 86' lang='grc' dir='ltr'><strong>ἡ</strong></span> <span class='ocrx_word' id='word_1_37' title='bbox 909 656 1211 727; x_wconf 78' lang='grc' dir='ltr'>παράταξις</span> <span class='ocrx_word' id='word_1_38' title='bbox 1269 657 1339 709; x_wconf 71' lang='grc' dir='ltr'>ἐν·</span> <span class='ocrx_word' id='word_1_39' title='bbox 1379 656 1447 725; x_wconf 80' lang='grc' dir='ltr'>τῇ</span> <span class='ocrx_word' id='word_1_40' title='bbox 1480 654 1722 725; x_wconf 80' lang='grc' dir='ltr'>συμϐολῇ</span> <span class='ocrx_word' id='word_1_41' title='bbox 1744 655 1840 709; x_wconf 74' lang='grc' dir='ltr'>τοῦ</span> 
     </span>
    </p>
   </div>
   <div class='ocr_carea' id='block_1_8' title="bbox 267 743 1838 823">
    <p class='ocr_par' dir='ltr' id='par_1_8' title="bbox 267 743 1838 823">
     <span class='ocr_line' id='line_1_8' title="bbox 267 743 1838 823; baseline -0.004 -19"><span class='ocrx_word' id='word_1_42' title='bbox 267 751 506 823; x_wconf 73' lang='grc' dir='ltr'>πολιμου</span> <span class='ocrx_word' id='word_1_43' title='bbox 537 749 630 802; x_wconf 80' lang='grc' dir='ltr'>καὶ</span> <span class='ocrx_word' id='word_1_44' title='bbox 658 746 875 801; x_wconf 76' lang='grc' dir='ltr'>ποιοῦσι</span> <span class='ocrx_word' id='word_1_45' title='bbox 904 745 1002 816; x_wconf 78' lang='grc' dir='ltr'>τὴν</span> <span class='ocrx_word' id='word_1_46' title='bbox 1033 745 1214 814; x_wconf 80' lang='grc' dir='ltr'>δίωξιν</span> <span class='ocrx_word' id='word_1_47' title='bbox 1238 745 1489 809; x_wconf 75' lang='grc' dir='ltr'>ἀτάκτως</span> <span class='ocrx_word' id='word_1_48' title='bbox 1532 746 1580 800; x_wconf 82' lang='grc' dir='ltr'>οῖ</span> <span class='ocrx_word' id='word_1_49' title='bbox 1618 743 1838 797; x_wconf 83' lang='grc' dir='ltr'>διώκον-</span> 
     </span>
    </p>
   </div>
   <div class='ocr_carea' id='block_1_9' title="bbox 266 833 1842 907">
    <p class='ocr_par' dir='ltr' id='par_1_9' title="bbox 266 833 1842 907">
     <span class='ocr_line' id='line_1_9' title="bbox 266 833 1842 907; baseline -0.006 -14"><span class='ocrx_word' id='word_1_50' title='bbox 266 857 358 904; x_wconf 81' lang='grc' dir='ltr'>τες</span> <span class='ocrx_word' id='word_1_51' title='bbox 380 855 394 870; x_wconf 74' lang='grc' dir='ltr'><strong>ο</strong></span> <span class='ocrx_word' id='word_1_52' title='bbox 440 839 536 894; x_wconf 80' lang='grc' dir='ltr'>ὲάν</span> <span class='ocrx_word' id='word_1_53' title='bbox 563 835 744 907; x_wconf 79' lang='grc' dir='ltr'>συμϐῇ</span> <span class='ocrx_word' id='word_1_54' title='bbox 771 833 1031 898; x_wconf 79' lang='grc' dir='ltr'>πολλάκις</span> <span class='ocrx_word' id='word_1_55' title='bbox 1069 834 1195 897; x_wconf 77' lang='grc' dir='ltr'>τοὺς</span> <span class='ocrx_word' id='word_1_56' title='bbox 1220 833 1518 902; x_wconf 79' lang='grc' dir='ltr'>φεύγοντας</span> <span class='ocrx_word' id='word_1_57' title='bbox 1547 833 1842 902; x_wconf 83' lang='grc' dir='ltr'>ἀντιστρα-</span> 
     </span>
    </p>
   </div>
   <div class='ocr_carea' id='block_1_10' title="bbox 1948 563 3522 634">
    <p class='ocr_par' dir='ltr' id='par_1_10' title="bbox 1948 563 3522 634">
     <span class='ocr_line' id='line_1_10' title="bbox 1948 563 3522 634; baseline 0.003 -15"><span class='ocrx_word' id='word_1_58' title='bbox 1948 563 2269 634; x_wconf 76' lang='lat' dir='ltr'><strong>repulsuros</strong></span> <span class='ocrx_word' id='word_1_59' title='bbox 2318 565 2500 622; x_wconf 82' lang='lat' dir='ltr'><strong>hostes</strong></span> <span class='ocrx_word' id='word_1_60' title='bbox 2548 564 2894 628; x_wconf 79' lang='lat' dir='ltr'><strong>existimant,</strong></span> <span class='ocrx_word' id='word_1_61' title='bbox 2940 564 3030 618; x_wconf 85' lang='lat' dir='ltr'>ubi</span> <span class='ocrx_word' id='word_1_62' title='bbox 3077 565 3332 618; x_wconf 84' lang='lat' dir='ltr'><strong>universa</strong></span> <span class='ocrx_word' id='word_1_63' title='bbox 3375 568 3522 623; x_wconf 82' lang='lat' dir='ltr'><strong>acies</strong></span> 
     </span>
    </p>
   </div>
   <div class='ocr_carea' id='block_1_11' title="bbox 1951 652 3522 726">
    <p class='ocr_par' dir='ltr' id='par_1_11' title="bbox 1951 652 3522 726">
     <span class='ocr_line' id='line_1_11' title="bbox 1951 652 3522 726; baseline 0.002 -17"><span class='ocrx_word' id='word_1_64' title='bbox 1951 654 2280 724; x_wconf 68' lang='lat' dir='ltr'>dissipatur,</span> <span class='ocrx_word' id='word_1_65' title='bbox 2321 664 2376 713; x_wconf 85' lang='lat' dir='ltr'>et</span> <span class='ocrx_word' id='word_1_66' title='bbox 2417 657 2570 712; x_wconf 84' lang='lat' dir='ltr'><strong>omni</strong></span> <span class='ocrx_word' id='word_1_67' title='bbox 2611 655 2814 724; x_wconf 77' lang='lat' dir='ltr'>impetu</span> <span class='ocrx_word' id='word_1_68' title='bbox 2855 652 3121 726; x_wconf 86' lang='lat' dir='ltr'><strong>fugientes</strong></span> <span class='ocrx_word' id='word_1_69' title='bbox 3153 655 3336 711; x_wconf 78' lang='lat' dir='ltr'>hostes</span> <span class='ocrx_word' id='word_1_70' title='bbox 3376 657 3522 712; x_wconf 88' lang='lat' dir='ltr'><strong>inse-</strong></span> 
     </span>
    </p>
   </div>
   <div class='ocr_carea' id='block_1_12' title="bbox 1949 746 3525 819">
    <p class='ocr_par' dir='ltr' id='par_1_12' title="bbox 1949 746 3525 819">
     <span class='ocr_line' id='line_1_12' title="bbox 1949 746 3525 819; baseline 0.001 -17"><span class='ocrx_word' id='word_1_71' title='bbox 1949 747 2157 814; x_wconf 86' lang='lat' dir='ltr'><strong>quitur,</strong></span> <span class='ocrx_word' id='word_1_72' title='bbox 2195 746 2240 802; x_wconf 93' lang='lat' dir='ltr'>si</span> <span class='ocrx_word' id='word_1_73' title='bbox 2288 748 2566 818; x_wconf 73' lang='lat' dir='ltr'>contingat</span> <span class='ocrx_word' id='word_1_74' title='bbox 2599 762 2694 804; x_wconf 86' lang='lat' dir='ltr'>eos</span> <span class='ocrx_word' id='word_1_75' title='bbox 2725 748 2925 803; x_wconf 80' lang='lat' dir='ltr'><strong>iterum</strong></span> <span class='ocrx_word' id='word_1_76' title='bbox 2959 763 3019 804; x_wconf 90' lang='lat' dir='ltr'>se</span> <span class='ocrx_word' id='word_1_77' title='bbox 3049 749 3310 804; x_wconf 86' lang='lat' dir='ltr'><strong>adversus</strong></span> <span class='ocrx_word' id='word_1_78' title='bbox 3341 751 3525 819; x_wconf 86' lang='lat' dir='ltr'><strong>copias</strong></span> 
     </span>
    </p>
   </div>
   <div class='ocr_carea' id='block_1_13' title="bbox 1951 839 3527 906">
    <p class='ocr_par' dir='ltr' id='par_1_13' title="bbox 1951 839 3527 906">
     <span class='ocr_line' id='line_1_13' title="bbox 1951 839 3527 906; baseline 0.002 -14"><span class='ocrx_word' id='word_1_79' title='bbox 1951 839 2089 895; x_wconf 85' lang='lat' dir='ltr'><strong>alias</strong></span> <span class='ocrx_word' id='word_1_80' title='bbox 2119 839 2302 898; x_wconf 85' lang='lat' dir='ltr'><strong>subito</strong></span> <span class='ocrx_word' id='word_1_81' title='bbox 2331 855 2395 895; x_wconf 75' lang='lat' dir='ltr'>ex</span> <span class='ocrx_word' id='word_1_82' title='bbox 2433 841 2647 898; x_wconf 89' lang='lat' dir='ltr'><strong>insidiis</strong></span> <span class='ocrx_word' id='word_1_83' title='bbox 2686 841 3040 906; x_wconf 87' lang='lat' dir='ltr'><strong>intervenire,</strong></span> <span class='ocrx_word' id='word_1_84' title='bbox 3070 841 3215 896; x_wconf 90' lang='lat' dir='ltr'><strong>nulla</strong></span> <span class='ocrx_word' id='word_1_85' title='bbox 3239 856 3408 896; x_wconf 84' lang='lat' dir='ltr'><strong>causa</strong></span> <span class='ocrx_word' id='word_1_86' title='bbox 3441 851 3527 896; x_wconf 89' lang='lat' dir='ltr'>cst</span> 
     </span>
    </p>
   </div>
   <div class='ocr_carea' id='block_1_14' title="bbox 266 922 1856 1002">
    <p class='ocr_par' dir='ltr' id='par_1_14' title="bbox 266 922 1846 1002">
     <span class='ocr_line' id='line_1_14' title="bbox 266 922 1846 1002; baseline -0.006 -16"><span class='ocrx_word' id='word_1_87' title='bbox 266 931 436 1002; x_wconf 74' lang='grc' dir='ltr'>φῆναι</span> <span class='ocrx_word' id='word_1_88' title='bbox 491 927 632 982; x_wconf 89' lang='grc' dir='ltr'>κατά</span> <span class='ocrx_word' id='word_1_89' title='bbox 675 925 782 980; x_wconf 90' lang='grc' dir='ltr'>τῶν</span> <span class='ocrx_word' id='word_1_90' title='bbox 829 924 1132 979; x_wconf 81' lang='grc' dir='ltr'>διωκόντων</span> <span class='ocrx_word' id='word_1_91' title='bbox 1162 924 1379 986; x_wconf 78' lang='grc' dir='ltr'>αὐτοὺς,</span> <span class='ocrx_word' id='word_1_92' title='bbox 1415 922 1645 992; x_wconf 76' lang='grc' dir='ltr'>δύναμιν</span> <span class='ocrx_word' id='word_1_93' title='bbox 1677 922 1846 992; x_wconf 80' lang='grc' dir='ltr'>ἄλλην</span> 
     </span>
    </p>
   </div>
   <div class='ocr_carea' id='block_1_15' title="bbox 1958 922 3526 1002">
    <p class='ocr_par' dir='ltr' id='par_1_15' title="bbox 1958 927 3526 1002">
     <span class='ocr_line' id='line_1_15' title="bbox 1958 927 3526 1002; baseline 0.001 -20"><span class='ocrx_word' id='word_1_94' title='bbox 1958 927 2086 997; x_wconf 89' lang='lat' dir='ltr'><strong>quin</strong></span> <span class='ocrx_word' id='word_1_95' title='bbox 2115 929 2208 998; x_wconf 88' lang='lat' dir='ltr'>qui</span> <span class='ocrx_word' id='word_1_96' title='bbox 2243 930 2674 1000; x_wconf 75' lang='lat' dir='ltr'><strong>insequebantur</strong></span> <span class='ocrx_word' id='word_1_97' title='bbox 2698 932 2880 992; x_wconf 76' lang='lat' dir='ltr'><strong>statim</strong></span> <span class='ocrx_word' id='word_1_98' title='bbox 2908 931 3217 1002; x_wconf 75' lang='lat' dir='ltr'><strong>diﬁugiant,</strong></span> <span class='ocrx_word' id='word_1_99' title='bbox 3254 948 3378 986; x_wconf 91' lang='lat' dir='ltr'>cum</span> <span class='ocrx_word' id='word_1_100' title='bbox 3406 933 3526 987; x_wconf 83' lang='lat' dir='ltr'><strong>nul-</strong></span> 
     </span>
    </p>
   </div>
   <div class='ocr_carea' id='block_1_16' title="bbox 268 1013 1856 1092">
    <p class='ocr_par' dir='ltr' id='par_1_16' title="bbox 268 1013 1846 1090">
     <span class='ocr_line' id='line_1_16' title="bbox 268 1013 1846 1090; baseline -0.004 -16"><span class='ocrx_word' id='word_1_101' title='bbox 268 1019 548 1090; x_wconf 72' lang='grc' dir='ltr'>αίφνιδίως</span> <span class='ocrx_word' id='word_1_102' title='bbox 590 1017 696 1074; x_wconf 79' lang='grc' dir='ltr'>ἀπὸ</span> <span class='ocrx_word' id='word_1_103' title='bbox 745 1015 1135 1086; x_wconf 80' lang='grc' dir='ltr'>ὲγκρύμματος</span> <span class='ocrx_word' id='word_1_104' title='bbox 1197 1014 1556 1084; x_wconf 77' lang='grc' dir='ltr'>ἀναφανῆναι,</span> <span class='ocrx_word' id='word_1_105' title='bbox 1629 1013 1846 1084; x_wconf 79' lang='grc' dir='ltr'>ἀνάγκη</span> 
     </span>
    </p>
   </div>
   <div class='ocr_carea' id='block_1_17' title="bbox 1958 1013 3528 1092">
    <p class='ocr_par' dir='ltr' id='par_1_17' title="bbox 1958 1015 3528 1092">
     <span class='ocr_line' id='line_1_17' title="bbox 1958 1015 3528 1092; baseline 0.004 -22"><span class='ocrx_word' id='word_1_106' title='bbox 1958 1015 2040 1071; x_wconf 87' lang='lat' dir='ltr'>los</span> <span class='ocrx_word' id='word_1_107' title='bbox 2074 1016 2129 1072; x_wconf 94' lang='lat' dir='ltr'>in</span> <span class='ocrx_word' id='word_1_108' title='bbox 2167 1027 2419 1088; x_wconf 82' lang='lat' dir='ltr'><strong>promptu</strong></span> <span class='ocrx_word' id='word_1_109' title='bbox 2461 1020 2717 1088; x_wconf 76' lang='lat' dir='ltr'>habeant,</span> <span class='ocrx_word' id='word_1_110' title='bbox 2750 1023 2842 1091; x_wconf 87' lang='lat' dir='ltr'>qui</span> <span class='ocrx_word' id='word_1_111' title='bbox 2887 1023 2986 1078; x_wconf 91' lang='lat' dir='ltr'>hos</span> <span class='ocrx_word' id='word_1_112' title='bbox 3015 1022 3082 1078; x_wconf 90' lang='lat' dir='ltr'>de</span> <span class='ocrx_word' id='word_1_113' title='bbox 3121 1023 3417 1092; x_wconf 84' lang='lat' dir='ltr'><strong>improviso</strong></span> <span class='ocrx_word' id='word_1_114' title='bbox 3447 1023 3528 1077; x_wconf 86' lang='lat' dir='ltr'><strong>in-</strong></span> 
     </span>
    </p>
   </div>
   <div class='ocr_carea' id='block_1_18' title="bbox 190 1105 1856 1183">
    <p class='ocr_par' dir='ltr' id='par_1_18' title="bbox 190 1105 1852 1180">
     <span class='ocr_line' id='line_1_18' title="bbox 190 1105 1852 1180; baseline -0.004 -14"><span class='ocrx_word' id='word_1_115' title='bbox 190 1116 206 1145; x_wconf 73' lang='grc'>-”</span> <span class='ocrx_word' id='word_1_116' title='bbox 269 1113 427 1166; x_wconf 79' lang='grc' dir='ltr'>πᾶσα</span> <span class='ocrx_word' id='word_1_117' title='bbox 486 1110 552 1165; x_wconf 77' lang='grc' dir='ltr'>ἂν</span> <span class='ocrx_word' id='word_1_118' title='bbox 603 1107 888 1172; x_wconf 83' lang='grc' dir='ltr'>διώκοντες</span> <span class='ocrx_word' id='word_1_119' title='bbox 932 1107 1010 1170; x_wconf 86' lang='grc' dir='ltr'>είς</span> <span class='ocrx_word' id='word_1_120' title='bbox 1070 1105 1248 1176; x_wconf 80' lang='grc' dir='ltr'>φυγὴν</span> <span class='ocrx_word' id='word_1_121' title='bbox 1297 1105 1602 1178; x_wconf 79' lang='grc' dir='ltr'>ὁρμήσουσι</span> <span class='ocrx_word' id='word_1_122' title='bbox 1645 1105 1852 1180; x_wconf 85' lang='grc' dir='ltr'>μηδένα</span> 
     </span>
    </p>
   </div>
   <div class='ocr_carea' id='block_1_19' title="bbox 1958 1105 3259 1183">
    <p class='ocr_par' dir='ltr' id='par_1_19' title="bbox 1958 1108 3259 1183">
     <span class='ocr_line' id='line_1_19' title="bbox 1958 1108 3259 1183; baseline 0.005 -23"><span class='ocrx_word' id='word_1_123' title='bbox 1958 1108 2321 1164; x_wconf 86' lang='lat' dir='ltr'><strong>tervenientes</strong></span> <span class='ocrx_word' id='word_1_124' title='bbox 2341 1111 2603 1180; x_wconf 87' lang='lat' dir='ltr'>repellere</span> <span class='ocrx_word' id='word_1_125' title='bbox 2634 1121 2730 1167; x_wconf 88' lang='lat' dir='ltr'>aut</span> <span class='ocrx_word' id='word_1_126' title='bbox 2759 1111 2996 1168; x_wconf 84' lang='lat' dir='ltr'><strong>refutare</strong></span> <span class='ocrx_word' id='word_1_127' title='bbox 3028 1113 3259 1183; x_wconf 80' lang='lat' dir='ltr'><strong>possint.</strong></span> 
     </span>
    </p>
   </div>
   <div class='ocr_carea' id='block_1_20' title="bbox 270 1195 3529 1274">
    <p class='ocr_par' dir='ltr' id='par_1_20' title="bbox 270 1195 3529 1274">
     <span class='ocr_line' id='line_1_20' title="bbox 270 1195 3529 1274; baseline 0.001 -18"><span class='ocrx_word' id='word_1_128' title='bbox 270 1205 506 1272; x_wconf 80' lang='grc' dir='ltr'>ἔχοντες,</span> <span class='ocrx_word' id='word_1_129' title='bbox 537 1200 613 1264; x_wconf 85' lang='grc' dir='ltr'>ὡς</span> <span class='ocrx_word' id='word_1_130' title='bbox 643 1199 881 1270; x_wconf 75' lang='grc' dir='ltr'>εἴρηται,</span> <span class='ocrx_word' id='word_1_131' title='bbox 911 1198 1002 1254; x_wconf 75' lang='grc' dir='ltr'>τὸν</span> <span class='ocrx_word' id='word_1_132' title='bbox 1057 1196 1352 1267; x_wconf 81' lang='grc' dir='ltr'>δυνάμενον</span> <span class='ocrx_word' id='word_1_133' title='bbox 1388 1195 1696 1268; x_wconf 80' lang='grc' dir='ltr'>ἀπαντῆσαι</span> <span class='ocrx_word' id='word_1_134' title='bbox 1750 1196 1786 1268; x_wconf 75' lang='grc' dir='ltr'><strong>ἦ</strong></span> <span class='ocrx_word' id='word_1_135' title='bbox 1848 1197 2186 1268; x_wconf 77' lang='grc' dir='ltr'>ἀποσοϐῆσαι</span> <span class='ocrx_word' id='word_1_136' title='bbox 2247 1202 2373 1265; x_wconf 80' lang='grc' dir='ltr'>τοὺς</span> <span class='ocrx_word' id='word_1_137' title='bbox 2425 1201 2516 1256; x_wconf 76' lang='grc' dir='ltr'>διὰ</span> <span class='ocrx_word' id='word_1_138' title='bbox 2564 1202 2668 1272; x_wconf 83' lang='grc' dir='ltr'>τῆς</span> <span class='ocrx_word' id='word_1_139' title='bbox 2708 1203 3054 1274; x_wconf 73' lang='grc' dir='ltr'>ὑποστροφῆς</span> <span class='ocrx_word' id='word_1_140' title='bbox 3109 1203 3529 1274; x_wconf 81' lang='grc' dir='ltr'>ἀπροσδοκήτως</span> 
     </span>
    </p>
   </div>
   <div class='ocr_carea' id='block_1_21' title="bbox 275 1289 695 1362">
    <p class='ocr_par' dir='ltr' id='par_1_21' title="bbox 275 1289 695 1362">
     <span class='ocr_line' id='line_1_21' title="bbox 275 1289 695 1362; baseline -0.007 -16"><span class='ocrx_word' id='word_1_141' title='bbox 275 1289 695 1362; x_wconf 68' lang='grc' dir='ltr'>ἐπερχομένους.</span> 
     </span>
    </p>
   </div>
   <div class='ocr_carea' id='block_1_22' title="bbox 343 1380 1856 1460">
    <p class='ocr_par' dir='ltr' id='par_1_22' title="bbox 343 1381 1851 1460">
     <span class='ocr_line' id='line_1_22' title="bbox 343 1381 1851 1460; baseline -0.002 -19"><span class='ocrx_word' id='word_1_142' title='bbox 343 1393 432 1456; x_wconf 88' lang='grc' dir='ltr'>ιγ’.</span> <span class='ocrx_word' id='word_1_143' title='bbox 473 1386 572 1441; x_wconf 81' lang='grc' dir='ltr'>Ἐν</span> <span class='ocrx_word' id='word_1_144' title='bbox 630 1385 690 1441; x_wconf 78' lang='grc' dir='ltr'>δέ</span> <span class='ocrx_word' id='word_1_145' title='bbox 742 1384 902 1456; x_wconf 82' lang='grc' dir='ltr'>μόνον</span> <span class='ocrx_word' id='word_1_146' title='bbox 954 1385 1162 1457; x_wconf 73' lang='grc' dir='ltr'>νομίζω</span> <span class='ocrx_word' id='word_1_147' title='bbox 1213 1385 1534 1460; x_wconf 66' lang='grc' dir='ltr'>προτέρημα</span> <span class='ocrx_word' id='word_1_148' title='bbox 1593 1382 1737 1460; x_wconf 73' lang='grc' dir='ltr'>ἔχειν</span> <span class='ocrx_word' id='word_1_149' title='bbox 1787 1381 1851 1438; x_wconf 74' lang='grc' dir='ltr'>τὸ</span> 
     </span>
    </p>
   </div>
   <div class='ocr_carea' id='block_1_23' title="bbox 1958 1380 3532 1460">
    <p class='ocr_par' dir='ltr' id='par_1_23' title="bbox 2023 1380 3532 1453">
     <span class='ocr_line' id='line_1_23' title="bbox 2023 1380 3532 1453; baseline 0.002 -17"><span class='ocrx_word' id='word_1_150' title='bbox 2023 1382 2116 1437; x_wconf 76' lang='lat' dir='ltr'><strong>l3.</strong></span> <span class='ocrx_word' id='word_1_151' title='bbox 2150 1380 2330 1440; x_wconf 84' lang='lat' dir='ltr'><strong>Unum</strong></span> <span class='ocrx_word' id='word_1_152' title='bbox 2357 1391 2562 1449; x_wconf 83' lang='lat' dir='ltr'><strong>autem,</strong></span> <span class='ocrx_word' id='word_1_153' title='bbox 2591 1382 2755 1453; x_wconf 84' lang='lat' dir='ltr'><strong>idque</strong></span> <span class='ocrx_word' id='word_1_154' title='bbox 2786 1382 2964 1438; x_wconf 88' lang='lat' dir='ltr'><strong>solum</strong></span> <span class='ocrx_word' id='word_1_155' title='bbox 2997 1383 3297 1440; x_wconf 80' lang='lat' dir='ltr'><strong>subsidium</strong></span> <span class='ocrx_word' id='word_1_156' title='bbox 3329 1384 3532 1440; x_wconf 83' lang='lat' dir='ltr'><strong>habere</strong></span> 
     </span>
    </p>
   </div>
   <div class='ocr_carea' id='block_1_24' title="bbox 271 1472 1856 1548">
    <p class='ocr_par' dir='ltr' id='par_1_24' title="bbox 271 1472 1841 1548">
     <span class='ocr_line' id='line_1_24' title="bbox 271 1472 1841 1548; baseline -0.003 -15"><span class='ocrx_word' id='word_1_157' title='bbox 271 1477 481 1540; x_wconf 82' lang='grc' dir='ltr'>πάντας</span> <span class='ocrx_word' id='word_1_158' title='bbox 525 1476 605 1540; x_wconf 85' lang='grc' dir='ltr'>είς</span> <span class='ocrx_word' id='word_1_159' title='bbox 638 1475 766 1547; x_wconf 88' lang='grc' dir='ltr'>μίαν</span> <span class='ocrx_word' id='word_1_160' title='bbox 809 1475 1106 1532; x_wconf 82' lang='grc' dir='ltr'>τάσσεσθαι</span> <span class='ocrx_word' id='word_1_161' title='bbox 1157 1477 1492 1548; x_wconf 82' lang='grc' dir='ltr'>παράταξιν,</span> <span class='ocrx_word' id='word_1_162' title='bbox 1538 1474 1682 1528; x_wconf 75' lang='grc' dir='ltr'>τοῦτ’</span> <span class='ocrx_word' id='word_1_163' title='bbox 1722 1472 1841 1528; x_wconf 74' lang='grc' dir='ltr'>ἐστι</span> 
     </span>
    </p>
   </div>
   <div class='ocr_carea' id='block_1_25' title="bbox 1958 1472 3520 1548">
    <p class='ocr_par' dir='ltr' id='par_1_25' title="bbox 1958 1472 3520 1544">
     <span class='ocr_line' id='line_1_25' title="bbox 1958 1472 3520 1544; baseline 0.001 -14"><span class='ocrx_word' id='word_1_164' title='bbox 1958 1487 2047 1530; x_wconf 74' lang='lat' dir='ltr'>eos</span> <span class='ocrx_word' id='word_1_165' title='bbox 2081 1472 2366 1540; x_wconf 74' lang='lat' dir='ltr'><strong>existimo,</strong></span> <span class='ocrx_word' id='word_1_166' title='bbox 2399 1473 2492 1544; x_wconf 88' lang='lat' dir='ltr'>qui</span> <span class='ocrx_word' id='word_1_167' title='bbox 2529 1473 2814 1530; x_wconf 85' lang='lat' dir='ltr'><strong>universas</strong></span> <span class='ocrx_word' id='word_1_168' title='bbox 2845 1474 3028 1544; x_wconf 90' lang='lat' dir='ltr'><strong>copias</strong></span> <span class='ocrx_word' id='word_1_169' title='bbox 3057 1490 3222 1540; x_wconf 83' lang='lat' dir='ltr'><strong>unam</strong></span> <span class='ocrx_word' id='word_1_170' title='bbox 3257 1476 3311 1530; x_wconf 91' lang='lat' dir='ltr'>in</span> <span class='ocrx_word' id='word_1_171' title='bbox 3350 1476 3520 1532; x_wconf 86' lang='lat' dir='ltr'><strong>aciem</strong></span> 
     </span>
    </p>
   </div>
   <div class='ocr_carea' id='block_1_26' title="bbox 271 1562 1856 1642">
    <p class='ocr_par' dir='ltr' id='par_1_26' title="bbox 271 1564 1851 1642">
     <span class='ocr_line' id='line_1_26' title="bbox 271 1564 1851 1642; baseline -0.003 -19"><span class='ocrx_word' id='word_1_172' title='bbox 271 1569 332 1623; x_wconf 82' lang='grc' dir='ltr'>τὸ</span> <span class='ocrx_word' id='word_1_173' title='bbox 387 1566 671 1637; x_wconf 81' lang='grc' dir='ltr'>φαίνεσθαι</span> <span class='ocrx_word' id='word_1_174' title='bbox 741 1569 854 1632; x_wconf 82' lang='grc' dir='ltr'>τοῖς</span> <span class='ocrx_word' id='word_1_175' title='bbox 928 1566 1143 1642; x_wconf 77' lang='grc' dir='ltr'>ἐχθροῖς</span> <span class='ocrx_word' id='word_1_176' title='bbox 1213 1567 1452 1640; x_wconf 80' lang='grc' dir='ltr'>μηκοθεν</span> <span class='ocrx_word' id='word_1_177' title='bbox 1496 1565 1710 1621; x_wconf 85' lang='grc' dir='ltr'>τελείαν</span> <span class='ocrx_word' id='word_1_178' title='bbox 1755 1564 1851 1618; x_wconf 73' lang='grc' dir='ltr'>καὶ</span> 
     </span>
    </p>
   </div>
   <div class='ocr_carea' id='block_1_27' title="bbox 1958 1562 3534 1642">
    <p class='ocr_par' dir='ltr' id='par_1_27' title="bbox 1958 1562 3534 1636">
     <span class='ocr_line' id='line_1_27' title="bbox 1958 1562 3534 1636; baseline 0.001 -14"><span class='ocrx_word' id='word_1_179' title='bbox 1958 1562 2276 1629; x_wconf 81' lang='lat' dir='ltr'><strong>conferunt,</strong></span> <span class='ocrx_word' id='word_1_180' title='bbox 2317 1573 2379 1620; x_wconf 88' lang='lat' dir='ltr'>ut</span> <span class='ocrx_word' id='word_1_181' title='bbox 2412 1565 2654 1620; x_wconf 85' lang='lat' dir='ltr'><strong>inimicis</strong></span> <span class='ocrx_word' id='word_1_182' title='bbox 2688 1565 2971 1621; x_wconf 88' lang='lat' dir='ltr'><strong>videantur</strong></span> <span class='ocrx_word' id='word_1_183' title='bbox 3028 1567 3245 1621; x_wconf 77' lang='lat' dir='ltr'><strong>eminus</strong></span> <span class='ocrx_word' id='word_1_184' title='bbox 3271 1566 3534 1636; x_wconf 73' lang='lat' dir='ltr'><strong>perfecta:</strong></span> 
     </span>
    </p>
   </div>
   <div class='ocr_carea' id='block_1_28' title="bbox 270 1656 1856 1730">
    <p class='ocr_par' dir='ltr' id='par_1_28' title="bbox 270 1657 1850 1730">
     <span class='ocr_line' id='line_1_28' title="bbox 270 1657 1850 1730; baseline -0.003 -16"><span class='ocrx_word' id='word_1_185' title='bbox 270 1658 649 1730; x_wconf 75' lang='grc' dir='ltr'>ὲξογκωμένην</span> <span class='ocrx_word' id='word_1_186' title='bbox 709 1657 811 1729; x_wconf 83' lang='grc' dir='ltr'>τὴν</span> <span class='ocrx_word' id='word_1_187' title='bbox 861 1658 1034 1726; x_wconf 77' lang='grc' dir='ltr'>τάξιν.</span> <span class='ocrx_word' id='word_1_188' title='bbox 1099 1659 1261 1714; x_wconf 80' lang='grc' dir='ltr'>Ἀλλά</span> <span class='ocrx_word' id='word_1_189' title='bbox 1332 1660 1428 1713; x_wconf 80' lang='grc' dir='ltr'>καὶ</span> <span class='ocrx_word' id='word_1_190' title='bbox 1482 1658 1621 1715; x_wconf 75' lang='grc' dir='ltr'>αὐτὸ</span> <span class='ocrx_word' id='word_1_191' title='bbox 1685 1657 1850 1728; x_wconf 81' lang='grc' dir='ltr'>μέχρι</span> 
     </span>
    </p>
   </div>
   <div class='ocr_carea' id='block_1_29' title="bbox 1958 1656 3531 1730">
    <p class='ocr_par' dir='ltr' id='par_1_29' title="bbox 1958 1656 3531 1728">
     <span class='ocr_line' id='line_1_29' title="bbox 1958 1656 3531 1728; baseline 0.003 -18"><span class='ocrx_word' id='word_1_192' title='bbox 1958 1665 2118 1726; x_wconf 87' lang='lat' dir='ltr'><strong>atque</strong></span> <span class='ocrx_word' id='word_1_193' title='bbox 2137 1656 2387 1727; x_wconf 75' lang='lat' dir='ltr'><strong>ingentes</strong></span> <span class='ocrx_word' id='word_1_194' title='bbox 2404 1657 2576 1726; x_wconf 82' lang='lat' dir='ltr'><strong>copiae</strong></span> <span class='ocrx_word' id='word_1_195' title='bbox 2597 1671 2738 1714; x_wconf 87' lang='lat' dir='ltr'><strong>esse.</strong></span> <span class='ocrx_word' id='word_1_196' title='bbox 2763 1656 2828 1713; x_wconf 79' lang='lat' dir='ltr'>At</span> <span class='ocrx_word' id='word_1_197' title='bbox 2845 1657 2965 1713; x_wconf 57' lang='lat' dir='ltr'><strong>haec</strong></span> <span class='ocrx_word' id='word_1_198' title='bbox 2989 1672 3078 1714; x_wconf 82' lang='lat' dir='ltr'>res</span> <span class='ocrx_word' id='word_1_199' title='bbox 3098 1659 3531 1728; x_wconf 81' lang='lat' dir='ltr'><strong>speciemsolum</strong></span> 
     </span>
    </p>
   </div>
   <div class='ocr_carea' id='block_1_30' title="bbox 270 1748 1290 1825">
    <p class='ocr_par' dir='ltr' id='par_1_30' title="bbox 270 1748 1290 1825">
     <span class='ocr_line' id='line_1_30' title="bbox 270 1748 1290 1825; baseline 0 -20"><span class='ocrx_word' id='word_1_200' title='bbox 270 1749 503 1820; x_wconf 83' lang='grc' dir='ltr'>θεωρίας</span> <span class='ocrx_word' id='word_1_201' title='bbox 535 1750 632 1804; x_wconf 76' lang='grc' dir='ltr'>καὶ</span> <span class='ocrx_word' id='word_1_202' title='bbox 666 1748 833 1820; x_wconf 83' lang='grc' dir='ltr'>μόνης</span> <span class='ocrx_word' id='word_1_203' title='bbox 853 1749 967 1822; x_wconf 75' lang='grc' dir='ltr'>ἔχει</span> <span class='ocrx_word' id='word_1_204' title='bbox 991 1750 1050 1804; x_wconf 78' lang='grc' dir='ltr'>τὺ</span> <span class='ocrx_word' id='word_1_205' title='bbox 1076 1751 1290 1825; x_wconf 79' lang='grc' dir='ltr'>κέρδος.</span> 
     </span>
    </p>
   </div>
   <div class='ocr_carea' id='block_1_31' title="bbox 349 1837 1852 1914">
    <p class='ocr_par' dir='ltr' id='par_1_31' title="bbox 349 1837 1852 1914">
     <span class='ocr_line' id='line_1_31' title="bbox 349 1837 1852 1914; baseline 0 -18"><span class='ocrx_word' id='word_1_206' title='bbox 349 1837 431 1896; x_wconf 82' lang='grc' dir='ltr'>ιδ’.</span> <span class='ocrx_word' id='word_1_207' title='bbox 463 1840 614 1910; x_wconf 83' lang='grc' dir='ltr'>Ἔχει</span> <span class='ocrx_word' id='word_1_208' title='bbox 644 1840 702 1894; x_wconf 84' lang='grc' dir='ltr'>δὲ</span> <span class='ocrx_word' id='word_1_209' title='bbox 749 1839 889 1911; x_wconf 86' lang='grc' dir='ltr'>τάχα</span> <span class='ocrx_word' id='word_1_210' title='bbox 940 1844 1034 1895; x_wconf 67' lang='grc' dir='ltr'>καί⁵</span> <span class='ocrx_word' id='word_1_211' title='bbox 1063 1842 1250 1914; x_wconf 67' lang='grc' dir='ltr'>ἕτερον</span> <span class='ocrx_word' id='word_1_212' title='bbox 1297 1841 1642 1913; x_wconf 63' lang='grc' dir='ltr'>προτέρημα,</span> <span class='ocrx_word' id='word_1_213' title='bbox 1671 1840 1734 1896; x_wconf 80' lang='grc' dir='ltr'>τὸ</span> <span class='ocrx_word' id='word_1_214' title='bbox 1761 1841 1852 1896; x_wconf 75' lang='grc' dir='ltr'>δύο</span> 
     </span>
    </p>
   </div>
   <div class='ocr_carea' id='block_1_32' title="bbox 272 1929 1852 2002">
    <p class='ocr_par' dir='ltr' id='par_1_32' title="bbox 272 1929 1852 2002">
     <span class='ocr_line' id='line_1_32' title="bbox 272 1929 1852 2002; baseline 0 -19"><span class='ocrx_word' id='word_1_215' title='bbox 272 1929 466 1984; x_wconf 89' lang='grc' dir='ltr'>νασθαι</span> <span class='ocrx_word' id='word_1_216' title='bbox 493 1929 580 1986; x_wconf 80' lang='grc' dir='ltr'>διά</span> <span class='ocrx_word' id='word_1_217' title='bbox 611 1929 708 2000; x_wconf 80' lang='grc' dir='ltr'>τῆς</span> <span class='ocrx_word' id='word_1_218' title='bbox 734 1930 864 2000; x_wconf 82' lang='grc' dir='ltr'>μιᾶς</span> <span class='ocrx_word' id='word_1_219' title='bbox 895 1930 1249 2002; x_wconf 85' lang='grc' dir='ltr'>παρατάξεως</span> <span class='ocrx_word' id='word_1_220' title='bbox 1278 1931 1373 1984; x_wconf 79' lang='grc' dir='ltr'>καὶ</span> <span class='ocrx_word' id='word_1_221' title='bbox 1397 1930 1641 2001; x_wconf 82' lang='grc' dir='ltr'>μεγάλης</span> <span class='ocrx_word' id='word_1_222' title='bbox 1672 1932 1852 1984; x_wconf 84' lang='grc' dir='ltr'>ποιεῖν</span> 
     </span>
    </p>
   </div>
   <div class='ocr_carea' id='block_1_33' title="bbox 273 2020 1854 2092">
    <p class='ocr_par' dir='ltr' id='par_1_33' title="bbox 273 2020 1854 2092">
     <span class='ocr_line' id='line_1_33' title="bbox 273 2020 1854 2092; baseline 0.002 -20"><span class='ocrx_word' id='word_1_223' title='bbox 273 2020 547 2075; x_wconf 80' lang='grc' dir='ltr'>κύκλωσιν</span> <span class='ocrx_word' id='word_1_224' title='bbox 596 2020 704 2073; x_wconf 82' lang='grc' dir='ltr'>ἀπὸ</span> <span class='ocrx_word' id='word_1_225' title='bbox 762 2020 882 2084; x_wconf 81' lang='grc' dir='ltr'>ἐνδς</span> <span class='ocrx_word' id='word_1_226' title='bbox 952 2021 1173 2092; x_wconf 83' lang='grc' dir='ltr'>μέρους,</span> <span class='ocrx_word' id='word_1_227' title='bbox 1212 2021 1306 2076; x_wconf 80' lang='grc' dir='ltr'>καὶ</span> <span class='ocrx_word' id='word_1_228' title='bbox 1363 2021 1675 2076; x_wconf 76' lang='grc' dir='ltr'>ἀποκλείειν</span> <span class='ocrx_word' id='word_1_229' title='bbox 1729 2021 1854 2084; x_wconf 80' lang='grc' dir='ltr'>τοὺς</span> 
     </span>
    </p>
   </div>
   <div class='ocr_carea' id='block_1_34' title="bbox 275 2109 1855 2184">
    <p class='ocr_par' dir='ltr' id='par_1_34' title="bbox 275 2109 1855 2184">
     <span class='ocr_line' id='line_1_34' title="bbox 275 2109 1855 2184; baseline 0.001 -19"><span class='ocrx_word' id='word_1_230' title='bbox 275 2109 585 2181; x_wconf 83' lang='grc' dir='ltr'>πολεμίους,</span> <span class='ocrx_word' id='word_1_231' title='bbox 621 2111 714 2165; x_wconf 72' lang='grc' dir='ltr'>καὶ</span> <span class='ocrx_word' id='word_1_232' title='bbox 765 2111 872 2183; x_wconf 80' lang='grc' dir='ltr'>ἄρα</span> <span class='ocrx_word' id='word_1_233' title='bbox 917 2113 1012 2168; x_wconf 77' lang='grc' dir='ltr'>καὶ</span> <span class='ocrx_word' id='word_1_234' title='bbox 1047 2113 1220 2184; x_wconf 83' lang='grc' dir='ltr'>τούτῳ</span> <span class='ocrx_word' id='word_1_235' title='bbox 1269 2112 1406 2184; x_wconf 73' lang='grc' dir='ltr'>μετὰ</span> <span class='ocrx_word' id='word_1_236' title='bbox 1428 2112 1524 2167; x_wconf 81' lang='grc' dir='ltr'>τοῦ</span> <span class='ocrx_word' id='word_1_237' title='bbox 1556 2111 1855 2183; x_wconf 82' lang='grc' dir='ltr'>πρέποντος</span> 
     </span>
    </p>
   </div>
   <div class='ocr_carea' id='block_1_35' title="bbox 273 2201 1210 2276">
    <p class='ocr_par' dir='ltr' id='par_1_35' title="bbox 273 2201 1210 2276">
     <span class='ocr_line' id='line_1_35' title="bbox 273 2201 1210 2276; baseline 0.006 -24"><span class='ocrx_word' id='word_1_238' title='bbox 273 2201 432 2270; x_wconf 71' lang='grc' dir='ltr'>λδγου</span> <span class='ocrx_word' id='word_1_239' title='bbox 462 2202 555 2256; x_wconf 72' lang='grc' dir='ltr'>καὶ</span> <span class='ocrx_word' id='word_1_240' title='bbox 582 2203 776 2272; x_wconf 85' lang='grc' dir='ltr'>τέχνης</span> <span class='ocrx_word' id='word_1_241' title='bbox 809 2220 895 2266; x_wconf 85' lang='grc' dir='ltr'>τις</span> <span class='ocrx_word' id='word_1_242' title='bbox 924 2204 1210 2276; x_wconf 82' lang='grc' dir='ltr'>χρήσεται.</span> 
     </span>
    </p>
   </div>
   <div class='ocr_carea' id='block_1_36' title="bbox 346 2290 1853 2365">
    <p class='ocr_par' dir='ltr' id='par_1_36' title="bbox 346 2290 1853 2365">
     <span class='ocr_line' id='line_1_36' title="bbox 346 2290 1853 2365; baseline 0 -21"><span class='ocrx_word' id='word_1_243' title='bbox 346 2290 429 2345; x_wconf 86' lang='grc' dir='ltr'>ιε’.</span> <span class='ocrx_word' id='word_1_244' title='bbox 460 2290 534 2343; x_wconf 84' lang='grc' dir='ltr'><strong>Τὸ</strong></span> <span class='ocrx_word' id='word_1_245' title='bbox 585 2290 644 2344; x_wconf 72' lang='grc' dir='ltr'>δὲ</span> <span class='ocrx_word' id='word_1_246' title='bbox 694 2291 891 2354; x_wconf 76' lang='grc' dir='ltr'>διπλᾶς</span> <span class='ocrx_word' id='word_1_247' title='bbox 943 2294 1116 2348; x_wconf 81' lang='grc' dir='ltr'>ποιεῖν</span> <span class='ocrx_word' id='word_1_248' title='bbox 1169 2291 1269 2357; x_wconf 83' lang='grc' dir='ltr'>τάς</span> <span class='ocrx_word' id='word_1_249' title='bbox 1325 2290 1684 2365; x_wconf 79' lang='grc' dir='ltr'>παρατάξεις,</span> <span class='ocrx_word' id='word_1_250' title='bbox 1711 2291 1853 2345; x_wconf 81' lang='grc' dir='ltr'>ὥστε</span> 
     </span>
    </p>
   </div>
   <div class='ocr_carea' id='block_1_37' title="bbox 274 2377 1850 2458">
    <p class='ocr_par' dir='ltr' id='par_1_37' title="bbox 274 2377 1850 2458">
     <span class='ocr_line' id='line_1_37' title="bbox 274 2377 1850 2458; baseline -0.001 -22"><span class='ocrx_word' id='word_1_251' title='bbox 274 2377 412 2436; x_wconf 82' lang='grc' dir='ltr'>εἶναι</span> <span class='ocrx_word' id='word_1_252' title='bbox 443 2383 525 2446; x_wconf 79' lang='grc' dir='ltr'>είς</span> <span class='ocrx_word' id='word_1_253' title='bbox 567 2382 928 2453; x_wconf 77' lang='grc' dir='ltr'>ὑποσοὴθειαν</span> <span class='ocrx_word' id='word_1_254' title='bbox 954 2384 1056 2453; x_wconf 82' lang='grc' dir='ltr'>τῆς</span> <span class='ocrx_word' id='word_1_255' title='bbox 1087 2384 1309 2456; x_wconf 80' lang='grc' dir='ltr'>πρώτης</span> <span class='ocrx_word' id='word_1_256' title='bbox 1355 2384 1716 2458; x_wconf 83' lang='grc' dir='ltr'>παρατάξεως</span> <span class='ocrx_word' id='word_1_257' title='bbox 1749 2385 1850 2454; x_wconf 81' lang='grc' dir='ltr'>τὴν</span> 
     </span>
    </p>
   </div>
   <div class='ocr_carea' id='block_1_38' title="bbox 274 2473 1857 2547">
    <p class='ocr_par' dir='ltr' id='par_1_38' title="bbox 274 2473 1857 2547">
     <span class='ocr_line' id='line_1_38' title="bbox 274 2473 1857 2547; baseline 0 -19"><span class='ocrx_word' id='word_1_258' title='bbox 274 2474 549 2547; x_wconf 79' lang='grc' dir='ltr'>δευτέραν,</span> <span class='ocrx_word' id='word_1_259' title='bbox 592 2473 734 2532; x_wconf 83' lang='grc' dir='ltr'>κατά</span> <span class='ocrx_word' id='word_1_260' title='bbox 781 2474 873 2528; x_wconf 69' lang='grc' dir='ltr'>τὸν</span> <span class='ocrx_word' id='word_1_261' title='bbox 903 2475 1242 2546; x_wconf 83' lang='grc' dir='ltr'>ἀνθρώπινον</span> <span class='ocrx_word' id='word_1_262' title='bbox 1283 2476 1551 2546; x_wconf 77' lang='grc' dir='ltr'>λογισμὸν</span> <span class='ocrx_word' id='word_1_263' title='bbox 1589 2475 1761 2529; x_wconf 74' lang='grc' dir='ltr'>πολλὰ</span> <span class='ocrx_word' id='word_1_264' title='bbox 1787 2476 1857 2528; x_wconf 81' lang='grc' dir='ltr'>τά</span> 
     </span>
    </p>
   </div>
   <div class='ocr_carea' id='block_1_39' title="bbox 275 2565 1855 2640">
    <p class='ocr_par' dir='ltr' id='par_1_39' title="bbox 275 2565 1855 2640">
     <span class='ocr_line' id='line_1_39' title="bbox 275 2565 1855 2640; baseline 0.001 -22"><span class='ocrx_word' id='word_1_265' title='bbox 275 2565 524 2636; x_wconf 75' lang='grc' dir='ltr'>ἐξαίρετα</span> <span class='ocrx_word' id='word_1_266' title='bbox 571 2566 665 2620; x_wconf 80' lang='grc' dir='ltr'>καὶ</span> <span class='ocrx_word' id='word_1_267' title='bbox 704 2567 978 2634; x_wconf 87' lang='grc' dir='ltr'>ἀναγκαῖα</span> <span class='ocrx_word' id='word_1_268' title='bbox 1024 2567 1317 2638; x_wconf 75' lang='grc' dir='ltr'>νομίζομεν</span> <span class='ocrx_word' id='word_1_269' title='bbox 1364 2568 1694 2640; x_wconf 79' lang='grc' dir='ltr'>συντρέχειν.</span> <span class='ocrx_word' id='word_1_270' title='bbox 1744 2567 1855 2620; x_wconf 73' lang='grc' dir='ltr'>Καὶ</span> 
     </span>
    </p>
   </div>
   <div class='ocr_carea' id='block_1_40' title="bbox 277 2654 1856 2728">
    <p class='ocr_par' dir='ltr' id='par_1_40' title="bbox 277 2654 1856 2728">
     <span class='ocr_line' id='line_1_40' title="bbox 277 2654 1856 2728; baseline 0.001 -22"><span class='ocrx_word' id='word_1_271' title='bbox 277 2654 493 2726; x_wconf 81' lang='grc' dir='ltr'>πρῶτον</span> <span class='ocrx_word' id='word_1_272' title='bbox 521 2654 618 2724; x_wconf 85' lang='grc' dir='ltr'>μὲν</span> <span class='ocrx_word' id='word_1_273' title='bbox 653 2656 735 2708; x_wconf 82' lang='grc' dir='ltr'>ὅτι</span> <span class='ocrx_word' id='word_1_274' title='bbox 763 2656 812 2708; x_wconf 81' lang='lat' dir='ltr'>oi</span> <span class='ocrx_word' id='word_1_275' title='bbox 858 2657 958 2724; x_wconf 80' lang='grc' dir='ltr'>τῆς</span> <span class='ocrx_word' id='word_1_276' title='bbox 1002 2655 1226 2728; x_wconf 86' lang='grc' dir='ltr'>πρώτης</span> <span class='ocrx_word' id='word_1_277' title='bbox 1287 2656 1645 2728; x_wconf 80' lang='grc' dir='ltr'>παρατάξεως</span> <span class='ocrx_word' id='word_1_278' title='bbox 1707 2655 1856 2726; x_wconf 79' lang='grc' dir='ltr'>έχον-</span> 
     </span>
    </p>
   </div>
   <div class='ocr_carea' id='block_1_41' title="bbox 275 2744 1856 2818">
    <p class='ocr_par' dir='ltr' id='par_1_41' title="bbox 275 2744 1856 2818">
     <span class='ocr_line' id='line_1_41' title="bbox 275 2744 1856 2818; baseline 0.001 -22"><span class='ocrx_word' id='word_1_279' title='bbox 275 2761 367 2807; x_wconf 66' lang='lat' dir='ltr'>se;</span> <span class='ocrx_word' id='word_1_280' title='bbox 416 2744 638 2798; x_wconf 74' lang='grc' dir='ltr'>ὄπισθεν</span> <span class='ocrx_word' id='word_1_281' title='bbox 675 2746 814 2799; x_wconf 75' lang='grc' dir='ltr'>κατά</span> <span class='ocrx_word' id='word_1_282' title='bbox 870 2745 964 2799; x_wconf 84' lang='grc' dir='ltr'>τοῦ</span> <span class='ocrx_word' id='word_1_283' title='bbox 1011 2746 1182 2802; x_wconf 88' lang='grc' dir='ltr'>νώτου</span> <span class='ocrx_word' id='word_1_284' title='bbox 1229 2748 1407 2802; x_wconf 84' lang='grc' dir='ltr'>αὐτῶν</span> <span class='ocrx_word' id='word_1_285' title='bbox 1453 2747 1552 2818; x_wconf 72' lang='grc' dir='ltr'>τὴν</span> <span class='ocrx_word' id='word_1_286' title='bbox 1598 2745 1856 2818; x_wconf 80' lang='grc' dir='ltr'>δευτέραν</span> 
     </span>
    </p>
   </div>
   <div class='ocr_carea' id='block_1_42' title="bbox 277 2831 1858 2905">
    <p class='ocr_par' dir='ltr' id='par_1_42' title="bbox 277 2831 1858 2905">
     <span class='ocr_line' id='line_1_42' title="bbox 277 2831 1858 2905; baseline 0.004 -23"><span class='ocrx_word' id='word_1_287' title='bbox 277 2831 429 2898; x_wconf 86' lang='grc' dir='ltr'>τάξιν</span> <span class='ocrx_word' id='word_1_288' title='bbox 471 2832 844 2900; x_wconf 69' lang='grc' dir='ltr'>ςυλάττουσαν</span> <span class='ocrx_word' id='word_1_289' title='bbox 891 2834 1108 2897; x_wconf 76' lang='grc' dir='ltr'>αὐτοὺς,</span> <span class='ocrx_word' id='word_1_290' title='bbox 1181 2834 1607 2905; x_wconf 84' lang='grc' dir='ltr'>προθυμοτέρως</span> <span class='ocrx_word' id='word_1_291' title='bbox 1653 2834 1858 2904; x_wconf 87' lang='grc' dir='ltr'>μάχον-</span> 
     </span>
    </p>
   </div>
   <div class='ocr_carea' id='block_1_43' title="bbox 278 2923 1857 2994">
    <p class='ocr_par' dir='ltr' id='par_1_43' title="bbox 278 2923 1857 2994">
     <span class='ocr_line' id='line_1_43' title="bbox 278 2923 1857 2994; baseline 0 -18"><span class='ocrx_word' id='word_1_292' title='bbox 278 2940 366 2976; x_wconf 91' lang='grc' dir='ltr'>ται</span> <span class='ocrx_word' id='word_1_293' title='bbox 400 2923 533 2993; x_wconf 80' lang='grc' dir='ltr'>πρδς</span> <span class='ocrx_word' id='word_1_294' title='bbox 562 2925 686 2986; x_wconf 79' lang='grc' dir='ltr'>τοὺς</span> <span class='ocrx_word' id='word_1_295' title='bbox 733 2923 1048 2994; x_wconf 87' lang='grc' dir='ltr'>πολεμίους.</span> <span class='ocrx_word' id='word_1_296' title='bbox 1109 2924 1340 2993; x_wconf 87' lang='grc' dir='ltr'>Ὁμοίως</span> <span class='ocrx_word' id='word_1_297' title='bbox 1386 2923 1442 2977; x_wconf 80' lang='grc' dir='ltr'>δὲ</span> <span class='ocrx_word' id='word_1_298' title='bbox 1475 2923 1662 2977; x_wconf 83' lang='grc' dir='ltr'>καὶτά</span> <span class='ocrx_word' id='word_1_299' title='bbox 1689 2924 1857 2994; x_wconf 78' lang='grc' dir='ltr'>ἄκρα,</span> 
     </span>
    </p>
   </div>
   <div class='ocr_carea' id='block_1_44' title="bbox 277 3014 1858 3086">
    <p class='ocr_par' dir='ltr' id='par_1_44' title="bbox 277 3014 1858 3086">
     <span class='ocr_line' id='line_1_44' title="bbox 277 3014 1858 3086; baseline 0 -19"><span class='ocrx_word' id='word_1_300' title='bbox 277 3015 444 3084; x_wconf 72' lang='grc' dir='ltr'>ἠγουν</span> <span class='ocrx_word' id='word_1_301' title='bbox 495 3015 563 3068; x_wconf 86' lang='grc' dir='ltr'>τά</span> <span class='ocrx_word' id='word_1_302' title='bbox 611 3014 759 3080; x_wconf 71' lang='grc' dir='ltr'>δεξιά</span> <span class='ocrx_word' id='word_1_303' title='bbox 818 3019 914 3070; x_wconf 73' lang='grc' dir='ltr'>καὶ</span> <span class='ocrx_word' id='word_1_304' title='bbox 957 3015 1026 3068; x_wconf 87' lang='grc' dir='ltr'>τά</span> <span class='ocrx_word' id='word_1_305' title='bbox 1074 3014 1334 3086; x_wconf 78' lang='grc' dir='ltr'>ἀριστερὰ</span> <span class='ocrx_word' id='word_1_306' title='bbox 1360 3014 1459 3083; x_wconf 83' lang='grc' dir='ltr'>τῆς</span> <span class='ocrx_word' id='word_1_307' title='bbox 1495 3014 1858 3083; x_wconf 86' lang='grc' dir='ltr'>παρατάξεως</span> 
     </span>
    </p>
   </div>
   <div class='ocr_carea' id='block_1_45' title="bbox 1885 1746 3530 1846">
    <p class='ocr_par' dir='ltr' id='par_1_45' title="bbox 1885 1746 3530 1846">
     <span class='ocr_line' id='line_1_45' title="bbox 1885 1746 3530 1846; baseline 0 -43"><span class='ocrx_word' id='word_1_308' title='bbox 1885 1789 1930 1846; x_wconf 68' lang='grc' dir='ltr'><strong><em>Β</em></strong></span> <span class='ocrx_word' id='word_1_309' title='bbox 1955 1747 2211 1804; x_wconf 82' lang='lat' dir='ltr'><strong>utilitatis</strong></span> <span class='ocrx_word' id='word_1_310' title='bbox 2242 1746 2439 1811; x_wconf 80' lang='lat' dir='ltr'><strong>habet‘,</strong></span> <span class='ocrx_word' id='word_1_311' title='bbox 2475 1747 2764 1805; x_wconf 89' lang='lat' dir='ltr'><strong>utilitatem</strong></span> <span class='ocrx_word' id='word_1_312' title='bbox 2811 1755 2998 1812; x_wconf 85' lang='lat' dir='ltr'><strong>autem</strong></span> <span class='ocrx_word' id='word_1_313' title='bbox 3030 1749 3237 1802; x_wconf 84' lang='lat' dir='ltr'><strong>nullam</strong></span> <span class='ocrx_word' id='word_1_314' title='bbox 3268 1749 3530 1804; x_wconf 86' lang='lat' dir='ltr'><strong>continet.</strong></span> 
     </span>
    </p>
   </div>
   <div class='ocr_carea' id='block_1_46' title="bbox 2031 1837 3534 1910">
    <p class='ocr_par' dir='ltr' id='par_1_46' title="bbox 2031 1837 3534 1910">
     <span class='ocr_line' id='line_1_46' title="bbox 2031 1837 3534 1910; baseline 0 -18"><span class='ocrx_word' id='word_1_315' title='bbox 2031 1838 2120 1895; x_wconf 79' lang='grc'>14.</span> <span class='ocrx_word' id='word_1_316' title='bbox 2158 1837 2401 1894; x_wconf 77' lang='lat' dir='ltr'><strong>Alterum</strong></span> <span class='ocrx_word' id='word_1_317' title='bbox 2435 1847 2618 1896; x_wconf 84' lang='lat' dir='ltr'><strong>autem</strong></span> <span class='ocrx_word' id='word_1_318' title='bbox 2643 1837 2947 1894; x_wconf 83' lang='lat' dir='ltr'><strong>subsidium</strong></span> <span class='ocrx_word' id='word_1_319' title='bbox 2980 1847 3084 1905; x_wconf 89' lang='lat' dir='ltr'><strong>est,</strong></span> <span class='ocrx_word' id='word_1_320' title='bbox 3116 1840 3260 1910; x_wconf 90' lang='lat' dir='ltr'><strong>quod</strong></span> <span class='ocrx_word' id='word_1_321' title='bbox 3292 1855 3405 1894; x_wconf 84' lang='lat' dir='ltr'>una</span> <span class='ocrx_word' id='word_1_322' title='bbox 3429 1839 3534 1893; x_wconf 88' lang='lat' dir='ltr'>hac</span> 
     </span>
    </p>
   </div>
   <div class='ocr_carea' id='block_1_47' title="bbox 1958 1927 3536 2001">
    <p class='ocr_par' dir='ltr' id='par_1_47' title="bbox 1958 1927 3536 2001">
     <span class='ocr_line' id='line_1_47' title="bbox 1958 1927 3536 2001; baseline 0 -17"><span class='ocrx_word' id='word_1_323' title='bbox 1958 1928 2222 1985; x_wconf 88' lang='lat' dir='ltr'><strong>instructa</strong></span> <span class='ocrx_word' id='word_1_324' title='bbox 2254 1928 2394 1994; x_wconf 83' lang='lat' dir='ltr'><strong>acie,</strong></span> <span class='ocrx_word' id='word_1_325' title='bbox 2427 1929 2496 1984; x_wconf 88' lang='lat' dir='ltr'>ad</span> <span class='ocrx_word' id='word_1_326' title='bbox 2526 1927 3048 1985; x_wconf 88' lang='lat' dir='ltr'><strong>circumfundendos</strong></span> <span class='ocrx_word' id='word_1_327' title='bbox 3076 1939 3240 2001; x_wconf 91' lang='lat' dir='ltr'><strong>atque</strong></span> <span class='ocrx_word' id='word_1_328' title='bbox 3273 1928 3536 1986; x_wconf 80' lang='lat' dir='ltr'><strong>interclu-</strong></span> 
     </span>
    </p>
   </div>
   <div class='ocr_carea' id='block_1_48' title="bbox 1957 2019 3532 2092">
    <p class='ocr_par' dir='ltr' id='par_1_48' title="bbox 1957 2019 3532 2092">
     <span class='ocr_line' id='line_1_48' title="bbox 1957 2019 3532 2092; baseline 0.003 -19"><span class='ocrx_word' id='word_1_329' title='bbox 1957 2019 2167 2076; x_wconf 85' lang='lat' dir='ltr'><strong>dendos</strong></span> <span class='ocrx_word' id='word_1_330' title='bbox 2189 2020 2373 2076; x_wconf 83' lang='lat' dir='ltr'><strong>hostes</strong></span> <span class='ocrx_word' id='word_1_331' title='bbox 2402 2021 2640 2091; x_wconf 87' lang='lat' dir='ltr'><strong>aptiores</strong></span> <span class='ocrx_word' id='word_1_332' title='bbox 2675 2030 2858 2086; x_wconf 83' lang='lat' dir='ltr'><strong>erunt,</strong></span> <span class='ocrx_word' id='word_1_333' title='bbox 2888 2021 2934 2076; x_wconf 89' lang='lat' dir='ltr'>si</span> <span class='ocrx_word' id='word_1_334' title='bbox 2958 2021 3010 2077; x_wconf 88' lang='lat' dir='ltr'>id</span> <span class='ocrx_word' id='word_1_335' title='bbox 3040 2021 3274 2078; x_wconf 77' lang='lat' dir='ltr'><strong>artificio</strong></span> <span class='ocrx_word' id='word_1_336' title='bbox 3296 2021 3532 2092; x_wconf 81' lang='lat' dir='ltr'><strong>quodam</strong></span> 
     </span>
    </p>
   </div>
   <div class='ocr_carea' id='block_1_49' title="bbox 1958 2112 2562 2170">
    <p class='ocr_par' dir='ltr' id='par_1_49' title="bbox 1958 2112 2562 2170">
     <span class='ocr_line' id='line_1_49' title="bbox 1958 2112 2562 2170; baseline 0.003 -4"><span class='ocrx_word' id='word_1_337' title='bbox 1958 2119 2012 2166; x_wconf 86' lang='lat' dir='ltr'>et</span> <span class='ocrx_word' id='word_1_338' title='bbox 2037 2126 2161 2167; x_wconf 90' lang='lat' dir='ltr'>cum</span> <span class='ocrx_word' id='word_1_339' title='bbox 2201 2112 2404 2170; x_wconf 89' lang='lat' dir='ltr'><strong>decoro</strong></span> <span class='ocrx_word' id='word_1_340' title='bbox 2440 2112 2562 2168; x_wconf 41' lang='lat' dir='ltr'><strong>fiatt</strong></span> 
     </span>
    </p>
   </div>
   <div class='ocr_carea' id='block_1_50' title="bbox 2031 2285 3536 2361">
    <p class='ocr_par' dir='ltr' id='par_1_50' title="bbox 2031 2285 3536 2361">
     <span class='ocr_line' id='line_1_50' title="bbox 2031 2285 3536 2361; baseline -0.005 -15"><span class='ocrx_word' id='word_1_341' title='bbox 2031 2289 2118 2346; x_wconf 76' lang='grc'>15.</span> <span class='ocrx_word' id='word_1_342' title='bbox 2161 2287 2446 2361; x_wconf 72' lang='lat' dir='ltr'><strong>Dupiicem</strong></span> <span class='ocrx_word' id='word_1_343' title='bbox 2467 2289 2736 2347; x_wconf 84' lang='lat' dir='ltr'><strong>instruere</strong></span> <span class='ocrx_word' id='word_1_344' title='bbox 2766 2289 2959 2355; x_wconf 86' lang='lat' dir='ltr'><strong>aciem,</strong></span> <span class='ocrx_word' id='word_1_345' title='bbox 2991 2295 3050 2342; x_wconf 88' lang='lat' dir='ltr'>ut</span> <span class='ocrx_word' id='word_1_346' title='bbox 3080 2301 3194 2347; x_wconf 83' lang='lat' dir='ltr'>una</span> <span class='ocrx_word' id='word_1_347' title='bbox 3215 2285 3372 2344; x_wconf 80' lang='lat' dir='ltr'><strong>alteri</strong></span> <span class='ocrx_word' id='word_1_348' title='bbox 3404 2285 3536 2340; x_wconf 86' lang='lat' dir='ltr'><strong>sub-</strong></span> 
     </span>
    </p>
   </div>
   <div class='ocr_carea' id='block_1_51' title="bbox 1959 2375 3532 2452">
    <p class='ocr_par' dir='ltr' id='par_1_51' title="bbox 1959 2375 3532 2452">
     <span class='ocr_line' id='line_1_51' title="bbox 1959 2375 3532 2452; baseline -0.003 -17"><span class='ocrx_word' id='word_1_349' title='bbox 1959 2379 2104 2436; x_wconf 89' lang='lat' dir='ltr'><strong>sidio</strong></span> <span class='ocrx_word' id='word_1_350' title='bbox 2125 2395 2245 2435; x_wconf 86' lang='lat' dir='ltr'><strong>esse</strong></span> <span class='ocrx_word' id='word_1_351' title='bbox 2280 2381 2475 2450; x_wconf 88' lang='lat' dir='ltr'><strong>possit,</strong></span> <span class='ocrx_word' id='word_1_352' title='bbox 2503 2388 2769 2451; x_wconf 86' lang='lat' dir='ltr'><strong>quantum</strong></span> <span class='ocrx_word' id='word_1_353' title='bbox 2805 2381 3048 2435; x_wconf 89' lang='lat' dir='ltr'><strong>humano</strong></span> <span class='ocrx_word' id='word_1_354' title='bbox 3075 2377 3284 2448; x_wconf 85' lang='lat' dir='ltr'><strong>judicio</strong></span> <span class='ocrx_word' id='word_1_355' title='bbox 3324 2375 3532 2452; x_wconf 83' lang='lat' dir='ltr'><strong>percipi</strong></span> 
     </span>
    </p>
   </div>
   <div class='ocr_carea' id='block_1_52' title="bbox 1959 2468 3534 2548">
    <p class='ocr_par' dir='ltr' id='par_1_52' title="bbox 1959 2468 3534 2548">
     <span class='ocr_line' id='line_1_52' title="bbox 1959 2468 3534 2548; baseline -0.002 -24"><span class='ocrx_word' id='word_1_356' title='bbox 1959 2479 2158 2548; x_wconf 84' lang='lat' dir='ltr'><strong>potest,</strong></span> <span class='ocrx_word' id='word_1_357' title='bbox 2189 2471 2360 2526; x_wconf 86' lang='lat' dir='ltr'><strong>multa</strong></span> <span class='ocrx_word' id='word_1_358' title='bbox 2387 2480 2440 2526; x_wconf 89' lang='lat' dir='ltr'>et</span> <span class='ocrx_word' id='word_1_359' title='bbox 2470 2486 2668 2542; x_wconf 82' lang='lat' dir='ltr'><strong>magna</strong></span> <span class='ocrx_word' id='word_1_360' title='bbox 2695 2480 2750 2527; x_wconf 90' lang='lat' dir='ltr'>et</span> <span class='ocrx_word' id='word_1_361' title='bbox 2774 2470 3031 2540; x_wconf 76' lang='lat' dir='ltr'><strong>prteclara</strong></span> <span class='ocrx_word' id='word_1_362' title='bbox 3060 2471 3200 2526; x_wconf 86' lang='lat' dir='ltr'><strong>bona</strong></span> <span class='ocrx_word' id='word_1_363' title='bbox 3230 2468 3285 2523; x_wconf 93' lang='lat' dir='ltr'>in</span> <span class='ocrx_word' id='word_1_364' title='bbox 3313 2482 3372 2525; x_wconf 89' lang='lat' dir='ltr'>se</span> <span class='ocrx_word' id='word_1_365' title='bbox 3401 2482 3534 2524; x_wconf 88' lang='lat' dir='ltr'><strong>coa-</strong></span> 
     </span>
    </p>
   </div>
   <div class='ocr_carea' id='block_1_53' title="bbox 1961 2559 3535 2632">
    <p class='ocr_par' dir='ltr' id='par_1_53' title="bbox 1961 2559 3535 2632">
     <span class='ocr_line' id='line_1_53' title="bbox 1961 2559 3535 2632; baseline 0.004 -20"><span class='ocrx_word' id='word_1_366' title='bbox 1961 2559 2117 2614; x_wconf 89' lang='lat' dir='ltr'><strong>tinet.</strong></span> <span class='ocrx_word' id='word_1_367' title='bbox 2158 2559 2237 2616; x_wconf 77' lang='lat' dir='ltr'><strong>Ac</strong></span> <span class='ocrx_word' id='word_1_368' title='bbox 2276 2561 2511 2632; x_wconf 89' lang='lat' dir='ltr'><strong>primum</strong></span> <span class='ocrx_word' id='word_1_369' title='bbox 2553 2576 2686 2617; x_wconf 86' lang='lat' dir='ltr'><strong>sane</strong></span> <span class='ocrx_word' id='word_1_370' title='bbox 2715 2570 2818 2628; x_wconf 86' lang='lat' dir='ltr'><strong>est,</strong></span> <span class='ocrx_word' id='word_1_371' title='bbox 2851 2559 2995 2631; x_wconf 88' lang='lat' dir='ltr'><strong>quod</strong></span> <span class='ocrx_word' id='word_1_372' title='bbox 3027 2560 3203 2630; x_wconf 86' lang='lat' dir='ltr'><strong>prima</strong></span> <span class='ocrx_word' id='word_1_373' title='bbox 3241 2559 3388 2616; x_wconf 87' lang='lat' dir='ltr'><strong>acies</strong></span> <span class='ocrx_word' id='word_1_374' title='bbox 3412 2571 3535 2618; x_wconf 83' lang='lat' dir='ltr'>cum</span> 
     </span>
    </p>
   </div>
   <div class='ocr_carea' id='block_1_54' title="bbox 1956 2646 3538 2722">
    <p class='ocr_par' dir='ltr' id='par_1_54' title="bbox 1956 2646 3538 2722">
     <span class='ocr_line' id='line_1_54' title="bbox 1956 2646 3538 2722; baseline 0 -18"><span class='ocrx_word' id='word_1_375' title='bbox 1956 2646 2244 2707; x_wconf 66' lang='lat' dir='ltr'><strong>‘alterama</strong></span> <span class='ocrx_word' id='word_1_376' title='bbox 2285 2663 2436 2722; x_wconf 79' lang='lat' dir='ltr'><strong>tergo</strong></span> <span class='ocrx_word' id='word_1_377' title='bbox 2481 2652 2864 2708; x_wconf 85' lang='lat' dir='ltr'><strong>subsidiariam</strong></span> <span class='ocrx_word' id='word_1_378' title='bbox 2894 2651 3078 2716; x_wconf 88' lang='lat' dir='ltr'><strong>habet,</strong></span> <span class='ocrx_word' id='word_1_379' title='bbox 3131 2649 3326 2706; x_wconf 88' lang='lat' dir='ltr'><strong>fortius</strong></span> <span class='ocrx_word' id='word_1_380' title='bbox 3373 2660 3538 2719; x_wconf 87' lang='lat' dir='ltr'><strong>atque</strong></span> 
     </span>
    </p>
   </div>
   <div class='ocr_carea' id='block_1_55' title="bbox 1962 2741 3537 2800">
    <p class='ocr_par' dir='ltr' id='par_1_55' title="bbox 1962 2741 3537 2800">
     <span class='ocr_line' id='line_1_55' title="bbox 1962 2741 3537 2800; baseline -0.002 -4"><span class='ocrx_word' id='word_1_381' title='bbox 1962 2742 2200 2799; x_wconf 87' lang='lat' dir='ltr'><strong>alacrius</strong></span> <span class='ocrx_word' id='word_1_382' title='bbox 2222 2758 2345 2799; x_wconf 93' lang='lat' dir='ltr'>cum</span> <span class='ocrx_word' id='word_1_383' title='bbox 2376 2743 2625 2800; x_wconf 85' lang='lat' dir='ltr'><strong>hostibus</strong></span> <span class='ocrx_word' id='word_1_384' title='bbox 2648 2743 2890 2799; x_wconf 85' lang='lat' dir='ltr'><strong>dimicat.</strong></span> <span class='ocrx_word' id='word_1_385' title='bbox 2914 2741 3119 2797; x_wconf 83' lang='lat' dir='ltr'><strong>Deinde</strong></span> <span class='ocrx_word' id='word_1_386' title='bbox 3141 2749 3400 2796; x_wconf 79' lang='lat' dir='ltr'><strong>extremae</strong></span> <span class='ocrx_word' id='word_1_387' title='bbox 3426 2752 3537 2794; x_wconf 76' lang='lat' dir='ltr'><strong>ora:</strong></span> 
     </span>
    </p>
   </div>
   <div class='ocr_carea' id='block_1_56' title="bbox 1964 2830 3534 2901">
    <p class='ocr_par' dir='ltr' id='par_1_56' title="bbox 1964 2830 3534 2901">
     <span class='ocr_line' id='line_1_56' title="bbox 1964 2830 3534 2901; baseline -0.001 -15"><span class='ocrx_word' id='word_1_388' title='bbox 1964 2840 2081 2887; x_wconf 91' lang='lat' dir='ltr'>tum</span> <span class='ocrx_word' id='word_1_389' title='bbox 2104 2832 2328 2898; x_wconf 58' lang='lat' dir='ltr'><strong>dextras,</strong></span> <span class='ocrx_word' id='word_1_390' title='bbox 2354 2841 2466 2889; x_wconf 92' lang='lat' dir='ltr'>tum</span> <span class='ocrx_word' id='word_1_391' title='bbox 2488 2833 2745 2901; x_wconf 75' lang='lat' dir='ltr'><strong>sinistrae,</strong></span> <span class='ocrx_word' id='word_1_392' title='bbox 2766 2833 3028 2888; x_wconf 82' lang='lat' dir='ltr'><strong>laterariis</strong></span> <span class='ocrx_word' id='word_1_393' title='bbox 3045 2831 3301 2895; x_wconf 65' lang='lat' dir='ltr'><strong>defensat,</strong></span> <span class='ocrx_word' id='word_1_394' title='bbox 3327 2830 3534 2900; x_wconf 70' lang='lat' dir='ltr'><strong>majore</strong></span> 
     </span>
    </p>
   </div>
   <div class='ocr_carea' id='block_1_57' title="bbox 1966 2918 3537 2995">
    <p class='ocr_par' dir='ltr' id='par_1_57' title="bbox 1966 2918 3537 2995">
     <span class='ocr_line' id='line_1_57' title="bbox 1966 2918 3537 2995; baseline 0.001 -19"><span class='ocrx_word' id='word_1_395' title='bbox 1966 2918 2090 2976; x_wconf 88' lang='lat' dir='ltr'>cum</span> <span class='ocrx_word' id='word_1_396' title='bbox 2132 2924 2318 2979; x_wconf 90' lang='lat' dir='ltr'><strong>animo</strong></span> <span class='ocrx_word' id='word_1_397' title='bbox 2367 2938 2432 2979; x_wconf 86' lang='lat' dir='ltr'>ac</span> <span class='ocrx_word' id='word_1_398' title='bbox 2467 2925 2766 2995; x_wconf 87' lang='lat' dir='ltr'><strong>cupiditate</strong></span> <span class='ocrx_word' id='word_1_399' title='bbox 2803 2924 2939 2979; x_wconf 85' lang='lat' dir='ltr'><strong>bella</strong></span> <span class='ocrx_word' id='word_1_400' title='bbox 2985 2933 3199 2994; x_wconf 81' lang='lat' dir='ltr'><strong>gerunt.</strong></span> <span class='ocrx_word' id='word_1_401' title='bbox 3241 2923 3537 2979; x_wconf 69' lang='lat' dir='ltr'><strong>Maximum</strong></span> 
     </span>
    </p>
   </div>
   <div class='ocr_carea' id='block_1_58' title="bbox 1965 3013 3540 3090">
    <p class='ocr_par' dir='ltr' id='par_1_58' title="bbox 1965 3013 3540 3090">
     <span class='ocr_line' id='line_1_58' title="bbox 1965 3013 3540 3090; baseline 0.002 -25"><span class='ocrx_word' id='word_1_402' title='bbox 1965 3021 2147 3066; x_wconf 89' lang='lat' dir='ltr'><strong>autem</strong></span> <span class='ocrx_word' id='word_1_403' title='bbox 2190 3013 2498 3070; x_wconf 87' lang='lat' dir='ltr'><strong>subsidium</strong></span> <span class='ocrx_word' id='word_1_404' title='bbox 2528 3024 2656 3090; x_wconf 86' lang='lat' dir='ltr'><strong>est,</strong></span> <span class='ocrx_word' id='word_1_405' title='bbox 2694 3014 2838 3084; x_wconf 87' lang='lat' dir='ltr'><strong>quod</strong></span> <span class='ocrx_word' id='word_1_406' title='bbox 2882 3015 3120 3070; x_wconf 87' lang='lat' dir='ltr'><strong>secunda</strong></span> <span class='ocrx_word' id='word_1_407' title='bbox 3161 3015 3276 3069; x_wconf 89' lang='lat' dir='ltr'><strong>acie</strong></span> <span class='ocrx_word' id='word_1_408' title='bbox 3314 3030 3344 3068; x_wconf 91' lang='lat' dir='ltr'>a</span> <span class='ocrx_word' id='word_1_409' title='bbox 3387 3024 3540 3085; x_wconf 86' lang='lat' dir='ltr'><strong>tergo</strong></span> 
     </span>
    </p>
   </div>
   <div class='ocr_carea' id='block_1_59' title="bbox 279 3102 1856 3191">
    <p class='ocr_par' dir='ltr' id='par_1_59' title="bbox 279 3102 1856 3176">
     <span class='ocr_line' id='line_1_59' title="bbox 279 3102 1856 3176; baseline -0.001 -19"><span class='ocrx_word' id='word_1_410' title='bbox 279 3104 370 3157; x_wconf 81' lang='grc' dir='ltr'>διὰ</span> <span class='ocrx_word' id='word_1_411' title='bbox 399 3104 508 3158; x_wconf 85' lang='grc' dir='ltr'>τῶν</span> <span class='ocrx_word' id='word_1_412' title='bbox 549 3104 1007 3174; x_wconf 81' lang='grc' dir='ltr'>πλαγιοφυλάκων</span> <span class='ocrx_word' id='word_1_413' title='bbox 1044 3105 1422 3176; x_wconf 76' lang='grc' dir='ltr'>φυλαττόμενα</span> <span class='ocrx_word' id='word_1_414' title='bbox 1463 3102 1680 3172; x_wconf 73' lang='grc' dir='ltr'>ἀφόϐως</span> <span class='ocrx_word' id='word_1_415' title='bbox 1722 3103 1856 3174; x_wconf 79' lang='grc' dir='ltr'>πρὸς</span> 
     </span>
    </p>
   </div>
   <div class='ocr_carea' id='block_1_60' title="bbox 1958 3102 3535 3191">
    <p class='ocr_par' dir='ltr' id='par_1_60' title="bbox 1967 3103 3535 3178">
     <span class='ocr_line' id='line_1_60' title="bbox 1967 3103 3535 3178; baseline 0.004 -22"><span class='ocrx_word' id='word_1_416' title='bbox 1967 3103 2258 3171; x_wconf 81' lang='lat' dir='ltr'><strong>instructa,</strong></span> <span class='ocrx_word' id='word_1_417' title='bbox 2293 3105 2385 3175; x_wconf 88' lang='lat' dir='ltr'>qui</span> <span class='ocrx_word' id='word_1_418' title='bbox 2417 3105 2472 3161; x_wconf 90' lang='lat' dir='ltr'>in</span> <span class='ocrx_word' id='word_1_419' title='bbox 2512 3108 2690 3178; x_wconf 89' lang='lat' dir='ltr'><strong>prima</strong></span> <span class='ocrx_word' id='word_1_420' title='bbox 2721 3106 2840 3161; x_wconf 85' lang='lat' dir='ltr'><strong>acie</strong></span> <span class='ocrx_word' id='word_1_421' title='bbox 2867 3107 3158 3163; x_wconf 89' lang='lat' dir='ltr'><strong>stationem</strong></span> <span class='ocrx_word' id='word_1_422' title='bbox 3190 3122 3345 3162; x_wconf 91' lang='lat' dir='ltr'><strong>suam</strong></span> <span class='ocrx_word' id='word_1_423' title='bbox 3377 3106 3535 3162; x_wconf 86' lang='lat' dir='ltr'><strong>dese-</strong></span> 
     </span>
    </p>
   </div>
   <div class='ocr_carea' id='block_1_61' title="bbox 281 3193 1856 3268">
    <p class='ocr_par' dir='ltr' id='par_1_61' title="bbox 281 3193 1856 3268">
     <span class='ocr_line' id='line_1_61' title="bbox 281 3193 1856 3268; baseline 0 -20"><span class='ocrx_word' id='word_1_424' title='bbox 281 3195 407 3258; x_wconf 80' lang='grc' dir='ltr'>τοὺς</span> <span class='ocrx_word' id='word_1_425' title='bbox 428 3195 734 3268; x_wconf 75' lang='grc' dir='ltr'>ἔμπροσθεν</span> <span class='ocrx_word' id='word_1_426' title='bbox 779 3193 1096 3264; x_wconf 80' lang='grc' dir='ltr'>πολεμοῦσι.</span> <span class='ocrx_word' id='word_1_427' title='bbox 1129 3197 1204 3250; x_wconf 79' lang='grc' dir='ltr'>Τὸ</span> <span class='ocrx_word' id='word_1_428' title='bbox 1232 3196 1288 3250; x_wconf 82' lang='grc' dir='ltr'>δὲ</span> <span class='ocrx_word' id='word_1_429' title='bbox 1320 3196 1479 3250; x_wconf 80' lang='grc' dir='ltr'>πλέον</span> <span class='ocrx_word' id='word_1_430' title='bbox 1505 3194 1856 3268; x_wconf 83' lang='grc' dir='ltr'>προτέρημα,</span> 
     </span>
    </p>
   </div>
   <div class='ocr_carea' id='block_1_62' title="bbox 284 3285 1860 3360">
    <p class='ocr_par' dir='ltr' id='par_1_62' title="bbox 284 3285 1860 3360">
     <span class='ocr_line' id='line_1_62' title="bbox 284 3285 1860 3360; baseline 0 -20"><span class='ocrx_word' id='word_1_431' title='bbox 284 3287 369 3340; x_wconf 78' lang='grc' dir='ltr'>ὅτι</span> <span class='ocrx_word' id='word_1_432' title='bbox 398 3287 497 3358; x_wconf 83' lang='grc' dir='ltr'>τῆς</span> <span class='ocrx_word' id='word_1_433' title='bbox 527 3287 787 3360; x_wconf 83' lang='grc' dir='ltr'>δευτέρας</span> <span class='ocrx_word' id='word_1_434' title='bbox 821 3288 1181 3360; x_wconf 86' lang='grc' dir='ltr'>παρατάξεως</span> <span class='ocrx_word' id='word_1_435' title='bbox 1203 3286 1426 3345; x_wconf 76' lang='grc' dir='ltr'>ὄπισθεν</span> <span class='ocrx_word' id='word_1_436' title='bbox 1450 3285 1616 3358; x_wconf 74' lang='grc' dir='ltr'>οὔσης</span> <span class='ocrx_word' id='word_1_437' title='bbox 1653 3288 1700 3340; x_wconf 77' lang='lat' dir='ltr'>oi</span> <span class='ocrx_word' id='word_1_438' title='bbox 1730 3286 1860 3341; x_wconf 65' lang='grc' dir='ltr'>πολι</span> 
     </span>
    </p>
   </div>
   <div class='ocr_carea' id='block_1_63' title="bbox 281 3375 1859 3452">
    <p class='ocr_par' dir='ltr' id='par_1_63' title="bbox 281 3375 1859 3452">
     <span class='ocr_line' id='line_1_63' title="bbox 281 3375 1859 3452; baseline 0 -22"><span class='ocrx_word' id='word_1_439' title='bbox 281 3375 437 3442; x_wconf 85' lang='grc' dir='ltr'>λάκις</span> <span class='ocrx_word' id='word_1_440' title='bbox 491 3378 936 3444; x_wconf 81' lang='grc' dir='ltr'>λιποτακτοῦντες</span> <span class='ocrx_word' id='word_1_441' title='bbox 983 3381 1040 3436; x_wconf 83' lang='grc' dir='ltr'>ὲν</span> <span class='ocrx_word' id='word_1_442' title='bbox 1092 3381 1157 3452; x_wconf 80' lang='grc' dir='ltr'>τῇ</span> <span class='ocrx_word' id='word_1_443' title='bbox 1209 3379 1400 3450; x_wconf 76' lang='grc' dir='ltr'>πρώτῃ</span> <span class='ocrx_word' id='word_1_444' title='bbox 1451 3377 1750 3450; x_wconf 77' lang='grc' dir='ltr'>παρατάξει</span> <span class='ocrx_word' id='word_1_445' title='bbox 1796 3379 1859 3432; x_wconf 74' lang='grc' dir='ltr'>οὗ</span> 
     </span>
    </p>
   </div>
   <div class='ocr_carea' id='block_1_64' title="bbox 1965 3194 3535 3266">
    <p class='ocr_par' dir='ltr' id='par_1_64' title="bbox 1965 3194 3535 3266">
     <span class='ocr_line' id='line_1_64' title="bbox 1965 3194 3535 3266; baseline 0.002 -19"><span class='ocrx_word' id='word_1_446' title='bbox 1965 3202 2125 3260; x_wconf 86' lang='lat' dir='ltr'><strong>runt,</strong></span> <span class='ocrx_word' id='word_1_447' title='bbox 2179 3194 2236 3250; x_wconf 91' lang='lat' dir='ltr'>in</span> <span class='ocrx_word' id='word_1_448' title='bbox 2282 3194 2464 3266; x_wconf 87' lang='lat' dir='ltr'><strong>fugam</strong></span> <span class='ocrx_word' id='word_1_449' title='bbox 2515 3213 2623 3256; x_wconf 89' lang='lat' dir='ltr'>non</span> <span class='ocrx_word' id='word_1_450' title='bbox 2671 3204 2986 3266; x_wconf 91' lang='lat' dir='ltr'><strong>vertuntur,</strong></span> <span class='ocrx_word' id='word_1_451' title='bbox 3037 3196 3194 3252; x_wconf 80' lang='lat' dir='ltr'><strong>veriti</strong></span> <span class='ocrx_word' id='word_1_452' title='bbox 3237 3196 3535 3251; x_wconf 86' lang='lat' dir='ltr'><strong>secundam</strong></span> 
     </span>
    </p>
   </div>
   <div class='ocr_carea' id='block_1_65' title="bbox 1966 3286 3536 3359">
    <p class='ocr_par' dir='ltr' id='par_1_65' title="bbox 1966 3286 3536 3359">
     <span class='ocr_line' id='line_1_65' title="bbox 1966 3286 3536 3359; baseline 0.001 -20"><span class='ocrx_word' id='word_1_453' title='bbox 1966 3286 2164 3351; x_wconf 88' lang='lat' dir='ltr'><strong>aciem,</strong></span> <span class='ocrx_word' id='word_1_454' title='bbox 2193 3294 2248 3342; x_wconf 87' lang='lat' dir='ltr'>et</span> <span class='ocrx_word' id='word_1_455' title='bbox 2288 3287 2655 3359; x_wconf 88' lang='lat' dir='ltr'><strong>suspicionem</strong></span> <span class='ocrx_word' id='word_1_456' title='bbox 2684 3288 2911 3359; x_wconf 62' lang='lat' dir='ltr'><strong>ignaviae</strong></span> <span class='ocrx_word' id='word_1_457' title='bbox 2942 3287 3228 3345; x_wconf 85' lang='lat' dir='ltr'><strong>timentes:</strong></span> <span class='ocrx_word' id='word_1_458' title='bbox 3263 3288 3366 3344; x_wconf 90' lang='lat' dir='ltr'>hoc</span> <span class='ocrx_word' id='word_1_459' title='bbox 3390 3286 3536 3343; x_wconf 88' lang='lat' dir='ltr'><strong>enim</strong></span> 
     </span>
    </p>
   </div>
   <div class='ocr_carea' id='block_1_66' title="bbox 1967 3379 3006 3450">
    <p class='ocr_par' dir='ltr' id='par_1_66' title="bbox 1967 3379 3006 3450">
     <span class='ocr_line' id='line_1_66' title="bbox 1967 3379 3006 3450; baseline 0.003 -18"><span class='ocrx_word' id='word_1_460' title='bbox 1967 3394 2220 3450; x_wconf 83' lang='lat' dir='ltr'><strong>magnam</strong></span> <span class='ocrx_word' id='word_1_461' title='bbox 2247 3381 2534 3442; x_wconf 88' lang='lat' dir='ltr'><strong>utilitatem</strong></span> <span class='ocrx_word' id='word_1_462' title='bbox 2567 3383 2622 3438; x_wconf 90' lang='lat' dir='ltr'>in</span> <span class='ocrx_word' id='word_1_463' title='bbox 2654 3380 2797 3437; x_wconf 87' lang='lat' dir='ltr'><strong>bello</strong></span> <span class='ocrx_word' id='word_1_464' title='bbox 2830 3379 3006 3436; x_wconf 71' lang='lat' dir='ltr'><strong>affert.</strong></span> 
     </span>
    </p>
   </div>
   <div class='ocr_carea' id='block_1_67' title="bbox 283 3465 3543 3541">
    <p class='ocr_par' dir='ltr' id='par_1_67' title="bbox 283 3465 3543 3541">
     <span class='ocr_line' id='line_1_67' title="bbox 283 3465 3543 3541; baseline 0 -18"><span class='ocrx_word' id='word_1_465' title='bbox 283 3468 594 3536; x_wconf 69' lang='grc' dir='ltr'>τρέπονται,</span> <span class='ocrx_word' id='word_1_466' title='bbox 623 3470 698 3533; x_wconf 88' lang='grc' dir='ltr'>ὡς</span> <span class='ocrx_word' id='word_1_467' title='bbox 724 3471 934 3541; x_wconf 77' lang='grc' dir='ltr'>ἔτυχεν,</span> <span class='ocrx_word' id='word_1_468' title='bbox 967 3469 1076 3526; x_wconf 75' lang='grc' dir='ltr'>ὑπὸ</span> <span class='ocrx_word' id='word_1_469' title='bbox 1097 3469 1206 3521; x_wconf 89' lang='grc' dir='ltr'>τῶν</span> <span class='ocrx_word' id='word_1_470' title='bbox 1231 3467 1453 3521; x_wconf 78' lang='grc' dir='ltr'>ὄπισθεν</span> <span class='ocrx_word' id='word_1_471' title='bbox 1481 3467 1658 3522; x_wconf 81' lang='grc' dir='ltr'>αὐτῶν</span> <span class='ocrx_word' id='word_1_472' title='bbox 1676 3465 2102 3537; x_wconf 74' lang='grc' dir='ltr'>ὑποπτευόμενοι</span> <span class='ocrx_word' id='word_1_473' title='bbox 2131 3485 2144 3498; x_wconf 95' lang='grc'><strong>·</strong></span> <span class='ocrx_word' id='word_1_474' title='bbox 2205 3469 2368 3524; x_wconf 75' lang='grc' dir='ltr'>τοῦτο</span> <span class='ocrx_word' id='word_1_475' title='bbox 2440 3469 2550 3539; x_wconf 79' lang='grc' dir='ltr'>γὰρ</span> <span class='ocrx_word' id='word_1_476' title='bbox 2609 3469 2704 3524; x_wconf 83' lang='grc' dir='ltr'>καὶ</span> <span class='ocrx_word' id='word_1_477' title='bbox 2767 3468 3014 3541; x_wconf 81' lang='grc' dir='ltr'>μεγάλην</span> <span class='ocrx_word' id='word_1_478' title='bbox 3061 3469 3331 3540; x_wconf 83' lang='grc' dir='ltr'>ὠφέλειαν</span> <span class='ocrx_word' id='word_1_479' title='bbox 3395 3471 3543 3525; x_wconf 83' lang='grc' dir='ltr'>ποιεῖ</span> 
     </span>
    </p>
   </div>
   <div class='ocr_carea' id='block_1_68' title="bbox 285 3565 554 3640">
    <p class='ocr_par' dir='ltr' id='par_1_68' title="bbox 285 3565 554 3640">
     <span class='ocr_line' id='line_1_68' title="bbox 285 3565 554 3640; baseline 0.019 -4"><span class='ocrx_word' id='word_1_480' title='bbox 285 3565 351 3636; x_wconf 63' lang='grc' dir='ltr'>τῇ</span> <span class='ocrx_word' id='word_1_481' title='bbox 387 3567 554 3640; x_wconf 72' lang='grc' dir='ltr'>μάχῃ-</span> 
     </span>
    </p>
   </div>
   <div class='ocr_carea' id='block_1_69' title="bbox 357 3658 1854 3731">
    <p class='ocr_par' dir='ltr' id='par_1_69' title="bbox 357 3658 1854 3731">
     <span class='ocr_line' id='line_1_69' title="bbox 357 3658 1854 3731; baseline 0.001 -20"><span class='ocrx_word' id='word_1_482' title='bbox 357 3664 452 3725; x_wconf 83' lang='grc' dir='ltr'>ις¹.</span> <span class='ocrx_word' id='word_1_483' title='bbox 486 3660 595 3715; x_wconf 71' lang='grc' dir='ltr'>Καὶ</span> <span class='ocrx_word' id='word_1_484' title='bbox 622 3658 872 3731; x_wconf 78' lang='grc' dir='ltr'>ἐνκαιρῷ</span> <span class='ocrx_word' id='word_1_485' title='bbox 914 3659 970 3713; x_wconf 80' lang='grc' dir='ltr'>δὲ</span> <span class='ocrx_word' id='word_1_486' title='bbox 1019 3659 1249 3731; x_wconf 81' lang='grc' dir='ltr'>τροπῆς,</span> <span class='ocrx_word' id='word_1_487' title='bbox 1300 3660 1375 3724; x_wconf 86' lang='grc' dir='ltr'>ώς</span> <span class='ocrx_word' id='word_1_488' title='bbox 1425 3659 1688 3725; x_wconf 76' lang='grc' dir='ltr'>πολλάκις</span> <span class='ocrx_word' id='word_1_489' title='bbox 1713 3677 1854 3730; x_wconf 79' lang='grc' dir='ltr'>συμο</span> 
     </span>
    </p>
   </div>
   <div class='ocr_carea' id='block_1_70' title="bbox 287 3748 1858 3824">
    <p class='ocr_par' dir='ltr' id='par_1_70' title="bbox 287 3748 1858 3824">
     <span class='ocr_line' id='line_1_70' title="bbox 287 3748 1858 3824; baseline 0.001 -18"><span class='ocrx_word' id='word_1_490' title='bbox 287 3749 457 3806; x_wconf 67' lang='grc' dir='ltr'>σαίνει</span> <span class='ocrx_word' id='word_1_491' title='bbox 481 3753 547 3820; x_wconf 81' lang='grc' dir='ltr'>τῇ</span> <span class='ocrx_word' id='word_1_492' title='bbox 585 3748 775 3822; x_wconf 78' lang='grc' dir='ltr'>πρώτῃ</span> <span class='ocrx_word' id='word_1_493' title='bbox 829 3751 1002 3816; x_wconf 85' lang='grc' dir='ltr'>τάξει,</span> <span class='ocrx_word' id='word_1_494' title='bbox 1033 3752 1239 3820; x_wconf 82' lang='grc' dir='ltr'>γίνεται</span> <span class='ocrx_word' id='word_1_495' title='bbox 1273 3755 1305 3822; x_wconf 81' lang='grc' dir='ltr'>ἡ</span> <span class='ocrx_word' id='word_1_496' title='bbox 1347 3753 1576 3824; x_wconf 75' lang='grc' dir='ltr'>δευτέρα</span> <span class='ocrx_word' id='word_1_497' title='bbox 1603 3755 1682 3819; x_wconf 83' lang='grc' dir='ltr'>είς</span> <span class='ocrx_word' id='word_1_498' title='bbox 1708 3753 1858 3808; x_wconf 87' lang='grc' dir='ltr'>ἀντί-</span> 
     </span>
    </p>
   </div>
   <div class='ocr_carea' id='block_1_71' title="bbox 286 3840 1858 3914">
    <p class='ocr_par' dir='ltr' id='par_1_71' title="bbox 286 3840 1858 3914">
     <span class='ocr_line' id='line_1_71' title="bbox 286 3840 1858 3914; baseline 0.003 -20"><span class='ocrx_word' id='word_1_499' title='bbox 286 3840 450 3912; x_wconf 82' lang='grc' dir='ltr'>ληψιν</span> <span class='ocrx_word' id='word_1_500' title='bbox 488 3841 585 3898; x_wconf 76' lang='grc' dir='ltr'>καὶ</span> <span class='ocrx_word' id='word_1_501' title='bbox 641 3841 986 3914; x_wconf 77' lang='grc' dir='ltr'>καταφυγὴν,</span> <span class='ocrx_word' id='word_1_502' title='bbox 1039 3843 1161 3897; x_wconf 86' lang='grc' dir='ltr'>ὅθεν</span> <span class='ocrx_word' id='word_1_503' title='bbox 1208 3843 1372 3898; x_wconf 82' lang='grc' dir='ltr'>πάλιν</span> <span class='ocrx_word' id='word_1_504' title='bbox 1407 3844 1629 3898; x_wconf 81' lang='grc' dir='ltr'>δυνατὸν</span> <span class='ocrx_word' id='word_1_505' title='bbox 1654 3846 1858 3910; x_wconf 79' lang='grc' dir='ltr'>αὐτοὺς</span> 
     </span>
    </p>
   </div>
   <div class='ocr_carea' id='block_1_72' title="bbox 287 3928 1857 4005">
    <p class='ocr_par' dir='ltr' id='par_1_72' title="bbox 287 3928 1857 4005">
     <span class='ocr_line' id='line_1_72' title="bbox 287 3928 1857 4005; baseline 0.005 -22"><span class='ocrx_word' id='word_1_506' title='bbox 287 3928 672 3983; x_wconf 81' lang='grc' dir='ltr'>ἀνακαλεῖσθαι</span> <span class='ocrx_word' id='word_1_507' title='bbox 694 3929 1087 4003; x_wconf 79' lang='grc' dir='ltr'>βοηθουμένους</span> <span class='ocrx_word' id='word_1_508' title='bbox 1112 3932 1217 3987; x_wconf 82' lang='grc' dir='ltr'>ὑπὸ</span> <span class='ocrx_word' id='word_1_509' title='bbox 1243 3935 1342 4004; x_wconf 75' lang='grc' dir='ltr'>τῆς</span> <span class='ocrx_word' id='word_1_510' title='bbox 1357 3933 1615 4005; x_wconf 81' lang='grc' dir='ltr'>δευτέρας</span> <span class='ocrx_word' id='word_1_511' title='bbox 1630 3935 1857 4002; x_wconf 85' lang='grc' dir='ltr'>τάξεως,</span> 
     </span>
    </p>
   </div>
   <div class='ocr_carea' id='block_1_73' title="bbox 290 4021 1859 4099">
    <p class='ocr_par' dir='ltr' id='par_1_73' title="bbox 290 4021 1859 4099">
     <span class='ocr_line' id='line_1_73' title="bbox 290 4021 1859 4099; baseline 0.006 -27"><span class='ocrx_word' id='word_1_512' title='bbox 290 4021 385 4073; x_wconf 71' lang='grc' dir='ltr'>καὶ</span> <span class='ocrx_word' id='word_1_513' title='bbox 407 4021 546 4076; x_wconf 84' lang='grc' dir='ltr'>κατά</span> <span class='ocrx_word' id='word_1_514' title='bbox 565 4021 676 4075; x_wconf 91' lang='grc' dir='ltr'>τῶν</span> <span class='ocrx_word' id='word_1_515' title='bbox 717 4022 1090 4078; x_wconf 74' lang='grc' dir='ltr'>ἐπιπεσόντων</span> <span class='ocrx_word' id='word_1_516' title='bbox 1140 4023 1349 4096; x_wconf 79' lang='grc' dir='ltr'>ἐχθρῶν</span> <span class='ocrx_word' id='word_1_517' title='bbox 1381 4023 1544 4079; x_wconf 83' lang='grc' dir='ltr'>πάλιν</span> <span class='ocrx_word' id='word_1_518' title='bbox 1575 4026 1859 4099; x_wconf 83' lang='grc' dir='ltr'>ἀντιστρέ-</span> 
     </span>
    </p>
   </div>
   <div class='ocr_carea' id='block_1_74' title="bbox 291 4111 506 4181">
    <p class='ocr_par' dir='ltr' id='par_1_74' title="bbox 291 4111 506 4181">
     <span class='ocr_line' id='line_1_74' title="bbox 291 4111 506 4181; baseline 0.019 -17"><span class='ocrx_word' id='word_1_519' title='bbox 291 4111 506 4181; x_wconf 77' lang='grc' dir='ltr'>φεσθαι.</span> 
     </span>
    </p>
   </div>
   <div class='ocr_carea' id='block_1_75' title="bbox 363 4198 1864 4282">
    <p class='ocr_par' dir='ltr' id='par_1_75' title="bbox 363 4198 1864 4282">
     <span class='ocr_line' id='line_1_75' title="bbox 363 4198 1864 4282; baseline 0.01 -33"><span class='ocrx_word' id='word_1_520' title='bbox 363 4198 447 4261; x_wconf 69' lang='grc' dir='ltr'>ιζ’.</span> <span class='ocrx_word' id='word_1_521' title='bbox 492 4198 652 4253; x_wconf 84' lang='grc' dir='ltr'>Ἀλλά</span> <span class='ocrx_word' id='word_1_522' title='bbox 684 4201 777 4254; x_wconf 84' lang='grc' dir='ltr'>καί</span> <span class='ocrx_word' id='word_1_523' title='bbox 801 4201 930 4254; x_wconf 84' lang='grc' dir='ltr'>ὅταν</span> <span class='ocrx_word' id='word_1_524' title='bbox 962 4202 1217 4258; x_wconf 84' lang='grc' dir='ltr'>διώκουσι</span> <span class='ocrx_word' id='word_1_525' title='bbox 1264 4205 1390 4271; x_wconf 77' lang='grc' dir='ltr'>τοὺς</span> <span class='ocrx_word' id='word_1_526' title='bbox 1435 4206 1663 4279; x_wconf 74' lang='grc' dir='ltr'>ἐχθροὺς</span> <span class='ocrx_word' id='word_1_527' title='bbox 1691 4210 1739 4262; x_wconf 87' lang='grc' dir='ltr'>οἱ</span> <span class='ocrx_word' id='word_1_528' title='bbox 1766 4213 1864 4282; x_wconf 81' lang='grc' dir='ltr'>τῆς</span> 
     </span>
    </p>
   </div>
   <div class='ocr_carea' id='block_1_76' title="bbox 292 4285 1864 4368">
    <p class='ocr_par' dir='ltr' id='par_1_76' title="bbox 292 4285 1864 4368">
     <span class='ocr_line' id='line_1_76' title="bbox 292 4285 1864 4368; baseline 0.01 -31"><span class='ocrx_word' id='word_1_529' title='bbox 292 4285 516 4360; x_wconf 83' lang='grc' dir='ltr'>πρώτης</span> <span class='ocrx_word' id='word_1_530' title='bbox 560 4291 916 4362; x_wconf 77' lang='grc' dir='ltr'>παρατάξεως</span> <span class='ocrx_word' id='word_1_531' title='bbox 959 4293 1216 4363; x_wconf 81' lang='grc' dir='ltr'>ἀσφαλῶς</span> <span class='ocrx_word' id='word_1_532' title='bbox 1258 4296 1352 4348; x_wconf 78' lang='grc' dir='ltr'>καὶ</span> <span class='ocrx_word' id='word_1_533' title='bbox 1387 4296 1524 4368; x_wconf 88' lang='grc' dir='ltr'>μετά</span> <span class='ocrx_word' id='word_1_534' title='bbox 1549 4297 1864 4368; x_wconf 87' lang='grc' dir='ltr'>προθυμίας</span> 
     </span>
    </p>
   </div>
   <div class='ocr_carea' id='block_1_77' title="bbox 292 4380 1861 4460">
    <p class='ocr_par' dir='ltr' id='par_1_77' title="bbox 292 4380 1861 4460">
     <span class='ocr_line' id='line_1_77' title="bbox 292 4380 1861 4460; baseline 0.006 -28"><span class='ocrx_word' id='word_1_535' title='bbox 292 4380 569 4439; x_wconf 84' lang='grc' dir='ltr'>ποιοῦνται</span> <span class='ocrx_word' id='word_1_536' title='bbox 604 4383 702 4455; x_wconf 77' lang='grc' dir='ltr'>τὴν</span> <span class='ocrx_word' id='word_1_537' title='bbox 728 4383 1066 4448; x_wconf 66' lang='grc' dir='ltr'>δίωξινσὲάν</span> <span class='ocrx_word' id='word_1_538' title='bbox 1113 4385 1224 4456; x_wconf 75' lang='grc' dir='ltr'>γὰρ</span> <span class='ocrx_word' id='word_1_539' title='bbox 1279 4387 1738 4460; x_wconf 80' lang='grc' dir='ltr'>ἀντιστραφῶσιν,</span> <span class='ocrx_word' id='word_1_540' title='bbox 1785 4389 1861 4454; x_wconf 89' lang='grc' dir='ltr'>ώς</span> 
     </span>
    </p>
   </div>
   <div class='ocr_carea' id='block_1_78' title="bbox 289 4473 1863 4552">
    <p class='ocr_par' dir='ltr' id='par_1_78' title="bbox 289 4473 1863 4552">
     <span class='ocr_line' id='line_1_78' title="bbox 289 4473 1863 4552; baseline 0.007 -26"><span class='ocrx_word' id='word_1_541' title='bbox 289 4473 548 4540; x_wconf 87' lang='grc' dir='ltr'>πολλάκις</span> <span class='ocrx_word' id='word_1_542' title='bbox 597 4475 828 4544; x_wconf 86' lang='grc' dir='ltr'>γίνεται,</span> <span class='ocrx_word' id='word_1_543' title='bbox 879 4475 1170 4546; x_wconf 80' lang='grc' dir='ltr'>φεύγοντες</span> <span class='ocrx_word' id='word_1_544' title='bbox 1224 4476 1274 4531; x_wconf 85' lang='grc' dir='ltr'>οῖ</span> <span class='ocrx_word' id='word_1_545' title='bbox 1324 4480 1508 4550; x_wconf 77' lang='grc' dir='ltr'>ἐχθροὶ</span> <span class='ocrx_word' id='word_1_546' title='bbox 1560 4481 1594 4552; x_wconf 82' lang='grc' dir='ltr'>ἢ</span> <span class='ocrx_word' id='word_1_547' title='bbox 1644 4481 1863 4538; x_wconf 83' lang='grc' dir='ltr'>άλλοθέν</span> 
     </span>
    </p>
   </div>
   <div class='ocr_carea' id='block_1_79' title="bbox 291 4563 1864 4646">
    <p class='ocr_par' dir='ltr' id='par_1_79' title="bbox 291 4563 1864 4646">
     <span class='ocr_line' id='line_1_79' title="bbox 291 4563 1864 4646; baseline 0.008 -30"><span class='ocrx_word' id='word_1_548' title='bbox 291 4563 454 4618; x_wconf 80' lang='grc' dir='ltr'>ποθεν</span> <span class='ocrx_word' id='word_1_549' title='bbox 481 4565 763 4634; x_wconf 80' lang='grc' dir='ltr'>αἰφνιδίως</span> <span class='ocrx_word' id='word_1_550' title='bbox 809 4565 1112 4620; x_wconf 78' lang='grc' dir='ltr'>ἐπέλθωσιν</span> <span class='ocrx_word' id='word_1_551' title='bbox 1149 4566 1355 4639; x_wconf 80' lang='grc' dir='ltr'>ἐχθροὶ,</span> <span class='ocrx_word' id='word_1_552' title='bbox 1386 4568 1598 4638; x_wconf 85' lang='grc' dir='ltr'>γίνεται</span> <span class='ocrx_word' id='word_1_553' title='bbox 1635 4572 1864 4646; x_wconf 81' lang='grc' dir='ltr'>δευτέρα</span> 
     </span>
    </p>
   </div>
   <div class='ocr_carea' id='block_1_80' title="bbox 2036 3651 3534 3726">
    <p class='ocr_par' dir='ltr' id='par_1_80' title="bbox 2036 3651 3534 3726">
     <span class='ocr_line' id='line_1_80' title="bbox 2036 3651 3534 3726; baseline -0.004 -15"><span class='ocrx_word' id='word_1_554' title='bbox 2036 3654 2122 3711; x_wconf 72' lang='lat' dir='ltr'>f6.</span> <span class='ocrx_word' id='word_1_555' title='bbox 2158 3653 2337 3710; x_wconf 87' lang='lat' dir='ltr'><strong>Prima</strong></span> <span class='ocrx_word' id='word_1_556' title='bbox 2367 3654 2502 3720; x_wconf 87' lang='lat' dir='ltr'><strong>acie,</strong></span> <span class='ocrx_word' id='word_1_557' title='bbox 2545 3653 3008 3726; x_wconf 85' lang='lat' dir='ltr'><strong>quemadmodum</strong></span> <span class='ocrx_word' id='word_1_558' title='bbox 3044 3667 3189 3724; x_wconf 66' lang='lat' dir='ltr'><strong>saepe</strong></span> <span class='ocrx_word' id='word_1_559' title='bbox 3227 3668 3329 3708; x_wconf 92' lang='lat' dir='ltr'>usu</span> <span class='ocrx_word' id='word_1_560' title='bbox 3365 3651 3534 3716; x_wconf 84' lang='lat' dir='ltr'><strong>venit,</strong></span> 
     </span>
    </p>
   </div>
   <div class='ocr_carea' id='block_1_81' title="bbox 1964 3743 3528 3818">
    <p class='ocr_par' dir='ltr' id='par_1_81' title="bbox 1964 3743 3528 3818">
     <span class='ocr_line' id='line_1_81' title="bbox 1964 3743 3528 3818; baseline -0.001 -17"><span class='ocrx_word' id='word_1_561' title='bbox 1964 3746 2268 3818; x_wconf 83' lang='lat' dir='ltr'><strong>proﬂigata,</strong></span> <span class='ocrx_word' id='word_1_562' title='bbox 2301 3747 2536 3802; x_wconf 80' lang='lat' dir='ltr'><strong>secunda</strong></span> <span class='ocrx_word' id='word_1_563' title='bbox 2569 3747 2715 3802; x_wconf 89' lang='lat' dir='ltr'><strong>acies</strong></span> <span class='ocrx_word' id='word_1_564' title='bbox 2745 3761 2888 3816; x_wconf 70' lang='lat' dir='ltr'><strong>saepe</strong></span> <span class='ocrx_word' id='word_1_565' title='bbox 2918 3745 3170 3816; x_wconf 62' lang='lat' dir='ltr'><strong>praesidio</strong></span> <span class='ocrx_word' id='word_1_566' title='bbox 3201 3744 3313 3800; x_wconf 88' lang='lat' dir='ltr'><strong>illis</strong></span> <span class='ocrx_word' id='word_1_567' title='bbox 3345 3743 3528 3816; x_wconf 86' lang='lat' dir='ltr'><strong>perfu-</strong></span> 
     </span>
    </p>
   </div>
   <div class='ocr_carea' id='block_1_82' title="bbox 1965 3837 3536 3913">
    <p class='ocr_par' dir='ltr' id='par_1_82' title="bbox 1965 3837 3536 3913">
     <span class='ocr_line' id='line_1_82' title="bbox 1965 3837 3536 3913; baseline -0.003 -17"><span class='ocrx_word' id='word_1_568' title='bbox 1965 3841 2164 3913; x_wconf 83' lang='lat' dir='ltr'><strong>gioque</strong></span> <span class='ocrx_word' id='word_1_569' title='bbox 2189 3850 2293 3906; x_wconf 92' lang='lat' dir='ltr'><strong>est,</strong></span> <span class='ocrx_word' id='word_1_570' title='bbox 2315 3840 2460 3898; x_wconf 76' lang='lat' dir='ltr'><strong>unde</strong></span> <span class='ocrx_word' id='word_1_571' title='bbox 2481 3855 2671 3896; x_wconf 88' lang='lat' dir='ltr'><strong>rursus</strong></span> <span class='ocrx_word' id='word_1_572' title='bbox 2698 3839 2864 3910; x_wconf 83' lang='lat' dir='ltr'><strong>adjuli</strong></span> <span class='ocrx_word' id='word_1_573' title='bbox 2893 3839 3244 3910; x_wconf 86' lang='lat' dir='ltr'><strong>revocatique</strong></span> <span class='ocrx_word' id='word_1_574' title='bbox 3273 3837 3536 3894; x_wconf 85' lang='lat' dir='ltr'><strong>adversus</strong></span> 
     </span>
    </p>
   </div>
   <div class='ocr_carea' id='block_1_83' title="bbox 1972 3926 3152 3988">
    <p class='ocr_par' dir='ltr' id='par_1_83' title="bbox 1972 3926 3152 3988">
     <span class='ocr_line' id='line_1_83' title="bbox 1972 3926 3152 3988; baseline 0.001 -6"><span class='ocrx_word' id='word_1_575' title='bbox 1972 3927 2244 3988; x_wconf 70' lang='lat' dir='ltr'><strong>irruentes</strong></span> <span class='ocrx_word' id='word_1_576' title='bbox 2275 3927 2459 3983; x_wconf 88' lang='lat' dir='ltr'><strong>hostes</strong></span> <span class='ocrx_word' id='word_1_577' title='bbox 2486 3926 2679 3982; x_wconf 81' lang='lat' dir='ltr'><strong>iterum</strong></span> <span class='ocrx_word' id='word_1_578' title='bbox 2715 3942 2775 3984; x_wconf 89' lang='lat' dir='ltr'>se</span> <span class='ocrx_word' id='word_1_579' title='bbox 2806 3935 3152 3984; x_wconf 85' lang='lat' dir='ltr'><strong>convertunt.</strong></span> 
     </span>
    </p>
   </div>
   <div class='ocr_carea' id='block_1_84' title="bbox 2043 4213 3538 4286">
    <p class='ocr_par' dir='ltr' id='par_1_84' title="bbox 2043 4213 3538 4286">
     <span class='ocr_line' id='line_1_84' title="bbox 2043 4213 3538 4286; baseline -0.001 -18"><span class='ocrx_word' id='word_1_580' title='bbox 2043 4214 2127 4270; x_wconf 82' lang='lat' dir='ltr'>l7.</span> <span class='ocrx_word' id='word_1_581' title='bbox 2173 4216 2354 4286; x_wconf 86' lang='lat' dir='ltr'><strong>Atque</strong></span> <span class='ocrx_word' id='word_1_582' title='bbox 2385 4215 2547 4270; x_wconf 86' lang='lat' dir='ltr'><strong>etiam</strong></span> <span class='ocrx_word' id='word_1_583' title='bbox 2581 4213 2799 4284; x_wconf 85' lang='lat' dir='ltr'><strong>quando</strong></span> <span class='ocrx_word' id='word_1_584' title='bbox 2837 4214 2928 4282; x_wconf 85' lang='lat' dir='ltr'>qui</span> <span class='ocrx_word' id='word_1_585' title='bbox 2974 4214 3027 4268; x_wconf 91' lang='lat' dir='ltr'>in</span> <span class='ocrx_word' id='word_1_586' title='bbox 3056 4213 3230 4282; x_wconf 87' lang='lat' dir='ltr'><strong>prima</strong></span> <span class='ocrx_word' id='word_1_587' title='bbox 3265 4213 3380 4268; x_wconf 86' lang='lat' dir='ltr'><strong>acie</strong></span> <span class='ocrx_word' id='word_1_588' title='bbox 3409 4222 3538 4267; x_wconf 88' lang='lat' dir='ltr'><strong>sunt</strong></span> 
     </span>
    </p>
   </div>
   <div class='ocr_carea' id='block_1_85' title="bbox 1971 4303 3529 4376">
    <p class='ocr_par' dir='ltr' id='par_1_85' title="bbox 1971 4303 3529 4376">
     <span class='ocr_line' id='line_1_85' title="bbox 1971 4303 3529 4376; baseline -0.003 -15"><span class='ocrx_word' id='word_1_589' title='bbox 1971 4304 2155 4364; x_wconf 83' lang='lat' dir='ltr'><strong>hostes</strong></span> <span class='ocrx_word' id='word_1_590' title='bbox 2193 4321 2328 4362; x_wconf 84' lang='lat' dir='ltr'><strong>suos</strong></span> <span class='ocrx_word' id='word_1_591' title='bbox 2363 4319 2586 4364; x_wconf 87' lang='lat' dir='ltr'><strong>strenue</strong></span> <span class='ocrx_word' id='word_1_592' title='bbox 2615 4314 2778 4376; x_wconf 84' lang='lat' dir='ltr'><strong>atque</strong></span> <span class='ocrx_word' id='word_1_593' title='bbox 2815 4303 3072 4359; x_wconf 87' lang='lat' dir='ltr'><strong>alacriter</strong></span> <span class='ocrx_word' id='word_1_594' title='bbox 3104 4311 3529 4371; x_wconf 87' lang='lat' dir='ltr'><strong>persequuntur,</strong></span> 
     </span>
    </p>
   </div>
   <div class='ocr_carea' id='block_1_86' title="bbox 1968 4392 3545 4471">
    <p class='ocr_par' dir='ltr' id='par_1_86' title="bbox 1968 4392 3545 4471">
     <span class='ocr_line' id='line_1_86' title="bbox 1968 4392 3545 4471; baseline -0.004 -14"><span class='ocrx_word' id='word_1_595' title='bbox 1968 4397 2037 4464; x_wconf 77' lang='lat' dir='ltr'>si,</span> <span class='ocrx_word' id='word_1_596' title='bbox 2074 4397 2221 4471; x_wconf 89' lang='lat' dir='ltr'><strong>quod</strong></span> <span class='ocrx_word' id='word_1_597' title='bbox 2262 4398 2378 4454; x_wconf 83' lang='lat' dir='ltr'><strong>fleri</strong></span> <span class='ocrx_word' id='word_1_598' title='bbox 2414 4399 2587 4466; x_wconf 88' lang='lat' dir='ltr'><strong>solet,</strong></span> <span class='ocrx_word' id='word_1_599' title='bbox 2628 4403 2838 4454; x_wconf 84' lang='lat' dir='ltr'><strong>vertant</strong></span> <span class='ocrx_word' id='word_1_600' title='bbox 2871 4410 2933 4452; x_wconf 90' lang='lat' dir='ltr'>se</span> <span class='ocrx_word' id='word_1_601' title='bbox 2970 4395 3165 4449; x_wconf 90' lang='lat' dir='ltr'><strong>iterum</strong></span> <span class='ocrx_word' id='word_1_602' title='bbox 3206 4392 3414 4459; x_wconf 88' lang='lat' dir='ltr'><strong>hostes,</strong></span> <span class='ocrx_word' id='word_1_603' title='bbox 3443 4401 3545 4450; x_wconf 80' lang='lat' dir='ltr'>aut</span> 
     </span>
    </p>
   </div>
   <div class='ocr_carea' id='block_1_87' title="bbox 1969 4486 3533 4552">
    <p class='ocr_par' dir='ltr' id='par_1_87' title="bbox 1969 4486 3533 4552">
     <span class='ocr_line' id='line_1_87' title="bbox 1969 4486 3533 4552; baseline -0.003 -8"><span class='ocrx_word' id='word_1_604' title='bbox 1969 4487 2188 4544; x_wconf 85' lang='lat' dir='ltr'><strong>aliunde</strong></span> <span class='ocrx_word' id='word_1_605' title='bbox 2215 4488 2396 4544; x_wconf 87' lang='lat' dir='ltr'><strong>subito</strong></span> <span class='ocrx_word' id='word_1_606' title='bbox 2439 4490 2564 4544; x_wconf 84' lang='lat' dir='ltr'><strong>n0vi</strong></span> <span class='ocrx_word' id='word_1_607' title='bbox 2610 4489 2792 4546; x_wconf 89' lang='lat' dir='ltr'><strong>hostes</strong></span> <span class='ocrx_word' id='word_1_608' title='bbox 2829 4486 3248 4552; x_wconf 85' lang='lat' dir='ltr'><strong>intervenerint,</strong></span> <span class='ocrx_word' id='word_1_609' title='bbox 3293 4486 3533 4543; x_wconf 90' lang='lat' dir='ltr'><strong>secunda</strong></span> 
     </span>
    </p>
   </div>
   <div class='ocr_carea' id='block_1_88' title="bbox 1971 4579 3535 4650">
    <p class='ocr_par' dir='ltr' id='par_1_88' title="bbox 1971 4579 3535 4650">
     <span class='ocr_line' id='line_1_88' title="bbox 1971 4579 3535 4650; baseline -0.001 -16"><span class='ocrx_word' id='word_1_610' title='bbox 1971 4579 2117 4636; x_wconf 86' lang='lat' dir='ltr'><strong>acies</strong></span> <span class='ocrx_word' id='word_1_611' title='bbox 2159 4594 2479 4644; x_wconf 88' lang='lat' dir='ltr'><strong>occurrens,</strong></span> <span class='ocrx_word' id='word_1_612' title='bbox 2519 4579 2748 4650; x_wconf 88' lang='lat' dir='ltr'><strong>primam</strong></span> <span class='ocrx_word' id='word_1_613' title='bbox 2778 4579 2946 4636; x_wconf 87' lang='lat' dir='ltr'><strong>aciem</strong></span> <span class='ocrx_word' id='word_1_614' title='bbox 2981 4587 3274 4649; x_wconf 74' lang='lat' dir='ltr'><strong>congregat</strong></span> <span class='ocrx_word' id='word_1_615' title='bbox 3309 4586 3363 4635; x_wconf 91' lang='lat' dir='ltr'>et</span> <span class='ocrx_word' id='word_1_616' title='bbox 3401 4592 3535 4635; x_wconf 88' lang='lat' dir='ltr'><strong>con—</strong></span> 
     </span>
    </p>
   </div>
   <div class='ocr_carea' id='block_1_89' title="bbox 288 4653 2172 4760">
    <p class='ocr_par' dir='ltr' id='par_1_89' title="bbox 288 4653 2172 4760">
     <span class='ocr_line' id='line_1_89' title="bbox 288 4653 2172 4760; baseline 0.009 -54"><span class='ocrx_word' id='word_1_617' title='bbox 288 4653 441 4718; x_wconf 81' lang='grc' dir='ltr'>τάξις</span> <span class='ocrx_word' id='word_1_618' title='bbox 477 4655 772 4709; x_wconf 81' lang='grc' dir='ltr'>ἀπαντῶσα</span> <span class='ocrx_word' id='word_1_619' title='bbox 808 4655 902 4714; x_wconf 75' lang='grc' dir='ltr'>καὶ</span> <span class='ocrx_word' id='word_1_620' title='bbox 927 4657 1232 4728; x_wconf 87' lang='grc' dir='ltr'>συνάγουσα</span> <span class='ocrx_word' id='word_1_621' title='bbox 1251 4659 1345 4712; x_wconf 69' lang='grc' dir='ltr'>καὶ</span> <span class='ocrx_word' id='word_1_622' title='bbox 1379 4659 1718 4729; x_wconf 81' lang='grc' dir='ltr'>φυλάττουσα</span> <span class='ocrx_word' id='word_1_623' title='bbox 1740 4666 1864 4730; x_wconf 75' lang='grc' dir='ltr'>τοὺς</span> <span class='ocrx_word' id='word_1_624' title='bbox 1897 4703 1941 4760; x_wconf 77' lang='lat' dir='ltr'><strong>D</strong></span> <span class='ocrx_word' id='word_1_625' title='bbox 1969 4678 2172 4724; x_wconf 83' lang='lat' dir='ltr'><strong>servat.</strong></span> 
     </span>
    </p>
   </div>
   <div class='ocr_carea' id='block_1_90' title="bbox 289 4742 1071 4816">
    <p class='ocr_par' dir='ltr' id='par_1_90' title="bbox 289 4742 1071 4816">
     <span class='ocr_line' id='line_1_90' title="bbox 289 4742 1071 4816; baseline 0.017 -26"><span class='ocrx_word' id='word_1_626' title='bbox 289 4745 388 4811; x_wconf 78' lang='grc' dir='ltr'>τῆς</span> <span class='ocrx_word' id='word_1_627' title='bbox 443 4742 665 4812; x_wconf 83' lang='grc' dir='ltr'>πρώτης</span> <span class='ocrx_word' id='word_1_628' title='bbox 694 4746 1071 4816; x_wconf 73' lang='grc' dir='ltr'>παρατάξεως.</span> 
     </span>
    </p>
   </div>
   <div class='ocr_carea' id='block_1_91' title="bbox 360 4832 1860 4915">
    <p class='ocr_par' dir='ltr' id='par_1_91' title="bbox 360 4832 1860 4915">
     <span class='ocr_line' id='line_1_91' title="bbox 360 4832 1860 4915; baseline 0.011 -32"><span class='ocrx_word' id='word_1_629' title='bbox 360 4832 455 4901; x_wconf 85' lang='grc' dir='ltr'>ιη’.</span> <span class='ocrx_word' id='word_1_630' title='bbox 501 4833 658 4888; x_wconf 64' lang='grc' dir='ltr'>Ἀλλά</span> <span class='ocrx_word' id='word_1_631' title='bbox 691 4838 803 4903; x_wconf 76' lang='grc' dir='ltr'>καὶ,</span> <span class='ocrx_word' id='word_1_632' title='bbox 837 4838 866 4891; x_wconf 80' lang='grc' dir='ltr'><strong>ὃ</strong></span> <span class='ocrx_word' id='word_1_633' title='bbox 896 4839 970 4909; x_wconf 79' lang='grc' dir='ltr'>μὴ</span> <span class='ocrx_word' id='word_1_634' title='bbox 1014 4840 1257 4910; x_wconf 82' lang='grc' dir='ltr'>γένηται,</span> <span class='ocrx_word' id='word_1_635' title='bbox 1291 4839 1386 4894; x_wconf 79' lang='grc' dir='ltr'>ἐὰν</span> <span class='ocrx_word' id='word_1_636' title='bbox 1418 4843 1598 4915; x_wconf 81' lang='grc' dir='ltr'>συμϐῇ</span> <span class='ocrx_word' id='word_1_637' title='bbox 1652 4844 1860 4900; x_wconf 85' lang='grc' dir='ltr'>τελείαν</span> 
     </span>
    </p>
   </div>
   <div class='ocr_carea' id='block_1_92' title="bbox 2040 4849 3532 4923">
    <p class='ocr_par' dir='ltr' id='par_1_92' title="bbox 2040 4849 3532 4923">
     <span class='ocr_line' id='line_1_92' title="bbox 2040 4849 3532 4923; baseline 0.001 -19"><span class='ocrx_word' id='word_1_638' title='bbox 2040 4850 2126 4906; x_wconf 74' lang='grc'>18.</span> <span class='ocrx_word' id='word_1_639' title='bbox 2157 4849 2283 4918; x_wconf 87' lang='lat' dir='ltr'><strong>Sed,</strong></span> <span class='ocrx_word' id='word_1_640' title='bbox 2309 4853 2455 4923; x_wconf 88' lang='lat' dir='ltr'><strong>quod</strong></span> <span class='ocrx_word' id='word_1_641' title='bbox 2493 4852 2656 4920; x_wconf 84' lang='lat' dir='ltr'><strong>absit,</strong></span> <span class='ocrx_word' id='word_1_642' title='bbox 2687 4852 2732 4907; x_wconf 89' lang='lat' dir='ltr'>si</span> <span class='ocrx_word' id='word_1_643' title='bbox 2769 4851 2942 4922; x_wconf 86' lang='lat' dir='ltr'><strong>prima</strong></span> <span class='ocrx_word' id='word_1_644' title='bbox 2977 4850 3126 4908; x_wconf 85' lang='lat' dir='ltr'><strong>acies</strong></span> <span class='ocrx_word' id='word_1_645' title='bbox 3157 4851 3407 4920; x_wconf 84' lang='lat' dir='ltr'><strong>protinus</strong></span> <span class='ocrx_word' id='word_1_646' title='bbox 3443 4865 3532 4906; x_wconf 86' lang='lat' dir='ltr'><strong>re-</strong></span> 
     </span>
    </p>
   </div>
   <div class='ocr_carea' id='block_1_93' title="bbox 288 4923 1856 5014">
    <p class='ocr_par' dir='ltr' id='par_1_93' title="bbox 288 4923 1856 5001">
     <span class='ocr_line' id='line_1_93' title="bbox 288 4923 1856 5001; baseline 0.012 -29"><span class='ocrx_word' id='word_1_647' title='bbox 288 4923 494 4992; x_wconf 80' lang='grc' dir='ltr'>τροπὴν</span> <span class='ocrx_word' id='word_1_648' title='bbox 521 4924 770 4992; x_wconf 84' lang='grc' dir='ltr'>γενέσθαι</span> <span class='ocrx_word' id='word_1_649' title='bbox 795 4927 894 4996; x_wconf 85' lang='grc' dir='ltr'>τῆς</span> <span class='ocrx_word' id='word_1_650' title='bbox 918 4928 1138 5001; x_wconf 85' lang='grc' dir='ltr'>πρώτης</span> <span class='ocrx_word' id='word_1_651' title='bbox 1163 4929 1390 5000; x_wconf 83' lang='grc' dir='ltr'>τάξεως,</span> <span class='ocrx_word' id='word_1_652' title='bbox 1424 4933 1517 4987; x_wconf 72' lang='grc' dir='ltr'>καὶ</span> <span class='ocrx_word' id='word_1_653' title='bbox 1549 4935 1613 4988; x_wconf 83' lang='grc' dir='ltr'>οὐ</span> <span class='ocrx_word' id='word_1_654' title='bbox 1634 4934 1856 4991; x_wconf 79' lang='grc' dir='ltr'>δύναται</span> 
     </span>
    </p>
   </div>
   <div class='ocr_carea' id='block_1_94' title="bbox 1958 4923 3532 5014">
    <p class='ocr_par' dir='ltr' id='par_1_94' title="bbox 1967 4942 3532 5014">
     <span class='ocr_line' id='line_1_94' title="bbox 1967 4942 3532 5014; baseline -0.001 -16"><span class='ocrx_word' id='word_1_655' title='bbox 1967 4942 2220 5011; x_wconf 76' lang='lat' dir='ltr'><strong>pellatur,</strong></span> <span class='ocrx_word' id='word_1_656' title='bbox 2244 4959 2419 5014; x_wconf 87' lang='lat' dir='ltr'><strong>neque</strong></span> <span class='ocrx_word' id='word_1_657' title='bbox 2449 4944 2690 5002; x_wconf 81' lang='lat' dir='ltr'><strong>revocari</strong></span> <span class='ocrx_word' id='word_1_658' title='bbox 2718 4943 2789 4999; x_wconf 85' lang='lat' dir='ltr'>ad</span> <span class='ocrx_word' id='word_1_659' title='bbox 2818 4943 3166 5014; x_wconf 90' lang='lat' dir='ltr'><strong>pugnandum</strong></span> <span class='ocrx_word' id='word_1_660' title='bbox 3201 4958 3325 4998; x_wconf 85' lang='lat' dir='ltr'>cum</span> <span class='ocrx_word' id='word_1_661' title='bbox 3358 4943 3532 5002; x_wconf 86' lang='lat' dir='ltr'><strong>hosti-</strong></span> 
     </span>
    </p>
   </div>
   <div class='ocr_carea' id='block_1_95' title="bbox 289 5016 1863 5097">
    <p class='ocr_par' dir='ltr' id='par_1_95' title="bbox 289 5016 1863 5097">
     <span class='ocr_line' id='line_1_95' title="bbox 289 5016 1863 5097; baseline 0.01 -32"><span class='ocrx_word' id='word_1_662' title='bbox 289 5016 722 5086; x_wconf 74' lang='grc' dir='ltr'>ἁντιστραφῆναι</span> <span class='ocrx_word' id='word_1_663' title='bbox 777 5019 918 5073; x_wconf 84' lang='grc' dir='ltr'>κατὰ</span> <span class='ocrx_word' id='word_1_664' title='bbox 966 5019 1073 5073; x_wconf 87' lang='grc' dir='ltr'>τῶν</span> <span class='ocrx_word' id='word_1_665' title='bbox 1134 5020 1469 5077; x_wconf 78' lang='grc' dir='ltr'>ἐπελθόντων</span> <span class='ocrx_word' id='word_1_666' title='bbox 1519 5025 1657 5097; x_wconf 76' lang='grc' dir='ltr'>αὐτῇ</span> <span class='ocrx_word' id='word_1_667' title='bbox 1703 5027 1863 5081; x_wconf 79' lang='grc' dir='ltr'>πολε-</span> 
     </span>
    </p>
   </div>
   <div class='ocr_carea' id='block_1_96' title="bbox 1968 5033 3530 5106">
    <p class='ocr_par' dir='ltr' id='par_1_96' title="bbox 1968 5033 3530 5106">
     <span class='ocr_line' id='line_1_96' title="bbox 1968 5033 3530 5106; baseline -0.003 -14"><span class='ocrx_word' id='word_1_668' title='bbox 1968 5034 2072 5092; x_wconf 87' lang='lat' dir='ltr'>bus</span> <span class='ocrx_word' id='word_1_669' title='bbox 2092 5035 2310 5106; x_wconf 86' lang='lat' dir='ltr'><strong>poterit,</strong></span> <span class='ocrx_word' id='word_1_670' title='bbox 2333 5036 2566 5092; x_wconf 83' lang='lat' dir='ltr'><strong>secunda</strong></span> <span class='ocrx_word' id='word_1_671' title='bbox 2587 5035 2734 5091; x_wconf 87' lang='lat' dir='ltr'><strong>acies</strong></span> <span class='ocrx_word' id='word_1_672' title='bbox 2755 5033 3044 5092; x_wconf 88' lang='lat' dir='ltr'><strong>confestim</strong></span> <span class='ocrx_word' id='word_1_673' title='bbox 3071 5035 3332 5090; x_wconf 77' lang='lat' dir='ltr'><strong>instructa</strong></span> <span class='ocrx_word' id='word_1_674' title='bbox 3354 5033 3530 5099; x_wconf 83' lang='lat' dir='ltr'><strong>adest,</strong></span> 
     </span>
    </p>
   </div>
   <div class='ocr_carea' id='block_1_97' title="bbox 295 5106 1856 5195">
    <p class='ocr_par' dir='ltr' id='par_1_97' title="bbox 295 5106 1856 5185">
     <span class='ocr_line' id='line_1_97' title="bbox 295 5106 1856 5185; baseline 0.01 -29"><span class='ocrx_word' id='word_1_675' title='bbox 295 5106 456 5175; x_wconf 84' lang='grc' dir='ltr'>μῖων,</span> <span class='ocrx_word' id='word_1_676' title='bbox 482 5107 795 5176; x_wconf 75' lang='grc' dir='ltr'>εὑρίσκεται</span> <span class='ocrx_word' id='word_1_677' title='bbox 827 5111 859 5182; x_wconf 75' lang='grc' dir='ltr'><strong>ἡ</strong></span> <span class='ocrx_word' id='word_1_678' title='bbox 887 5109 1116 5182; x_wconf 81' lang='grc' dir='ltr'>δευτέρα</span> <span class='ocrx_word' id='word_1_679' title='bbox 1142 5111 1296 5178; x_wconf 85' lang='grc' dir='ltr'>τάξις</span> <span class='ocrx_word' id='word_1_680' title='bbox 1340 5113 1555 5185; x_wconf 77' lang='grc' dir='ltr'>ἑτοίμη,</span> <span class='ocrx_word' id='word_1_681' title='bbox 1593 5117 1686 5170; x_wconf 78' lang='grc' dir='ltr'>καὶ</span> <span class='ocrx_word' id='word_1_682' title='bbox 1714 5117 1856 5172; x_wconf 83' lang='grc' dir='ltr'>εὐκό-</span> 
     </span>
    </p>
   </div>
   <div class='ocr_carea' id='block_1_98' title="bbox 1958 5106 3531 5195">
    <p class='ocr_par' dir='ltr' id='par_1_98' title="bbox 1968 5124 3531 5195">
     <span class='ocr_line' id='line_1_98' title="bbox 1968 5124 3531 5195; baseline 0.004 -19"><span class='ocrx_word' id='word_1_683' title='bbox 1968 5141 2088 5194; x_wconf 73' lang='lat' dir='ltr'><strong>quae</strong></span> <span class='ocrx_word' id='word_1_684' title='bbox 2115 5125 2414 5181; x_wconf 87' lang='lat' dir='ltr'><strong>secundum</strong></span> <span class='ocrx_word' id='word_1_685' title='bbox 2435 5125 2687 5195; x_wconf 68' lang='lat' dir='ltr'><strong>prmlium</strong></span> <span class='ocrx_word' id='word_1_686' title='bbox 2729 5125 2927 5179; x_wconf 87' lang='lat' dir='ltr'><strong>iterum</strong></span> <span class='ocrx_word' id='word_1_687' title='bbox 2956 5124 3099 5180; x_wconf 91' lang='lat' dir='ltr'><strong>ineat</strong></span> <span class='ocrx_word' id='word_1_688' title='bbox 3120 5165 3135 5189; x_wconf 89' lang='lat'>,</span> <span class='ocrx_word' id='word_1_689' title='bbox 3158 5133 3212 5180; x_wconf 89' lang='lat' dir='ltr'>et</span> <span class='ocrx_word' id='word_1_690' title='bbox 3231 5125 3296 5181; x_wconf 90' lang='lat' dir='ltr'>de</span> <span class='ocrx_word' id='word_1_691' title='bbox 3317 5141 3531 5182; x_wconf 80' lang='lat' dir='ltr'><strong>summa</strong></span> 
     </span>
    </p>
   </div>
   <div class='ocr_carea' id='block_1_99' title="bbox 290 5197 1864 5277">
    <p class='ocr_par' dir='ltr' id='par_1_99' title="bbox 290 5197 1864 5277">
     <span class='ocr_line' id='line_1_99' title="bbox 290 5197 1864 5277; baseline 0.01 -28"><span class='ocrx_word' id='word_1_692' title='bbox 290 5197 396 5262; x_wconf 80' lang='grc' dir='ltr'>λως</span> <span class='ocrx_word' id='word_1_693' title='bbox 437 5199 664 5271; x_wconf 80' lang='grc' dir='ltr'>πολεμεῖ</span> <span class='ocrx_word' id='word_1_694' title='bbox 707 5202 801 5256; x_wconf 82' lang='grc' dir='ltr'>καὶ</span> <span class='ocrx_word' id='word_1_695' title='bbox 848 5202 1272 5271; x_wconf 75' lang='grc' dir='ltr'>καταγωνίζεται</span> <span class='ocrx_word' id='word_1_696' title='bbox 1306 5204 1407 5277; x_wconf 74' lang='grc' dir='ltr'>τὴν</span> <span class='ocrx_word' id='word_1_697' title='bbox 1432 5206 1680 5260; x_wconf 81' lang='grc' dir='ltr'>ἐναντίαν</span> <span class='ocrx_word' id='word_1_698' title='bbox 1706 5207 1864 5264; x_wconf 77' lang='grc' dir='ltr'>δύνα-</span> 
     </span>
    </p>
   </div>
   <div class='ocr_carea' id='block_1_100' title="bbox 290 5291 1862 5443">
    <p class='ocr_par' dir='ltr' id='par_1_100' title="bbox 290 5291 1862 5443">
     <span class='ocr_line' id='line_1_100' title="bbox 290 5291 1862 5443; baseline 0.008 -103"><span class='ocrx_word' id='word_1_699' title='bbox 290 5306 407 5443; x_wconf 58' lang='grc' dir='ltr'>μιν,</span> <span class='ocrx_word' id='word_1_700' title='bbox 442 5291 547 5346; x_wconf 77' lang='grc' dir='ltr'>κᾶν</span> <span class='ocrx_word' id='word_1_701' title='bbox 591 5292 731 5362; x_wconf 87' lang='grc' dir='ltr'>τάχα</span> <span class='ocrx_word' id='word_1_702' title='bbox 785 5293 1060 5358; x_wconf 87' lang='grc' dir='ltr'>παντελῶς</span> <span class='ocrx_word' id='word_1_703' title='bbox 1121 5298 1302 5368; x_wconf 78' lang='grc' dir='ltr'>τραπῇ</span> <span class='ocrx_word' id='word_1_704' title='bbox 1334 5298 1368 5369; x_wconf 77' lang='grc' dir='ltr'>ἠ</span> <span class='ocrx_word' id='word_1_705' title='bbox 1399 5296 1590 5368; x_wconf 87' lang='grc' dir='ltr'>πρώτη</span> <span class='ocrx_word' id='word_1_706' title='bbox 1618 5299 1862 5369; x_wconf 89' lang='grc' dir='ltr'>παράτα-</span> 
     </span>
     <span class='ocr_line' id='line_1_101' title="bbox 324 5397 390 5443; baseline 0.015 -11"><span class='ocrx_word' id='word_1_707' title='bbox 324 5397 390 5443; x_wconf 81' lang='grc' dir='ltr'>ις.</span> 
     </span>
    </p>
   </div>
   <div class='ocr_carea' id='block_1_101' title="bbox 324 5397 390 5443">
    <p class='ocr_par' dir='ltr' id='par_1_101' title="bbox 324 5397 390 5443">
     <span class='ocr_line' id='line_1_102' title="bbox 324 5397 390 5443; baseline 0.015 -11"><span class='ocrx_word' id='word_1_708' title='bbox 324 5397 390 5443; x_wconf 82' lang='grc' dir='ltr'>ις.</span> 
     </span>
    </p>
   </div>
   <div class='ocr_carea' id='block_1_102' title="bbox 361 5470 1861 5549">
    <p class='ocr_par' dir='ltr' id='par_1_102' title="bbox 361 5470 1861 5549">
     <span class='ocr_line' id='line_1_103' title="bbox 361 5470 1861 5549; baseline 0.007 -25"><span class='ocrx_word' id='word_1_709' title='bbox 361 5470 448 5525; x_wconf 84' lang='grc' dir='ltr'>ιθ⁹.</span> <span class='ocrx_word' id='word_1_710' title='bbox 481 5473 591 5527; x_wconf 57' lang='grc' dir='ltr'>Καὶ⁵</span> <span class='ocrx_word' id='word_1_711' title='bbox 622 5475 725 5545; x_wconf 81' lang='grc' dir='ltr'>γὰρ</span> <span class='ocrx_word' id='word_1_712' title='bbox 755 5475 964 5548; x_wconf 83' lang='grc' dir='ltr'>ἀνάγκη</span> <span class='ocrx_word' id='word_1_713' title='bbox 998 5479 1146 5532; x_wconf 76' lang='grc' dir='ltr'>πᾶσα</span> <span class='ocrx_word' id='word_1_714' title='bbox 1177 5477 1270 5549; x_wconf 75' lang='grc' dir='ltr'>τὴν</span> <span class='ocrx_word' id='word_1_715' title='bbox 1299 5478 1450 5546; x_wconf 87' lang='grc' dir='ltr'>τάξιν</span> <span class='ocrx_word' id='word_1_716' title='bbox 1479 5480 1584 5534; x_wconf 91' lang='grc' dir='ltr'>τῶν</span> <span class='ocrx_word' id='word_1_717' title='bbox 1609 5481 1861 5536; x_wconf 83' lang='grc' dir='ltr'>ἐναντίων</span> 
     </span>
    </p>
   </div>
   <div class='ocr_carea' id='block_1_103' title="bbox 1971 5215 3435 5286">
    <p class='ocr_par' dir='ltr' id='par_1_103' title="bbox 1971 5215 3435 5286">
     <span class='ocr_line' id='line_1_104' title="bbox 1971 5215 3435 5286; baseline 0 -16"><span class='ocrx_word' id='word_1_718' title='bbox 1971 5230 2154 5271; x_wconf 85' lang='lat' dir='ltr'><strong>rerum</strong></span> <span class='ocrx_word' id='word_1_719' title='bbox 2172 5215 2333 5272; x_wconf 86' lang='lat' dir='ltr'><strong>etiam</strong></span> <span class='ocrx_word' id='word_1_720' title='bbox 2367 5216 2626 5282; x_wconf 87' lang='lat' dir='ltr'><strong>decertet,</strong></span> <span class='ocrx_word' id='word_1_721' title='bbox 2652 5215 2828 5286; x_wconf 86' lang='lat' dir='ltr'><strong>prima</strong></span> <span class='ocrx_word' id='word_1_722' title='bbox 2856 5216 2973 5273; x_wconf 87' lang='lat' dir='ltr'><strong>acie</strong></span> <span class='ocrx_word' id='word_1_723' title='bbox 3010 5217 3262 5273; x_wconf 87' lang='lat' dir='ltr'><strong>universa</strong></span> <span class='ocrx_word' id='word_1_724' title='bbox 3295 5215 3435 5272; x_wconf 86' lang='lat' dir='ltr'><strong>fusa.</strong></span> 
     </span>
    </p>
   </div>
   <div class='ocr_carea' id='block_1_104' title="bbox 2043 5475 3528 5548">
    <p class='ocr_par' dir='ltr' id='par_1_104' title="bbox 2043 5475 3528 5548">
     <span class='ocr_line' id='line_1_105' title="bbox 2043 5475 3528 5548; baseline 0.003 -18"><span class='ocrx_word' id='word_1_725' title='bbox 2043 5476 2128 5531; x_wconf 77' lang='grc'>19.</span> <span class='ocrx_word' id='word_1_726' title='bbox 2164 5475 2396 5532; x_wconf 86' lang='lat' dir='ltr'><strong>Necesse</strong></span> <span class='ocrx_word' id='word_1_727' title='bbox 2416 5487 2498 5532; x_wconf 91' lang='lat' dir='ltr'>est</span> <span class='ocrx_word' id='word_1_728' title='bbox 2521 5478 2666 5534; x_wconf 88' lang='lat' dir='ltr'><strong>enim</strong></span> <span class='ocrx_word' id='word_1_729' title='bbox 2697 5477 2866 5535; x_wconf 90' lang='lat' dir='ltr'><strong>aciem</strong></span> <span class='ocrx_word' id='word_1_730' title='bbox 2897 5478 3154 5541; x_wconf 83' lang='lat' dir='ltr'><strong>hostium,</strong></span> <span class='ocrx_word' id='word_1_731' title='bbox 3184 5489 3302 5548; x_wconf 84' lang='lat' dir='ltr'><strong>post</strong></span> <span class='ocrx_word' id='word_1_732' title='bbox 3330 5478 3528 5535; x_wconf 84' lang='lat' dir='ltr'><strong>bellum</strong></span> 
     </span>
    </p>
   </div>
   <div class='ocr_carea' id='block_1_105' title="bbox 292 5561 1856 5642">
    <p class='ocr_par' dir='ltr' id='par_1_105' title="bbox 292 5561 1856 5642">
     <span class='ocr_line' id='line_1_106' title="bbox 292 5561 1856 5642; baseline 0.009 -29"><span class='ocrx_word' id='word_1_733' title='bbox 292 5561 498 5632; x_wconf 77' lang='grc' dir='ltr'>ἐχθρῶν</span> <span class='ocrx_word' id='word_1_734' title='bbox 549 5565 656 5617; x_wconf 69' lang='grc' dir='ltr'>ἀπὺ</span> <span class='ocrx_word' id='word_1_735' title='bbox 684 5565 782 5635; x_wconf 82' lang='grc' dir='ltr'>τῆς</span> <span class='ocrx_word' id='word_1_736' title='bbox 806 5569 1221 5636; x_wconf 74' lang='grc' dir='ltr'>συγκροτήσεως</span> <span class='ocrx_word' id='word_1_737' title='bbox 1253 5568 1348 5622; x_wconf 77' lang='grc' dir='ltr'>τοῦ</span> <span class='ocrx_word' id='word_1_738' title='bbox 1387 5570 1621 5642; x_wconf 84' lang='grc' dir='ltr'>πολέμου</span> <span class='ocrx_word' id='word_1_739' title='bbox 1659 5573 1856 5627; x_wconf 85' lang='grc' dir='ltr'>ἀκατά-</span> 
     </span>
    </p>
   </div>
   <div class='ocr_carea' id='block_1_106' title="bbox 1958 5561 3528 5642">
    <p class='ocr_par' dir='ltr' id='par_1_106' title="bbox 1964 5568 3528 5642">
     <span class='ocr_line' id='line_1_107' title="bbox 1964 5568 3528 5642; baseline 0.001 -18"><span class='ocrx_word' id='word_1_740' title='bbox 1964 5569 2075 5639; x_wconf 82' lang='lat' dir='ltr'><strong>jam</strong></span> <span class='ocrx_word' id='word_1_741' title='bbox 2110 5568 2464 5624; x_wconf 84' lang='lat' dir='ltr'><strong>commissum</strong></span> <span class='ocrx_word' id='word_1_742' title='bbox 2509 5575 2563 5624; x_wconf 90' lang='lat' dir='ltr'>et</span> <span class='ocrx_word' id='word_1_743' title='bbox 2610 5580 2891 5626; x_wconf 84' lang='lat' dir='ltr'><strong>consertas</strong></span> <span class='ocrx_word' id='word_1_744' title='bbox 2951 5587 3173 5636; x_wconf 86' lang='lat' dir='ltr'><strong>manus,</strong></span> <span class='ocrx_word' id='word_1_745' title='bbox 3211 5572 3528 5642; x_wconf 82' lang='lat' dir='ltr'><strong>dissipatam</strong></span> 
     </span>
    </p>
   </div>
   <div class='ocr_carea' id='block_1_107' title="bbox 297 5655 1859 5736">
    <p class='ocr_par' dir='ltr' id='par_1_107' title="bbox 297 5655 1859 5736">
     <span class='ocr_line' id='line_1_108' title="bbox 297 5655 1859 5736; baseline 0.01 -33"><span class='ocrx_word' id='word_1_746' title='bbox 297 5669 486 5706; x_wconf 83' lang='grc' dir='ltr'>στατον</span> <span class='ocrx_word' id='word_1_747' title='bbox 511 5655 760 5722; x_wconf 81' lang='grc' dir='ltr'>γενέσθαι</span> <span class='ocrx_word' id='word_1_748' title='bbox 786 5660 876 5711; x_wconf 77' lang='grc' dir='ltr'>καὶ</span> <span class='ocrx_word' id='word_1_749' title='bbox 900 5659 1309 5731; x_wconf 75' lang='grc' dir='ltr'>διαλελυμένην,</span> <span class='ocrx_word' id='word_1_750' title='bbox 1334 5663 1426 5716; x_wconf 73' lang='grc' dir='ltr'>καὶ</span> <span class='ocrx_word' id='word_1_751' title='bbox 1453 5663 1552 5733; x_wconf 81' lang='grc' dir='ltr'>τῆς</span> <span class='ocrx_word' id='word_1_752' title='bbox 1585 5665 1859 5736; x_wconf 78' lang='grc' dir='ltr'>ἡμετέρας</span> 
     </span>
    </p>
   </div>
   <div class='ocr_carea' id='block_1_108' title="bbox 1968 5661 3530 5733">
    <p class='ocr_par' dir='ltr' id='par_1_108' title="bbox 1968 5661 3530 5733">
     <span class='ocr_line' id='line_1_109' title="bbox 1968 5661 3530 5733; baseline 0.002 -16"><span class='ocrx_word' id='word_1_753' title='bbox 1968 5671 2131 5733; x_wconf 87' lang='lat' dir='ltr'><strong>atque</strong></span> <span class='ocrx_word' id='word_1_754' title='bbox 2151 5661 2549 5730; x_wconf 86' lang='lat' dir='ltr'><strong>aliquantulum</strong></span> <span class='ocrx_word' id='word_1_755' title='bbox 2581 5662 2941 5719; x_wconf 87' lang='lat' dir='ltr'><strong>inordinatam</strong></span> <span class='ocrx_word' id='word_1_756' title='bbox 2976 5679 3117 5730; x_wconf 89' lang='lat' dir='ltr'><strong>csse,</strong></span> <span class='ocrx_word' id='word_1_757' title='bbox 3149 5665 3382 5720; x_wconf 89' lang='lat' dir='ltr'><strong>secunda</strong></span> <span class='ocrx_word' id='word_1_758' title='bbox 3411 5665 3530 5721; x_wconf 87' lang='lat' dir='ltr'><strong>acie</strong></span> 
     </span>
    </p>
   </div>
   <div class='ocr_carea' id='block_1_109' title="bbox 294 5745 1856 5828">
    <p class='ocr_par' dir='ltr' id='par_1_109' title="bbox 294 5745 1856 5826">
     <span class='ocr_line' id='line_1_110' title="bbox 294 5745 1856 5826; baseline 0.009 -30"><span class='ocrx_word' id='word_1_759' title='bbox 294 5745 549 5816; x_wconf 77' lang='grc' dir='ltr'>δευτέρας</span> <span class='ocrx_word' id='word_1_760' title='bbox 615 5748 817 5814; x_wconf 83' lang='grc' dir='ltr'>τάξεως</span> <span class='ocrx_word' id='word_1_761' title='bbox 885 5750 1163 5816; x_wconf 82' lang='grc' dir='ltr'>εὐτάκτως</span> <span class='ocrx_word' id='word_1_762' title='bbox 1224 5753 1521 5826; x_wconf 76' lang='grc' dir='ltr'>ἱσταμένης</span> <span class='ocrx_word' id='word_1_763' title='bbox 1580 5757 1673 5812; x_wconf 71' lang='grc' dir='ltr'>καὶ</span> <span class='ocrx_word' id='word_1_764' title='bbox 1730 5757 1856 5824; x_wconf 75' lang='grc' dir='ltr'>μετὰ</span> 
     </span>
    </p>
   </div>
   <div class='ocr_carea' id='block_1_110' title="bbox 1958 5745 3530 5828">
    <p class='ocr_par' dir='ltr' id='par_1_110' title="bbox 1973 5754 3530 5828">
     <span class='ocr_line' id='line_1_111' title="bbox 1973 5754 3530 5828; baseline 0.001 -19"><span class='ocrx_word' id='word_1_765' title='bbox 1973 5763 2159 5810; x_wconf 84' lang='lat' dir='ltr'><strong>nostra</strong></span> <span class='ocrx_word' id='word_1_766' title='bbox 2199 5754 2376 5810; x_wconf 84' lang='lat' dir='ltr'><strong>adhuc</strong></span> <span class='ocrx_word' id='word_1_767' title='bbox 2429 5754 2638 5826; x_wconf 86' lang='lat' dir='ltr'><strong>integra</strong></span> <span class='ocrx_word' id='word_1_768' title='bbox 2690 5762 2854 5826; x_wconf 88' lang='lat' dir='ltr'><strong>atque</strong></span> <span class='ocrx_word' id='word_1_769' title='bbox 2900 5754 3179 5825; x_wconf 80' lang='lat' dir='ltr'><strong>ordinata,</strong></span> <span class='ocrx_word' id='word_1_770' title='bbox 3215 5770 3336 5828; x_wconf 70' lang='lat' dir='ltr'><strong>quae</strong></span> <span class='ocrx_word' id='word_1_771' title='bbox 3385 5764 3530 5815; x_wconf 84' lang='lat' dir='ltr'><strong>certe</strong></span> 
     </span>
    </p>
   </div>
  </div>
