4074 6222
571 377 674 442 811

1834 383 2112 448 LEONIS
2148 387 2608 449 PHILOSOPHI

3715 390 3857 455 812

573 490 638 543 ad
692 489 974 544 victoriam
1025 506 1217 561 magna
1287 493 1532 560 praesidia
1593 493 1788 559 habet,
1861 511 1984 551 cum
2053 499 2140 550 in-

2273 501 2651 562 εαταστάσεως,
2685 499 2784 568 τῆς
2819 499 2874 552 δὲ
2915 500 3021 553 τῶν
3051 498 3260 570 ὲχορῶν
3314 500 3668 573 πεφυρμένης
3698 519 3870 574 προ-

571 592 778 637 structa
827 593 882 638 et
927 583 1162 652 perfecta
1213 583 1474 640 adversus
1517 585 1802 642 confusam
1840 599 1893 643 et
1929 599 2144 658 pertur-

572 677 752 730 batam
785 676 1065 730 hominum
1102 677 1500 732 multitudinem
1527 678 1766 734 dimicet.

642 765 731 819 20.
767 764 953 833 Neque
992 780 1120 820 vero
1160 767 1336 821 solum
1385 769 1693 823 necessaria
1741 781 1824 825 est
1866 773 2145 841 copiarum

568 867 882 912 nostrarum
935 857 988 911 in
1040 856 1178 912 duas
1232 859 1381 914 acies
1425 859 1660 927 divisio,
1713 863 1933 930 quando
1986 879 2148 933 pares

569 957 735 1016 alque
771 948 1010 1018 aequales
1049 956 1251 1004 nostra:
1300 958 1464 1019 atque
1503 951 1744 1006 hostium
1786 954 1955 1023 copire
2005 955 2148 1010 inter

571 1055 632 1094 se
662 1039 882 1104 iuerint,
910 1041 1001 1095 sed
1029 1050 1142 1094 tum
1170 1042 1224 1095 in
1255 1043 1449 1111 primis
1472 1058 1594 1096 cum
1623 1045 1858 1115 majores
1880 1061 1940 1099 ac
1963 1046 2148 1116 plures

573 1133 774 1187 nostris
803 1132 1042 1202 ipsorum
1080 1133 1247 1200 copiae
1286 1134 1508 1190 fuerint.

644 1313 733 1368 ξι.
769 1312 863 1366 Sin
901 1313 1024 1382 quis
1071 1313 1255 1367 dicat:
1291 1314 1548 1380 Quaenam
1593 1315 1804 1368 tandem
1855 1316 2016 1385 hujus
2061 1333 2150 1372 se-

575 1406 767 1459 cundae
804 1404 938 1457 aciei
986 1403 1194 1456 utilitas
1228 1418 1348 1458 esse
1388 1403 1612 1473 potest?
1651 1405 1822 1472 prima
1853 1406 1996 1459 enim
2035 1408 2152 1462 acie

578 1495 698 1549 fusa
737 1503 792 1550 et
839 1495 1074 1564 repulsa,
1118 1495 1354 1549 secunda
1395 1496 1540 1550 acies
1571 1495 1726 1550 facile
1765 1498 2152 1566 tergiversatur

575 1574 630 1642 et
661 1588 714 1642 in
748 1587 930 1658 fugam
973 1602 1033 1642 se
1066 1587 1158 1641 dat
1190 1605 1202 1640 :
1239 1587 1286 1642 is
1333 1603 1517 1643 secum
1559 1588 1664 1643 hoc
1713 1593 1872 1644 modo
1913 1591 2146 1660 cogitet:

578 1680 637 1735 Si
691 1678 907 1734 duabus
966 1678 1188 1734 aciebus
1248 1679 1538 1734 instructis
1595 1680 1794 1734 bellum
1855 1680 2149 1745 lubricum,

578 1779 740 1839 atque
764 1783 963 1838 anceps
993 1767 1178 1833 fuerit,
1211 1768 1470 1838 quidnam
1506 1770 1628 1839 quis
1657 1771 1971 1826 existimare
1995 1772 2154 1828 debet

2247 593 2425 660 τερεῖν
2482 592 2679 660 μᾶλλον
2742 591 2837 662 τὴν
2881 592 3157 662 ἡμετέραν
3207 593 3296 646 καὶ
3347 592 3656 647 ἐπιδιώκειν
3708 599 3861 661 τοὺς

2249 681 2606 743 διαλύσαντας
2631 681 2729 751 τὴν
2755 680 2931 745 τάξιν.

2323 780 2390 826 κ’.
2441 771 2600 825 Ἀλλά
2655 771 2830 826 καὶτὸ
2856 772 3284 842 ἀναγκαιότερον
3336 773 3485 843 παρὰ
3517 773 3720 839 πάντα,
3748 776 3847 829 ὃτι

2249 865 2308 918 οὐ
2350 864 2509 935 μόνον
2575 863 2712 935 πρὸς
2742 863 2839 927 τάς
2872 865 3190 935 ῐσομέτρους
3214 864 3496 934 δυνάμεις,
3526 867 3693 934 ἤγουν
3724 867 3853 920 τῶν

2248 977 2308 1013 τε
2345 958 2631 1030 ἡμετέρων
2681 957 2775 1012 καὶ
2817 957 2925 1012 τῶν
2985 958 3242 1011 ἐναντίων
3301 957 3532 1028 ἁρμοδία
3591 959 3850 1012 turbarat

2250 1052 2546 1122 ἀναγκαία,
2575 1051 2650 1115 ὼς
2678 1050 2912 1120 εἴρηται,
2940 1053 2972 1118 ἡ
3006 1052 3087 1114 είς
3125 1050 3217 1103 δύο
3243 1050 3578 1120 παρατάξεις
3625 1050 3809 1120 διαίρε
3835 1077 3847 1090 ~

2254 1161 2335 1205 σις
2387 1143 2482 1196 τοῦ
2531 1141 2785 1212 στρατοῦ,
2817 1141 2953 1194 ἀλλὰ
2999 1143 3094 1194 καὶ
3149 1143 3284 1212 πρὸς
3325 1143 3422 1207 τὰς
3455 1140 3844 1212 ὑπερεχούσας

2254 1237 2348 1291 καὶ
2377 1237 2538 1292 πλέον
2568 1237 2677 1290 τῶν
2698 1235 2984 1308 ἡμετέρων
3008 1236 3174 1298 οὔσας
3198 1235 3476 1305 δυνάμεις.

2324 1335 2426 1383 κα⁹.
2475 1329 2600 1382 Ἐὰν
2637 1329 2693 1382 δέ
2738 1346 2821 1392 τις
2863 1328 3040 1395 λέγει,
3077 1328 3159 1380 ὅτι
3205 1327 3270 1379 Τί
3319 1327 3544 1395 ὅφελος;
3583 1329 3680 1398 τῆς
3727 1328 3844 1399 γάρ

2253 1419 2480 1492 πρώτης
2545 1419 2754 1484 τάξεως
2803 1420 3218 1490 ταρασσομένης
3273 1419 3367 1471 καὶ
3437 1420 3789 1490 τρεπομένης
3823 1462 3840 1484 ,

2255 1511 2495 1582 εὐχερῶς
2561 1513 2657 1564 καὶ
2683 1513 2716 1580 ἡ
2750 1511 2978 1582 δευτέρα
2999 1510 3372 1578 συναπάγεται
3407 1508 3566 1580 αὺτὴ,
3592 1508 3687 1562 καὶ
3716 1525 3848 1563 συνο

2253 1600 2514 1671 τρέπεται
2548 1618 2562 1632 ·
2607 1600 2742 1654 ἀλλὰ
2795 1600 3084 1654 ἀκουσάτω
3117 1601 3144 1653 ὁ
3185 1598 3446 1662 τοιοῦτος,
3480 1599 3562 1652 ὅτι
3615 1598 3716 1650 ἐὰν
3749 1597 3846 1651 δῦο

2257 1689 2637 1762 παρατάξεων,
2684 1689 2866 1752 καθὼς
2887 1691 3210 1760 εἰρήκαμεν,
3235 1688 3568 1759 γενομένων,
3603 1691 3846 1756 ἑπισφαο

2257 1782 2346 1846 λὲς
2376 1782 2436 1834 τὸ
2464 1784 2698 1853 πρᾶγμα
2747 1783 2978 1851 γίνεται,
3013 1782 3066 1834 τί
3099 1782 3164 1836 ἄν
3195 1799 3280 1846 τις
3323 1781 3537 1835 ὲλπίσει
3585 1783 3718 1835 ὅταν
3751 1782 3848 1834 καὶ

571 1876 687 1916 una
729 1862 901 1916 solum
939 1861 1053 1916 acie
1085 1871 1340 1931 apparata
1383 1860 1660 1924 futurum,
1695 1877 1818 1915 cum
1851 1865 2148 1932 praesertim

2273 1840 2359 1923 ιία
2385 1840 2522 1941 μόνη
2559 1840 2676 1925 ἐστὶ
2718 1840 3045 1940 παράταξις,
3082 1873 3174 1924 καὶ
3227 1840 3367 1940 αἶ’)τη
3402 1874 3699 1943 τραπεῖσα,
3734 1873 3838 1924 οὐκ

582 1952 684 2008 hac
729 1952 929 2022 rejecta
967 1953 1098 2006 nihil
1153 1953 1347 2008 habeat
1393 1967 1503 2022 quo
1541 1953 1732 2021 juvare
1773 1969 1832 2009 se
1873 1963 2036 2026 atque
2066 1972 2152 2012 re-

582 2059 770 2100 creare
800 2045 1006 2114 possit?

652 2135 741 2190 22.
778 2133 870 2188 Sin
903 2135 1095 2191 iterum
1128 2138 1375 2207 objicias,
1403 2139 1585 2210 copias
1613 2143 1716 2197 has
1751 2143 1802 2195 in
1839 2144 1975 2197 duas
2009 2143 2153 2197 acies

583 2227 802 2292 divisas,
836 2227 1107 2298 longiores
1133 2239 1186 2284 et
1213 2233 1485 2286 tenuiores
1514 2231 1668 2301 justo
1707 2248 1857 2296 esse,
1893 2234 2156 2304 intelligat

581 2318 651 2372 iis
680 2317 892 2374 duabus
928 2319 1030 2375 hoc
1067 2321 1315 2376 ell‘eetum
1351 2323 1436 2388 iri,
1467 2333 1526 2377 ut
1557 2339 1680 2378 cum
1727 2325 2002 2380 moderata
2043 2341 2158 2380 ma-

583 2409 863 2479 gnitudine
923 2412 1066 2478 sint,
1108 2421 1160 2466 et
1206 2426 1374 2482 prope
1414 2428 1474 2468 se
1519 2413 1914 2484 adjungantur,
1967 2413 2096 2466 nulli
2127 2429 2155 2466 a

585 2503 779 2572 [ιι-ωηο
813 2506 1070 2575 separati,
1105 2506 1198 2560 sed
1227 2505 1414 2560 fortine
1443 2507 1682 2561 acierum
1713 2516 1930 2560 mutata:
1954 2505 2083 2571 sint,
2108 2514 2162 2560 ct

583 2594 808 2649 alteram
851 2604 1010 2660 ante,
1072 2597 1295 2650 alteram
1348 2605 1493 2651 retro
1547 2598 1819 2662 locantes,
1874 2607 2163 2668 utramque

585 2684 758 2738 aciem
796 2685 1146 2739 munitiorem
1183 2685 1591 2756 ﬁrmioremque
1623 2688 1921 2742 reddimus.

2259 1959 2370 2030 ἔχει
2408 1960 2600 2031 ἑτέραν
2644 1960 2709 2013 δι’
2736 1955 2804 2032 ἦς
2843 1960 3173 2032 βοηθηθῆναι
3202 1961 3423 2015 δύναται
3458 1962 3552 2015 καὶ
3603 1961 3852 2031 ἀνακλη-

2260 2052 2421 2123 θῆναι
2444 2071 2458 2119 ;
3071 2047 3074 2049 ’

2331 2145 2436 2216 κβ’.
2478 2145 2603 2198 Ἐὰν
2628 2145 2682 2200 δὲ
2708 2146 2868 2201 πάλιν
2897 2147 3065 2215 λέγει,
3105 2147 3186 2199 ὅτι
3214 2147 3322 2217 Τῆς
3350 2146 3632 2214 δυνάμεως
3663 2145 3852 2213 πάσης

2265 2237 2432 2304 ἡγουν
2456 2235 2548 2290 τοῦ
2574 2236 2807 2305 στρατοῦ
2857 2237 3214 2309 μεριζομένου
3261 2239 3341 2300 εἰς
3371 2236 3598 2307 πρώτην
3633 2236 3732 2288 καὶ
3768 2236 3851 2299 είς

2264 2327 2523 2398 δευτέραν
2557 2329 2860 2399 παράταξιν
2905 2329 3272 2398 ἀσθενεστέρα
3309 2330 3404 2383 καὶ
3459 2327 3852 2398 άδυνατωτέρα

2268 2419 2476 2488 ἡτάξις
2513 2420 2848 2490 εὑρίσκεται,
2899 2421 3225 2490 κατανοήσει
3281 2421 3374 2472 καὶ
3402 2418 3561 2471 τοῦτο
3585 2458 3600 2482 ,
3637 2419 3722 2471 ὅτι
3752 2417 3850 2470 ἐὰν

2274 2510 2371 2578 μὲν
2397 2512 2422 2580 ἡ
2454 2510 2681 2581 δύναμις
2703 2512 2988 2582 ἐμερίζετο
3009 2513 3100 2566 καὶ
3131 2511 3424 2582 ἐχωρίζετο
3453 2510 3548 2563 τοῦ
3580 2510 3847 2580 πολέμου,

2273 2602 2452 2666 καλῶς
2479 2602 2545 2658 ἂν
2578 2604 2737 2658 τοῦτο
2777 2605 2999 2675 ἠπόρει.
3039 2604 3180 2656 Ἀλλ’
3209 2605 3369 2674 ἡμεῖς
3398 2603 3458 2655 οὐ
3487 2606 3596 2672 τὴν.
3615 2602 3850 2670 δύναμιν

2275 2693 2570 2766 κελεύομεν
2626 2695 2973 2766 μερισθῆναι,
3020 2695 3156 2749 ἀλλὰ
3187 2695 3345 2764 μόνον
3377 2695 3437 2747 τὸ
3469 2694 3656 2764 σχῆμα
3680 2692 3849 2746 ἀλλα-

583 2776 771 2845 γῆναι.
828 2777 936 2828 Καὶ
991 2776 1099 2846 γὰρ
1135 2776 1162 2828 ὂ
1198 2777 1304 2847 πρὸ
1365 2777 1457 2830 τοῦ
1512 2779 1810 2850 ἀλλαγῆναι
1853 2779 1913 2832 τὸ
1966 2779 2154 2850 σχῆμα
2196 2784 2476 2839 συνέϐαινε
2504 2787 2779 2854 γενέσθαι,
2814 2788 2875 2841 τὸ
2925 2790 3104 2842 πᾶσαν
3151 2788 3251 2851 τὴν
3301 2787 3532 2857 δύναμιν
3580 2788 3658 2850 εἰς
3720 2785 3850 2856 μίαν

589 2869 894 2942 παράταξιν
921 2868 1266 2942 τασσομένην
1309 2870 1529 2942 μακρὰν
1554 2872 1646 2925 καὶ
1696 2873 1902 2945 λεπτὴν
1939 2876 2315 2948 εὑρίσκεσθαι,
2366 2883 2524 2938 τοῦτο
2567 2887 2624 2940 ἐν
2688 2890 2754 2958 τῇ
2823 2887 2982 2957 διπλῇ
3044 2885 3193 2952 τάξει
3262 2885 3648 2956 εὖπορὴσαμεν
3710 2901 3846 2952 συμο

591 2969 824 3040 μέτρους
853 2968 952 3031 τάς
985 2967 1077 3020 δύο
1127 2967 1309 3032 τάξεις
1359 2969 1705 3039 ποιήσαντες,
1739 2971 1906 3024 διὰτὸ
1938 2973 2163 3043 πλησίον
2201 2977 2448 3049 ἀλλήλων
2502 2976 2666 3046 εἶναι,
2698 2983 2758 3035 οὐ
2790 2981 2891 3053 τῆς
2933 2981 3113 3051 μάχης
3159 2979 3516 3053 χωρίσαντες,
3582 2979 3718 3032 ἀλλὰ
3780 2981 3844 3031 τὸ

591 3059 777 3130 σχῆμα
832 3057 1240 3124 ἐναλλάξαντες,
1277 3060 1371 3111 καὶ
1418 3060 1516 3128 τὴν
1558 3059 1657 3129 μὲν
1700 3059 2032 3133 ἔμπροσθεν,
2095 3063 2193 3134 τὴν
2231 3065 2288 3118 δὲ
2363 3069 2586 3124 ὄπισθεν
2635 3070 2916 3138 τάξαντες,
2945 3073 3038 3126 καὶ
3073 3069 3234 3125 πλέον
3271 3070 3369 3134 τὰς
3395 3070 3724 3141 παρατάξεις
3757 3071 3846 3123 διὰ

588 3154 678 3205 τὸν
699 3153 1098 3224 προειρημένον
1130 3153 1328 3222 τρόπον
1350 3155 1854 3224 κατοχυρώσαντες.

656 3246 747 3300 23.
784 3244 1072 3315 Propterea
1124 3254 1302 3300 autem
1350 3261 1446 3316 par
1491 3255 1576 3301 est
1623 3256 1908 3317 equestres
1960 3249 2165 3319 copias,
2196 3253 2241 3314 c

591 3338 705 3392 sive
740 3337 976 3409 majores
1007 3338 1120 3394 sive
1148 3338 1388 3393 minores
1419 3339 1555 3400 sint,
1591 3341 1643 3393 in
1677 3341 1864 3410 plures
1894 3341 2168 3397 diversas-

592 3445 701 3500 que
732 3440 915 3500 partes
945 3429 1208 3495 dividere,
1240 3429 1366 3499 quia
1404 3445 1628 3485 necesse
1662 3441 1744 3485 est
1775 3441 1825 3486 te
1857 3441 2004 3486 certa
2037 3448 2172 3500 qua-

593 3525 718 3578 dam
776 3522 1106 3592 definitaque
1165 3520 1545 3577 moderatione
1606 3522 1789 3576 omnia
1860 3521 2169 3584 instituere,

595 3631 718 3671 cum
780 3614 1043 3670 adversus
1093 3613 1278 3668 hostes
1330 3613 1713 3683 dimicas,qui
1773 3613 1826 3666 in
1871 3613 2014 3668 bello
2057 3621 2170 3666 tum

597 3717 767 3762 artem
800 3707 1116 3770 militarem,
1151 3715 1263 3759 tum
1297 3705 1541 3760 ordinem
1575 3705 1828 3759 bellicum
1858 3705 2171 3760 observant.

670 3892 762 3944 24.
806 3891 860 3945 Si
898 3891 1123 3960 poteris,
1166 3889 1312 3944 nulla
1355 3892 1564 3944 ratione
1612 3891 1811 3946 bellum
1843 3905 2018 3958 geras,
2049 3905 2173 3944 cum

604 3981 845 4037 hostium
881 3981 1063 4051 plures
1095 3981 1282 4049 copias
1305 3995 1426 4035 esse
1457 3980 1733 4052 intelligis.
1763 3981 1947 4037 Primo
1973 3996 2177 4051 cogno-

605 4072 819 4128 scenda:
857 4072 1142 4142 diligenter
1177 4072 1412 4127 hostium
1442 4075 1612 4143 copiae
1645 4082 1791 4137 sunt,
1829 4084 1938 4128 tum
1975 4073 2174 4127 bellum

607 4166 788 4222 statim
825 4164 1164 4220 inferendum
1198 4177 1299 4220 (ξεί.

675 4341 767 4396 25.
811 4339 867 4394 Si
905 4340 1204 4409 pedestrem
1244 4340 1444 4395 habeas
1489 4341 1788 4395 exercitum
1812 4382 1826 4406 ,
1868 4341 2178 4410 hujusmodi

607 4434 778 4490 aciem
811 4434 1304 4503 instrues,quaiem
1342 4433 1436 4487 tibi
1468 4433 1651 4488 statim
1675 4435 2088 4504 explicabimus,
2125 4437 2179 4491 in

607 4523 784 4591 capite
820 4522 887 4576 de
927 4521 1043 4576 acie
1085 4520 1351 4590 pedestri,
1385 4529 1439 4575 et
1479 4523 1593 4576 acie
1637 4522 1796 4577 mista
1836 4524 2080 4594 equitum
2117 4539 2181 4579 ac

608 4614 853 4684 peditum
888 4613 1227 4668 instruenda.

678 4705 770 4760 26.
817 4704 910 4758 Sin
947 4714 1129 4758 autem
1169 4704 1268 4759 soli
1302 4705 1515 4774 equites
1557 4704 1792 4769 fuerint,
1832 4715 1884 4760 et
1919 4705 2184 4762 adversus

609 4799 822 4869 equites
853 4797 1052 4852 bellum
1088 4797 1494 4866 suscipiendum
1533 4811 1637 4862 cst,
1669 4797 1720 4851 in
1759 4807 1869 4853 tres
1899 4807 2180 4868 equestres

609 4891 756 4947 acies
779 4889 1095 4944 universum
1127 4887 1336 4942 divides
1357 4887 1679 4943 exercitum.
1715 4887 1951 4942 Primam
1981 4890 2177 4956 aciem,

611 4996 734 5052 quae
761 4980 1067 5051 πρόμαχος,
1102 4979 1154 5034 id
1187 4987 1269 5034 est
1307 4979 1710 5049 propngnatrix,
1735 4978 1955 5043 dicitur,
1987 4980 2039 5033 in
2075 4990 2181 5036 tres

613 5083 798 5144 partes
827 5073 1061 5138 divides,
1101 5085 1429 5141 unaquaque
1460 5082 1609 5139 parte
1643 5070 1755 5124 sive
1785 5081 1963 5124 turma
1993 5070 2046 5123 in
2075 5079 2184 5127 tres

616 5164 815 5234 μοῖρας
849 5163 962 5218 sive
987 5164 1247 5233 drungos,
1280 5160 1333 5214 id
1365 5169 1466 5223 est,
1495 5159 1746 5214 cohortes
1786 5159 2070 5215 milliarias
2100 5160 2183 5214 di-

612 5253 761 5308 visa:
784 5254 836 5306 in
856 5253 1028 5308 media
1053 5262 1230 5307 autem
1249 5261 1403 5321 parte
1419 5250 1533 5304 sive
1558 5257 1734 5303 turma
1751 5250 2184 5322 ὑποστράτηγον,

616 5347 668 5403 id
693 5356 777 5401 est
827 5345 1122 5416 principem
1151 5345 1266 5400 sive
1293 5352 1677 5415 propraetorem
1707 5353 1858 5398 tuum
1883 5362 1896 5397 :
1926 5344 1978 5398 in
2001 5345 2186 5400 dextra

618 5439 946 5508 sinistraque
969 5447 1138 5506 parte,
1163 5437 1506 5491 turmarchas
1537 5451 1686 5500 suos,
1717 5436 1770 5489 in
1804 5437 1984 5492 medio
2011 5437 2184 5492 drun-

617 5531 887 5598 gariorum
937 5539 1029 5582 aut
1079 5529 1421 5600 μοιραρχῶν,
1478 5528 1532 5582 id
1579 5537 1664 5582 est
1706 5529 2046 5583 tribunorum
2078 5529 2189 5590 col-

623 5619 849 5674 locabis.

2347 3259 2451 3320 κγ’.
2491 3251 2589 3304 Διὰ
2647 3253 2802 3308 τοῦτο
2853 3253 2960 3323 γάρ
3007 3255 3086 3317 είς
3139 3253 3279 3325 μέρη
3310 3253 3542 3323 διάφορα
3569 3249 3744 3314 καλῶς
3774 3249 3846 3305 ἂν

2279 3345 2372 3397 καὶ
2420 3345 2628 3415 πρέπον
2683 3344 2798 3399 ἐστὶ
2825 3346 2886 3398 τὸ
2915 3345 3091 3400 πάντα
3148 3345 3554 3416 καόαλλαρικὸν
3616 3341 3844 3413 στρατὸν

2278 3436 2709 3508 διαμερίζεσθαι,
2742 3437 2841 3490 κᾶν
2865 3454 2922 3490 τε
2944 3436 3108 3500 πολύς
3133 3439 3268 3500 ἐστι,
3291 3435 3395 3490 κάν
3421 3454 3479 3489 τε
3513 3434 3841 3504 σύμμετροςο

2279 3527 2500 3598 εὔδηλον
2538 3527 2646 3598 γὰρ
2674 3527 2767 3580 καὶ
2799 3528 3005 3599 πρέπον
3031 3527 3117 3581 ἵνα
3142 3529 3445 3599 χρεωστῇς,
3476 3519 3520 3579 ὦ
3552 3525 3842 3596 στρατηγέ,

2279 3616 2436 3684 λόγον
2482 3617 2749 3670 ποιεῖσθαι
2780 3617 2874 3670 καὶ
2904 3617 3255 3682 κατάστασιν,
3291 3617 3366 3680 ὼς
3396 3617 3691 3686 ἐνδέχεται,
3721 3615 3845 3666 ὅταν

2284 3708 2519 3778 μάλιστα
2575 3709 2668 3762 καὶ
2717 3709 2851 3779 πρὸς
2909 3707 3034 3779 ἔθνη
3064 3707 3308 3783 πολεμῇς
3351 3707 3504 3773 τάξιν
3537 3707 3724 3778 ἔχοντα
3753 3705 3846 3758 καὶ

2281 3801 2476 3871 τέχνην
2501 3801 2762 3870 πολέμου.

2353 3894 2452 3946 κδ’.
2501 3894 2626 3947 Ἐάν
2657 3893 2712 3946 δὲ
2737 3892 2986 3959 δύνασαι,
3022 3893 3095 3963 μὴ
3123 3896 3278 3964 ποιῇς
3311 3892 3560 3962 φανερῶς
3577 3891 3665 3944 τὸν
3692 3886 3848 3941 πόλει·

2287 4001 2406 4055 μον,
2425 3986 2553 4038 ὅταν
2579 3985 2868 4052 γινώσκεις
2895 3986 2975 4037 ὅτι
3010 3983 3225 4048 πλείους
3257 3983 3350 4037 σού
3366 3983 3564 4035 εἰσινοὶ
3584 3980 3846 4050 πολέμιοι.

2285 4077 2394 4130 Καὶ
2449 4076 2557 4146 γὰρ
2595 4076 2800 4145 πρέπον
2837 4093 2918 4128 σοι
2950 4075 3214 4145 πρότερον
3237 4074 3336 4144 τὴν
3361 4074 3584 4141 δύναμιν
3611 4071 3720 4124 τῶν
3759 4089 3850 4124 ’πο⁹

2284 4161 2484 4232 λεμίων
2539 4178 2630 4214 σου
2693 4159 3012 4230 ἀναμαοεῖν,
3077 4159 3169 4213 καὶ
3191 4159 3363 4224 οὕτως
3401 4159 3728 4229 ποιήσασθαι
3756 4161 3849 4229 τὴν

2288 4254 2560 4325 συμϐολὴν
2589 4253 2682 4306 τοῦ
2719 4253 2977 4323 πολέμου.

2357 4345 2455 4401 κε’.
2492 4347 2614 4400 Ἐάν
2648 4346 2704 4399 δὲ
2736 4346 2878 4416 ἔχεις
2925 4345 3146 4409 πεζικὸν
3205 4343 3458 4416 στρατὸν,
3524 4340 3847 4413 ποιήσασθαι

2286 4438 2473 4492 τούτου
2518 4438 2616 4508 τὴν
2655 4435 2978 4507 παράταξιν,
3009 4435 3083 4500 ὼς
3138 4433 3274 4506 μετὰ
3311 4433 3483 4488 ταῦτα
3518 4430 3849 4502 δηλώσομεν,

2289 4533 2346 4584 ἐν
2369 4534 2432 4603 τῇ
2467 4531 2594 4602 περὶ
2646 4528 2828 4592 πεζῶν
2867 4528 2961 4584 καὶ
2994 4527 3100 4580 τῶν
3130 4526 3453 4598 συμμίκτων
3503 4526 3616 4589 τοῖς
3657 4524 3853 4577 καϐάλ-

2212 4609 2258 4664 Ῑ)
2285 4623 2492 4694 λαρίοις
2515 4621 2774 4684 διατάξει.

2359 4721 2472 4778 κςκ
2521 4714 2648 4766 Ἐὰν
2673 4713 2727 4766 δὲ
2753 4712 2899 4782 μόνοι
2931 4710 3284 4780 καϐαλλάριοί
3320 4710 3449 4772 εἰσι,
3479 4709 3574 4762 καὶ
3597 4707 3734 4778 πρὸς
3757 4725 3853 4761 κα-

2289 4803 2612 4876 6αλλαρίους
2685 4804 2970 4857 ὑπόκειται
3017 4805 3043 4856 ὁ
3095 4802 3372 4872 πόλεμος,
3442 4801 3536 4854 καὶ
3588 4800 3668 4862 εἰς
3713 4801 3856 4869 τρεῖς

2289 4892 2694 4964 καδαλλαρικάς
2742 4890 2924 4956 τάξεις
2961 4891 3288 4962 διαμερίσῃς
3335 4889 3428 4941 τὸν
3464 4888 3715 4958 στρατόν.
3747 4888 3857 4942 Καὶ

2285 4986 2385 5058 τὴν
2443 4986 2542 5056 μὲν
2584 4985 2806 5055 πρώτην
2859 4982 3184 5054 παράταξιν,
3219 4981 3339 5053 ἥτις
3384 4981 3599 5050 λέγεται
3651 4980 3860 5049 πρόμα-

2286 5092 2400 5146 χος,
2448 5077 2526 5136 εἰς
2558 5075 2685 5148 τρία
2730 5073 2821 5126 ἴσα
2853 5072 2996 5144 μέρη
3039 5071 3270 5143 ὲκτάξῃς
3304 5071 3410 5123 ἀπὸ
3459 5069 3626 5140 τριῶν
3662 5069 3861 5139 μοιρῶν

2289 5165 2503 5237 ἔχοντος
2533 5167 2763 5219 ἑκάστου
2806 5165 3025 5238 μέρους,
3059 5165 3227 5237 ἡγουν
3256 5163 3363 5217 ἀπὸ
3389 5161 3560 5232 τριῶν
3581 5160 3861 5232 δρούγγων

2292 5259 2530 5328 ἑκάστης
2550 5257 2816 5330 τούρμας,
2855 5258 2947 5310 καὶ
2971 5259 3028 5310 ὲν
3068 5257 3147 5328 τῷ
3180 5255 3328 5330 μέσῳ
3370 5255 3525 5326 μέρει
3555 5254 3740 5320 τάξεις
3778 5253 3865 5306 τὶν

2294 5351 2707 5421 ὑποστράτηγόν
2748 5363 2874 5420 ῗσου,
2925 5351 2982 5404 ὲν
3007 5351 3062 5403 δὲ
3092 5352 3204 5412 τοῖς
3254 5349 3461 5419 ἑτέροις
3495 5347 3671 5413 δυσὶν,
3705 5347 3866 5418 ἡγονν

2294 5441 2371 5512 τῷ
2391 5441 2547 5512 δεξιῷ
2579 5441 2673 5496 καὶ
2715 5440 2792 5512 τῷ
2819 5439 3110 5512 ἀριστερῷ,
3161 5441 3287 5504 τοὺς
3327 5440 3435 5494 τῶν
3465 5439 3652 5511 μερῶν
3680 5440 3867 5510 ἄρχον-

2297 5551 2395 5597 τας
2431 5534 2628 5604 μέσους
2673 5534 2779 5588 τῶν
2823 5531 3279 5602 ὑποτεταγμένων
3318 5533 3515 5595 αὐτοὺς
3571 5531 3864 5606 ἀρχό-πωὶ

2296 5623 2462 5692 ἤγουν
2489 5625 2596 5678 τῶν
2633 5625 2946 5698 μοιραρχῶν
2982 5625 3109 5698 (90).

2137 5732 2360 5795 NOTAE.

707 5819 815 5892 (90)
847 5820 1206 5890 Μοιρτιρχῶν.
1241 5822 1448 5887 Scribe,
1480 5827 1786 5897 μεραρχῶν.
