4074 6222
323 364 432 428 813

1371 360 1704 421 TACTICA.
1744 383 1810 395 ·-
1850 357 2353 423 CONSTITUTIO
2394 361 2531 421 XII.

3475 363 3583 429 8H.

398 469 500 537 κζ’.
542 468 724 524 Ταῦτα
763 468 820 523 δί
856 470 925 523 τά
950 470 1074 542 τρία
1103 471 1244 544 μέρη
1272 473 1557 541 συστήσεις
1585 473 1696 527 ἀπὸ
1728 492 1895 546 κουρ-

2069 474 2159 528 27.
2205 474 2314 530 llas
2370 483 2482 528 tres
2531 480 2740 528 turmas
2792 474 3090 529 constitues
3135 490 3198 530 cx
3252 477 3337 543 its,
3389 480 3482 548 qui
3518 480 3588 536 ad

332 564 528 634 σόρων,
558 561 727 631 ἤγουν
754 558 862 613 τῶν
897 561 977 623 εἰς
1007 559 1237 631 κοῠρσον
1260 563 1608 632 τεταγμένων
1638 581 1901 635 στρατευ-

337 655 544 726 μάτων,
591 650 685 714 οὓς
727 650 822 705 νῦν
866 651 1082 719 λέγουσι
1124 652 1494 725 προκλάστας,
1527 658 1620 709 καὶ
1657 656 1906 727 διφενσό-

336 764 465 817 ρων,
494 745 661 815 ἤγουν
702 743 812 797 τῶν
862 743 1270 814 ὑποδεχομένων
1302 746 1430 809 τοὺς
1464 748 1542 810 είς
1584 749 1645 800 τὸ
1681 747 1911 818 κοῦρσον

334 836 679 899 ἐλαύνοντας,
710 834 807 887 καὶ
838 833 1197 889 ὲκδικούντων
1231 836 1453 900 αὐτοὺς,
1503 837 1645 891 ὥστε
1674 837 1909 891 ἑκάστου

340 931 537 998 μέρους
571 925 633 978 τὸ
666 922 848 993 τρίτον
879 925 1044 977 ποσὸν
1077 926 1452 997 κουρσάτορας
1480 923 1640 983 εἶναι.
1673 927 1912 992 Τούτους

333 1018 394 1072 δὲ
433 1011 571 1070 εἶναι
596 1014 691 1070 καὶ
709 1015 955 1079 τοξότας.
1007 1016 1081 1070 Τὸ
1107 1015 1164 1069 δὲ
1186 1017 1431 1088 δίμοιρον
1466 1018 1528 1072 τὺ
1559 1020 1618 1072 ὲν
1644 1020 1794 1090 μέσῳ
1818 1020 1913 1074 τοῦ

341 1105 575 1177 στρατοῦ
604 1104 928 1175 διφένσορας
958 1104 1126 1174 ἤγουν
1162 1104 1411 1169 ἐκδίκους
1431 1106 1560 1171 τοὺς
1583 1107 1918 1178 ὑποδεχομέ-

340 1213 465 1258 νους
485 1196 614 1258 τοὺς
645 1194 1039 1265 κουρσάτορας.

409 1292 521 1355 κη’.
552 1284 897 1355 Παρατάξεις
923 1283 980 1337 δὲ
1005 1286 1063 1339 ὲν
1091 1287 1156 1355 τῇ
1193 1284 1383 1357 πρώτῃ
1411 1285 1563 1350 τάξει
1589 1286 1786 1351 οὕτως’
1821 1288 1918 1352 Είς

343 1377 445 1450 μὲν
474 1377 538 1430 τὸ
568 1375 852 1449 ἀριστερὸν
885 1375 1067 1446 μέρος,
1099 1377 1181 1440 είς
1210 1376 1239 1430 ὃ
1270 1376 1503 1447 μάλιστα
1533 1380 1590 1432 αἱ
1618 1379 1918 1444 κυκλώσεις

342 1466 451 1520 τῶν
476 1465 734 1520 ἐναντίων
761 1464 1001 1529 εὐκόλως
1031 1465 1296 1534 γίνονται,
1330 1467 1423 1520 δύο
1471 1468 1505 1540 ἢ
1548 1469 1677 1539 τρία
1724 1469 1917 1540 βάνδα,

339 1558 428 1613 ἵνα
477 1556 586 1610 είσὶ
637 1555 1077 1624 πλαγιοφύλακες
1128 1557 1409 1627 ἱστάμενοι
1453 1559 1557 1612 ἶσοι
1602 1558 1695 1612 τοῦ
1753 1559 1917 1614 αὑτοῦ

342 1648 577 1719 μέρους⁶
629 1646 726 1701 καὶ
775 1645 964 1717 βάνδον
995 1646 1052 1701 ἒν
1100 1646 1132 1719 ἦ
1191 1648 1285 1702 δὺο
1333 1648 1497 1719 βάνδα
1526 1649 1748 1714 τοξότας
1791 1651 1919 1714 τοὺς

339 1739 660 1810 λεγομένους
702 1738 1121 1811 ὑπερκεράστας
1147 1740 1257 1811 (9|)
1289 1742 1457 1810 ἤγουν
1481 1741 1729 1811 ἑτοίμους
1760 1742 1918 1808 ὄντας

339 1832 420 1896 εἶς
450 1830 723 1886 κύκλωσιν
759 1831 1181 1902 τῶνπολεμίων
1203 1849 1216 1862 ·
1250 1833 1473 1895 τούτους
1512 1833 1734 1903 στῆσεις
1767 1832 1800 1904 ἦ
1834 1835 1917 1898 είς

338 1921 400 1975 τδ
426 1921 590 1994 μέρος
618 1922 680 1975 τὸ
703 1921 894 1989 δεξιόν.
930 1923 1037 1976 Καὶ
1059 1923 1157 1994 τὴν
1185 1921 1283 1992 μὲν
1315 1920 1538 1993 πρώτην
1565 1921 1720 1987 τάξιν
1743 1919 1916 1984 οὕτως

341 2011 694 2086 παρατάξεις.

411 2104 513 2160 κθ’.
566 2105 677 2176 Τὴν
731 2106 787 2159 δὲ
834 2105 1092 2177 δευτέραν
1141 2105 1447 2177 παράταξιν
1484 2106 1584 2178 τὴν
1616 2106 1917 2177 λεγομένην

344 2197 537 2267 βοηθὸν
580 2197 786 2265 τάξεις,
823 2197 910 2251 ἵνα
945 2197 1047 2271 ἔχῃ
1091 2199 1153 2252 τὸ
1194 2199 1374 2271 τρίτον
1408 2199 1574 2254 ποσὸν
1600 2198 1694 2252 τοῦ
1719 2198 1918 2262 παντὸς

304 2346 307 2349 λ
344 2284 598 2358 στρατοῦ,
661 2287 756 2341 καὶ
802 2285 1009 2358 ταύτην
1040 2290 1290 2358 ποιήσεις
1334 2289 1415 2351 εἰς
1463 2287 1709 2360 τέσσαρα
1746 2288 1915 2358 μέρη,

345 2376 433 2429 ἶνα
458 2375 534 2438 ὡς
560 2375 666 2429 ἀπὸ
693 2375 813 2438 ένδς
842 2375 1222 2445 σαγιττοὸόλου
1256 2376 1625 2447 διαστήματος
1655 2376 1793 2430 κατὰ
1821 2377 1919 2440 τὰς

345 2466 586 2537 πλευράς
637 2465 878 2536 ἀλλήλων
942 2466 1304 2537 περιπατοῦσι
1360 2467 1431 2521 τὰ
1474 2466 1701 2521 τοιαῦτα
1752 2466 1915 2538 μέρη.

346 2557 428 2612 Τὰ
474 2556 530 2610 δὲ
558 2555 780 2611 τοιαῦτα
808 2556 949 2628 μέρη
984 2556 1304 2627 ἀμφίστομα
1340 2557 1588 2628 ποιήσεις
1637 2558 1806 2627 ἤγουν
1838 2555 1919 2611 δί-

347 2664 544 2718 στομα,
577 2647 663 2700 ἵνα
692 2647 783 2701 καὶ
803 2648 854 2700 oi
892 2646 1199 2719 ἔμπροσθεν
1233 2648 1367 2719 πρὸς
1388 2648 1448 2702 τὸ
1475 2647 1766 2718 λεγόμενον
1792 2646 1921 2717 μέτε

349 2738 495 2793 ωπόν
554 2740 690 2793 εἰσιν
722 2738 939 2793 δυνατοὶ⁸
981 2740 1076 2792 καὶ
1117 2739 1558 2810 καθωπλισμένοι
1596 2739 1799 2810 ὁμοίως
1828 2739 1923 2793 καὶ

349 2830 400 2884 οί
440 2829 661 2884 ὄπισθεν
709 2830 846 2902 πρὸς
893 2828 992 2901 τὴν
1019 2830 1320 2900 λεγομένην
1358 2831 1524 2902 οὐράν
1568 2830 1784 2884 δυνατοὶ
1829 2829 1925 2883 καὶ

352 2920 817 2991 καθωπλισμένοι·
861 2920 947 2974 ἵνα
975 2920 1070 2973 καὶ
1101 2920 1197 2973 ἐὰν
1242 2920 1384 2975 κατὰ
1422 2919 1515 2973 τοῦ
1557 2918 1729 2975 νώτου
1757 2920 1923 2990 ἤγουν

350 3012 527 3066 ὀπίσω
555 3011 732 3067 αὐτῶν
774 3012 1074 3083 ποιήσωσιν
1107 3009 1413 3081 προσϐολὴν
1445 3010 1495 3063 οί
1528 3009 1733 3080 ἐχθροὶ,
1779 3010 1925 3062 ἀντι-

357 3101 716 3172 στρέφωνται,
746 3101 841 3154 καὶ
886 3101 1246 3171 εὐρίσκωνται
1296 3098 1404 3153 ἀπὸ
1439 3098 1549 3151 τῶν
1601 3096 1695 3150 δύο
1730 3096 1922 3167 ’μερῶν

356 3192 559 3265 ἰτοιμοι
588 3192 1026 3247 ἀντιτάσσεσθαι.

427 3286 489 3336 λ’.
534 3280 693 3335 Ἀλλᾶ
735 3282 828 3336 καὶ
853 3282 910 3335 έν
941 3284 1052 3346 τοῖς
1091 3282 1271 3346 ἄλλοις
1317 3283 1541 3354 μέρεσιν
1579 3282 1803 3338 ὄπισθεν
1834 3281 1930 3351 τῆς

360 3373 712 3445 παρατάξεως
761 3372 1119 3443 ἑκατέρωθεν,
1168 3374 1339 3444 ἤγουν
1371 3372 1524 3427 ἔνθεν
1558 3373 1653 3427 καὶ⁵
1702 3373 1932 3438 ἐκεῖθεν,

358 3464 434 3528 ώς
486 3464 592 3518 ἀπ’)
634 3462 754 3526 ἑνὸς
807 3462 1188 3532 σαγιττοὸὀλου
1243 3462 1635 3533 διαστήματος,
1691 3463 1936 3527 ἐκτάξεις

359 3559 468 3613 ἀπὸ
491 3559 610 3623 ἑνὸς
649 3556 838 3629 βάνδου
867 3557 927 3612 ἐν
959 3557 1111 3621 τάξει
1139 3556 1541 3625 νωτοφυλάκων
1568 3551 1679 3611 οἷον
1712 3557 1790 3619 εἰς
1819 3553 1937 3625 τρί-

359 3669 460 3723 την
491 3650 667 3715 τάξιν.

431 3742 532 3798 λα’.
564 3742 681 3796 Ἵνα
708 3742 764 3797 δὲ
795 3742 888 3796 καὶ
914 3744 970 3795 ὲν
1007 3740 1083 3811 τῷ
1115 3739 1268 3811 μέσῳ
1298 3737 1496 3810 χωρία,
1529 3738 1696 3808 ἤγουν
1724 3736 1793 3791 τά
1825 3736 1939 3789 δια-

364 3834 620 3906 στήματα
653 3834 753 3902 τῆς
802 3832 1061 3903 δευτέρας
1105 3831 1333 3897 τάξεως,
1366 3830 1621 3902 ἡνωμένα
1674 3827 1939 3899 εὐρεθῶσι

362 3925 454 3980 διὰ
479 3924 696 3990 παντὸς,
726 3925 821 3979 καὶ
849 3925 884 3996 ἤ
917 3926 1066 3978 πᾶσα
1098 3921 1249 3987 τάξις
1276 3921 1336 3976 ἓν
1368 3922 1528 3993 σῶμα
1555 3921 1828 3990 φαίνεται,
1848 3920 1942 3974 καὶ

369 4014 445 4088 μὴ
469 4014 853 4086 διαστρέφεται
900 4010 1296 4082 περιπατοῦσα,
1346 4010 1641 4080 ἀναγκαῖόν
1678 4007 1760 4062 σοί
1794 4010 1941 4061 ἐστιν

367 4107 446 4167 εἰς
469 4104 641 4159 ταῦτα
669 4104 738 4159 τά
762 4104 820 4157 ὲν
865 4103 1014 4174 μέσῳ
1045 4101 1409 4173 διαλείμματα
1441 4102 1549 4155 άπὸ
1590 4100 1708 4164 sub;
1741 4097 1935 4169 βάνδου

371 4199 705 4268 καταστῆσαι
728 4200 809 4263 είς
837 4197 957 4252 ὅλον
986 4198 1047 4250 τὸ
1078 4196 1333 4268 εὔκαιρον
1362 4196 1636 4267 διάστημα
1668 4194 1859 4266 ἔχοντα
1884 4196 1943 4246 τὸ

372 4288 535 4360 βάθος
566 4290 732 4361 ἤγουν
762 4290 820 4343 τὸ
849 4290 1021 4361 πάχος
1054 4288 1087 4360 ἢ
1124 4289 1233 4342 ἀπὸ
1260 4288 1353 4342 δύο
1382 4288 1788 4358 κασαλλαρίων,
1819 4287 1852 4355 ἢ
1884 4284 1943 4337 τὸ

371 4381 554 4446 καλῶς
601 4380 722 4452 ἔχον
762 4380 872 4434 ἀπὸ
914 4379 1216 4450 τεσσάρων,
1272 4379 1507 4450 μάλιστα
1558 4373 1755 4432 πολλοῦ
1790 4376 1944 4439 ὄντος

2012 572 2352 627 incursiones
2412 569 2630 633 valent,
2679 582 2818 638 quos
2867 584 3121 625 cursores
3168 580 3220 625 et
3288 574 3589 641 proclastas

2014 661 2299 716 nominant
2335 679 2347 714 :
2381 668 2433 715 et
2470 674 2537 714 ex
2564 659 2650 714 his
2674 659 2766 728 qui
2799 674 3052 714 cursores
3081 661 3357 728 excipiunt
3391 663 3589 719 iterum

2013 769 2041 805 ο
2085 767 2249 807 cursu
2290 750 2605 815 redeuntes,
2645 757 2809 819 atque
2838 765 2933 805 eos
2964 748 3283 815 defendunt,
3315 767 3456 822 quos
3499 755 3593 809 de-

2015 842 2267 899 fensores
2296 842 2571 912 appellant
2599 858 2612 895 :
2646 851 2705 895 ut
2736 841 3173 910 uniuscujusque
3206 852 3399 897 turmae
3430 846 3588 898 tertia

2016 951 2143 1008 pars
2189 950 2446 990 cursores
2481 934 2611 999 sint,
2646 948 2767 1003 quae
2813 933 3035 1001 τοΙίιιιιιθ
3086 942 3269 1003 partes
3312 934 3365 987 in
3413 936 3593 991 medio

2017 1027 2296 1083 exercitus
2324 1024 2649 1081 defensores
2680 1024 2810 1089 sint,
2844 1025 2938 1095 qui
2971 1024 3101 1080 istos
3130 1041 3385 1081 cursores
3415 1026 3593 1080 vindi-

2017 1125 2143 1173 cent
2168 1125 2223 1172 ct
2249 1114 2564 1172 defendant.

2088 1295 2180 1350 28.
2232 1294 2471 1348 Primam
2528 1292 2702 1347 aciem
2751 1290 2829 1347 sic
2878 1299 3152 1349 :nstrnes:
3186 1290 3263 1343 Ad
3313 1290 3594 1346 sinistram
3698 1336 3715 1343 ι

2017 1396 2252 1457 partem,
2287 1400 2450 1455 quam
2496 1383 2734 1438 maxime
2785 1390 2838 1436 et
2889 1380 3147 1436 facillime
3195 1382 3597 1437 circumvenire

2022 1483 2206 1538 hostes
2232 1481 2426 1545 solent,
2454 1478 2592 1532 duas
2617 1484 2713 1531 aut
2749 1482 2858 1530 tres
2891 1474 3149 1528 cohortes
3187 1474 3435 1543 ejusdem
3470 1490 3597 1543 par-

2022 1572 2113 1635 tis,
2160 1580 2219 1626 ut
2267 1569 2378 1625 sint
2424 1564 2886 1634 πλαγιοφύλακες,
2939 1563 2993 1617 id
3045 1572 3124 1618 est
3162 1563 3433 1618 laterones
3480 1563 3598 1619 sive

2021 1663 2276 1726 laterani,
2314 1659 2618 1731 assignabis
2654 1676 2668 1714 :
2702 1657 2981 1713 cohortem
3010 1665 3266 1726 praeterea
3303 1667 3602 1723 unam,aut

2022 1755 2159 1809 duas
2186 1767 2248 1808 ex
2275 1750 2591 1822 sagittariis,
2619 1749 2710 1817 qui
2745 1746 3170 1819 ὑπερκεράσται,
3194 1745 3247 1799 id
3276 1755 3360 1801 est
3412 1746 3598 1800 cerni--

2023 1843 2198 1910 stites,
2248 1841 2317 1895 ad
2371 1838 2797 1895 circumdandos
2839 1837 3050 1900 hostes,
3097 1835 3603 1890 circumvallandos

2023 1939 2436 1996 constituuntur
2465 1953 2479 1990 :
2510 1935 2614 1989 hos
2644 1934 2713 1988 ad
2746 1932 2996 1988 dextram
3027 1930 3145 2000 ejus
3175 1936 3382 1999 partem
3425 1928 3606 1984 collo-

2024 2028 2199 2086 cabis.
2234 2028 2312 2082 Ac
2338 2024 2570 2096 primam
2606 2023 2776 2078 aciem
2810 2023 2890 2077 sic
2917 2021 3178 2077 instrues.

2089 2119 2181 2175 29.
2221 2116 2527 2173 Secundam
2580 2115 2775 2180 aciem,
2826 2125 2950 2183 quae
2998 2110 3327 2167 subsidiaria
3378 2108 3602 2172 dicitur,

2026 2205 2108 2262 sic
2138 2205 2394 2268 instrucs,
2423 2211 2484 2257 ut
2515 2201 2732 2257 tertiam
2765 2208 2971 2268 partem
3003 2198 3172 2253 totius
3210 2197 3493 2253 exercitus
3536 2196 3602 2249 in

2026 2311 2087 2352 se
2119 2296 2419 2351 contineat.
2445 2292 2576 2347 Eam
2605 2299 2785 2347 autem
2812 2291 2866 2345 in
2893 2298 3128 2361 quatuor
3157 2298 3341 2359 partes
3367 2288 3599 2351 divides,

2026 2394 2080 2442 et
2109 2385 2272 2440 unius
2301 2383 2515 2453 sagittis.
2542 2381 2692 2451 jactu
2728 2380 2795 2435 ad
2826 2380 3001 2434 latera
3043 2377 3316 2448 ejusmodi
3360 2385 3541 2447 partes
3574 2392 3605 2430 a

2028 2490 2088 2532 se
2135 2484 2327 2529 mutuo
2378 2472 2602 2528 distent.
2683 2468 2792 2524 Has
2858 2478 3042 2539 partes
3097 2467 3366 2537 ancipites
3429 2475 3485 2521 ct
3533 2466 3602 2521 ad

2029 2579 2318 2636 utramque
2347 2572 2555 2634 partem
2592 2561 2837 2627 inﬂexas,
2883 2576 3020 2629 quas
3069 2559 3474 2630 ἀμφιστόμους,
3508 2573 3605 2614 seu

2028 2656 2316 2726 διστόμους
2344 2653 2537 2719 dicunt
2563 2650 2784 2714 eﬂicies,
2815 2657 2876 2703 ut
2907 2651 3000 2718 qui
3026 2648 3331 2703 anteriores
3359 2656 3507 2712 sunt,
3540 2650 3606 2699 att

2028 2746 2262 2802 frontem
2282 2743 2377 2814 qui
2410 2742 2760 2813 posteriores,
2790 2739 2858 2795 ad
2886 2738 3118 2793 caudam
3146 2752 3269 2806 qua:
3290 2736 3489 2791 dicitur
3513 2750 3613 2790 eu-

2029 2836 2372 2893 stodiendam
2407 2833 2585 2904 parati
2618 2842 2785 2904 atque
2823 2831 3021 2887 armati
3062 2831 3193 2895 sint,
3226 2840 3284 2885 ut
3315 2830 3476 2884 etiam
3504 2827 3546 2881 si
3579 2843 3611 2880 a

2032 2939 2183 3000 tergo
2223 2928 2289 2983 de
2319 2926 2624 2996 improviso
2660 2924 2844 2980 hostes
2886 2922 3120 2988 irruant,
3171 2928 3493 2976 convertant
3532 2934 3611 2983 se,

2034 3028 2088 3074 ct
2114 3018 2180 3072 ad
2208 3015 2573 3072 resistendum
2605 3011 2859 3068 hostibus
2886 3010 3096 3066 habiles
3120 3008 3485 3078 reperiantur.

2108 3284 2199 3340 50.
2243 3281 2299 3336 ιιι
2332 3279 2595 3338 extremis
2624 3278 2738 3334 oris
2770 3275 2927 3339 aciei,
2955 3274 3083 3329 hinc
3106 3282 3267 3343 atque
3292 3272 3466 3338 illinc,
3491 3277 3613 3339 post

2038 3378 2208 3432 aciem
2240 3375 2563 3430 instructam
2588 3371 2747 3439 quasi
2777 3371 2939 3426 unius
2970 3367 3185 3436 sagittae
3228 3365 3377 3435 jactu
3413 3362 3616 3418 educes

2038 3485 2101 3522 ex
2131 3482 2236 3521 una
2273 3470 2497 3521 cohorte
2522 3462 2587 3516 ad
2616 3461 2792 3516 acient
2823 3459 3177 3530 tergistituin,
3205 3455 3361 3528 quasi
3394 3454 3460 3510 ad
3507 3462 3617 3508 ter-

2040 3560 2171 3615 tiam
2199 3557 2371 3613 aciem
2402 3553 2804 3610 instruendam.

2115 3742 2206 3795 5i.
2251 3738 2318 3794 Ut
2340 3745 2521 3793 autem
2551 3735 2668 3790 loca
2704 3735 2819 3790 sive
2856 3733 3164 3796 intervalla,
3190 3746 3312 3801 quae
3356 3731 3408 3784 in
3440 3729 3620 3785 medio

2044 3834 2295 3892 secunda:
2350 3831 2484 3887 aciei
2543 3837 2694 3895 sunt,
2746 3829 2983 3883 adunata
3030 3825 3256 3881 omnino
3318 3824 3621 3894 junctaque

2045 3927 2412 3986 inveniantur,
2445 3932 2500 3979 et
2534 3922 2790 3977 universa
2825 3920 2972 3975 acies
3002 3917 3157 3989 quasi
3201 3932 3375 3972 unum
3422 3927 3622 3985 corpus

2046 4027 2323 4091 appareat.
2347 4031 2522 4085 neque
2546 4014 2795 4069 ineundo
2818 4013 3178 4077 distrahatur,
3203 4023 3427 4064 necesse
3446 4013 3531 4062 est
3555 4006 3622 4060 ad

2048 4109 2164 4164 haec
2196 4105 2476 4163 intervalla
2514 4104 2567 4158 in
2608 4103 2789 4158 medio
2819 4100 3145 4172 complenda
3193 4115 3223 4155 e
3253 4100 3479 4155 cohorte
3519 4097 3623 4151 ali-

2050 4213 2156 4269 qua
2184 4196 2448 4267 quosdam
2480 4193 2692 4264 equites
2733 4191 2957 4261 eligere,
3008 4190 3101 4260 qui
3148 4190 3215 4245 ad
3259 4188 3494 4243 duorum
3540 4186 3626 4237 vel

2051 4300 2281 4363 quatuor
2323 4287 2501 4359 petius
2532 4283 2818 4339 hominum
2873 4280 3241 4343 altitudinem,
3274 4277 3331 4351 si
3391 4291 3626 4346 magnus

2054 4379 2219 4435 fuerit
2246 4377 2539 4440 exercitus,
2574 4375 2942 4436 instruantur,
3006 4378 3065 4423 ut
3092 4368 3137 4423 si
3163 4368 3382 4438 quando
3408 4367 3627 4434 occasio

370 4469 466 4525 τοῦ
516 4468 773 4543 στρατοῦ,
817 4467 906 4521 ἴνα
956 4468 1085 4521 ὅταν
1131 4467 1320 4537 καιρὸς
1368 4467 1593 4538 γένηται
1628 4466 1697 4520 τά
1746 4464 1930 4536 τρεπό-

2057 4464 2219 4521 fuerit
2245 4463 2430 4534 primae
2455 4461 2590 4518 aciei
2618 4469 2799 4531 partes
2829 4458 2896 4514 ad
2932 4457 3122 4528 fugam
3158 4457 3445 4512 inclinatas
3475 4457 3627 4510 exci-

374 4579 512 4632 μενα
547 4563 687 4634 μέρη
721 4561 818 4632 τῆς
853 4560 1074 4633 πρώτης
1104 4560 1480 4631 παρατάξεως.
1511 4558 1696 4612 Ταῦτα
1728 4558 1795 4611 τά
1820 4557 1947 4628 τρία.

376 4652 543 4723 βάνδα
575 4654 643 4708 τὰ
687 4654 817 4708 ὅντα
865 4654 924 4707 ὲν
953 4655 1064 4716 τοῖς
1106 4651 1381 4722 εὐκαίροις
1407 4651 1592 4714 τόποις
1623 4650 1949 4705 ὑποστελὶό-

380 4761 517 4814 μειά
568 4746 660 4799 καὶ
693 4747 1099 4818 συσφιγγόμενα
1130 4743 1360 4817 εὔκαιρα
1409 4744 1620 4798 ποιοῦσι
1655 4746 1720 4799 τά
1774 4744 1949 4816 χωρία

378 4832 521 4908 πρὸς
543 4836 641 4908 τὴν
666 4840 889 4894 ἐκείνων
920 4842 1205 4911 ὑποδοχήν.
1230 4839 1340 4893 Καὶ
1377 4838 1495 4910 ἅμα
1527 4839 1627 4912 μὲν
1657 4840 1949 4911 ὑποδέχον-

375 4944 466 4981 ται
495 4929 621 4992 τοὺς
641 4932 1005 5001 τρεπομένους
1038 4930 1270 5001 εὔκαιρα
1295 4930 1471 5000 χωρία
1504 4929 1805 4996 ποιοῦντες,
1833 4930 1951 5001 ἅμα

378 5018 436 5074 δὲ
470 5023 561 5073 καὶ
592 5022 975 5076 ἀναστέλλουσι
1006 5023 1133 5086 τοὺς
1177 5022 1429 5085 θέλοντας
1477 5022 1871 5093 σκορπίςεσθαι
1918 5022 1951 5092 ἢ

382 5113 595 5179 φυγεῖν,
631 5112 747 5182 ἃμα
793 5111 849 5166 δὲ
898 5113 991 5165 καὶ
1034 5112 1114 5176 είς
1165 5111 1354 5184 τρίτην
1392 5110 1546 5175 τάξιν
1592 5109 1954 5177 συνιστάμενα

384 5200 523 5271 μετὰ
569 5202 677 5256 τῶν
725 5203 1121 5272 νωτοφυλάκων
1167 5200 1496 5257 άποσοϐοὖσι
1548 5199 1803 5261 πολλάκις
1834 5200 1957 5263 τοὺς

381 5291 524 5346 κατὰ
583 5292 752 5348 νῶτον
820 5295 988 5366 ἤγουν
1056 5293 1279 5347 ὄπισθεν
1348 5289 1799 5360 ἐπιφαινομένους
1862 5288 1956 5341 καὶ

381 5381 779 5456 ιπερχομένους
801 5384 1028 5455 ἐχθροὺς
1060 5384 1195 5454 προς
1220 5383 1281 5437 τὸ
1318 5382 1547 5454 ταράξαι
1574 5379 1670 5450 τὴν
1698 5378 1955 5448 δευτέραν

2051 4554 2256 4627 piendi,
2280 4554 2363 4609 ha:
2389 4561 2495 4608 tres
2528 4551 2780 4606 cohortes
2814 4548 3220 4606 retrocedentes
3247 4556 3302 4603 et
3350 4547 3404 4602 in
3454 4562 3629 4616 angu—

2052 4658 2195 4703 stum
2254 4661 2315 4701 se
2369 4644 2757 4701 contrahentes
2808 4648 3116 4711 opportuna
3177 4641 3297 4694 loca
3372 4638 3440 4692 ad
3505 4638 3628 4693 illos

2050 4736 2403 4807 excipiendos
2439 4740 2773 4804 praeparent.
2805 4731 3080 4801 simulque
3112 4730 3165 4784 in
3213 4728 3396 4797 fugam
3441 4743 3630 4783 versos

2051 4828 2104 4882 in
2130 4827 2275 4882 hanc
2298 4825 2545 4881 locorum
2576 4822 3040 4893 opportunitatem
3084 4819 3376 4889 accipiant,
3425 4834 3632 4889 eosque

2054 4919 2143 4989 qui
2182 4914 2528 4989 tergiversari
2572 4914 2786 4977 nolunt,
2817 4920 2871 4967 et
2919 4912 2986 4965 ad
3017 4910 3332 4980 fugiendum
3377 4926 3436 4965 sc
3490 4925 3632 4979 prae-

2054 5021 2269 5084 parant,
2300 5018 2355 5065 et
2384 5007 2677 5064 admodum
2704 5006 2997 5070 retineant,
3025 5013 3078 5058 et
3103 5002 3171 5057 ad
3208 5002 3424 5057 tertiam
3458 5002 3631 5056 aciem

2053 5121 2176 5159 cum
2213 5102 2572 5174 tergistitihus
2601 5098 2799 5169 juncti,
2830 5113 2974 5166 saepe
3018 5096 3202 5152 hostes
3232 5096 3298 5149 ad
3330 5096 3629 5151 secundam

2055 5195 2226 5253 aciem
2288 5189 2729 5264 perfringendam
2802 5189 3146 5243 incursantes
3216 5187 3518 5258 repellant,
3579 5196 3633 5239 et

2060 5287 2217 5356 quasi
2280 5283 2715 5340 indissolubilcm
2769 5282 3067 5337 secundam
3133 5280 3306 5336 aciein
3376 5279 3633 5335 eiliciant.

2062 5376 2236 5446 Atque
2271 5374 2387 5429 haec
2415 5373 2461 5427 si
2489 5387 2720 5444 magnus
2760 5369 2925 5427 fuerit
2958 5370 3247 5435 exercitus,
3276 5370 3374 5424 abs
3400 5378 3452 5423 te
3482 5366 3632 5421 fiant.

386 5475 711 5547 παράταξν,
740 5475 831 5528 καὶ
853 5474 1134 5529 ἀδιάλυτον
1162 5474 1332 5545 αὐτὴν
1349 5471 1815 5543 διαφυλάττουσιν.
1842 5470 1952 5525 Καὶ
1977 5468 2149 5524 ταῦτα
2177 5467 2273 5539 μὲν
2322 5464 2415 5519 ἐὰν
2471 5464 2634 5531 πολύς
2684 5469 2829 5519 ἐστιν
2860 5465 2886 5518 ό
2920 5463 3147 5535 στρατὸς
3174 5461 3318 5516 οὕτω
3364 5460 3633 5532 ποιήσεις,

1898 5622 2129 5680 ΝΟΤιιΕ.

459 5745 571 5811 (9i)
616 5741 1102 5814 'I‘xepxsprio'rac.
1136 5741 1513 5807 Scribebalur,
1540 5738 1678 5810 ὑπὲρ
1711 5738 1993 5808 κεράσται.
