4074 6222
484 344 596 412 815

1756 352 1953 413 LEON
1960 351 2035 414 IS
2063 354 2529 419 PHILOSOPHI

3666 368 3783 436 816

559 453 633 511 32
696 452 794 511 Sin
827 455 1157 512 mediocrem
1186 457 1446 514 habueris
1476 459 1799 528 exercitum,
1833 462 1938 517 hoc
1964 473 2069 529 est,

2246 464 2351 536 λβ’.
2393 466 2522 521 Ἐάν
2553 467 2611 522 δέ
2652 468 2969 540 σύμμετρον
3014 471 3145 543 ἔχῃς
3190 477 3442 546 στρατὸν,
3492 479 3785 535 τουτέστιν

490 564 522 602 a
552 545 797 618 quinque
840 547 1081 603 millibus
1131 549 1413 605 hominum
1456 550 1524 607 ad
1568 552 1754 609 decem
1800 564 1895 609 aut
1935 554 2077 610 duo-

493 642 670 696 decim
718 641 925 707 millia,
984 640 1284 697 secundam
1339 642 1511 698 aciem
1565 659 1674 699 non
1724 660 1793 700 ex
1841 656 2079 717 quatuor

491 729 763 797 partibus,
791 728 885 784 sed
916 729 1134 787 duabus
1178 732 1315 788 solis
1348 733 1568 801 eﬂicies,
1602 744 1662 790 ut
1692 752 1862 792 unum
1898 737 2077 792 solum

491 817 728 887 spatium
781 829 877 874 aut
907 820 1254 879 intervallum
1294 825 1361 880 ad
1386 825 1700 899 proﬂigatos
1728 837 1784 885 et
1827 829 2079 901 repulsos

490 908 692 965 milites
724 909 949 967 habeas.

563 1001 655 1056 55.
697 999 791 1056 Sin
827 1004 1118 1074 pauciores
1159 1014 1344 1079 copias
1388 1011 1635 1082 quinque
1692 1012 1935 1069 millibus
1978 1014 2080 1070 ho-

491 1093 703 1148 minum
750 1094 1031 1165 habueris,
1064 1101 1361 1157 secundam
1408 1103 1582 1159 aciem
1625 1120 1692 1162 ex
1739 1121 1850 1161 una
1896 1107 2078 1163 solum

490 1195 646 1254 parte
675 1187 898 1244 efﬁcies.

565 1277 654 1331 54.
697 1278 775 1333 Ad
810 1279 927 1335 hate
952 1282 1139 1337 omnia
1171 1283 1519 1355 praecipimus
1550 1288 1670 1356 tibi,
1722 1300 1783 1346 ut
1831 1292 1935 1347 tria
1983 1299 2078 1347 aut

491 1378 731 1438 quatuor
758 1373 937 1429 banda
962 1375 1078 1432 sive
1102 1378 1358 1435 cohortes
1388 1381 1456 1436 ad
1484 1383 1716 1440 insidias
1750 1385 1879 1441 hinc
1913 1395 2078 1456 atque

492 1462 643 1518 illinc
693 1466 970 1523 exercitus
1020 1470 1098 1523 tui
1152 1471 1407 1539 colloces,
1453 1482 1510 1529 ut
1556 1475 1711 1531 alteri
1767 1477 1832 1533 ad
1886 1478 2076 1533 laevam

495 1555 776 1622 instrueti,
824 1558 1055 1618 insidias
1090 1563 1159 1617 ab
1206 1564 1457 1622 hostibus
1502 1577 1785 1639 suswptas
1814 1571 2079 1641 reliquas-

494 1662 601 1718 que
660 1650 973 1709 molitiones
1024 1656 1393 1725 prohibeant,
1470 1661 1628 1716 alteri
1707 1663 1774 1718 ad
1830 1664 2076 1719 dextram

496 1741 804 1811 constituti,
831 1744 899 1799 ad
948 1746 1175 1804 insidias
1207 1750 1667 1824 incnrsionesque
1699 1755 1956 1813 hostibus
1992 1759 2077 1812 in-

2180 559 2293 613 άπδ
2324 565 2367 613 ε’
2404 560 2663 631 χιλιάδων
2710 562 2817 626 ἕως
2868 563 2998 617 δέκα
3046 566 3077 635 ἢ
3117 566 3358 635 δώδεκα,
3414 571 3613 641 μηκέτι
3674 574 3785 645 τὴν

2178 646 2439 717 δευτέραν
2480 649 2789 720 παράταξιν
2835 651 2945 705 άπὸ
2992 650 3035 706 δ’
3083 655 3266 724 μερῶν
3308 657 3577 728 ποιήσεις,
3636 662 3784 716 ἀλλὰ

2179 738 2288 792 ἀπὸ
2314 739 2409 793 δύο
2434 739 2575 797 ὥστε
2608 741 2665 796 ἓν
2694 744 2791 797 καὶ
2822 744 2980 813 μόνον
3002 745 3201 817 χωρίον
3224 748 3394 817 ἤγουν
3422 751 3587 805 τόπον
3626 752 3784 824 ἔχειν

2180 830 2435 904 εὕκαιρον
2476 835 2557 898 εἰς
2583 834 2850 907 ὑποδοχὴν
2874 835 2983 889 τῶν
3018 840 3496 909 καταφευγόντων.

2251 1009 2351 1078 λγ’.
2388 1010 2452 1066 Εί
2484 1012 2542 1067 δὲ
2568 1013 2889 1085 ὀλιγώτερον
2928 1014 3035 1070 τῶν
3073 1014 3113 1069 ε’
3143 1015 3396 1087 χιλιάδων
3424 1018 3569 1089 ἔχεις
3610 1038 3781 1095 στρα-

2180 1103 2292 1169 τὸν,
2331 1105 2458 1159 τότε
2500 1106 2598 1177 τὴν
2643 1107 2905 1179 δευτέραν
2950 1109 3103 1175 τάξιν
3151 1113 3212 1165 ἓν
3266 1106 3363 1165 καὶ
3406 1112 3570 1181 μόνον
3605 1113 3777 1185 μέρος

2181 1197 2455 1265 ποιήσεις.

2251 1287 2345 1343 λὸ’.
2393 1290 2517 1343 Ἐπὶ
2545 1290 2757 1355 τούτοις
2782 1292 2839 1346 δέ
2870 1289 3039 1348 πᾶσιν
3071 1295 3368 1368 κελεύομέν
3397 1313 3479 1351 σοι
3512 1296 3649 1353 ὥστε
3677 1300 3778 1353 καὶ

2178 1377 2310 1447 τρία
2348 1379 2381 1449 ἢ
2434 1379 2680 1452 τέσσαρα
2726 1379 2913 1451 βάνδα,
2964 1384 3091 1446 τοὺς
3134 1384 3462 1456 λεγομένους
3502 1387 3772 1458 ἐνίδρους,

2182 1470 2350 1541 ἤγουν
2392 1472 2793 1545 ἐγκρύμματα,
2826 1474 2979 1529 ἐνθεν
3013 1478 3106 1530 καὶ
3133 1478 3345 1533 ἐκεῖθεν
3388 1479 3490 1551 τῆς
3527 1484 3779 1551 παρατά-

2181 1561 2314 1627 ξεως
2330 1564 2614 1635 άφορίσεις
2651 1567 2747 1620 καὶ
2770 1566 2975 1632 τάξεις,
3000 1568 3088 1622 ἵνα
3108 1569 3247 1623 είσὶν
3267 1572 3317 1624 οί
3343 1571 3441 1641 μὲν
3472 1572 3777 1637 κωλύοντες

2180 1653 2247 1707 τά
2275 1654 2383 1708 ἀπὸ
2414 1654 2526 1709 τῶν
2557 1654 2766 1728 ἐχθρῶν
2799 1658 3198 1730 ἐγχειρούμενα
3226 1661 3597 1732 ἐγκρύμματα
3625 1664 3774 1717 κατά

2180 1744 2287 1800 τῶν
2319 1746 2627 1820 ἀριστερῶν
2654 1748 2753 1819 τῆς
2782 1750 3143 1821 παρατάξεώς
3164 1768 3278 1805 σου.
3304 1753 3368 1804 Ol
3399 1752 3454 1806 δὲ
3484 1754 3569 1806 ἶνα
3601 1754 3778 1807 ποιῶ-

495 1834 754 1891 ferendas
797 1849 1192 1909 praeparentur,
1232 1842 1281 1898 si
1333 1842 1577 1899 locorum
1606 1848 1987 1917 opportunitas
2027 1848 2081 1905 id

2192 1854 2275 1892 σιν
2325 1840 2695 1911 ἐγκρύμματα
2750 1843 2845 1895 καὶ
2894 1843 3193 1916 ἐπιδρομὴν
3240 1843 3333 1897 τοῦ
3362 1844 3539 1910 δεξιοῦ
3573 1847 3779 1917 μέρους

495 1925 614 1980 fieri
646 1928 943 1995 permittat.

577 2019 666 2073 55.
727 2020 1029 2079 Adnotabis
1078 2023 1241 2079 etiam
1295 2040 1411 2091 eos,
1460 2026 1554 2097 qui
1609 2030 1675 2085 ad
1720 2031 1891 2087 latera
1945 2033 2085 2090 aciei

502 2111 747 2168 hostium
781 2113 1160 2183 obliquantur,
1203 2126 1258 2172 et
1296 2133 1418 2189 quae
1464 2135 1495 2175 ιι
1546 2130 1699 2193 tergo
1743 2125 2084 2185 incursiones

497 2211 661 2273 atque
688 2203 1079 2274 impressiones
1108 2207 1267 2273 fiunt,
1322 2210 1368 2264 si
1408 2214 1671 2269 adversus
1714 2214 1902 2271 hostes
1947 2217 2084 2273 bene

496 2302 553 2346 et
602 2296 898 2363 prudenter
950 2296 1346 2367 instituantur,
1382 2300 1716 2360 efﬁcaciores
1760 2315 1924 2377 atque
1977 2310 2085 2363 uti-

496 2384 665 2441 liores
685 2394 815 2441 sunt
844 2387 911 2442 iis
933 2387 1379 2448 dimicationibus
1409 2408 1533 2463 qua:
1554 2393 1763 2453 directe
1787 2412 2085 2470 coramque

498 2486 783 2547 geruntur.
848 2477 1114 2545 Quamvis
1173 2483 1322 2539 enim
1376 2486 1667 2554 pauciores
1729 2489 1767 2543 ii
1843 2490 2083 2559 fuerint,

500 2570 687 2626 hostes
744 2577 927 2626 tamen
1001 2573 1189 2630 subito
1275 2576 1555 2648 intercepti
1607 2589 1661 2635 et
1713 2582 2085 2653 circumclusi,

497 2660 771 2729 ejusmodi
820 2661 1233 2721 incursionibus
1285 2682 1513 2739 magnas
1570 2671 1901 2731 offensiones
1937 2678 2084 2732 acci-

498 2751 677 2821 piunt.
732 2750 870 2807 Nam
930 2769 1110 2824 neque
1157 2757 1369 2826 seipsos
1419 2775 1772 2828 conservare,
1832 2769 2085 2836 quamvis

498 2859 656 2908 pares
703 2861 933 2901 numero
966 2846 1191 2915 fuerint,
1236 2863 1514 2920 possunt:
1552 2870 1753 2927 neque,
1803 2860 1847 2914 si
1900 2861 2089 2931 plures

501 2936 726 3003 fuerint,
763 2954 795 2994 a
832 2941 1029 2998 timore
1068 2955 1271 3012 tamen,
1296 2956 1350 3002 et
1382 2946 1682 3007 formidine
1722 2954 1915 3010 abesse
1959 2970 2087 3027 pos-

501 3038 651 3094 sunt,
681 3045 805 3085 cum
836 3033 1022 3101 plures
1075 3035 1237 3107 longe
1271 3037 1608 3096 arbitrentur
1651 3058 1772 3100 esse
1820 3061 1938 3114 eos,
1992 3050 2087 3116 qui

502 3124 843 3180 incursiones
874 3125 1289 3200 faciunt,quam
1320 3147 1512 3189 revera
1546 3146 1696 3191 sunt.

572 3214 661 3271 56.
706 3216 1115 3272 Observandum
1147 3229 1331 3276 autem
1366 3234 1471 3288 est,
1499 3225 1640 3281 haud
1670 3244 1767 3297 par
1795 3244 1940 3296 esse,
1968 3232 2089 3288 sine

503 3321 701 3377 magna
754 3310 1103 3375 necessitate,
1176 3320 1236 3366 ut
1285 3328 1467 3383 pauca:
1506 3321 1674 3386 copia:
1724 3336 1848 3374 cum
1892 3338 2089 3393 magno

502 3409 557 3455 et
584 3400 852 3457 instructo
900 3405 1142 3458 exercitu
1176 3405 1457 3463 dimicent.
1487 3409 1581 3464 Sin
1624 3412 1739 3466 lieri
1772 3428 1875 3467 non
1908 3424 2089 3484 potest

503 3493 636 3563 quin
669 3495 958 3564 prmlieris,
986 3511 1053 3551 ne
1077 3505 1263 3568 aperte
1298 3508 1350 3555 et
1378 3516 1563 3557 coram
1613 3504 1859 3572 invadas,
1890 3522 2088 3578 quam-

503 3587 589 3642 vis
610 3590 957 3646 numerosior
975 3588 1246 3647 sitnoster
1266 3595 1572 3661 exercitus,
1603 3600 1699 3653 sed
1734 3600 1816 3655 vel
1850 3616 1882 3655 a
1916 3611 2087 3675 tergo,

504 3682 590 3735 vel
617 3680 690 3736 ad
724 3680 893 3739 latera
925 3683 1296 3741 incursionem
1330 3686 1382 3740 in
1414 3687 1535 3744 illos
1564 3688 1758 3747 facias.

580 3950 669 4003 37.
712 3949 922 4007 Etenim
951 3953 1106 4009 valde
1134 3954 1407 4010 lubricum
1442 3957 1929 4031 periculosumque
1980 3972 2088 4029 est,

508 4052 696 4094 coram
730 4050 893 4111 atque
932 4058 1000 4098 cx
1039 4043 1272 4099 adverso
1297 4060 1417 4100 cum
1445 4049 1553 4103 ulla
1580 4052 1797 4108 natione
1825 4055 2095 4123 prurliari,

509 4132 808 4198 praesertim
838 4133 883 4189 si
921 4133 1212 4203 pauciores
1246 4134 1454 4193 fuerint
1489 4141 1660 4211 copiae
1700 4157 1823 4212 quae
1867 4146 1935 4201 ad
1984 4163 2089 4218 pu-

507 4242 669 4297 gnam
694 4226 1063 4283 instruuntur.

575 4319 664 4374 38.
704 4317 784 4373 Ad
818 4334 1087 4375 summam
1114 4330 1295 4378 autem
1328 4323 1675 4389 mandamus,
1718 4334 1779 4380 ut
1822 4327 2093 4386 universae

507 4409 679 4480 copia:
722 4420 1006 4481 equestres
1054 4412 1111 4467 in
1154 4415 1389 4485 primam
1444 4425 1497 4472 et
1563 4418 1862 4474 secundam
1914 4422 2090 4477 aciem

2188 1930 2299 1985 τῶν
2327 1932 2559 2003 ἐχθρῶν,
2595 1932 2690 1986 ἐάν
2724 1934 2832 2005 ἄρα
2861 1935 2959 1988 καὶ
2994 1935 3045 1987 οἱ
3074 1935 3232 1989 τόποι
3274 1936 3411 1989 εἰσιν
3441 1938 3715 2008 ἁρμόδιοι.

2258 2021 2351 2077 λε’.
2382 2024 2697 2094 Σημείωσαι
2740 2024 2850 2095 γάρ
2895 2026 2990 2079 καὶ
3021 2026 3103 2080 ὅτι
3132 2027 3181 2079 oi
3213 2026 3355 2079 κατὰ
3394 2027 3502 2081 τῶν
3529 2027 3782 2097 πλαγίων

2185 2114 2283 2184 τῆς
2305 2114 2412 2168 τῶν
2444 2114 2655 2187 ἐχθρῶν
2691 2116 3069 2188 παρατάξεως,
3099 2118 3193 2171 καὶ
3221 2119 3279 2171 αἱ
3314 2120 3456 2172 κατὰ
3479 2119 3573 2173 τοῦ
3601 2119 3780 2175 νώτου

2186 2206 2353 2277 ἤγουν
2384 2205 2492 2261 άπὸ
2532 2206 2759 2262 ὄπισθεν
2787 2209 2968 2263 αὐτῶν
3012 2208 3301 2279 γινόμεναι
3330 2210 3643 2283 ἐπιδρομαὶ,
3681 2213 3782 2267 ἐὰν

2187 2297 2367 2361 καλῶς
2408 2299 2674 2367 γένωνται
2708 2300 2802 2353 καὶ
2846 2300 3139 2372 εὐκαίρως,
3176 2300 3378 2371 μᾶλλον
3404 2301 3781 2370 δραστικὼτε-

2190 2388 2279 2459 ραί
2312 2390 2417 2442 είσι
2442 2390 2539 2443 καὶ
2570 2391 2867 2459 ἀναγκαῖαι
2896 2392 3046 2461 παρὰ
3079 2391 3176 2454 τάς
3194 2392 3486 2463 γινομένας
3508 2394 3577 2447 δι’
3600 2392 3783 2463 ὂψεως

2190 2480 2357 2551 μόνης
2386 2480 2662 2551 συμϐολὰς
2689 2483 2783 2535 καὶ
2825 2482 3083 2553 ὠθήσεις.
3130 2484 3249 2539 Κάν
3284 2500 3344 2537 τε
3375 2482 3484 2556 γάρ
3514 2484 3781 2555 ὀλιγώτε-

2189 2573 2272 2643 ροί
2307 2574 2443 2625 εἰσιν
2493 2576 2540 2627 oi
2592 2574 2800 2646 ἐχθροὶ,
2850 2575 2927 2639 ὠς
2970 2575 3229 2646 ἐξαίφνης
3277 2577 3782 2649 ἐπιλαμϐανόμενοι

2186 2667 2280 2719 καὶ
2312 2666 2692 2736 κυκλούμενοι,
2718 2667 2807 2722 διὰ
2831 2667 2938 2722 τῶν
2964 2668 3223 2723 τοιούτων
3256 2668 3568 2742 ἐπιδρομῶν
3604 2672 3784 2741 μεγά-

2188 2756 2287 2827 λην
2314 2758 2413 2828 τὴν
2440 2758 2648 2829 βλάϐην
2687 2760 3043 2828 ὑπομένουσι,
3079 2761 3154 2832 μὴ
3182 2760 3499 2832 δυναμένων
3537 2764 3782 2828 εὐκόλως

2188 2847 2455 2912 σώζεσθαι
2486 2850 2595 2903 τῶν
2638 2850 2697 2915 ἐξ
2723 2851 2906 2903 αὐτῶν
2934 2850 3308 2922 τρεπομένων.
3353 2852 3471 2907 Κᾶν
3501 2868 3559 2906 τε
3592 2855 3782 2925 ἰσόμε-

2186 2941 2309 3011 τροί
2338 2944 2496 3008 εἰσιν,
2545 2942 2578 3014 ἤ
2610 2945 2705 2997 καὶ
2742 2942 2983 3008 πλείονες
3013 2944 3106 2997 τοῦ
3139 2945 3373 3016 στρατοῦ
3421 2944 3515 2999 τοῦ
3547 2945 3659 3008 σοῦ,
3695 2948 3781 3010 εἰς

2188 3032 2377 3101 ἀγῶνα
2432 3034 2602 3105 μέγαν
2671 3035 3009 3106 εἰσέρχονται
3060 3036 3153 3089 καὶ
3206 3034 3407 3105 φόϐον,
3464 3038 3783 3107 νομίζοντες

2191 3128 2396 3197 πλῆθος
2422 3125 2563 3182 εῖναι
2588 3130 2724 3183 πολὺ
2749 3130 2878 3193 τοὺς
2906 3130 3005 3201 τὴν
3036 3130 3336 3203 ἐπιδρομὴν
3371 3132 3676 3197 ποιοῦντας.

2262 3216 2373 3281 λς’.
2423 3218 2665 3289 Πρόσεχε
2706 3218 2763 3272 δὲ
2796 3220 2878 3272 ὅτι
2911 3219 2972 3272 ού
3005 3219 3216 3290 πρέπον
3263 3222 3380 3273 ἐστι
3415 3222 3581 3292 χωρὶς
3610 3223 3782 3291 ἀνάγ-

2191 3323 2297 3377 κης
2323 3307 2503 3377 ὀλίγον
2535 3307 2764 3378 στρατὸν
2798 3307 2933 3379 πρὸς
2962 3310 3166 3380 πλῆθος
3195 3312 3472 3381 πολεμίων
3497 3313 3779 3366 εὐτάκτων

2192 3401 2441 3473 φανερῶς
2471 3402 2608 3473 πρὸς
2646 3402 2828 3472 μάχην
2860 3402 3222 3472 συμπλέκειν.
3256 3404 3318 3456 Ei
3354 3403 3409 3456 δὲ
3442 3404 3534 3456 καὶ
3562 3404 3779 3476 ἀνάγκη

2191 3491 2382 3545 τούτου
2422 3490 2654 3559 γίνεται,
2717 3490 2792 3562 μὴ
2835 3493 3010 3545 πάντα
3042 3493 3293 3562 φανερῶς
3340 3492 3435 3547 καὶ
3469 3493 3555 3547 διὰ
3603 3495 3785 3560 ὅψεως

2191 3584 2482 3654 ἐγχειρεῖν,
2516 3583 2621 3637 κᾶν
2644 3583 2785 3653 τάχα
2813 3583 3055 3648 πλείονές
3082 3586 3220 3638 εἰσιν
3246 3585 3273 3637 δ
3304 3585 3585 3657 ἡμέτερος
3617 3604 3785 3658 στρα-

2190 3672 2302 3736 τὸς,
2332 3673 2466 3725 ἀλλὰ
2496 3672 2588 3726 καὶ
2615 3672 2702 3725 διά
2736 3671 2831 3726 τοῦ
2862 3672 3053 3737 νώτου,
3085 3673 3253 3744 ἤγουν
3278 3675 3386 3727 ἀπὸ
3418 3674 3641 3729 ὄπισθεν
3668 3679 3784 3730 τῶν

2193 3763 2423 3834 ἐχθρῶν,
2460 3763 2493 3835 ἢ
2532 3762 2619 3816 διά
2664 3762 2775 3815 τῶν
2823 3764 3092 3832 πλαγίων,
3143 3763 3512 3835 ἐμϐάλλεσθαι
3569 3766 3648 3830 είς
3680 3767 3787 3819 αύο

2194 3874 2344 3912 τους.

2257 3946 2353 4011 λζ’.
2391 3949 2499 4002 Kal.
2524 3948 2635 4019 γάρ
2670 3947 2968 4017 ἐπισφαλές
2996 3951 3116 4004 ἐστι
3148 3952 3243 4006 καὶ
3270 3952 3614 4007 ἐπικίνδυνον
3646 3957 3679 4025 ἤ
3713 3955 3784 4011 δι’

2193 4039 2365 4109 ὄψεως
2400 4040 2558 4110 μόνον
2591 4040 2740 4112 μάχη
2785 4041 2880 4095 καὶ
2909 4044 3044 4114 πρὸς
3075 4041 3186 4097 οἷον
3227 4045 3428 4116 δήποτε
3455 4045 3602 4110 ἔθνος
3634 4065 3788 4116 τινο-

2196 4133 2356 4205 μένη,
2391 4133 2496 4188 κᾶν
2527 4132 2668 4204 τάχα
2692 4134 2787 4188 καὶ
2818 4133 3147 4206 ὀλιγώτερον
3180 4136 3388 4207 πλῆθός
3409 4140 3522 4191 ἐστι
3547 4139 3607 4191 τὸ
3630 4140 3790 4195 άντι-

2194 4224 2616 4293 καθιστάμενον.

2263 4317 2366 4390 λη’.
2400 4317 2588 4383 Οὕτως
2637 4312 2731 4373 οὗν
2780 4322 2840 4373 ἐν
2894 4320 3171 4392 κεφαλαίῳ
3224 4321 3520 4395 κελεύομεν
3552 4337 3655 4389 σοι,
3697 4325 3787 4380 ἵνα

2195 4412 2412 4467 ἅπαντα
2446 4413 2516 4466 τὰ
2561 4412 2941 4483 καϐαλλαρικά
2992 4414 3253 4485 τάγματα
3300 4416 3380 4480 είς
3412 4416 3652 4488 ζπρώτην
3689 4419 3790 4473 καὶ

503 4498 633 4555 belli
667 4509 909 4571 tempore
950 4503 1377 4573 distribuantur,
1416 4516 1644 4579 tumque
1678 4511 1918 4567 maxime
1957 4528 2083 4568 cum

2192 4502 2450 4574 δευτέραν
2478 4502 2783 4575 παράταξιν
2821 4504 2878 4555 ἐν
2914 4502 3094 4574 καιρῷ
3130 4502 3373 4574 πολέμου
3406 4504 3782 4577 καταστήσῃς,

503 4606 764 4664 magnum
805 4595 1105 4650 exercitum
1155 4596 1414 4655 habueris
1458 4616 1471 4652 :
1521 4608 1575 4655 et
1624 4604 2088 4671 quemadmodum

514 4701 679 4755 supra
716 4687 918 4741 dictum
955 4696 1062 4752 est,
1098 4689 1151 4742 in
1201 4705 1455 4747 cursores
1500 4694 1614 4748 sive
1645 4695 1964 4765 proclastas,
1996 4697 2090 4768 qui

505 4778 560 4831 in
598 4779 714 4833 acie
749 4779 960 4834 czeteris
985 4782 1277 4849 autepositi
1325 4784 1513 4839 hostes
1542 4787 1868 4840 adoriantur
1900 4805 1912 4841 :
1946 4798 2000 4843 et
2034 4790 2086 4844 in

505 4871 822 4928 defensores
854 4876 966 4928 sive
997 4873 1264 4940 vindices,
1304 4877 1398 4946 qui
1453 4878 1707 4933 instructi
1756 4881 2089 4947 consistunt,

505 4974 563 5016 et
589 4964 658 5018 ad
686 4964 1043 5035 excipiendos
1075 4980 1354 5034 cursores,
1386 4966 1433 5021 si
1470 4968 1652 5023 minus
1697 4973 2089 5040 processerint,

506 5056 606 5118 sed
655 5073 713 5113 rc
755 5057 976 5125 infecta,
1026 5068 1122 5114 aut
1168 5059 1468 5117 olfensione
1523 5071 1743 5132 accepta
1805 5062 2087 5133 redierint,

508 5151 791 5224 constituti
829 5161 1005 5206 sunt:
1047 5162 1160 5207 tum
1216 5154 1266 5208 iu
1321 5160 1595 5211 laterauos
1646 5166 1698 5211 et
1747 5158 2087 5224 cornistiles,

509 5242 562 5297 id
592 5254 675 5298 est
707 5244 799 5312 qui
850 5244 917 5299 ad
951 5246 1446 5301 circumvallandos
1495 5249 1684 5305 hostes
1718 5259 2008 5320 parantur,
2040 5260 2096 5305 et

508 5335 565 5387 in
618 5335 869 5399 insidias,
906 5345 957 5391 et
990 5337 1041 5391 in
1076 5338 1456 5405 subsidiarios,
1486 5342 1576 5411 qui
1612 5358 1642 5396 a
1693 5351 1844 5414 tergo
1890 5344 2097 5398 consti-

509 5435 783 5491 tuuntur,
830 5444 1037 5499 eosque
1090 5430 1393 5500 impediunt
1439 5435 1531 5504 qui
1587 5437 1878 5491 stationem
1936 5451 2093 5492 suam

511 5516 826 5575 deserentes
871 5520 1050 5591 fugam
1102 5533 1392 5589 quaerunt,
1435 5535 1487 5580 et
1536 5528 1587 5582 in
1640 5528 1957 5599 tergislites,
2002 5529 2097 5598 qui

513 5619 659 5663 retro
682 5627 711 5664 a
748 5622 898 5682 tergo
937 5615 1181 5668 omnium
1220 5616 1285 5671 ad
1320 5617 1559 5673 universi
1601 5620 1875 5676 exercitus
1906 5630 2094 5676 custo-

515 5702 661 5753 diam
693 5702 1051 5757 collocantur.

2200 4598 2328 4651 ὅταν
2357 4596 2591 4668 μάλιστα
2624 4595 2719 4650 καὶ
2750 4596 2917 4650 πολὺν
2949 4596 3186 4664 στρατὸν
3203 4596 3369 4667 ἔχεις,
3394 4598 3488 4651 καὶ
3512 4596 3788 4663 διατάξεις

2200 4690 2344 4745 κατὰ
2372 4690 2464 4743 τὸν
2498 4688 2757 4760 λεχθέντα
2791 4706 2873 4743 σοι
2894 4690 3096 4761 τρόπον
3132 4690 3210 4753 είς
3255 4689 3581 4760 κούρσορας,
3616 4691 3788 4761 ἤγουν

2200 4782 2569 4853 προκλάστας,
2612 4782 2741 4844 τοὺς
2774 4780 3086 4853 ἔμπροσθεν
3131 4781 3231 4851 τῆς
3282 4780 3644 4851 παρατάξεως
3676 4782 3790 4851 πρὸ

2199 4875 2306 4930 τῶν
2331 4874 2508 4930 ἄλλων
2541 4873 2682 4927 κατὰ
2716 4873 2825 4927 τῶν
2876 4873 3087 4944 ἐχθρῶν
3122 4872 3553 4943 προτρέχοντας·
3586 4874 3679 4926 καὶ
3706 4875 3791 4936 εἰς

2198 4969 2540 5039 διερένσορας,
2582 4968 2751 5038 ἤγουν
2800 4968 2927 5031 τοὺς
2976 4966 3257 5029 εὐτάκτως
3305 4966 3646 5036 ἱσταμένους.
3690 4969 3794 5021 καὶ

2201 5060 2563 5133 ὑποδέχεσθαι
2594 5060 2889 5131 μέλλοντας
2917 5060 3043 5122 τοὺς
3065 5058 3480 5130 προδραμόντας
3506 5056 3648 5111 κατὰ
3675 5058 3791 5111 τῶν

2198 5158 2429 5230 ἐχθρῶν,
2460 5160 2553 5212 ἐὰν
2581 5158 2657 5230 μὴ
2693 5156 2913 5220 τελείως
2960 5155 3223 5223 διώξωσιν
3260 5155 3489 5220 αὐτοὺς,
3512 5154 3629 5208 ἀλλ’
3652 5155 3791 5209 ἀνθ-

2195 5251 2612 5322 υποστρέψωσιν
2640 5267 2652 5278 ο
2689 5250 2769 5303 ἔτι
2814 5249 2870 5303 δὲ
2926 5248 3021 5302 καὶ
3067 5249 3147 5312 εἰς
3195 5246 3645 5316 πλαγιοφύλακας
3686 5247 3791 5300 καὶ

2197 5342 2639 5415 ύπερκεράστας,
2674 5340 2848 5411 ἤγουν
2884 5338 3009 5400 τοὺς
3057 5336 3309 5407 ἑτοίμους
3342 5334 3665 5405 ἱσταμένους
3707 5335 3791 5397 είς

2197 5436 2469 5489 κύκλωσιν
2497 5434 2605 5486 τῶν
2640 5431 2849 5503 ἐχθρῶν
2872 5448 2886 5463 ο
2920 5430 3001 5483 ἑτι
3034 5430 3091 5483 δὲ
3128 5430 3222 5483 καὶ
3253 5429 3331 5492 είς
3362 5426 3582 5497 ἐνέδρας
3614 5423 3792 5495 ἤγουν

2197 5526 2565 5597 ἐγκρύμματα
2594 5542 2611 5565 ·-
2645 5524 2780 5577 ἀλλὰ
2808 5524 2903 5577 καὶ
2930 5525 3008 5584 εἰς
3041 5521 3292 5592 βοηθοὺς,
3327 5520 3492 5590 ἤγουν
3521 5516 3643 5579 τοὺς
3667 5516 3796 5569 ὄπι-

2206 5618 2332 5673 σθεν
2361 5617 2749 5690 τεταγμένους,
2781 5618 2873 5669 καὶ
2902 5614 3327 5674 άναστέλλοντας
3357 5611 3481 5674 τοὺς
3501 5611 3618 5663 ὅσοι
3653 5609 3791 5676 μέλ-

2204 5713 2353 5766 λουσι
2382 5711 2605 5781 φεύγειν
2635 5710 2733 5780 τὴν
2764 5709 2899 5764 ίδίαν
2932 5706 3438 5777 καταλιμπάνοντες
3470 5703 3621 5769 τάξιν
3653 5718 3663 5729 '
3704 5700 3791 5752 ἔτι

515 5795 573 5847 δέ
603 5796 692 5849 καὶ
725 5798 800 5856 είς
840 5798 1247 5866 νωτοφύλακας,
1288 5803 1609 5881 ἤγουνῄτοῦς
1642 5807 1863 5865 ὄπισθεν
1889 5810 1967 5874 εἰς
1993 5810 2241 5883 φυλακὴν
2270 5809 2364 5864 τοῦ
2397 5808 2595 5872 παντὸς
2629 5805 2860 5879 στρατοῦ
2889 5803 3273 5875 τεταγμένους.
