4074 6222
329 355 432 421 817

1375 318 1710 412 marica.
1744 374 1812 384 —
1850 343 2349 409 CONS’I‘lTUTlO
2378 343 2515 417 xu.

3482 334 3587 396 818

394 466 491 519 λθ’.
536 464 661 518 Ἐὰν
709 463 768 516 δὲ
819 463 984 516 πολὺν
1029 461 1193 533 ἔχωσι
1244 466 1492 535 στρατὸν,
1529 468 1623 520 καὶ
1666 466 1893 520 δύνασαι

2073 459 2161 514 59.
2208 458 2267 511 Si
2314 458 2589 527 ingentem
2628 450 2888 507 habueris
2919 449 3246 514 exercitum,
3283 456 3338 503 et
3383 451 3589 518 poteris

322 560 579 622 τοιαύτας
628 556 823 621 διπλᾶς
856 556 1191 627 παρατάξεις
1234 560 1443 623 ποιεῖν,
1474 559 1585 612 εἴτε
1628 559 1742 624 δύο,
1794 560 1907 614 εἴτε

322 653 491 722 τρεῖς,
543 648 576 719 ἢ
628 648 722 701 καὶ
757 646 1029 711 πλείονας,
1065 646 1205 701 ὥστε
1256 648 1620 718 μεριζομένην
1660 652 1759 719 τὴν
1793 651 1905 705 τῶν

324 742 418 814 ὲχθ
428 742 535 813 ρῶν
564 739 792 809 δύναμιν
816 739 950 810 πρὸς
976 740 1143 804 αὑτὰς
1172 740 1513 811 ὀλιγωτέρων
1545 740 1714 795 ὄντων
1742 742 1907 796 dces-

324 837 434 897 νεῖς
451 830 698 901 γίνεσθαι
720 830 818 895 τὰς
832 831 1058 884 ἐκείνων
1078 831 1111 901 ἢ
1137 831 1589 902 προσϐαλλόντων
1611 833 1747 903 ὁμοῦ
1770 833 1909 903 πρὸς

327 924 457 995 μίαν
488 924 599 978 τῶν
634 923 743 977 σῶν
772 922 1128 995 παρατάξεων
1163 924 1268 977 ὑπὸ
1314 924 1424 978 τῶν
1475 924 1652 979 ἄλλων
1671 964 1686 990 ,
1717 925 1751 995 ἢ
1780 923 1907 977 διώο

326 1018 542 1081 κεσθαι,
574 1017 609 1087 ἦ
671 1016 1005 1070 κυκλοῦσθαι
1025 1034 1039 1048 ο
1069 1016 1227 1070 τοῦτό
1281 1019 1397 1071 ἐστι
1436 1018 1542 1070 τῶν
1570 1016 1907 1085 ἀναγκαίων.

385 1104 460 1178 μ’.
492 1106 566 1160 Τὸ
589 1105 647 1159 δὲ
682 1106 845 1176 βάθος
882 1108 1048 1177 ἡγουν
1086 1106 1146 1160 τὸ
1171 1107 1343 1177 πάχος
1384 1106 1492 1162 τῶν
1526 1107 1907 1179 παρατάξεων,

325 1197 509 1261 καθὼς
558 1198 607 1249 οἱ
637 1197 857 1267 ἀρχαῖοι
909 1196 1260 1262 διετάξαντο,
1325 1198 1487 1268 ἢρκει
1539 1198 1639 1269 μὲν
1693 1199 1913 1267 ἑκάστῳ

323 1284 566 1352 τάγματι
597 1284 676 1346 εις
700 1284 974 1355 τέσσαρας
1000 1286 1098 1340 καὶ
1120 1286 1316 1356 μόνους
1339 1286 1737 1356 καὸαλλαρίους
1763 1287 1912 1355 γίνε-

326 1374 471 1439 σθαι,
514 1374 706 1447 ἐπειδὴ
750 1376 812 1429 τὸ
844 1376 1008 1430 πλέον
1050 1376 1257 1431 τούτων
1305 1377 1475 1449 ἀργὸν
1503 1380 1599 1431 καὶ
1633 1376 1909 1447 ἀνωφελὴς

322 1467 598 1521 δείκνυται
627 1468 719 1520 ἐπὶ
761 1468 871 1523 τῶν
905 1469 1311 1541 καΰαλλαρίων.
1358 1468 1495 1523 Οὔτε
1530 1470 1639 1541 γὰρ
1663 1469 1907 1535 δύναται,

322 1556 398 1620 ὡς
438 1558 533 1612 ἐπὶ
562 1557 663 1629 τῆς
709 1558 939 1630 πεζικῆς
988 1560 1216 1627 τάξεως,
1251 1562 1361 1615 ἀπὸ
1410 1561 1637 1615 ὄπισθεν
1679 1561 1767 1615 διὰ
1813 1561 1912 1615 τοῦ

323 1654 530 1723 πάχους
566 1654 915 1727 προωοισμδν
944 1658 1141 1710 ποιεῖν.
1173 1656 1308 1710 Τότε
1344 1655 1455 1727 γὰρ
1489 1657 1581 1709 καὶ
1613 1656 1689 1726 μὴ
1721 1654 1908 1725 βουλό-

324 1764 477 1816 μενοι
511 1747 561 1800 οἱ
624 1747 938 1818 ἔμπροσθεν
979 1751 1043 1803 ὲκ
1085 1747 1196 1802 τῶν
1237 1747 1463 1802 δπισθεν
1501 1746 1911 1817 προωθούμενοι

2008 568 2132 607 cum
2165 552 2216 605 in
2244 551 2400 615 duas,
2436 556 2531 603 aut
2562 556 2673 602 tres
2704 545 2872 606 acies.
2902 550 2997 597 aut
3029 542 3194 601 etiam
3234 543 3419 611 plures
3448 541 3586 595 divi-

2009 645 2157 708 dere,
2194 654 2252 697 ut
2280 651 2608 710 comparata:
2636 637 2703 693 ad
2740 636 2865 691 illos
2913 633 3154 688 hostium
3209 633 3401 703 COplal',
3454 646 3589 700 pan-

2010 736 2189 791 ciores
2226 742 2390 803 atque
2418 730 2808 787 imbecilliores
2853 725 3162 789 videantur,
3223 724 3269 778 si
3322 722 3487 777 simul
3532 730 3589 777 et

2010 826 2298 883 confertim
2332 826 2384 878 in
2413 840 2580 879 unam
2606 838 2669 877 ex
2702 820 2925 875 aciebus
2950 818 3058 872 luis
3093 818 3327 881 irruant,
3379 826 3589 871 caeteras

2010 918 2177 983 acies,
2215 918 2296 971 vel
2343 918 2409 971 ad
2466 914 2834 984 insequendos
2869 926 2986 973 eos,
3033 910 3117 964 vel
3166 909 3233 963 ad
3278 908 3587 963 circumve-

2009 1010 2238 1066 niendos
2268 1010 2647 1064 instituantur.

2080 1102 2170 1156 ιο.
2209 1102 2453 1156 Altitudo
2484 1102 2620 1156 aciei
2648 1097 2939 1169 equestris,
2979 1092 3439 1165 quemadmodum
3494 1106 3589 1145 an-

2012 1193 2146 1263 tiqui
2199 1193 2628 1262 descripserunt,
2675 1190 2741 1244 ad
2801 1193 3038 1257 quatuor
3092 1184 3273 1240 solum
3332 1182 3577 1252 equitum

2011 1285 2349 1339 altitudinem
2381 1283 2643 1340 constitui
2670 1281 2863 1336 debet:
2894 1280 3078 1349 plures
3106 1278 3251 1332 enim
3277 1276 3323 1332 si
3358 1275 3587 1335 fuerint.

2012 1377 2215 1431 nullam
2244 1377 2528 1431 utilitatem
2558 1373 2944 1442 apportabunt.
2980 1370 3168 1439 Neque
3202 1369 3347 1424 enim
3385 1367 3581 1437 siquid

2012 1470 2243 1533 accidat,
2292 1476 2527 1539 possunt
2571 1464 3034 1536 quemadmodum
3085 1462 3315 1532 pedites,
3352 1460 3588 1531 aliquam

2012 1561 2428 1632 impressionem
2493 1560 2671 1614 facere
2731 1575 2745 1614 :
2806 1557 2859 1611 hi
2916 1556 3061 1610 enim
3121 1554 3287 1609 etiam
3348 1552 3504 1607 inviti
3560 1568 3588 1604 a

2011 1654 2367 1724 sequentibus
2412 1652 2618 1707 incitati
2663 1651 2924 1719 impetum
2983 1648 3035 1702 in
3091 1647 3279 1701 hostes
3325 1644 3532 1699 faciunt
3575 1662 3587 1697 :

2012 1748 2134 1818 equi
2161 1756 2343 1802 autem
2379 1760 2551 1815 equos
2581 1742 2911 1806 anteriores,
2942 1740 3087 1796 sicut
3120 1738 3327 1807 pedites
3358 1736 3589 1795 faciunt.

320 1837 421 1909 τὴν
470 1839 648 1910 ὁρμὴν
690 1840 785 1892 ἐπὶ
828 1841 898 1894 τὰ
948 1840 1260 1911 ἔμπροσθεν
1289 1839 1526 1894 ποιοῦσι.
1578 1838 1749 1892 Τοῦτο
1794 1838 1903 1907 γὰρ

2014 1840 2287 1910 impellere
2324 1855 2428 1894 non
2479 1846 2731 1908 possunt.
2779 1836 2968 1905 Neque
3014 1831 3332 1902 praesidium
3375 1828 3592 1898 aliquod

322 1930 555 1984 ἐπὶτῶν
605 1931 786 1996 πεζῶν
840 1932 1072 1999 γίνεται.
1124 1934 1188 1985 0i
1218 1931 1276 1985 δὲ
1326 1933 1483 1984 ἵπποι
1533 1930 1592 1982 οὑ
1648 1927 1903 1982 δύνανται

323 2026 592 2099 προωθεῖν
622 2028 749 2091 τοὺς
780 2026 1092 2097 ἔμπροσθεν
1120 2026 1323 2091 αὐτῶν,
1361 2027 1437 2090 ὼς
1466 2026 1514 2079 οε
1559 2023 1737 2088 πεζοί.
1767 2020 1902 2075 ossa

2010 1931 2188 2001 majus
2215 1932 2320 1986 erit
2350 1929 2702 1999 praestitibus,
2740 1927 2790 1981 id
2823 1935 2907 1981 est
2938 1926 3004 1979 iis
3039 1924 3130 1992 qui
3168 1924 3220 1975 in
3275 1920 3453 1974 fronte
3484 1917 3597 1971 col-

2012 2021 2284 2087 locantur,
2318 2022 2433 2076 sive
2468 2021 2520 2075 lti
2550 2019 2842 2091 sagittarii.
2874 2019 2989 2071 sive
3027 2014 3227 2071 hastati
3268 2011 3501 2067 fuerint.

325 2124 547 2196 βοήθειά
589 2141 673 2187 τις
725 2125 938 2192 γίνεται
973 2125 1035 2177 ἐκ
1077 2123 1185 2177 τῶν
1229 2124 1639 2194 περισσοτέρων
1667 2121 1747 2184 εἰς
1775 2120 1901 2181 τοὺς
1940 2119 2273 2188 προστάτας,
2309 2116 2454 2172 τοῦτ’
2489 2116 2638 2170 εστιν
2698 2116 2823 2179 τοὺς
2859 2114 2940 2175 εἰς
3008 2112 3068 2166 τὸ
3110 2111 3361 2181 μέτωπον
3392 2122 3593 2162 τασσο-

326 2219 539 2290 μένους,
576 2217 677 2272 κάν
711 2233 772 2269 τε
803 2215 1020 2279 τοξόται
1050 2216 1179 2280 εἰσὶ,
1207 2214 1313 2267 κᾶν
1343 2213 1687 2283 κοπαρὰτοι.

395 2313 507 2383 μα’.
532 2313 597 2365 Οἱ
620 2312 717 2383 μὲν
746 2310 856 2381 γὰρ
887 2310 1207 2380 κονταράτοι
1232 2311 1282 2362 oi
1313 2309 1492 2362 ὀπίσω
1515 2306 1609 2361 τοῦ
1635 2305 1904 2375 τετάρτου

320 2403 381 2456 οὑ
424 2401 679 2457 δύνανται
708 2399 939 2470 φθάζειν
972 2401 1053 2460 εἰς
1107 2400 1172 2452 τὸ
1202 2397 1538 2470 ἔμπροσθεν’
1574 2398 1623 2449 οἱ
1654 2396 1721 2449 ’δὲ
1752 2394 1905 2459 τοξό-

321 2510 412 2547 ται
442 2494 523 2557 εξς
545 2492 606 2545 τὸ
632 2494 745 2547 άνω
764 2492 1163 2561 ἀναγκάζονται
1178 2491 1416 2555 τοξεύειν
1443 2489 1532 2543 διὰ
1559 2487 1905 2557 τοὺςὲμπρο-

326 2584 450 2637 σθεν
472 2582 676 2646 αὑτῶν,
699 2583 795 2636 καὶ
820 2582 907 2636 διὰ
935 2581 1095 2635 τοῦτο
1118 2582 1390 2652 ἄπρακτοι
1417 2578 1555 2633 κατὰ
1569 2577 1677 2630 τῶν
1694 2575 1905 2645 ἐχθρῶν

323 2683 381 2733 ὲν
414 2682 531 2744 ταῖς
560 2679 854 2749 συμϐολαῖς
882 2679 984 2749 τῆς
1016 2679 1191 2749 μάχης
1216 2678 1478 2747 γίνονται,
1511 2675 1586 2737 ὼς
1615 2673 1671 2725 αἱ
1699 2674 1900 2740 σαγίτ-

322 2790 413 2827 ται
445 2773 646 2839 αὑτῶν,
674 2772 750 2836 ὡς
785 2773 819 2842 ἡ
854 2774 1021 2843 πεῖρα
1061 2772 1301 2826 διδάσκει
1344 2769 1440 2823 καὶ
1470 2768 1596 2831 τοὺς
1625 2764 1901 2837 ἀμφιβάλ-

322 2868 531 2932 λοντας,
564 2865 660 2920 ἑὰν
689 2864 1009 2935 βούλωνται.

397 2960 506 3029 μβθ.
543 2960 742 3030 Ἤρκει
788 2953 905 3021 οὖν,
940 2955 1124 3017 καθὼς
1178 2952 1430 3021 εἴπομεν,
1474 2950 1537 3003 τὸ
1588 2950 1760 3017 πάχος
1794 2947 1905 3002 τῶν

325 3052 606 3122 τεσσάρων
643 3050 1050 3121 καϐαλλαρίων.
1082 3045 1223 3098 Ἀλλ’
1249 3043 1436 3113 ἐπειδὴ
1462 3040 1748 3112 συμϐαίνει
1777 3039 1902 3101 τοὺς

2080 2301 2171 2356 «ll.
2246 2296 2457 2351 llastati
2509 2294 2655 2349 enim
2705 2292 2799 2363 qui
2864 2299 2989 2360 post
3043 2296 3300 2358 quartum
3352 2284 3592 2353 equitem

2012 2392 2346 2456 consistunt,
2377 2390 2530 2443 hasta
2565 2387 2643 2441 uti
2675 2386 2730 2440 in
2748 2384 3075 2439 anteriorem
3100 2389 3309 2451 partem
3332 2393 3437 2431 non
3461 2392 3587 2443 pos-

2012 2492 2159 2541 sunt.
2210 2481 2490 2552 Sagittarii
2548 2489 2733 2534 autem
2781 2490 3003 2532 sursum
3053 2479 3326 2542 coguntur
3370 2468 3597 2537 sagittas

2011 2580 2215 2648 jacere,
2248 2584 2471 2643 propter
2507 2586 2603 2626 eos
2628 2568 2721 2639 qui
2756 2576 2883 2621 ante
2912 2580 2971 2621 se
3001 2563 3317 2619 consistunt.
3343 2579 3357 2613 :
3386 2569 3439 2613 et
3472 2558 3597 2613 ideo

2013 2668 2059 2723 si
2104 2667 2389 2723 densiores
2439 2671 2645 2727 essent,
2693 2658 3003 2713 inutiliores
3049 2656 3105 2709 in
3146 2666 3326 2724 pugna
3376 2650 3597 2705 militari

2011 2761 2222 2829 sagittae
2254 2770 2443 2812 eorum
2478 2761 2684 2817 essent,
2732 2747 3197 2821 quemadmodum
3242 2744 3598 2814 quotidianus

2012 2866 2147 2906 usus
2176 2848 2625 2919 experientiaque
2654 2843 3026 2898 demonstrat.

2080 2941 2171 2996 42.
2211 2943 2289 2996 Ac
2339 2940 2473 2995 satis
2524 2946 2671 2992 certe
2713 2944 2861 2989 esset
2908 2934 2973 2987 ad
3019 2932 3167 2987 hunc
3206 2928 3427 2983 modum
3493 2926 3594 2981 de-

2013 3038 2216 3105 scripta
2262 3035 2420 3090 nobis
2455 3042 2696 3101 quatuor
2727 3029 2974 3098 equitum
3027 3025 3282 3088 altitudo,
3315 3022 3411 3077 sed
3460 3038 3600 3091 quo-

331 3109 601 3218 ἀνδρείους
627 3109 966 3215 στρατιώτας
987 3138 1349 3209 ὀλιγωτέρους
1385 3109 1739 3202 κατὰ-τάγμα
1762 3130 1909 3200 εὑρίρ

2014 3127 2162 3182 niam
2210 3138 2354 3193 saepe
2386 3122 2676 3193 pauciores
2714 3117 2882 3173 fortes
2931 3114 3144 3180 equites
3192 3112 3245 3165 in
3282 3109 3602 3165 cohortibus

329 3236 575 3301 σκεσθαι,
603 3234 749 3288 τοῦτ’
777 3234 892 3287 ἐστι
917 3233 1044 3296 τοὺς
1083 3230 1393 3301 ἔμπροσθεν
1429 3223 1751 3294 ἱσταμένους
1781 3222 1908 3283 τοὺς

330 3330 423 3383 καὶ
453 3330 555 3392 τὰς
584 3329 772 3400 χεῖρας
816 3323 1067 3395 μιγνύειν
1112 3323 1248 3393 πρὸς
1287 3320 1525 3389 πόλεμον
1572 3316 1907 3386 ὀφείλοντας.

326 3422 414 3477 διὰ
436 3413 595 3475 τοῦτο
632 3419 843 3489 πρέπον
874 3417 993 3469 ἐστὶ
1017 3415 1153 3486 πρὸς
1179 3414 1277 3484 τὴν
1303 3412 1533 3478 δύναμιν
1558 3408 1666 3461 τῶν
1696 3406 1912 3475 ταγμάο

329 3531 436 3568 των
462 3513 636 3577 οὓτως
670 3509 873 3583 ὁρίζειν
898 3508 991 3561 καὶ
1016 3507 1080 3559 τδ
1108 3505 1279 3575 πάχος
1306 3502 1406 3571 τῆς
1431 3498 1789 3570 παρατάξεως
1817 3496 1913 3549 αύ-

328 3608 460 3674 τῶν,
487 3601 601 3660 οἷον
620 3621 638 3639 ο

404 3695 516 3769 μγ’.
552 3698 646 3759 Εἰς
676 3693 745 3748 τὰ
770 3690 1124 3763 ἁνδρειότερα
1150 3685 1220 3740 τὰ
1264 3683 1361 3739 καὶ
1404 3684 1569 3752 μέσον
1597 3677 1911 3746 τασσόμενα

330 3795 585 3862 τάγματα
615 3791 696 3853 εἰς
735 3788 835 3860 τὴν
863 3786 1016 3852 τάξιν
1053 3784 1152 3853 τὴν
1183 3780 1468 3851 πρόμαχον
1495 3774 1604 3830 ἀπὸ
1636 3772 1775 3826 ἑπτὰ
1810 3788 1911 3825 κα-

330 3883 636 3952 θαλλαρίων
678 3878 856 3933 ’ποιεῖν
892 3877 987 3931 καὶ
1020 3875 1139 3938 ἑνὸς
1183 3872 1372 3934 παιδὸς
1404 3868 1678 3939 ὑπηρέτου
1709 3863 1909 3927 αὑτῶν,

330 3977 391 4030 ὲν
419 3975 475 4029 δι
496 3977 558 4045 τῇ
600 3973 866 4044 ἀριστερᾷ
889 3968 1061 4035 τάξει,
1091 3968 1150 4021 ὲν
1182 3960 1216 4040 ἦ
1239 3964 1330 4019 καὶ
1368 3965 1485 4017 ἐκεῖ
1505 3960 1749 4029 δεύτεροι
1773 3956 1913 4011 κατὰ

332 4068 428 4140 τὴν
474 4066 724 4139 ἀνδρείαν
753 4067 853 4135 τῆς
894 4061 1182 4135 προμάχου
1218 4058 1428 4124 τάξεως
1468 4052 1745 4123 ὀφείλουσι
1777 4049 1913 4103 τάσ-

334 4158 522 4213 σεσθαι
549 4157 658 4211 ἀπὺ
694 4154 834 4209 ἑπτὰ
864 4152 1071 4224 ἀνδρῶν
1096 4150 1333 4219 ἑκάστην
1358 4143 1677 4217 δεκαρχίαν.

406 4340 508 4415 μδ¹.
539 4341 707 4396 Πάλιν
733 4338 793 4392 ιν
831 4335 983 4406 δεξιᾷ
1014 4335 1073 4388 έν
1189 4329 1286 4385 καὶ
1333 4328 1450 4381 ἐκεῖ
1482 4322 1792 4390 ἰσοδύναμοι
1826 4318 1918 4372 άν-

331 4409 455 4507 δρες
482 4436 580 4507 τῆς
609 4431 906 4501 ἀριστερᾶς
944 4425 1252 4497 ὀφείλουσιν
1286 4420 1394 4475 ἀπὸ
1439 4416 1651 4485 ἀνδρῶν
1676 4411 1738 4475 ε’,
1766 4410 1834 4464 τὰ
1860 4409 1915 4462 δὲ

332 4500 498 4582 λοιπὰ
535 4500 655 4579 ’και
694 4500 1059 4588 ὑποδεέστερα
1116 4514 1414 4583 τάγματα,
1469 4506 1579 4562 ἀπὸ
1625 4504 1732 4575 ε’ἥ
1784 4500 1917 4556 δέκα

335 4619 544 4690 ἀνδρῶν
575 4615 822 4686 γίνεσθαι
850 4611 987 4683 πρὸς
1013 4608 1113 4671 τὰς
1147 4603 1444 4676 δεκαρχίας
1470 4599 1808 4668 τασσόμενα.

409 4798 510 4868 με’.
550 4798 676 4850 Ἐὰν
711 4797 893 4865 μέντοι
928 4790 1108 4861 συμϐῇ
1142 4790 1229 4841 ἵνα
1265 4786 1331 4838 ὲκ
1369 4781 1478 4835 τῶν
1514 4775 1919 4846 ὑποδεεστέρων

337 4888 543 4943 τούτων
580 4886 875 4954 ταγμάτων
920 4883 995 4943 εἰς
1025 4879 1123 4948 τὴν
1156 4873 1380 4947 πρώτην
1424 4867 1729 4941 παράταξιν
1754 4866 1919 4920 ἐκτά-

338 4980 470 5046 ξεις,
502 4978 534 5049 ἦ
567 4976 677 5030 ἀπὸ
693 4974 765 5044 η’,
789 4974 823 5043 ἢ
853 4973 959 5025 ἀπὸ
976 4969 1027 5035 ι’,
1048 4970 1295 5038 ποιήσεις
1328 4963 1559 5033 ἀνδρῶν,
1590 4961 1664 5024 ὡς
1694 4958 1918 5011 ἀσθενε-

343 5048 567 5143 στέρων.
598 5069 678 5123 Τὰ
705 5068 762 5121 δὲ
807 5065 1062 5133 τάγματα
1102 5061 1169 5114 τὰ
1200 5062 1257 5113 ὲν
1286 5057 1525 5127 δευτέρᾳ»
1540 5054 1690 5118 τάξει
1723 5048 1920 5103 τασσό-

345 5142 503 5235 μενα,
536 5163 631 5219 καὶ
661 5158 921 5214 ἔπίλεκτα
957 5155 1086 5209 ὄντα
1116 5151 1226 5207 ἀπὸ
1257 5151 1417 5205 πέντε
1442 5147 1540 5218 μὲν
1574 5142 1922 5216 στρατιωτῶν

343 5234 437 5311 καὶ
462 5255 664 5326 ἑτέρων
692 5248 981 5321 ὑπηρετῶν
1011 5248 1091 5310 είς
1118 5244 1187 5298 τὰ
1218 5244 1440 5315 ἅρματα
1472 5239 1738 5326 ποιήσεις,
1779 5234 1922 5288 ὥστε

339 5350 473 5403 δέκα
497 5322 697 5419 ἄνδρας
734 5343 971 5412 ἑκάστην
1003 5338 1296 5409 δεκαρχίαν
1345 5334 1512 5405 ἔχειν.
1548 5322 1708 5384 Οὗτοι
1751 5327 1808 5381 δὲ
1848 5327 1921 5392 oi,

339 5443 416 5505 ὡς
440 5443 677 5513 εἴρηται,
702 5435 1024 5506 τεταγμένοι
1048 5434 1138 5487 ἵνα
1162 5426 1574 5485 κατασταθῶσιν
1600 5420 1921 5492 ἐπιτηδείως

341 5537 417 5599 εἷς
447 5551 506 5588 τε
536 5531 840 5604 κούρσορας
867 5527 963 5581 καὶ
991 5524 1382 5596 ὲγκρύμματα.

414 5624 531 5696 μές’.
560 5626 674 5679 Οὑκ
702 5622 845 5676 ἐστιν
887 5615 983 5674 οὗν
1023 5619 1234 5689 πρέπον
1262 5616 1370 5668 τῶν
1398 5620 1468 5682 η’,
1500 5611 1533 5683 ἦ
1559 5613 1620 5664 τὸ
1652 5610 1784 5663 πολὺ
1808 5608 1921 5661 τῶν

341 5718 495 5783 δέκα,
547 5717 758 5788 ἀνδρῶν
794 5714 963 5767 πλείω
998 5712 1059 5766 τὸ
1108 5712 1278 5780 πάχος
1321 5708 1493 5761 ποιεῖν
1537 5703 1637 5775 τῆς
1669 5701 1917 5772 παρατά-

344 5810 499 5875 ξεως,
537 5810 638 5865 κᾶν
670 5808 812 5864 πάνυ
844 5806 985 5862 εἰσὶν
1019 5802 1218 5874 ἀσθενῆ
1254 5802 1319 5856 τὰ
1349 5799 1628 5869 τάγματα,
1666 5795 1786 5851 οὑδὲ
1814 5792 1920 5848 τῶν

2013 3218 2389 3280 inveniuntur,
2423 3214 2517 3284 qui
2563 3214 2615 3268 in
2654 3211 2830 3281 prima
2864 3207 3045 3261 fronte
3076 3204 3144 3259 ad
3192 3200 3594 3268 confligendum

2011 3327 2136 3367 eum
2186 3309 2439 3365 hostibus
2479 3317 2533 3361 et
2577 3318 2774 3359 manus
2826 3296 3195 3356 conserendas
3243 3292 3600 3349 committun-

2012 3411 2124 3467 tur,
2158 3408 2447 3470 propterea
2494 3411 2592 3465 par
2646 3402 2749 3456 est,
2800 3398 2859 3443 ut
2902 3404 3002 3458 pro
3037 3384 3345 3441 cohortium
3394 3382 3603 3436 viribus

2013 3493 2356 3548 altitudinem
2390 3488 2527 3544 aciei
2560 3495 2667 3540 tuae
2698 3483 2983 3540 describas
3008 3481 3078 3534 ad
3112 3479 3259 3533 hunc
3288 3474 3509 3530 modum
3538 3491 3552 3524 :

2083 3677 2173 3731 43.
2217 3676 2274 3730 ln
2322 3672 2644 3730 fortioribus
2688 3671 2846 3733 locis,
2894 3677 2947 3723 ct
2988 3667 3041 3721 in
3092 3664 3271 3720 medio
3321 3661 3607 3716 collocatis

2014 3766 2336 3822 cohortibus
2380 3764 2447 3819 ad
2489 3762 2662 3818 aciem
2720 3761 3027 3831 πρόμαχον,
3060 3755 3111 3810 id
3158 3760 3241 3808 est
3297 3765 3605 3822 propugna-

2020 3859 2240 3923 tricem,
2273 3856 2340 3912 ad
2366 3870 2461 3911 sex
2496 3854 2740 3924 equitum
2774 3849 3114 3905 altitudinem
3146 3860 3242 3901 eos
3265 3842 3602 3898 collocabis:

2016 3952 2082 4007 ad
2129 3952 2317 4006 larvam
2369 3957 2578 4019 partem
2633 3941 3077 4015 prepngnatricis
3132 3937 3291 4001 aciei,
3343 3935 3603 4007 quoniam

2016 4044 2089 4099 ibi
2117 4044 2322 4099 milites
2356 4038 2679 4096 fortitudine
2716 4042 3043 4107 prmstantes
3069 4030 3305 4104 proximi
3331 4030 3604 4091 locantur,

2017 4136 2503 4208 septemvirorum
2540 4129 2889 4187 altitudinem
2938 4137 3386 4197 unamquamque
3434 4121 3605 4177 decu-

2016 4232 2154 4286 riam
2185 4230 2451 4285 instrues.

2088 4324 2179 4379 44.
2211 4322 2291 4376 Ad
2320 4321 2570 4375 dextram
2605 4326 2851 4378 rursum,
2876 4309 2966 4364 ubi
2994 4308 3110 4378 pari
3150 4303 3474 4359 fortitudine
3500 4300 3605 4354 viri

2019 4406 2381 4475 collocantur,
2418 4426 2483 4466 ac
2519 4410 2575 4464 in
2618 4406 2809 4462 laevam
2849 4410 3059 4471 partem
3096 4408 3255 4453 antea
3298 4394 3605 4450 constitue-

1949 4475 1992 4530 υ
2021 4512 2221 4566 bantur
2250 4516 2371 4561 octo
2402 4503 2617 4573 equites
2648 4499 3032 4555 collocantur:
3074 4491 3322 4560 reliqum,
3354 4496 3408 4541 et
3451 4485 3607 4540 debie

2022 4605 2186 4658 liores
2215 4600 2471 4654 cohortes
2516 4610 2582 4649 ex
2617 4602 2763 4657 octo,
2798 4597 2891 4646 aut
2918 4588 3108 4644 decem
3141 4583 3275 4639 viris
3302 4597 3398 4653 per
3434 4580 3607 4635 decu-

2021 4695 2133 4750 rias
2162 4696 2526 4746 instruantur.

2094 4786 2184 4842 45.
2227 4783 2321 4838 Sin
2351 4779 2635 4847 contingat
2663 4792 2730 4831 ex
2767 4771 3139 4829 deterioribus
3185 4764 3507 4823 cohortibus
3551 4764 3607 4815 in

2026 4878 2197 4949 prima
2221 4874 2339 4930 acie
2369 4869 2653 4931 collocari,
2687 4867 2751 4921 ad
2788 4874 2913 4921 octo
2947 4862 3030 4917 vel
3056 4861 3244 4915 decem
3278 4857 3498 4911 illorum
3531 4855 3610 4908 vi-

2025 4986 2209 5027 rorum
2233 4964 2576 5023 altitudinem
2601 4962 2972 5016 instruantur.
2994 4954 3260 5008 Cohortes
3280 4958 3461 5003 autem
3488 4962 3610 5014 qua:

2025 5065 2078 5119 in
2115 5061 2353 5119 secunda
2383 5058 2501 5114 acie
2528 5054 2892 5115 collocantur,
2922 5062 2988 5101 ex
3019 5044 3211 5100 electis
3238 5038 3608 5112 quinquennio

2025 5154 2237 5219 litibus,
2257 5159 2314 5206 ct
2344 5149 2465 5204 aliis
2490 5146 2733 5215 quinque
2761 5136 3127 5198 administris,
3153 5135 3219 5189 ad
3248 5146 3448 5187 currus
3474 5145 3613 5184 cou-

2026 5243 2346 5319 servandos,
2370 5238 2571 5295 eliicies
2601 5244 2662 5290 ut
2687 5234 2872 5289 decem
2907 5230 3057 5284 viros
3082 5240 3425 5297 unaquaeque
3446 5224 3606 5279 decu-

2026 5337 2107 5391 ria
2150 5316 2445 5389 contineat.
2496 5329 2561 5384 Hi
2608 5336 2790 5381 autem
2830 5325 2910 5379 sic
2958 5320 3246 5385 instructi,
3299 5315 3509 5373 idoneis
3553 5314 3609 5369 in

2032 5426 2167 5481 locis
2196 5421 2625 5479 constituantur.

2098 5605 2186 5660 46.
2221 5604 2301 5658 Ad
2347 5614 2603 5658 cursores
2646 5605 2700 5651 et
2750 5593 2979 5649 insidias
3030 5589 3174 5645 nulla
3233 5584 3444 5641 ratione
3481 5583 3607 5652 plus

2029 5697 2215 5753 decem
2245 5694 2488 5747 virorum
2522 5686 2810 5743 altitudine
2839 5682 2989 5738 acies
3019 5683 3384 5741 instruantur,
3409 5687 3607 5743 quam.

2033 5789 2111 5845 vis
2149 5784 2445 5843 admodum
2492 5777 2794 5837 imbecilles
2842 5774 3098 5833 cohortes
3152 5764 3396 5824 fuerint:
3430 5776 3607 5831 neque
