4074 6222
477 335 585 400 819

1735 334 2008 394 LEONIS
2047 331 2504 393 PHILOSOPHI

3639 328 3758 392 820

482 468 545 506 cx
573 451 762 507 electis
784 451 1100 507 cohortibus
1126 448 1409 518 pauciores
1430 449 1670 518 quinque
1696 450 1846 502 viris.
1869 450 2058 516 ltaque

2167 447 2324 502 πέντε
2376 451 2757 520 ὀλιγωτέρους,
2806 447 2929 500 ὅσον
2977 447 3042 501 ἄν
3091 445 3229 498 εἰσιν
3259 442 3542 496 ὲπίλεκτα.
3580 445 3754 496 Ὥστε

482 543 549 596 ad
585 543 730 599 hunc
767 543 984 597 modum
1017 542 1209 595 idonee
1244 540 1568 595 dividendus
1601 541 1696 594 tibi
1737 551 1820 595 est
1849 541 2058 594 exerci-

489 645 596 698 tus,
623 644 677 688 et
701 633 1012 687 altitudines
1037 633 1277 686 acierum
1305 632 1693 698 describenti-.13,
1718 633 1962 702 nihilque
1992 633 2058 686 de

487 722 862 791 longitudine,
907 731 961 776 et
993 736 1219 775 numero
1262 723 1561 792 praestitum
1584 762 1598 788 ,
1634 732 1726 777 aut
1765 737 2054 793 perparutn

482 813 881 868 detrahendum
913 823 1017 869 est.

551 993 639 1045 47.
668 992 723 1046 Si
748 993 891 1047 cnim
920 995 986 1048 ad
1011 993 1200 1050 decem
1226 995 1468 1050 virorum
1493 996 1829 1050 altitudinem
1859 998 2057 1052 cohor—

483 1096 563 1139 tes
611 1086 895 1140 universas
951 1090 1065 1155 pari
1120 1089 1282 1142 modo
1313 1089 1659 1150 instruxeris,
1703 1090 1771 1144 ab
1818 1091 2054 1145 hostium

483 1178 922 1245 speculatoribus
957 1178 1115 1232 facile
1147 1181 1479 1233 numerabile
1507 1181 1801 1235 exercitum
1835 1181 2052 1248 ellieies,

484 1264 814 1334 praestitibus
847 1268 1171 1332 numeratis,
1210 1269 1521 1324 universum
1555 1272 1829 1326 exercitus
1861 1287 2055 1326 nume-

484 1372 604 1410 rum
633 1357 938 1428 colligendo
968 1376 981 1412 :
1013 1359 1158 1428 quod
1189 1358 1415 1414 minime
1444 1360 1697 1417 hostibus
1721 1362 2054 1432 patefacien-

482 1452 610 1502 dum
645 1457 747 1504 est.

553 1541 642 1596 48.
677 1541 788 1597 llae
820 1543 1170 1611 proportione
1211 1551 1266 1597 et
1309 1544 1679 1599 moderatione
1711 1555 2052 1612 conservata,

483 1634 629 1702 quod
687 1633 954 1702 reliquum
1014 1642 1264 1702 superest
1317 1636 1593 1691 exercitus
1644 1637 1697 1690 in
1757 1639 2051 1693 secundam

484 1725 656 1778 aciem
689 1722 1080 1778 conferendum
1105 1735 1205 1779 est.

560 1815 650 1870 49.
687 1813 1008 1871 Mandamus
1034 1827 1214 1871 autem
1243 1823 1303 1871 ut
1335 1818 1691 1873 contubernia
1727 1820 1956 1875 militum
1988 1837 2056 1877 ex

485 1906 792 1976 majoribus
837 1909 1247 1979 minoribusque
1303 1919 1435 1964 natu
1495 1920 1642 1967 certa
1713 1915 2061 1982 proportione

489 2000 645 2065 liant,
677 2015 746 2055 ne
781 2015 941 2055 senes
975 2015 1071 2069 per
1099 2015 1158 2055 se
1184 2001 1466 2067 collocati,
1511 2003 1709 2057 iniit-mi
1749 2005 2062 2074 debilesque

490 2089 652 2155 fiant,
691 2104 869 2159 neque
907 2090 1367 2148 adolescentiorcs
1417 2095 1716 2163 perturbati
1771 2104 1935 2165 atque
1979 2098 2063 2151 in-

487 2181 818 2249 tractabiles,
851 2198 1043 2253 nempe
1072 2184 1331 2252 imperiti,
1361 2185 1726 2242 inveniantur.

563 2271 652 2327 50.
689 2273 872 2327 Aciem
906 2282 1052 2328 tuam
1086 2274 1316 2330 adhunc
1343 2277 1562 2331 modum
1601 2279 1839 2334 armabis
1867 2298 1880 2334 :
1914 2280 2062 2334 Prae-

488 2364 668 2418 stitem
696 2364 886 2434 prima:
919 2365 1075 2429 aciei,
1097 2375 1151 2420 et
1181 2367 1272 2437 qui
1303 2369 1377 2422 illi
1409 2371 1656 2438 proxime
1681 2371 1859 2426 adstat
1889 2373 2062 2428 adsti-

490 2461 598 2508 tem
635 2456 750 2511 sive
791 2456 1094 2512 secundum
1115 2498 1130 2523 ,
1157 2467 1211 2512 et
1239 2462 1467 2515 extremi
1502 2462 1844 2516 contubernii
1877 2474 2062 2519 custo-

487 2545 634 2608 dem,
659 2561 823 2616 quem
872 2547 1127 2620 οὐραγὸν,
1164 2550 1216 2603 id
1249 2560 1335 2605 est
1363 2552 1688 2608 ultimanum
1721 2554 1832 2608 sive
1861 2555 2063 2609 cauda-

489 2652 622 2691 nutn
655 2639 958 2702 nominant,
985 2643 1228 2696 hastatos
1258 2641 1425 2698 facies
1454 2659 1578 2697 cum
1607 2645 1811 2713 reliqua
1847 2647 2062 2700 illorum

490 2739 770 2783 armatura
799 2747 812 2784 :
845 2730 1085 2798 reliquos
1113 2745 1302 2786 omnes
1333 2735 1383 2786 in
1416 2736 1593 2788 medio
1616 2735 1829 2789 illorum
1859 2739 2065 2792 consti-

490 2829 658 2884 tutos,
689 2821 778 2887 qui
830 2821 1058 2888 sagittas
1081 2822 1264 2892 jacere
1303 2824 1500 2889 sciant,
1539 2827 1656 2880 sine
1695 2827 1866 2881 hastis
1894 2829 2065 2884 collo-

495 2912 669 2965 cabis.
700 2910 886 2982 Neque
921 2915 1066 2968 enim
1103 2918 1389 2971 commode
1423 2933 1611 2973 arcum
1659 2920 1857 2975 ducere
1890 2930 2066 2989 potest

491 3020 556 3058 ex
615 3021 787 3076 equo,
833 3007 963 3062 laeva
1007 3017 1218 3063 scutum
1262 3017 1452 3066 tenens
1502 3019 1556 3066 et
1591 3027 1801 3066 arcum.
1851 3013 1943 3068 Sin
1987 3015 2066 3070 sic

2082 1783 2130 1842 B

2161 542 2370 611 πρέπον
2426 543 2541 595 ἐστὶ
2589 541 2730 595 κατὰ
2782 540 2874 594 τὸν
2921 537 3214 609 εἰρημένον
3267 535 3470 605 τρόπον
3524 536 3617 587 καὶ
3644 535 3755 604 τὴν

2157 631 2414 700 τοιαύτην
2443 631 2708 701 διαίρεσιν
2735 629 3047 700 ἀρκούντως
3079 627 3174 679 καὶ
3203 625 3271 678 τὰ
3299 625 3438 695 βάθη
3469 627 3638 695 ῆγουν
3674 626 3753 677 τά

2159 723 2307 793 πάχη
2333 723 2441 776 τῶν
2467 723 2827 792 παρατάξεων
2852 719 3118 788 γίνεσθαι,
3163 719 3254 770 καὶ
3297 717 3432 788 μηδὲ
3467 717 3530 770 τὺ
3565 719 3749 788 μῆκος
3793 713 3798 716 ’

2156 813 2324 881 ἦγουν
2377 813 2468 866 τὸν
2521 812 2752 882 ἀριθμὸν
2788 809 2896 864 τῶν
2946 807 3474 879 πρωτοστατούντων
3517 806 3743 876 όλιγοῦ-

2159 904 2282 957 σθαι
2315 905 2472 960 πολύ.

2229 995 2336 1065 μζ.
2393 997 2515 1049 Ἐὰν
2559 996 2668 1066 γὰρ
2718 993 2826 1049 ἀπὸ
2867 993 3001 1046 δέκα
3047 992 3257 1062 ἀνδρῶν
3299 991 3362 1043 τὸ
3411 992 3583 1061 πάχος
3634 991 3754 1045 τῶν

2156 1089 2452 1157 ταγμάτων
2492 1087 2629 1140 ὅλων
2677 1089 2734 1140 ὲν
2769 1087 2871 1156 [σῳ
2922 1086 3106 1156 μέτρῳ
3136 1083 3340 1150 τάξεις,
3377 1081 3622 1153 εὐχερῶς
3649 1083 3751 1136 καὶ

2159 1179 2440 1248 συντόμως
2496 1179 2602 1232 ὑπὸ
2650 1177 2757 1231 τῶν
2815 1176 3179 1230 κατασκόπων
3235 1174 3331 1227 καὶ¹
3381 1173 3490 1226 τῶν
3531 1173 3754 1244 ἐχθρῶν

2155 1267 2510 1340 ἀριθμεῖσθαι
2542 1269 2790 1339 ποιήσεις
2815 1266 2902 1319 διὰ
2932 1265 3042 1319 τῶν
3067 1265 3466 1337 πρωτοστατῶν
3496 1265 3618 1318 ὅλον
3647 1281 3748 1317 σου

2155 1353 2246 1412 τὸν
2285 1358 2534 1430 στρατὸν,
2568 1358 2702 1428 ὅπερ
2734 1357 2795 1410 ού
2829 1356 2946 1410 δέον
2974 1355 3267 1424 μανθάνειν
3293 1354 3422 1417 τοὺς
3449 1353 3706 1424 ἐχθρούς.

2227 1543 2341 1614 μηὀ
2370 1543 2481 1613 Τῆς
2498 1542 2556 1595 δὲ
2596 1539 2894 1612 εἰρημένης
2937 1540 3068 1609 ἡμῖν
3093 1537 3410 1606 ἀναλογίας,
3446 1538 3614 1606 ἤγουν
3648 1537 3751 1590 τοῦ

2159 1635 2379 1706 μέτρου,
2415 1633 2824 1704 φυλαττομένης
2853 1633 2917 1684 ὲκ
2937 1631 3030 1684 τοῦ
3063 1629 3485 1700 περισσεύοντος
3506 1630 3747 1700 στρατοῦ

2155 1726 2254 1794 τὴν
2281 1726 2541 1794 δευτέραν
2576 1723 2939 1793 καταστήσεις
2970 1722 3144 1786 τάξιν.

2235 1815 2343 1887 μθ’.
2401 1817 2710 1886 Κελεύομεν
2751 1814 2807 1868 δέ
2837 1830 2919 1867 σοι
2959 1817 3054 1867 καὶ
3100 1813 3169 1867 τὰ
3220 1812 3606 1883 κοντουϐέρνια
3637 1812 3754 1866 τῶν

2164 1907 2510 1983 στρατιωτῶν
2549 1907 2656 1960 άπδ
2686 1903 2930 1958 παλαιῶν
2968 1903 3062 1956 καὶ
3105 1903 3240 1956 νέων
3271 1903 3520 1972 γίνεσθαι
3545 1904 3752 1958 ἀναλό-

2163 2023 2296 2074 γως,
2325 2004 2412 2055 ἴνα
2464 2001 2537 2070 μὴ
2565 2001 2614 2052 oi.
2660 1997 2880 2052 παλαιοὶ
2913 1995 3064 2066 μόνοι
3095 1995 3420 2074 τασσόμενοι
3449 1996 3570 2049 καθ’
3604 1998 3743 2049 ἑαυ-

2161 2070 2287 2158 τοὺς
2316 2092 2560 2153 ἀσθενεῖς
2595 2092 2753 2152 εἰσιν,
2788 2087 2924 2159 μηδὲ
2965 2089 3014 2140 o!
3045 2070 3297 2156 νεώιὲεροι
3330 2087 3556 2142 ἄτακτοι
3584 2090 3753 2158 εὑρε-

2164 2187 2328 2241 θῶσιν
2349 2185 2423 2246 ὠς
2451 2184 2690 2252 ἄπειροι.

2230 2276 2292 2331 ν’.
2357 2275 2631 2337 Ὀπλίσεις
2679 2273 2862 2344 δὲτὴν
2902 2273 3205 2342 παράταξιν
3255 2273 3461 2336 οὕτως’
3510 2274 3601 2326 τὸν
3647 2275 3749 2344 μὲν

2164 2368 2556 2441 πρωτοστάτην
2608 2367 2708 2429 τῆς
2761 2363 2987 2436 πρώτης
3047 2364 3277 2431 τάξεως,
3332 2367 3425 2419 καὶ
3475 2365 3570 2418 τὸν
3606 2368 3753 2435 μετὰ

2164 2465 2370 2516 ἐκεῖνον
2419 2459 2726 2529 ἱστάμενον,
2761 2457 2905 2517 τοῦτ’
2953 2457 3069 2511 ἐστι
3117 2457 3210 2510 τὸν
3244 2459 3518 2529 δεύτερον,
3556 2459 3635 2513 ἔτι
3688 2460 3750 2512 δὲ

2164 2551 2259 2606 καὶ
2289 2550 2382 2604 τὸν
2417 2550 2626 2603 ἑστῶτα
2653 2549 2830 2601 ὀπίσω
2867 2548 3106 2611 πάντων,
3135 2549 3304 2619 ἤγουν
3355 2548 3448 2601 τὸν
3484 2549 3746 2617 οὐραγὸν,

2165 2643 2530 2711 κονταράτους
2558 2642 2804 2712 ποιήσεις
2830 2639 2968 2710 μετὰ
2985 2640 3086 2709 τῆς
3114 2641 3309 2708 λοιπῆς
3339 2641 3518 2694 αὐτῶν
3535 2641 3750 2707 ἐξοπλὶ-

2167 2753 2301 2798 σεως
2323 2752 2336 2766 ·
2366 2736 2492 2797 τοὺς
2524 2734 2581 2788 δὲ
2605 2734 2825 2797 λοιποὺς
2857 2734 3066 2796 πάντας
3095 2733 3224 2797 τοὺς
3251 2735 3307 2788 ὲν
3339 2735 3489 2804 μέσῳ
3519 2735 3750 2788 ἐκείνων

2165 2826 2550 2898 τασσομένους,
2581 2826 2695 2879 ὅσοι
2730 2825 2970 2890 τοξεύειν
2999 2825 3197 2890 οἴδασι,
3233 2827 3403 2894 χωρὶς
3443 2827 3748 2897 κονταριων

2167 2920 2303 2974 εἶναι
2337 2920 2601 2990 ποιήσεις.
2641 2918 2774 2972 Οὐδὲ
2806 2919 2913 2989 γὰρ
2945 2917 3170 2971 δυνατόν
3219 2920 3334 2971 ἐστι
3375 2919 3602 2982 δεόντως
3643 2937 3748 2971 πε-

2169 3013 2376 3084 ριάγειν
2406 3011 2528 3063 τινὰ
2554 3009 2708 3074 τόξον
2739 3011 2923 3063 ἐπάνω
2951 3009 3142 3074 ἵππου,
3171 3009 3266 3064 ἐὰν
3295 3012 3354 3063 ὲν
3380 3013 3442 3081 τῇ
3482 3013 3752 3082 ἀριστερᾷ

491 3107 810 3153 exerceatur
845 3099 1032 3163 miles,
1061 3108 1118 3154 ut
1141 3101 1358 3170 quando
1399 3103 1624 3173 sagittas
1663 3105 1824 3174 jacit,
1849 3122 1878 3159 a
1913 3115 2063 3177 tergo

2167 3105 2327 3158 αὐτοῦ
2357 3104 2450 3157 καὶ
2484 3103 2544 3156 τὸ
2579 3102 2868 3172 σκουτάριν
2925 3102 3128 3171 κατέχῃ
3161 3101 3256 3155 καὶ
3298 3102 3359 3154 τὸ
3396 3103 3567 3168 τόξον.
3605 3104 3667 3156 Εἰ
3691 3104 3750 3156 δὲ

491 3198 612 3258 apte
643 3189 898 3262 conjiciat
941 3200 1186 3259 scutum,
1224 3209 1566 3265 nequaquam
1615 3196 1717 3252 hoc
1756 3198 1944 3255 inutile
1979 3200 2061 3255 vi-

491 3281 733 3338 deretur.

563 3465 652 3520 5i.
686 3467 765 3522 Ad
799 3467 914 3522 haec
945 3469 1310 3525 constituendi
1339 3470 1436 3527 abs
1465 3478 1518 3528 te
1541 3471 1808 3543 despotati
1840 3476 2062 3544 quidam

493 3565 623 3612 sunt
648 3557 713 3611 ad
744 3557 976 3627 primam
1011 3560 1183 3614 aciem
1213 3561 1500 3632 diligenter
1525 3563 1940 3629 observandam,
1970 3566 2064 3634 qui

493 3648 859 3704 sauciatorum
902 3649 954 3703 in
997 3652 1194 3722 prmlio
1229 3668 1418 3707 curam
1466 3655 1720 3710 habeant.
1755 3655 1835 3708 Ad
1869 3673 2064 3711 unam-

493 3755 768 3811 quamque
788 3743 1071 3797 cohortem
1095 3754 1240 3808 octo,
1266 3755 1359 3799 aut
1382 3747 1564 3800 decem
1589 3748 1736 3803 viros
1763 3750 2065 3805 constitues

487 3834 662 3903 agiles
693 3843 856 3902 atque
895 3837 1198 3904 expeditos,
1231 3837 1348 3891 sine
1375 3841 1567 3903 armis,
1605 3841 1695 3909 qui
1725 3850 1943 3896 centum
1975 3859 2067 3914 pe-

494 3924 626 3976 dum
667 3923 956 3978 intervallo
994 3943 1125 3982 suas
1170 3927 1412 3996 ipsorum
1456 3930 1712 3987 cohortes
1742 3943 2063 4004 sequantur,

497 4023 556 4068 ut
580 4030 675 4069 eos
698 4015 792 4084 qui
825 4017 966 4070 inter
993 4018 1365 4073 dimicandum
1403 4023 1637 4090 graviter
1665 4040 1728 4079 ac
1765 4027 2068 4094 periculose

496 4107 834 4169 sanciantur.
863 4122 1068 4179 eosque
1101 4111 1193 4179 qui
1217 4126 1282 4166 ex
1311 4114 1469 4183 equis
1499 4116 1757 4169 cadentes
1793 4130 2064 4186 pugnant,

495 4209 547 4254 et
577 4199 786 4268 seipsos
820 4202 1012 4257 iterum
1040 4202 1293 4273 colligere
1322 4214 1614 4275 nequeant,
1662 4217 1982 4275 recupereut
2015 4219 2070 4265 et

496 4300 843 4354 conservent,
882 4300 936 4346 ut
969 4306 1034 4346 ne
1054 4291 1260 4346 strenui
1295 4293 1491 4348 milites
1516 4309 1545 4348 a
1569 4295 1806 4350 secunda
1833 4299 1948 4352 acie
1972 4300 2068 4354 ad-

499 4387 714 4434 ventate
747 4381 1157 4449 conculrentur,
1203 4392 1256 4438 et
1303 4385 1625 4454 negligentia
1668 4387 1902 4454 quadam
1951 4388 2065 4460 jam

2168 3194 2455 3264 γυμνασθῇ
2508 3195 2536 3246 ὁ
2563 3190 2910 3263 στρατιώτης
2937 3191 3077 3244 ὥστε
3107 3191 3269 3261 ήνίκα
3295 3191 3502 3256 τοξεύει
3531 3193 3750 3260 εὐφυῶς

2166 3287 2374 3357 πέμπει
2426 3283 2486 3336 τὸ
2540 3283 2885 3353 σκουτάριον,
2936 3281 3056 3336 οὐδὲ
3101 3283 3262 3337 τοῦτο
3312 3282 3584 3353 ἄχρηστον
3614 3285 3750 3354 ἡμῖν

2167 3377 2563 3446 καταφαίνεται
2575 3413 2587 3427 .

2237 3467 2333 3522 να’.
2377 3468 2520 3539 Πρὸς
2544 3467 2756 3530 τούτοις
2789 3467 3086 3536 κελεύομεν
3112 3484 3222 3531 σοι,
3250 3461 3295 3521 ὦ
3330 3469 3626 3539 στρατηγέ,
3657 3468 3746 3522 ἵνα

2166 3561 2433 3632 ἀφορίσῃς
2462 3560 2556 3613 καὶ
2596 3558 2831 3630 μάλιστα
2877 3560 2956 3622 εἰς
2987 3558 3086 3626 τὴν
3129 3558 3413 3629 πρόμαχον
3445 3560 3750 3631 παράταξιν

2167 3653 2293 3715 τοὺς
2327 3651 2651 3722 λεγομένους
2695 3651 3079 3714 δεσποτάτους,
3125 3650 3270 3703 τοῦτ’
3315 3649 3431 3704 ἔστι
3463 3653 3586 3714 τοὺς
3634 3652 3748 3704 ἑπι-

2172 3744 2410 3814 μελητὰς
2458 3743 2568 3796 τῶν
2623 3743 3147 3812 τραυματιζομένων
3201 3743 3570 3812 στρατιωτῶν.
3638 3745 3750 3797 Καὶ

2169 3837 2528 3904 καταστήσεις
2550 3834 2694 3888 ὀκτὼ
2723 3835 2754 3905 ἢ
2791 3834 2924 3887 δέκα
2973 3835 3172 3904 ἄνδρας
3207 3834 3328 3887 καθ’
3359 3834 3591 3888 ἕκαστον
3619 3833 3749 3903 βάνο

2168 3927 2256 3980 δον
2287 3927 2354 3979 ὲκ
2399 3925 2494 3979 τοῦ
2541 3925 2704 3980 αὐτοῦ
2755 3926 3034 3995 τάγματος
3069 3925 3344 3994 ἐλαφροὺς
3393 3927 3484 3978 καὶ
3517 3928 3752 3995 γοργοὺς

2169 4019 2296 4073 ἄνευ
2327 4019 2514 4083 ὅπλου,
2557 4020 2684 4080 τοὺς
2706 4017 3018 4087 ὀφείλοντας
3048 4015 3270 4069 ὄπισθεν
3307 4016 3382 4080 ὡς
3412 4016 3516 4069 ἀπὸ
3551 4017 3753 4069 ἑκατδν

2171 4111 2346 4165 ποδῶν
2373 4112 2485 4174 τοῖς
2530 4110 2683 4173 ἰδίοις
2720 4109 2998 4178 τάγμασιν
3029 4109 3368 4174 ἀκολουθεῖν,
3405 4111 3492 4163 ἵνα
3533 4109 3656 4173 τοὺς
3690 4111 3752 4163 ὲν

2169 4208 2288 4268 ταῖς
2314 4204 2654 4275 συμπλοκαῖς
2685 4201 2778 4255 τοῦ
2814 4202 3074 4272 πολέμου,
3121 4203 3194 4267 ὡς
3222 4202 3485 4265 πολλάκις
3514 4201 3748 4270 γίνεται,

2170 4295 2706 4368 τραυματιζομένους
2743 4293 3117 4358 ἐπικινδύνως,
3155 4295 3188 4364 ἢ
3238 4294 3612 4356 ἐκπίπτοντας
3643 4294 3752 4346 ἀπὸ

2171 4390 2279 4443 τῶν
2312 4389 2511 4448 ἵππων,
2541 4387 2638 4440 καὶ⁵
2669 4386 2744 4456 μὴ
2777 4385 3114 4456 δυναμένους
3147 4385 3754 4456 μάχεσθαι,άναλέγων-

498 4471 763 4526 vulnerati
795 4473 1198 4529 interimantur.
1237 4475 1382 4545 lique
1407 4477 1673 4546 despotati
1709 4455 2064 4551 quotcunque

2171 4497 2262 4534 ται
2284 4478 2378 4534 καὶ
2409 4477 2821 4550 περιποιῶνται,
2850 4477 2934 4531 ἵνα
2980 4477 3054 4548 μὴ
3081 4477 3506 4530 καταπατῶνται
3529 4477 3632 4530 ὑπὸ
3652 4477 3764 4544 τῆς

499 4566 963 4632 conservaverint,
993 4581 1021 4620 a
1052 4576 1323 4636 qutcstorc
1357 4568 1566 4638 imperii
1605 4571 1778 4626 nostri
1818 4587 1918 4642 pro
1951 4575 2067 4628 sin-

500 4655 642 4726 gulis
673 4657 935 4713 militibus
964 4660 1299 4714 conservatis
1329 4661 1562 4716 habeant
1600 4678 1851 4718 numum.

2172 4573 2434 4644 δευτέρας
2466 4569 2821 4642 παρατάξεως
2866 4571 2916 4622 οἱ
2967 4569 3182 4637 άληθῶς
3213 4569 3450 4635 γενναῖοι
3484 4569 3753 4638 στρατιῶ-

2170 4685 2277 4732 ται,
2309 4665 2403 4719 καὶ
2429 4666 2494 4717 ὲκ
2531 4663 2630 4734 τῆς
2660 4659 2955 4731 ὀλιγωρίας
2987 4660 3097 4713 τῶν
3147 4660 3478 4731 τραυμάτων
3512 4659 3756 4728 διαφθεί-

502 4768 736 4822 ρωνται,
764 4752 860 4806 καὶ
893 4752 979 4805 ἵνα
1021 4755 1069 4806 οξ
1097 4752 1450 4818 διασώζοντες
1477 4757 1672 4818 αὐτοὺς
1716 4758 2065 4828 λαμϐάνωσιν
2104 4763 2244 4832 ὑπὲρ
2280 4757 2472 4830 μισθοῦ
2508 4755 2616 4810 ἀπὸ
2647 4754 2741 4808 τοῦ
2791 4753 3041 4824 ταμιείου
3083 4756 3181 4824 τῆς
3255 4753 3532 4823 βασιλεῖας
3598 4753 3755 4822 ήμῶν

499 4845 643 4899 κατὰ
694 4844 790 4899 ἕνα
845 4845 1075 4899 ἕκαστον
1118 4846 1456 4918 στρατιώτην
1493 4849 1888 4919 διασωζόμενον
1930 4856 2062 4924 παρ’
2100 4854 2276 4908 αὐτῶν
2305 4853 2546 4922 νόμισμα
2578 4847 2657 4902 ἒν.

571 4939 661 4994 52.
684 4937 845 4994 Tales
867 4939 1079 5003 deinde,
1103 4948 1390 5010 postquam
1420 4941 1560 4995 versi
1590 4941 1640 4994 in
1667 4941 1848 5011 fugam
1882 4944 2069 5001 hostes

501 5031 723 5097 fuerint,
763 5042 818 5088 et
849 5031 1092 5088 secunda
1123 5033 1266 5087 acies
1298 5032 1594 5098 transierit,
1631 5035 1827 5104 spolia,
1862 5052 1984 5105 qua:
2016 5037 2070 5091 in

499 5126 694 5195 primae
721 5124 1144 5182 conflictationis
1172 5127 1292 5181 loco
1322 5125 1536 5180 iuventa
1569 5124 1805 5188 fuerint,
1847 5142 2072 5198 congre-

502 5225 660 5286 gcnt,
695 5224 750 5270 et
787 5216 1148 5286 praestitibus,
1192 5217 1306 5272 sive
1345 5217 1686 5272 contubernii
1723 5217 1805 5271 sui
1853 5218 2074 5274 decanis

503 5319 627 5382 post
661 5310 970 5367 confectum
1000 5310 1243 5380 prtelium
1281 5311 1500 5365 tradant
1530 5328 1542 5364 :
1578 5311 1734 5380 cujus
1771 5309 1976 5364 laboris
2022 5319 2078 5364 et

506 5404 608 5474 ipsi
635 5419 852 5475 quoque
871 5404 1109 5473 aliquam
1137 5404 1440 5458 mercedem
1467 5403 1723 5458 habeant.
1749 5401 1902 5456 llanc
1929 5402 2073 5456 enim

508 5509 687 5549 rerum
714 5494 1056 5551 fortuitardm
1082 5493 1411 5565 prmstitibus
1431 5493 1482 5548 in
1508 5494 1648 5549 bello
1668 5491 2078 5563 praerogativam

505 5585 709 5657 justam
755 5602 918 5657 atque
971 5589 1219 5644 idoneam
1269 5604 1390 5643 csse
1436 5588 1799 5650 arbitramur,
1848 5586 1976 5656 quia
2023 5586 2075 5638 in

510 5678 683 5748 prima
724 5680 843 5734 belli
881 5680 1284 5735 conflictatione
1329 5681 1566 5734 maxima
1604 5678 1841 5748 pericula
1883 5685 1936 5730 et
1963 5677 2076 5730 dis-

514 5770 742 5827 erimina
779 5771 1030 5827 ειώιιιιιι.
1079 5770 1186 5825 llac
1226 5787 1287 5824 ex
1322 5788 1376 5826 re
1417 5769 1532 5826 haec
1567 5778 1825 5840 praetcrea
1873 5768 2078 5824 utilitas

2244 4943 2341 5015 νβ’.
2382 4939 2513 4995 Εἶτα
2543 4940 2600 4994 δὲ
2651 4941 2700 4992 οἱ
2738 4937 2971 4992 τοιοῦτοι
3003 4936 3141 5007 μετὰ
3191 4935 3251 4988 τὸ
3299 4935 3580 5005 τραπῆναι
3629 4935 3757 4994 τοὺς

2173 5039 2421 5110 ἐχθροὺς,
2479 5036 2572 5088 καὶ
2623 5031 2913 5104 παρελθεῖν
2960 5031 3059 5099 τὴν
3107 5028 3367 5098 δευτέραν
3421 5026 3753 5099 παράταξιν,

2175 5133 2291 5187 τότε
2321 5130 2388 5183 τὰ
2414 5127 2586 5182 σκῦλα
2617 5127 2685 5180 τὰ
2714 5123 3079 5195 εὑρισκόμενα
3108 5122 3167 5174 ὲν
3188 5121 3266 5192 τῷ
3290 5121 3442 5191 τόπῳ
3479 5121 3578 5190 τῆς
3605 5120 3755 5190 πρώ-

2176 5239 2275 5292 της
2303 5218 2577 5290 συμβολῆς
2616 5216 2770 5268 αὐτοὶ
2812 5213 3129 5281 συνάγουσι,
3165 5214 3260 5265 καὶ
3310 5214 3422 5274 τοῖς
3469 5211 3758 5281 δεκάρχοις

2178 5315 2343 5385 ῆγουν
2367 5313 2479 5370 τοῖς
2528 5305 2936 5379 πρωτοστάταις
2981 5303 3076 5356 τοῦ
3121 5303 3252 5356 ἰδίου
3296 5302 3577 5372 τάγματος
3616 5302 3755 5371 μετὰ

2179 5405 2240 5457 τὸ
2297 5401 2523 5471 λυθῆναι
2559 5399 2657 5466 τὴν
2713 5397 2894 5467 μάχην
2941 5395 3274 5466 παρέχουσιν
3308 5393 3466 5448 αὐτά.
3529 5392 3755 5462 Λαμεά-

2182 5505 2330 5542 νουσι
2356 5487 2412 5540 δὲ
2444 5487 2535 5540 καὶ
2569 5485 2723 5539 αὐτοὶ
2750 5483 2892 5554 ὑπὲρ
2923 5482 3113 5536 τούτου
3151 5483 3300 5552 παρὰ
3339 5482 3449 5535 τῶν
3471 5482 3754 5552 δεκάρχων

2185 5581 2262 5642 εἰς
2293 5576 2642 5646 παραμυθίαν
2688 5573 2867 5628 αὐτῶν
2898 5573 3094 5644 μοῖράν
3132 5590 3273 5628 τινα.
3303 5573 3474 5627 Τοῦτο
3506 5572 3613 5640 γάρ
3643 5573 3755 5634 τοῖς

2187 5668 2592 5740 πρωτοστάταις
2623 5668 2679 5720 ἐν
2708 5668 2826 5728 ταῖς
2853 5666 3059 5736 μάχαις
3099 5667 3392 5734 προνόμιον
3423 5665 3633 5719 δίκαιον
3661 5664 3757 5716 καὶ

2190 5763 2443 5835 ἁρμόδιον
2481 5762 2536 5813 ἐν
2568 5761 2681 5822 ταῖς
2719 5757 3021 5828 ἐπιτυχῐαις
3067 5759 3210 5827 ἔχειν
3263 5757 3576 5829 κελεύομεν,
3636 5754 3754 5809 καθ’
