4074 6222
404 365 508 438 821
1448 370 1778 431 TACTICA.
1815 395 1882 405 —
1920 370 2422 431 CONSTITUTiO
2457 373 2593 433 XII.
3558 377 3666 444 822

404 492 487 544 ὃτι
520 484 681 540 πλέον
710 483 819 538 τῶν
842 481 1045 537 λοιπῶν
1076 483 1172 554 τῆς
1197 484 1443 556 ἀνάγκης
1477 486 1793 556 μετέχουσιν
1822 485 1879 537 ἐν
1913 486 1965 554 τῇ

2084 486 2313 552 accedit,
2342 486 2488 557 quod
2521 488 2591 540 ob
2627 487 2810 541 hostes
2836 487 3093 544 cadentes
3121 485 3508 559 despoliandos
3538 493 3671 550 nullt
3740 520 3747 527 η

405 578 599 651 πρώτῃ
631 574 876 646 συμϐολῇ
926 574 1022 628 τοῦ
1047 574 1306 647 πολέμου·
1340 575 1547 645 ἀγαθὸν
1591 576 1646 629 δὲ
1672 574 1764 628 καὶ
1793 574 1965 641 ἕτεροι

2085 591 2149 630 ex
2194 577 2351 647 equis
2390 577 2759 645 descendunt,
2791 586 2845 633 et
2877 579 3165 634 stationem
3198 596 3355 635 suam
3393 583 3673 640 deserunt.

403 673 636 743 γίνεται,
666 670 751 723 ῐνα
800 667 876 739 μὴ
917 668 1005 723 διὰ
1052 669 1114 723 τὸ
1152 669 1445 725 σκυλεῦσαι
1486 670 1613 735 τοὺς
1659 654 1959 732 πίπτοντας
1997 669 2243 740 ἑχθροὺς,
2288 673 2432 737 τινὲς
2469 675 2534 726 ἐκ
2596 673 2703 726 τῶν
2748 673 2933 727 ἵππων
2981 675 3373 746 κατέρχωνται,
3420 679 3514 731 καὶ
3575 681 3674 751 τὴν

419 761 723 834 παράταξιν
752 760 1063 816 διαλύωσιν.

468 851 571 924 νγ¹.
603 854 722 907 Ἵνα
753 852 812 905 δὲ
840 853 1078 917 εὐκόλως
1118 855 1211 907 ἐπὶ
1240 854 1349 909 τῶν
1390 856 1572 911 ἵππων
1617 856 1965 911 άναδαίνωσιι

2159 856 2244 911 53.
2272 855 2340 912 Ut
2370 871 2498 912 vero
2531 855 2687 909 facile
2716 855 3083 910 conscendere
3111 870 3283 926 equus
3317 859 3525 925 possint
3555 866 3670 913 tum

400 947 457 1001 οἴ
495 963 555 1000 τε
588 944 871 1017 λεγόμενοι
921 944 1238 999 δεσποτάτοι
1273 948 1366 1001 καὶ
1406 948 1457 1000 οί
1489 948 1965 1019 τραυματιζόμενοι

2086 945 2375 1018 despotati,
2410 956 2522 1001 tum
2553 947 2752 1001 milites
2780 946 3071 1012 vulnerati,
3107 947 3197 1017 qui
3230 964 3295 1002 ex
3327 947 3485 1018 equis
3521 951 3671 1005 ceci-

403 1035 736 1107 στρατιῶται
769 1036 819 1088 οἱ
868 1033 976 1088 ἀπὸ
1026 1035 1135 1088 τῶν
1183 1035 1366 1090 ἵππων
1408 1036 1731 1103 πίπτοντες,
1768 1038 1965 1111 πρέποι

2086 1039 2305 1105 derunt,
2349 1056 2448 1110 par
2473 1051 2578 1106 εει,
2608 1040 2958 1110 utdespotati
2991 1039 3128 1094 duas
3166 1040 3344 1095 scalas
3382 1040 3448 1095 ad
3480 1042 3669 1097 laevam

398 1128 570 1192 ἐστὶν,
603 1128 693 1181 ἴνα
718 1128 747 1180 ό
773 1125 1064 1190 δεποτάτος
1088 1127 1184 1189 τὰς
1216 1127 1310 1181 δύο
1343 1126 1547 1191 σκάλας
1573 1130 1653 1193 είς
1682 1129 1743 1182 τὸ
1764 1130 1981 1203 ἀριστε-

399 1219 492 1289 ρὸν
525 1218 693 1289 μέρος
719 1217 817 1288 τῆς
858 1216 1053 1280 σέλλας
1093 1215 1213 1289 ἔχῃ·
1237 1216 1384 1272 τοῦτ’
1408 1218 1524 1273 ἐστι
1551 1222 1649 1292 τὴν
1682 1221 1809 1290 μίαν
1843 1222 1978 1292 πρὸς

396 1308 473 1379 τῷ
504 1307 1052 1379 έμπροσθοκουρὸίῳ,
1088 1310 1183 1361 καὶ
1223 1308 1321 1379 τὴν
1346 1308 1543 1381 ἑτέραν
1578 1311 1710 1382 πρὸς
1740 1311 1818 1382 τῷ
1849 1312 1974 1365 όπι-

398 1398 756 1470 σθοκουρὸίῳ,
793 1398 879 1451 ίνα
919 1399 1046 1451 ὃταν
1098 1398 1385 1468 μέλλουσιν
1418 1401 1468 1454 ot
1506 1400 1603 1455 δύο
1643 1401 1737 1455 ἐπὶ
1760 1400 1854 1455 τοῦ
1882 1402 1975 1454 ἴπ-

396 1507 500 1545 που
556 1488 899 1561 ἀνέρχεσθαι,
939 1491 967 1542 ό
999 1489 1097 1560 μὲν
1128 1488 1217 1543 διὰ
1249 1491 1350 1561 τῆς
1380 1491 1583 1557 σκάλας
1615 1493 1713 1562 τῆς
1760 1493 1971 1564 ἐμπρο-

396 1580 543 1647 σθεν,
577 1583 605 1635 ό
634 1581 691 1634 δὲ
714 1579 803 1634 διά
842 1581 941 1651 τῆς
972 1581 1165 1650 ἑτέρας
1196 1581 1400 1647 σκάλας
1429 1584 1737 1665 ἀνέρχεται.
1774 1586 1970 1654 Ἀναγ-

393 1674 549 1727 καῖον
592 1671 649 1725 δέ
676 1674 791 1726 ὲστι
826 1672 950 1736 τοὺς
1000 1672 1327 1743 λεγομένους
1356 1674 1735 1738 δεσποτάτους
1765 1675 1858 1728 καὶ
1888 1676 1969 1739 είς

392 1765 659 1837 φλασκεῖα
689 1764 832 1836 ὕδωρ
856 1765 1144 1837 βαστάζειν
1164 1764 1251 1819 διὰ
1280 1766 1406 1831 τοὺς
1446 1766 1705 1831 πολλάκις
1748 1764 1967 1819 ὶιποθυ-
2000 1751 2048 1812 Β

392 1857 628 1928 μοῦντας
657 1855 1020 1929 τραυματίας.

459 1948 551 2003 νδ’.
604 1949 694 2001 Ἐν
723 1947 781 2001 δὲ
817 1947 893 2019 τῷ
945 1948 1123 2020 καιρῷ
1178 1950 1278 2021 τῆς
1326 1948 1508 2021 μάχης
1568 1946 1854 2020 φλάμουλα
1898 1950 1968 2005 τὰ

390 2039 653 2111 κοντάρια
686 2038 764 2110 μὴ
787 2038 1087 2109 ἐχέτωσαν.
1114 2040 1278 2094 Ὅσον
1312 2041 1421 2112 γάρ
1462 2025 1603 2093 εἰσιν
1636 2043 1715 2105 είς
1758 2040 1966 2094 ἐπίδει-

391 2131 471 2197 ξιν
497 2130 594 2184 καὶ
624 2131 835 2201 κόμπον
889 2131 1164 2199 ἀναγκαῖα
1224 2132 1295 2186 τὰ
1342 2132 1652 2203 φλάμουλα,
1712 2132 1966 2188 τοσοῦτόν

391 2225 530 2275 εἰσιν
554 2222 615 2276 ὲν
644 2222 764 2283 ταῖς
800 2222 1005 2291 μάχαις
1056 2221 1323 2293 ἄχρηστα.
1390 2223 1514 2277 Ἐάν
1558 2225 1666 2296 γάρ
1716 2241 1799 2288 τις
1838 2225 1965 2296 βού-

387 2312 547 2385 ληται
586 2312 857 2383 εὐκαίρως
906 2310 1083 2382 ῥίψαι,
1114 2313 1147 2383 ἣ
1182 2312 1482 2378 ἀκοντίσαι,
1511 2313 1543 2383 ἢ
1594 2315 1868 2382 τοξεῦσαι,
1902 2316 1962 2370 οὐ

388 2405 667 2475 συγχωρεῖ
695 2402 755 2455 τὸ
778 2401 1089 2471 φλάμουλον
1150 2402 1421 2472 εὐστόχως
1450 2404 1529 2465 είς
1564 2402 1743 2474 ὀρθὸν,
1799 2404 1832 2474 ἢ
1885 2406 1964 2471 είς
2017 2408 2028 2418 “

390 2495 563 2567 μῆκος
590 2493 882 2565 βάλλεσθαι
909 2493 971 2546 τὸ
993 2494 1343 2565 ῥιπτόμενον.
1391 2493 1515 2547 Ἐάν
1548 2494 1604 2547 δὲ
1637 2496 1730 2547 καὶ
1753 2494 1965 2561 τοξείας

387 2584 576 2655 καιρὸς
603 2584 857 2654 γένηται,
890 2581 1290 2653 παρεμποδίζει
1317 2585 1429 2648 τοῖς
1462 2583 1683 2637 ὄπισθεν
1707 2584 1959 2648 τοξεύου-

389 2693 491 2742 σιν,
517 2674 655 2730 ἀλλὰ
682 2677 776 2728 καὶ
799 2674 879 2738 είς
905 2674 1003 2737 τὰς
1029 2674 1315 2741 ὲξελασίας
1353 2676 1448 2729 καὶ
1481 2676 1560 2738 εἰς
1581 2674 1678 2738 τὰς
1701 2677 1961 2746 ἐπιστροο

386 2768 492 2838 φὰς
513 2768 604 2820 καί
630 2767 707 2831 είς
734 2767 830 2828 τὰς
862 2765 1230 2835 άντιστροφὰς
1260 2766 1359 2818 οὐκ
1400 2764 1581 2835 ὀλίγον
1626 2766 1963 2837 ἑμποδισμὸν

383 2859 645 2912 ποιοῦσιν.
668 2858 777 2911 Καὶ
805 2857 893 2912 διὰ
912 2857 1069 2912 τοῦτο
1096 2861 1152 2910 ἐν
1179 2858 1300 2920 ταῖς
1325 2856 1521 2928 μάχαις
1542 2854 1711 2911 ταῦτα
1741 2874 1845 2930 χρη
1856 2875 1963 2929 μα-

382 2949 550 3015 τίζειν
569 2950 629 3004 οὐ
667 2951 884 3021 πρέπει.

455 3134 545 3182 νε’.
589 3124 749 3181 Ἀλλά
778 3125 865 3179 διὰ
898 3124 996 3197 μὲν
1020 3124 1109 3177 τὸν
1140 3123 1352 3194 κόμπον
1405 3125 1504 3196 τῆς
1562 3119 1945 3194 παρατάξεως,

383 3218 523 3275 ὥστε
550 3218 838 3291 φαίνεσθαι
876 3216 1117 3289 μήκοθεν
1146 3217 1287 3288 ἔχειν
1312 3214 1413 3287 μὲν
1444 3213 1511 3267 τὰ
1542 3213 1828 3283 φλάμουλα
1871 3214 1957 3276 είς

386 3315 451 3365 τὰ
480 3311 764 3383 κοντάρια,
804 3309 910 3372 ἕως
945 3309 1009 3363 ἂν
1042 3310 1089 3361 οί
1120 3308 1304 3380 ἐχθροὶ
1335 3306 1614 3377 φθάσωσιν
1636 3306 1740 3359 ἀπὸ
1781 3304 1957 3377 μιλίου

383 3405 503 3468 ἑνός
535 3420 549 3435 ⁸
584 3404 691 3457 ἀπὸ
732 3402 852 3456 τότε
898 3401 955 3455 δὲ
1016 3402 1106 3454 ἵνα
1156 3400 1518 3453 συστέλλωσιν
1568 3399 1708 3452 αὐτὰ
1753 3398 1848 3451 καὶ
1899 3398 1959 3449 ὲν

383 3498 493 3562 τοῖς
522 3494 806 3567 θηκαρίοις
827 3492 1007 3547 αὐτῶν
1038 3489 1388 3544 άποτιθῶσιν.

453 3585 560 3653 νς’.
594 3586 740 3658 Πρὸς
794 3584 1008 3647 τούτοις
1055 3581 1350 3651 κελεύομέν
1401 3596 1503 3645 σοι,
1557 3580 1645 3633 ἵνα
1694 3578 1801 3633 ἀπὸ
1851 3576 1963 3629 τῶν

387 3678 623 3751 ἰσχυρῶν
653 3677 746 3731 καὶ
767 3675 1009 3730 δυνατῶν
1040 3672 1336 3743 ταγμάτων
1352 3670 1473 3724 καθ’
1488 3670 1719 3724 ἕκαστον
1747 3670 1955 3738 τάγμα,

383 3770 491 3823 ἀπὸ
517 3769 575 3823 δὲ
595 3768 705 3822 τῶν
732 3765 910 3821 ἄλλων
938 3762 1341 3833 ὑποδεεστέρων
1377 3760 1500 3813 καθ’
1530 3761 1770 3830 ἑκάστην
1802 3759 1960 3831 τούρ-

387 3879 497 3931 μαν
534 3858 939 3929 σκουλκάτορας
1021 3855 1190 3927 ἤγουν
1246 3852 1594 3924 βιγλεύοντας
1654 3850 1958 3921 ἀφορίσεις,

383 3947 479 4002 δύο
508 3946 606 4018 μὲν
634 3945 770 4000 κατὰ
799 3946 988 4016 τάγμα
1015 3983 1030 4009 ,
1066 3941 1211 3997 ὀκτὼ
1231 3941 1288 3996 δὲ
1319 3944 1352 4013 ἦ
1379 3940 1587 3995 δώδεκα
1621 3942 1761 3994 κατὰ
1788 3940 1951 4011 τούρ-

388 4056 495 4110 μαν
530 4038 845 4110 ἀγρύπνους
903 4037 998 4091 καὶ
1047 4034 1504 4105 διεγηγερμένους
1556 4033 1651 4085 καὶ
1704 4032 1957 4103 γοργοὺς,

383 4130 575 4194 οἵτινες
593 4128 687 4182 καὶ
712 4127 818 4198 πρὸ
844 4125 938 4180 τοῦ
965 4125 1202 4195 πολέμου
1224 4125 1319 4177 καὶ⁸
1342 4126 1399 4177 ἑν
1427 4122 1575 4192 αὐτῷ
1606 4121 1685 4193 τῷ
1732 4121 1957 4191 πολέμῳ

382 4224 440 4275 ὲν
470 4225 582 4285 τοῖς
612 4220 760 4284 ίδίοις
810 4218 989 4273 αὐτῶν
1022 4217 1250 4290 μέρεσιν
1303 4217 1385 4281 είς
1412 4214 1507 4278 οὒς
1546 4215 1641 4268 καὶ
1670 4215 1958 4267 τάσσονται

381 4313 582 4375 τόπους
636 4310 746 4364 ἀπὸ
792 4308 1178 4379 διαστημάτων
1242 4305 1596 4360 σκουλκεύειν
1657 4304 1960 4373 ὀφείλουσιν

2083 1142 2290 1203 partem
2316 1133 2461 1189 sellae
2491 1133 2749 1197 habeant,
2780 1148 2944 1186 unam
2974 1131 3039 1185 ad
3068 1133 3667 1202 emproStbocurbium,

2083 1224 2135 1278 id
2174 1235 2250 1279 est
2293 1226 2584 1281 autileuam
2610 1268 2625 1291 ,
2668 1226 2895 1280 alteram
2938 1225 3006 1279 ad
3054 1224 3559 1293 episthocurhium,
3615 1226 3667 1280 id

2080 1324 2162 1371 est
2211 1316 2533 1387 postilenam
2559 1356 2574 1379 .
2612 1329 2671 1373 ut
2696 1317 2923 1387 quando
2952 1317 3004 1370 hi
3036 1318 3144 1371 duo
3170 1332 3371 1387 equum
3399 1333 3666 1375 conscen-

2074 1405 2188 1461 suri
2227 1418 2385 1473 sunt,
2417 1408 2556 1463 alter
2587 1408 2653 1462 ad
2686 1408 2888 1463 scalam
2923 1409 3179 1474 anticam,
3216 1410 3353 1462 alter
3390 1410 3455 1462 ad
3491 1409 3667 1478 posti-

2071 1512 2188 1552 cam
2223 1494 2570 1555 conscendat.
2619 1497 2821 1554 Ferant
2864 1507 3045 1553 autem
3089 1499 3355 1571 despotati
3387 1516 3570 1557 secum
3607 1500 3663 1555 in

2073 1591 2335 1660 phlaseiis
2365 1607 2587 1662 aquam,
2624 1593 2749 1662 quia
2782 1607 2924 1661 saepe
2948 1590 3178 1647 sauciati
3213 1593 3398 1651 animo
3426 1594 3661 1650 deﬁcere

2072 1682 2270 1737 solent.

2140 1952 2230 2009 54.
2260 1952 2394 2008 Belli
2435 1951 2609 2023 ipsius
2664 1962 2928 2023 tempore,
2973 1953 3143 2009 hastae
3178 1968 3244 2008 ne
3282 1952 3521 2007 habeant
3554 1953 3654 2008 lla-

2068 2047 2249 2115 mula;
2296 2048 2487 2117 inquo
2530 2046 2675 2102 enim
2723 2046 2789 2101 ad
2836 2048 3259 2101 ostentationem
3300 2056 3351 2102 et
3404 2062 3657 2117 pompam

2068 2140 2382 2196 necessaria
2411 2150 2561 2206 sunt,
2611 2140 2665 2193 in
2695 2153 2760 2194 co
2799 2139 2865 2193 ad
2917 2138 3116 2193 bellant
3169 2138 3468 2207 gerendum
3532 2140 3658 2193 inu-

2068 2235 2180 2290 tilia
2262 2241 2412 2290 sunt.
2478 2230 2534 2286 Si
2600 2232 2746 2286 enim
2815 2231 2939 2302 quis
3012 2240 3319 2302 opportune
3383 2231 3658 2300 conjicere

2066 2328 2319 2391 voluerit,
2381 2325 2495 2381 sive
2556 2324 2827 2394 jaculum,
2875 2323 2989 2377 sive
3059 2324 3338 2394 sagittam,
3373 2324 3654 2380 ﬂatnulum

2066 2433 2266 2490 magno
2296 2417 2686 2487 impedimento
2717 2416 2782 2469 ad
2821 2416 2871 2468 id
2917 2415 3039 2480 erit,
3097 2423 3157 2470 ut
3209 2416 3294 2470 vel
3354 2431 3524 2487 prope
3585 2416 3652 2470 ad

2064 2525 2315 2579 seupum,
2365 2507 2448 2562 vel
2482 2508 2547 2562 ad
2567 2507 2803 2576 spatium
2846 2505 3067 2578 aliquod
3118 2507 3338 2577 Iungunt
3393 2508 3653 2577 proiicia-

2067 2610 2174 2654 tur.
2208 2599 2304 2653 Sin
2357 2599 2680 2669 sagittarum
2740 2597 3116 2666 jacicndarum
3182 2608 3398 2669 tempus
3463 2600 3653 2667 fuerit,

2063 2690 2285 2745 ﬂamula
2319 2688 2611 2743 admodum
2650 2687 3006 2742 rctardabunt
3069 2690 3383 2759 sagittarios
3436 2706 3465 2745 a
3501 2701 3654 2762 tergo

2064 2783 2292 2853 sagittas
2326 2780 2662 2835 emittentes.
2693 2778 2774 2833 Ad
2813 2779 3168 2833 excursiones
3198 2790 3379 2836 autem
3436 2797 3652 2846 omnes,

2062 2874 2476 2939 conversiones,
2527 2870 2896 2937 reversiones,
2977 2870 3122 2926 haud
3188 2888 3356 2942 parvo
3418 2874 3651 2942 impedi-

2063 2977 2249 3023 mento
2302 2974 2461 3020 sunt°
2504 2963 2687 3033 itaque
2736 2963 2789 3016 itt
2824 2964 2965 3018 bello
3031 2964 3261 3019 minime
3318 2964 3426 3020 illis
3493 2973 3655 3019 uteno

2064 3062 2192 3117 dum
2228 3066 2333 3111 est.

2125 3150 2216 3206 55.
2244 3147 2326 3202 Ad
2351 3145 2698 3217 splendorem
2746 3145 2883 3199 aciei
2953 3144 3374 3209 honestandum,
3412 3154 3470 3202 ut
3509 3148 3651 3201 emi-

2058 3256 2164 3296 nus
2195 3239 2263 3293 ab
2291 3236 2546 3292 hostibus
2578 3234 2795 3289 ﬂamula
2828 3234 2879 3286 in
2941 3234 3112 3288 hastis
3149 3246 3471 3304 cernantur,
3517 3238 3647 3292 dunt

2057 3332 2251 3386 hostes
2279 3329 2421 3382 intra
2473 3340 2640 3379 unum
2670 3322 2901 3376 milliare
2929 3332 3077 3386 sunt,
3110 3323 3293 3378 vah-nt
3328 3343 3342 3392 ;
3378 3335 3490 3380 tum
3519 3342 3649 3382 vero

2055 3423 2338 3478 retrahant
2360 3435 2448 3485 ea,
2483 3427 2537 3473 et
2564 3417 2618 3470 in
2649 3414 2822 3468 thecis
2853 3412 2970 3468 suis
3000 3426 3289 3484 reponant.

2126 3603 2216 3659 56.
2252 3602 2332 3655 Ad
2365 3600 2482 3654 htcc
2530 3595 2902 3668 prmcipimus,
2938 3606 2997 3652 ut
3029 3597 3072 3651 si
3105 3595 3274 3652 foztes
3308 3613 3373 3652 ac
3408 3608 3647 3652 strenua:

2059 3694 2265 3750 fuerint
2303 3693 2581 3757 cohortes,
2617 3690 2851 3761 singulis
2880 3688 3202 3744 cohortibus
3253 3689 3386 3752 duo,
3426 3691 3509 3745 sin
3538 3691 3643 3743 mi-

2057 3800 2183 3851 nus,
2216 3799 2283 3839 ex
2322 3781 2555 3851 singulis
2577 3780 2774 3835 turmis
2804 3789 2951 3848 octo,
2987 3788 3083 3833 aut
3111 3780 3399 3835 duodecim
3429 3782 3645 3835 seulca-

2061 3884 2245 3939 tores,
2276 3882 2331 3927 et
2362 3873 2698 3943 biglevontcs
2720 3911 2734 3934 ,
2779 3888 2920 3941 quos
2976 3872 3347 3942 speculatores
3382 3881 3437 3927 et
3480 3888 3648 3929 etcu-

2059 3969 2180 4023 hias
2208 3950 2566 4037 appellamus,
2626 3964 2934 4035 vigilantes,
2969 3965 3249 4031 industrii,
3306 3975 3487 4020 truces
3548 3966 3647 4019 eli-

2060 4058 2391 4131 gantur,qui
2431 4064 2559 4111 ante
2588 4056 2810 4121 bellum,
2845 4065 2899 4111 et
2928 4056 3046 4126 ipso
3086 4057 3137 4110 in
3199 4057 3340 4111 bello
3366 4074 3539 4128 usque
3576 4058 3642 4112 ad

2062 4152 2231 4208 totius
2263 4151 2389 4206 belli
2414 4150 2643 4215 exitum,
2677 4149 2745 4205 iis
2780 4150 2833 4203 in
2867 4150 3025 4228 locis,
3060 4150 3113 4204 in
3165 4150 3368 4228 quibus
3425 4151 3644 4205 eminus

2060 4243 2435 4307 collocantur,
2468 4241 2757 4313 diligenter
2797 4241 2915 4295 suis
2942 4224 3168 4294 'turmis
3220 4249 3273 4294 et
3299 4224 3643 4295 cohortibus

2063 4334 2421 4405 prospiciam,
2457 4341 2511 4387 et
2535 4332 2909 4402 speculentur,
2951 4346 3018 4383 ne
3051 4347 3158 4400 qua
3192 4346 3259 4386 ex
3295 4331 3511 4386 insidiis
3554 4330 3639 4386 itt-

382 4402 487 4467 ἕως
516 4402 610 4473 τῆς
628 4399 842 4463 τελείας
866 4397 961 4451 τοῦ
992 4396 1231 4467 πολέμου
1256 4396 1560 4459 ἐκϐάσεως,
1584 4393 1673 4447 ἴνα
1727 4394 1802 4464 μὴ
1848 4393 1956 4447 άπὸ

2064 4424 2245 4479 cursio
2269 4430 2363 4481 aut
2386 4422 2542 4477 dolus
2561 4422 2799 4476 hostium
2841 4419 3183 4475 obversetur.

382 4491 776 4563 ἑγκρύμματος
834 4485 1106 4559 ἐπιδρομὴ
1161 4485 1195 4557 ἢ
1256 4486 1407 4550 δόλος
1453 4486 1636 4549 αὐτοῖς
1689 4485 1792 4538 ὑπὸ
1847 4486 1955 4540 τῶν

382 4582 597 4654 ἐχθρῶν
623 4583 935 4652 γενήσεται.

452 4674 553 4738 νίζ’.
596 4676 706 4729 Καὶ
750 4675 878 4737 τοὺς
922 4672 1354 4745 μινσουράτορας
1383 4670 1441 4725 δὲ
1470 4671 1754 4735 τοσούτους
1815 4665 1954 4726 εἶναι

381 4766 504 4827 τοὺς
529 4764 843 4834 ὀφείλοντας
866 4762 1297 4836 προλαμϐάνειν,
1327 4764 1421 4816 καὶ
1468 4762 1536 4817 τὰ
1569 4763 1808 4817 άπλικτα
1855 4780 1954 4835 με·

381 4853 554 4920 τρεῖν,
586 4853 677 4905 καὶ
714 4853 814 4917 τὰς
879 4853 1036 4917 ὁδοὺς
1094 4851 1511 4924 προγινώσκειν,
1566 4854 1659 4908 καὶ⁸
1703 4853 1842 4925 πρὸς
1884 4853 1954 4906 τά

381 4941 619 4997 άπλικτα
657 4943 749 4997 τὸν
776 4944 1008 5014 στρατὸν
1051 4944 1286 5013 ὁδηγεῖν.
1320 4944 1431 4997 Καὶ
1455 4945 1583 5016 περὶ
1620 4945 1719 5015 μὲν
1751 4943 1954 4998 τούτων

381 5035 623 5091 τοσαῦτα
648 5035 908 5107 είρήσθω.

453 5134 555 5199 νη¹.
585 5129 705 5199 Χρὴ
725 5128 783 5181 δὲ
805 5127 905 5198 τὴν
938 5126 1038 5198 σὴν
1067 5126 1385 5199 ἑνδοξὸτητα
1408 5128 1481 5181 τά
1512 5128 1611 5199 μὲν
1662 5127 1764 5197 τῆς
1806 5128 1954 5200 πρώ-

381 5236 481 5292 της
521 5221 880 5293 παρατάξεως
926 5223 1064 5293 μέρη
1112 5222 1572 5292 παρασκευάζειν,
1621 5220 1762 5274 ὧσεε
1824 5224 1955 5293 πλη-

384 5314 499 5367 σίον
520 5313 764 5383 ἀλλήλων
783 5316 1106 5383 περιπατεῖν
1132 5314 1207 5385 μὴ
1237 5315 1345 5367 ἀπὸ
1369 5313 1565 5368 πολλοῦ
1587 5314 1953 5385 διαστήματος

382 5406 503 5477 ἢτοι
522 5406 920 5477 διαλείμματος
944 5406 1005 5458 τδ
1041 5406 1246 5477 μεταξὺ
1280 5407 1460 5459 αὐτῶν
1498 5406 1606 5459 ἀπὸ
1647 5406 1844 5478 μέρους
1873 5406 1953 5471 είς

386 5499 573 5569 μέρος,
614 5498 729 5553 ἀλλ’
766 5499 889 5551 ὅσον
916 5498 992 5569 μὴ
1055 5498 1441 5571 συντρίϐεσθαι
1477 5500 1536 5552 ἑν
1582 5498 1663 5568 τῷ
1720 5515 1954 5570 περιπα-

382 5595 515 5657 τεῖν,
537 5592 671 5663 μηδὲ
691 5591 1084 5663 διακεκριμένα
1132 5592 1228 5647 ἀπ’
1256 5591 1502 5662 ἀλλήλων
1536 5590 1844 5660 φαίνεσθαι.

454 5683 556 5742 νθ’.
587 5686 725 5748 Τοὺς
781 5683 837 5737 δὲ
884 5683 1334 5753 πλαγιοφύλακας
1382 5685 1545 5756 μέχρι
1577 5683 1678 5752 μὲν
1732 5684 1823 5738 τοῦ
1857 5687 1952 5754 ἑγ-

387 5776 561 5852 γίζειν
580 5776 707 5843 τους
734 5775 964 5849 ἐχθροὺς
1002 5777 1172 5846 ἐγγὺς
1200 5773 1362 5846 εἶναι,
1396 5778 1522 5831 ὅταν
1554 5776 1611 5830 δὲ
1665 5775 1952 5845 ἐγγίζωσιν

2134 4691 2652 4750 57.Μοιιειιιιιῑοισεε
2712 4702 2893 4748 autem
2937 4692 3163 4747 totidem
3218 4706 3342 4749 esse
3401 4700 3637 4763 Oportet,

2075 4783 2165 4854 qui
2212 4783 2431 4855 aplicta,
2486 4783 2650 4839 idest
2696 4792 2875 4839 castra
2931 4782 3228 4853 anticipare
3287 4791 3342 4838 et
3398 4783 3639 4838 dimetiri

2063 4874 2282 4941 debent,
2317 4874 2543 4946 viasque
2574 4875 2884 4948 providere,
2916 4884 3078 4944 atque
3121 4874 3188 4928 ad
3218 4882 3398 4927 castra
3428 4874 3641 4932 exerci-

2041 4964 2177 5028 tum
2202 4969 2424 5024 ducere.
2480 4970 2559 5024 Ac
2620 4968 2686 5022 de
2719 4967 2785 5023 iis
2817 4967 2934 5021 haec
2980 4980 3012 5021 a
3043 4963 3200 5020 nobis
3258 4964 3402 5019 dicta
3447 4975 3635 5020 sunto.

2134 5148 2222 5203 58.
2244 5146 2485 5202 Primam
2514 5146 2688 5200 aciem
2722 5144 2803 5199 sic
2840 5142 3081 5214 dignitas
3133 5153 3221 5199 tua
3279 5144 3538 5211 instruet,
3577 5153 3634 5200 ιιι

2062 5251 2230 5306 prope
2259 5251 2320 5292 se
2349 5244 2539 5290 mutuo
2567 5232 2870 5299 ambulent,
2911 5246 3089 5303 neque
3121 5232 3340 5303 longius
3374 5231 3636 5287 interval-

2062 5328 2175 5381 lum
2207 5335 2304 5382 aut
2331 5326 2567 5396 spatium
2612 5324 2960 5394 interiectum
2996 5326 3087 5391 sit,
3139 5340 3302 5396 quam
3346 5333 3406 5379 ut
3454 5337 3524 5380 ne
3574 5338 3634 5379 se

2060 5428 2251 5475 mutuo
2279 5419 2333 5473 in
2370 5417 2564 5473 itinere
2596 5417 2860 5489 amigant,
2894 5432 2961 5474 ne
2985 5417 3148 5472 nimis
3179 5432 3211 5493 ιι
3234 5431 3295 5473 se
3340 5424 3524 5487 partes
3549 5415 3635 5471 di-

2059 5519 2204 5566 stare
2238 5509 2544 5565 videantur.

2129 5689 2215 5744 59.
2256 5685 2510 5742 Laterani
2554 5685 2858 5756 usquedum
2906 5684 3089 5740 hostes
3130 5697 3301 5755 prope
3350 5680 3627 5741 aﬂ'ucrint,

2063 5783 2201 5838 aciei
2236 5779 2461 5851 reliqua:
2521 5777 2761 5850 adjuncti
2818 5777 2964 5833 sint:
3017 5785 3130 5833 tum
3184 5784 3365 5831 autem
3423 5772 3631 5842 say'ttz:
