4052 6216
412 263 554 368 ἐτι

1708 302 1985 362 Ι.ΕΟΝ15
2015 304 2480 369 PHILOSOPHI

3593 312 3700 375 824

434 408 792 478 uniusjaetu,
836 420 1015 477 neque
1048 406 1170 475 plus
1216 418 1304 470 eo,
1369 406 1437 461 ad
1486 405 1674 460 laevam
1740 406 2020 476 recedant,

2134 410 2200 474 ὡς
2222 410 2330 464 ἀπὸ
2370 412 2749 483 σαγιττοϐόλου
2789 412 2883 471 τοῦ
2935 412 3228 487 ἀριστεροῦ
3261 416 3461 488 μέρους
3493 436 3703 492 παρεκ·

441 502 603 571 idque
664 498 1008 569 potissimum
1075 497 1297 564 quando
1353 494 1698 566 longitudine
1776 497 2017 552 hostium

437 592 582 646 acies
615 599 854 644 nostram
896 587 1066 642 aciem
1092 594 1333 656 superat,
1356 585 1450 656 qui
1477 585 1544 641 ad
1586 586 2022 643 circumcluden-

436 680 537 734 dos
566 679 747 732 hostes
788 675 1039 730 collocati
1083 683 1233 742 sunt,
1280 674 1347 729 ad
1395 675 1642 730 dextram
1684 688 1890 746 partem
1941 680 2021 732 fa-

447 771 616 827 ciant.

516 858 603 911 60.
626 855 840 918 Partes,
864 854 979 909 sive
1006 864 1214 909 turmas
1242 856 1495 911 secunda:
1517 855 1651 911 aciei
1700 857 1764 911 ad
1826 856 2019 925 latera,

439 951 493 1006 id
527 960 630 1013 est,
665 949 888 1017 oblique
915 947 1078 1003 unius
1109 947 1319 1018 sagitta:
1346 949 1504 1018 iactae
1535 949 1819 1005 intervallo
1851 950 2025 1005 collo-

437 1042 590 1097 cabis
620 1058 634 1107 ;
661 1057 691 1095 a
717 1050 871 1112 tergo
905 1050 1117 1104 autem,
1155 1041 1269 1095 sive
1304 1050 1426 1112 post
1456 1044 1687 1113 primam
1706 1045 1876 1098 aciem
1904 1060 2023 1098 am-

437 1135 643 1190 bulent.
676 1131 860 1203 Itaque
891 1131 1134 1203 quandiu
1176 1132 1361 1188 hostes
1390 1134 1551 1205 longe
1586 1150 1617 1188 a
1673 1133 1795 1189 loco
1846 1134 2023 1204 praelii

438 1228 505 1283 ad
539 1242 709 1280 unum
752 1224 1007 1291 milliare,
1040 1234 1136 1279 aut
1176 1240 1241 1279 eo
1271 1225 1395 1295 plus
1423 1226 1647 1289 absunt,
1704 1236 1813 1281 tam
1864 1226 2025 1297 longe

439 1326 760 1390 sequantur,
789 1326 850 1372 ut
914 1318 984 1372 ab
1049 1318 1301 1374 hostibus
1348 1319 1501 1373 cerni
1559 1320 1879 1390 advertique
1928 1335 2025 1373 ne-

437 1423 663 1485 queant,
694 1428 761 1467 ne
784 1412 829 1468 si
857 1412 1234 1478 advertantur,
1294 1412 1508 1481 aliquas
1572 1413 1800 1468 insidias
1868 1413 2026 1468 moli-

436 1509 724 1573 tiouesque
755 1504 1018 1559 adversus
1047 1519 1141 1558 eas
1198 1504 1385 1559 hostes
1435 1505 1735 1561 instruant.
1778 1504 1883 1560 Ubi
1916 1521 2021 1560 an-

438 1610 547 1655 tem
585 1598 768 1653 hostes
794 1596 910 1666 jam
940 1610 1108 1666 prope
1139 1594 1364 1662 fuerint,
1406 1602 1460 1651 et
1505 1605 1817 1666 emergente
1862 1606 2027 1667 atque

439 1691 492 1744 in
521 1697 875 1760 conspectum
904 1688 1143 1743 secunda
1189 1687 1303 1757 jam
1352 1686 1469 1742 acie
1514 1688 1866 1751 adventante,
1924 1687 2028 1740 mi-

2131 502 2362 570 ϐαίνειν,
2397 507 2490 559 καὶ
2550 509 2627 578 μὴ
2661 506 2846 575 πλέον,
2881 507 2976 562 ἐάν
3027 506 3264 579 μάλιστα
3306 509 3566 581 ὑπερέχει
3623 514 3706 577 είς

2128 595 2305 665 μῆκος
2338 598 2499 668 ἡτῶν
2538 599 2797 655 ἐναντίων
2842 600 3169 669 παράταξις.
3215 602 3447 670 Ὁμοίως
3489 603 3547 657 δὲ
3609 606 3711 660 καὶ

2124 686 2253 749 τοὺς
2280 688 2723 758 ὑπερκεράστας,
2755 691 2923 759 ἤγουν
2975 690 3100 755 τοὺς
3154 692 3383 747 κυκλοῦν
3431 695 3558 757 τοὺς
3601 712 3707 749 πο-

2123 775 2345 847 λεμίους
2380 779 2719 848 ὀφείλοντας,
2757 781 2941 847 τάξεις
2965 781 3021 836 δὲ
3072 783 3153 847 είς
3189 782 3249 835 τὸ
3286 782 3459 847 δεξιὸν
3506 784 3700 855 μέρος.

2192 866 2256 935 ξ’.
2289 870 2370 924 Td
2409 871 2466 923 δὲ
2520 872 2661 943 μέρη
2697 873 2797 941 τῆς
2838 873 3097 944 δευτέρας
3159 873 3523 945 παρατάξεως
3563 879 3711 931 κατὰ

2128 957 2228 1029 μὲν
2259 959 2501 1031 πλευράν
2524 958 2770 1033 ἀλλήλων
2804 963 2926 1034 ἦτοι
2971 964 3051 1026 εἰς
3110 962 3179 1016 τά
3205 963 3413 1031 πλάγια
3446 964 3555 1017 ἀπὸ
3585 966 3715 1029 ἐνὸς

2127 1051 2517 1118 σαγιττοϐόλου
2556 1052 2739 1117 τάξεις
2762 1069 2776 1083 ·
2832 1052 2977 1113 ,κατά
3028 1052 3196 1123 οὐρὰν
3224 1052 3304 1116 δὲ,
3336 1054 3506 1125 ήγουν
3560 1055 3711 1108 κατά

2126 1142 2377 1213 ὄπισθεν,
2411 1144 2510 1214 τῆς
2541 1145 2766 1214 πρώτης
2792 1144 3149 1214 παρατάξεως
3180 1146 3529 1215 περιπατεῖνσ
3561 1144 3709 1199 ὥστε

2129 1233 2291 1306 μέχρι
2359 1234 2459 1305 μὲν
2509 1236 2557 1288 oi
2599 1234 2849 1305 πολέμιοι
2909 1234 3125 1305 μακρὰν
3169 1235 3542 1307 ἀφεστήκασιν
3595 1237 3721 1291 ἀπὸ.

2130 1326 2252 1390 ἐνὸς
2282 1325 2316 1396 ἢ
2345 1326 2442 1381 καὶ
2474 1326 2634 1382 πλέον
2670 1326 2843 1397 μιλίου
2877 1325 3011 1397 πρὸς
3036 1326 3140 1397 τὴν
3181 1324 3274 1379 τοῦ
3332 1327 3501 1379 τόπου
3534 1327 3717 1392 θέσιν,

2126 1417 2251 1471 ὅσον
2298 1417 2523 1472 δυνατόν
2571 1417 2720 1471 ἐστιν
2752 1418 2975 1487 ἀφανῶς
3021 1417 3406 1471 ἐπακολουθεῖν
3432 1419 3511 1483 εις
3538 1419 3600 1472 τὸ
3632 1420 3717 1490 μὴ

2128 1508 2466 1579 καθορᾶσθαι
2491 1508 2727 1580 μήκοθεν
2746 1508 2950 1581 ταύτην
2976 1511 3088 1573 τοῖς
3117 1509 3396 1578 πολεμίοις
3424 1511 3521 1563 καὶ
3564 1511 3669 1581 μεθ
3686 1541 3703 1551 -

2128 1598 2414 1653 οδεύεσθαι
2486 1599 2519 1671 ἦ
2567 1598 3016 1653 ἐπιϐουλεύεσθαι
3066 1600 3160 1652 ὑπ’
3194 1598 3397 1654 αὐτῶν.
3445 1601 3616 1653 Ὅταν
3652 1601 3717 1655 δὲ

2128 1690 2179 1744 oi
2210 1690 2398 1762 ἐχθροὶ
2448 1688 2781 1759 ἐγγίζουσιν,
2831 1695 2926 1745 καὶ
2971 1690 3161 1743 λοιπὸν
3219 1688 3553 1759 φαινομένης
3609 1691 3715 1761 τῆς

438 1782 585 1835 nime
607 1794 876 1851 apparare
906 1778 1118 1848 aliquas
1162 1779 1349 1848 copias
1382 1776 1678 1833 adversum
1713 1792 1809 1832 eas
1839 1778 2023 1833 hostes

2134 1781 2387 1853 δευτέρας
2421 1781 2482 1834 οὺ
2515 1780 2815 1851 φθάζουσιν
2848 1778 3220 1852 ἁρμόσασθαι,
3252 1779 3376 1832 τότε
3418 1779 3711 1848 ἐπιφαίνε-

445 1871 752 1943 potuerint,
790 1869 856 1924 ad
885 1869 1096 1939 sagittae
1126 1879 1323 1938 quater
1345 1868 1507 1938 jactae
1562 1867 1909 1922 intervallum
1935 1883 2025 1922 se-

439 1967 617 2022 cunda
649 1964 796 2020 acies
848 1962 1095 2026 accedat,
1127 1970 1181 2016 et
1225 1962 1460 2031 primam
1513 1960 1688 2015 aciem
1731 1959 2024 2030 diligenter

443 2060 722 2113 observet.
746 2052 935 2125 Neque
965 2055 1110 2110 enim
1135 2054 1327 2108 abesse
1351 2052 1509 2120 longe
1531 2051 1706 2120 ipsius
1742 2050 2026 2106 conﬂicta-

442 2150 607 2204 tionis
644 2158 887 2218 tempore
932 2146 1079 2200 acies
1112 2144 1295 2210 debet,
1334 2153 1386 2197 ut
1446 2159 1515 2198 ne
1570 2143 1719 2198 omni
1768 2142 2025 2213 prtesidio

439 2242 758 2296 destitutam
810 2254 930 2294 eam
1006 2236 1303 2307 relinquat,
1379 2249 1557 2305 neque
1611 2249 1805 2289 rursus
1861 2234 2026 2289 nimis

442 2345 610 2401 prope
634 2327 877 2392 accedat,
911 2343 979 2384 ne
1000 2327 1223 2398 pulvere
1252 2326 1491 2380 maximo
1515 2324 1778 2391 excitato,
1800 2339 1865 2379 ea
1900 2340 2025 2380 eum

439 2424 615 2494 prima
644 2424 762 2478 acie
795 2421 1056 2491 permisla
1101 2418 1196 2484 sit,
1228 2428 1283 2473 et
1306 2426 1604 2488 antequam
1666 2417 2026 2473 discesserint

440 2513 627 2567 hostes
658 2510 869 2581 insequi
894 2511 1122 2580 primam
1154 2508 1325 2564 aciem
1366 2517 1607 2579 putetur.

513 2690 603 2743 6|.
639 2689 926 2753 Cohortes,
969 2702 1090 2757 qua:
1122 2695 1248 2756 post
1285 2702 1411 2742 oras
1460 2687 1711 2741 secundm
1742 2688 1877 2742 aciei
1902 2688 2030 2743 hinc

443 2793 608 2850 atque
640 2780 794 2834 illinc
824 2780 1100 2848 utrimque
1148 2778 1421 2844 locantur,
1456 2778 1617 2833 unius
1647 2779 1855 2848 sagittae
1879 2780 2028 2851 iactu

443 2889 474 2926 a
503 2871 716 2927 caeteris
738 2869 1160 2934 constituantur,
1184 2877 1349 2940 atque
1371 2870 1443 2924 ita
1463 2878 1782 2941 sequantur.

2132 1874 2259 1926 σθαι
2289 1872 2480 1939 αὐτὴν,
2506 1872 2601 1925 καὶ
2635 1872 2741 1936 ἕως
2778 1871 3062 1939 τεσσάρων
3120 1869 3519 1939 σαγιττοϐὀλων
3552 1871 3714 1939 ἐγγί-

2132 1962 2245 2031 ζειν
2273 1967 2339 2036 τῇ
2382 1964 2595 2036 πρώτῃ,
2649 1963 2744 2018 καὶ
2790 1944 3093 2026 κανονίζειν
3149 1962 3317 2034 ήγουν
3382 1963 3711 2015 ἐπισκοπεῖν

2132 2055 2322 2125 αὐτήν.
2365 2054 2498 2107 Οὐδὲ
2528 2054 2639 2125 γὰρ
2673 2053 2913 2125 μήκοθεν
2945 2053 3080 2107 πολὺ
3117 2052 3325 2121 ὀφείλει
3355 2047 3495 2106 εἶναι
3526 2052 3560 2124 ἡ
3588 2051 3716 2105 δευ-

2130 2147 2265 2217 τέρα
2294 2147 2390 2216 τῆς
2424 2145 2648 2217 πρώτης
2676 2148 2732 2199 ἐν
2760 2143 2939 2215 καιρῷ
2985 2145 3084 2215 τῆς
3131 2144 3431 2216 συμϐολῆς,
3489 2145 3579 2197 ἵνα
3632 2144 3717 2216 μὴ

2132 2239 2437 2311 ἀϐοήθητον
2465 2236 2636 2307 αὐτὴν
2684 2234 3013 2308 καταλείπῃ.
3047 2235 3182 2289 Οὐδὲ
3242 2235 3404 2289 πάλιν
3446 2234 3579 2290 πολὺ
3616 2236 3713 2303 ἐγ-

2132 2329 2256 2400 γὺς,
2280 2329 2365 2382 ἴνα
2399 2327 2473 2399 μὴ
2505 2326 2857 2398 συμφύρηται
2896 2329 2963 2398 τῇ
2990 2325 3181 2398 πρώτῃ
3232 2328 3290 2379 ἐν
3329 2328 3450 2389 ταῖς
3496 2326 3709 2395 συμϐο-

2133 2421 2274 2485 λαῖς,
2308 2419 2590 2491 κονιορτοῦ
2620 2419 2857 2489 μάλιστα
2920 2418 3265 2487 κινουμένου,
3317 2417 3412 2471 καὶ
3463 2417 3569 2488 πρὸ
3617 2417 3716 2471 τοῦ

2135 2508 2450 2579 διαλυθῆναι
2474 2509 2599 2572 τοὺς
2635 2506 3368 2579 πολεμίους’καταδιώκουσκ
3413 2508 3510 2578 τὴν
3562 2506 3719 2579 πρώι-

2135 2620 2233 2673 την
2259 2600 2487 2671 εὑρεθῇ.

2201 2699 2301 2766 ξα’.
2326 2699 2409 2755 Td
2430 2700 2487 2753 δὲ
2516 2699 2776 2771 τάγματα
2815 2697 2886 2752 τά
2939 2698 3162 2752 ὄπισθεν
3204 2698 3313 2752 τῶν
3375 2700 3560 2770 ἄκρων
3611 2701 3715 2771 τῆς

2135 2793 2390 2863 δευτέρας
2448 2791 2792 2862 ἑκατέρωθεν
2836 2792 3171 2863 τασσόμενα,
3229 2793 3399 2867 ἤγουν
3457 2795 3715 2850 ἐντεῦθεν

2139 2884 2233 2939 καὶ
2261 2882 2492 2949 ἐκεῖθεν,
2516 2883 2693 2947 δείώς
2754 2883 2864 2938 ἀπὸ
2915 2885 3036 2947 ἐνὸς
3098 2886 3481 2954 σαγιττοϐόλου
3531 2889 3716 2943 αὐτῶν

2137 2974 2217 3035 είς
2287 2970 2457 3025 νώτου
2542 2971 2792 3041 φυλακὴν
2869 2972 3122 3041 ταγῆναι,
3191 2972 3286 3026 καὶ
3341 2972 3517 3039 οὕτως
3578 2977 3717 3030 ἀκο-

2136 3059 2366 3114 λουθεῖν.
3365 3073 3377 3103 ι

516 3153 606 3206 62.
639 3150 899 3222 insignia,
930 3168 1053 3224 quae
1091 3155 1144 3208 in
1187 3155 1432 3210 exercitu
1489 3164 1638 3215 sunt.
1708 3155 2021 3210 cohortium

2202 3150 2302 3223 ξβν.
2324 3152 2404 3205 Td
2430 3152 2486 3205 δὲ
2518 3151 2886 3223 βάνδα,ῆγουν
2909 3152 2975 3206 τά
3006 3154 3206 3224 σημεῖα
3234 3152 3440 3221 αὐτῶν,
3461 3156 3567 3227 χρὴ
3588 3156 3711 3210 καθ’

451 3244 667 3297 minora
698 3251 751 3297 et
785 3242 987 3298 leviora
1013 3244 1124 3297 sint
1152 3262 1165 3299 :
1216 3245 1651 3308 merarcharum.
1680 3249 1762 3300 vel
1787 3245 2027 3316 drunga-

444 3334 678 3395 riornm,
707 3348 801 3388 seu
854 3334 1199 3389 tribunorum
1256 3336 1462 3406 majora
1535 3346 1590 3391 et
1648 3337 2028 3391 distinctiera:

448 3426 886 3481 turmarcharum
910 3437 1093 3482 autem
1126 3428 1362 3498 insignia
1418 3428 1714 3483 admodum
1747 3430 1959 3484 diversa
2000 3444 2029 3482 a

2133 3245 2374 3315 ἑκάστην
2394 3244 2663 3315 τούρμαν,
2699 3244 2767 3297 τὰ
2793 3244 2891 3314 μὲν
2943 3243 3050 3298 τῶν
3080 3247 3372 3315 ταγμάτων
3412 3247 3715 3320 μικρότερα

2137 3335 2279 3392 εἶναι
2312 3337 2407 3391 καὶ
2444 3335 2691 3406 ἐλαφρά·
2718 3336 2786 3389 τὰ
2816 3335 2873 3390 δὲ
2934 3335 3044 3390 τῶν
3085 3338 3422 3410 μοιραρχῶν,
3454 3340 3572 3411 ἦτοι
3603 3341 3715 3395 τῶν

2139 3426 2544 3499 δρουγγαρίων,
2566 3426 2923 3499 μεγαλώτερα
2951 3428 3046 3482 καὶ
3074 3427 3454 3499 ἐξηλλαγμένα
3477 3445 3489 3457 ·
3510 3430 3711 3500 ὁμοίως

446 3518 793 3573 tribunorum
831 3533 1056 3573 suorum
1094 3519 1425 3589 insignibus.
1474 3519 1745 3590 Principis
1774 3520 1875 3585 tui,
1916 3520 2026 3575 sive

2134 3521 2186 3574 δὲ
2216 3521 2309 3575 καὶ
2332 3520 2401 3573 τά
2415 3519 2522 3573 τῶν
2547 3518 2912 3591 τουρμαρχῶν
2940 3518 3319 3590 ἐξηλλαγμένα
3343 3519 3480 3590 πρὸς
3508 3520 3575 3574 τά
3599 3521 3708 3574 τῶν

443 3612 823 3680 propraztoris,
854 3612 1085 3665 multum
1124 3612 1381 3667 distincta
1428 3612 1537 3667 sint
1560 3612 1816 3681 insignia.
1849 3610 2025 3665 Tuum

2134 3616 2220 3668 ὑπ’
2234 3613 2428 3677 αὐτοὺς
2446 3612 2789 3683 ταττομένων
2809 3611 3200 3682 δρουγγαρίων.
3219 3610 3293 3665 Τὸ
3317 3611 3374 3665 δὲ
3401 3612 3709 3684 ὑποστρατ-

448 3710 632 3756 autem
666 3702 885 3773 insigne
915 3718 946 3757 a
988 3703 1202 3759 caeteris
1222 3705 1481 3759 onmibus
1505 3704 1810 3773 insignibus
1847 3704 2026 3757 diver-

2134 3705 2266 3774 ήγου
2320 3702 2509 3773 βάνδον
2550 3702 2813 3771 διαφορὰν
2836 3700 2979 3772 ἔχειν
3018 3700 3254 3771 παράτά
3280 3701 3387 3755 τῶν
3428 3719 3710 3775 τουρμαρ-

448 3810 570 3848 sum
601 3809 724 3849 esse
747 3796 951 3849 debere
989 3811 1151 3850 nemo
1178 3794 1417 3865 ignorat,
1446 3807 1502 3850 ut
1533 3797 1584 3848 in
1619 3795 1782 3849 rebus
1812 3804 2026 3866 pertur-

2138 3794 2248 3864 χῶν
2281 3793 2467 3864 βάνδα,
2514 3792 2704 3864 ὥσπερ
2732 3786 2824 3846 οὖν
2853 3792 3032 3845 καὶτὸ
3061 3794 3161 3862 τῆς
3211 3795 3309 3864 σῆς
3366 3793 3708 3863 ἐνδοξότητος

449 3885 755 3940 batioribus
783 3887 835 3939 in
869 3887 1085 3957 insigne
1114 3887 1411 3953 intuentes,
1457 3902 1743 3942 revocarc-
1774 3902 1871 3941 eos
1932 3886 2026 3939 do-

2137 3881 2539 3952 ὲνηλλαγμένον
2588 3881 2793 3951 ὀφείλει
2822 3877 2965 3934 εἶναι
3011 3881 3103 3933 καὶ
3154 3880 3410 3952 διαφανὲς
3462 3883 3607 3952 παρά
3640 3882 3715 3935 τὰ

450 3990 626 4038 unum,
654 3982 709 4029 et
740 3976 807 4029 ad
840 3992 939 4030 sua
969 3978 1087 4032 loca
1140 3981 1441 4033 transferre
1475 3979 1714 4048 przel'ecti
1747 3977 1978 4049 possint.

2141 3973 2275 4029 ἀλλα
2300 3974 2498 4036 πάντα,
2520 3972 2612 4026 καὶ
2636 3974 2800 4026 πᾶσιν
2824 3971 3153 4040 εὔγνωστον,
3182 3973 3266 4041 ἐφ’
3301 3966 3345 4041 ᾧ
3377 3973 3435 4027 ἐν
3478 3974 3710 4043 δευτέρᾳ.

448 4066 589 4139 τύχῃ
622 4067 758 4138 πρὸς
821 4068 953 4121 αὐτὸ
989 4067 1285 4139 βλέποντας
1344 4069 1605 4134 εὐκόλως,
1671 4071 1747 4133 ὡς
1787 4068 2027 4139 εἴρηται,
2068 4064 2543 4135 συνάγεσθαι,καὶ
2573 4065 2801 4128 ἑαυτοὺς
2869 4063 3263 4119 ἀνακαλεῖσθαι
3319 4063 3446 4129 τούς
3497 4082 3557 4118 τε
3606 4066 3708 4138 ἀρ-

448 4177 642 4230 χοντας
671 4159 912 4220 καὶτοὺς
943 4160 1301 4232 στρατιώτας.

524 4248 618 4305 65.
668 4247 938 4303 Omnibus
969 4250 1289 4304 cohortibus
1350 4250 1692 4320 arquabiliter
1740 4252 1793 4306 in
1854 4249 2033 4306 fronte

453 4340 760 4405 collmatis,
794 4348 1055 4396 strenuos
1089 4356 1154 4395 ex
1188 4341 1297 4396 illis
1334 4342 1533 4397 milites
1563 4342 1902 4413 undeviginti
1938 4347 2033 4395 aut

2203 4241 2268 4311 εγ
2288 4281 2301 4296 .
2336 4240 2561 4295 Πάντων
2582 4237 2638 4291 δὲ
2670 4237 2779 4291 τῶν
2814 4236 3024 4307 βάνδων
3068 4236 3423 4307 ἰσομετώπων
3451 4240 3511 4291 ἐν
3553 4241 3704 4304 τάξει

2142 4333 2471 4404 ἱσταμένων,
2490 4329 2609 4382 δέον
2645 4329 2709 4381 ἐκ
2737 4328 2845 4381 τῶν
2862 4328 2989 4399 περὶ
3013 4328 3149 4381 αὺτά
3171 4329 3517 4398 τασσομένων
3540 4348 3713 4401 στρα-

452 4429 648 4500 viginti
682 4431 873 4500 eliges,
909 4431 1001 4500 qui
1035 4432 1101 4486 ad
1147 4432 1453 4488 custodiam
1503 4411 1936 4505 uniuscujusque
1968 4431 2026 4487 il-

2134 4426 2347 4484 τιωτῶν
2374 4425 2498 4486 τοὺς
2526 4421 2935 4494 γενναιοτέρους
2995 4424 3087 4476 καὶ
3122 4424 3567 4495 πεντεκαίδεκαῆ
3617 4427 3718 4478 καὶ

451 4522 629 4575 lorum
663 4532 714 4577 et
746 4522 1273 4579 administrationem
1314 4525 1738 4582 constituentur.

517 4704 604 4759 64.
630 4702 918 4759 Praefectos
953 4704 1184 4773 majores
1221 4711 1339 4760 tuto
1369 4715 1423 4761 et
1458 4705 1614 4760 ﬁrmo
1638 4705 1759 4763 loco
1788 4706 1840 4761 in
1876 4722 2033 4763 exer-

450 4798 559 4851 citu
587 4796 902 4861 collocabis,
921 4811 990 4850 ne
1011 4796 1211 4865 impetu
1229 4794 1465 4866 quodam
1491 4796 1700 4851 incitati
1723 4798 2032 4867 praecipites

451 4890 505 4943 in
535 4888 836 4958 periculum
872 4896 1054 4952 ruant,
1087 4897 1251 4957 atque
1285 4888 1409 4943 inde
1461 4904 1653 4959 magna
1690 4890 2033 4959 perturbatio

453 4981 718 5035 militibus
741 4980 966 5034 oriatur.
1007 4979 1081 5034 Ex
1125 4978 1431 5034 minoribus
1489 4981 1633 5034 enim
1685 4980 1959 5050 pratfectis
1987 4982 2031 5035 si

450 5073 578 5144 quis
638 5071 960 5137 trucidetur,
1031 5072 1234 5127 nemini
1274 5070 1434 5128 facile
1476 5074 1698 5143 patelit.
1769 5073 1874 5128 nisi
1920 5089 2034 5128 sua:

452 5164 627 5234 ipsius
656 5164 836 5219 solum
868 5163 1114 5217 cohorti:
1142 5164 1227 5219 sin
1256 5164 1382 5234 quis
1413 5182 1477 5219 ex
1513 5166 1787 5221 nobilibus
1816 5166 2029 5222 cecide-

454 5256 546 5321 rit,
570 5271 662 5325 pcr
686 5255 982 5310 multorum
1014 5256 1297 5309 hominum
1330 5272 1427 5311 ora
1452 5268 1781 5327 pervagatus
1820 5273 2028 5325 rumor,

453 5347 711 5403 universo
746 5346 1017 5402 exercitui
1054 5348 1521 5416 perturbationem
1557 5350 1766 5403 aﬂ’cret.

517 5519 605 5574 65.
641 5520 920 5591 Princeps.
978 5520 1093 5577 sive
1154 5532 1454 5593 propraetor
1511 5533 1659 5590 tuus,
1712 5511 2031 5597 reliquique

452 5613 779 5666 turmarehze
817 5613 869 5666 in
899 5612 1077 5670 fronte
1106 5616 1417 5671 cohortium
1454 5634 1679 5671 suarum
1719 5619 2028 5675 consisten-

456 5711 560 5766 tes,
608 5701 1050 5773 cirrumspiciant
1082 5714 1135 5762 et
1173 5715 1433 5775 apparent
1496 5708 1666 5763 aciem
1725 5709 2029 5780 usquedum

2138 4521 2312 4574 εἴκοσι
2350 4517 2549 4588 ἄνδρας
2581 4514 2838 4586 ἀφορίσαι
2873 4514 2968 4568 ἐπὶ
2994 4518 3062 4587 τῇ
3094 4516 3329 4569 ἑκάστου
3390 4518 3571 4571 αὐτῶν
3605 4537 3714 4587 φυ-

2134 4613 2275 4686 λακῇ
2307 4613 2401 4667 καλ⁸
2427 4612 2776 4681 διεκδικήσει.

2209 4707 2307 4772 ξδ’.
2364 4706 2505 4768 Τοὺς
2556 4703 2611 4757 δὲ
2666 4704 2931 4775 ἄρχοντας
2972 4704 3100 4766 τοὺς
3154 4703 3406 4774 μείζονας
3452 4705 3715 4773 ἀσφαλῶς

2138 4800 2221 4853 δεῖ
2240 4796 2538 4851 τάσσεσθαι
2593 4796 2673 4859 εἰς
2717 4796 2778 4847 τὸ
2810 4795 2885 4864 μὴ
2933 4795 3441 4865 προπετευομένους
3488 4798 3548 4849 ἐν
3591 4800 3716 4859 ταῖς

2141 4890 2344 4961 μάχαις
2397 4887 2731 4951 διαπίπτειν,
2780 4887 2877 4942 καὶ
2931 4888 3181 4943 ἐντεῦθεν
3249 4887 3539 4959 ὀλιγωρίαν
3599 4892 3716 4953 τοῖς

2140 4979 2498 5054 στρατιώταις
2537 4978 2910 5047 ἐγγίγνεσθαι·
2939 4982 3003 5034 ἐκ
3034 4981 3135 5049 μὲν
3157 4980 3267 5051 γάρ
3297 4980 3405 5034 τῶν
3458 4983 3717 5051 μικροτέ-

2138 5089 2245 5143 ρων
2270 5071 2566 5142 ἀρχόντων,
2597 5071 2645 5123 εἰ
2671 5070 2853 5141 συμϐῇ
2876 5073 3218 5141 παραπεσεῖν
3247 5089 3389 5140 τινα,
3416 5073 3590 5125 οὐδενὶ
3619 5074 3716 5126 εὐ-

2137 5163 2314 5226 κόλως
2341 5162 2693 5232 γινώσκεται,
2749 5162 2921 5233 ἀλλ’ἢ
2951 5164 3063 5226 τοῖς
3110 5162 3203 5216 τοῦ
3260 5164 3390 5217 ίδξου
3434 5164 3716 5235 τάγματος

2140 5256 2321 5324 μόνοις
2351 5270 2364 5283 ·
2391 5255 2439 5306 εἰ
2465 5254 2522 5307 δέ
2546 5272 2630 5319 τις
2647 5254 2752 5306 τῶν
2773 5254 3032 5324 ἐμφανῶν
3053 5255 3359 5327 διαπέσῃ,ἦ
3381 5259 3492 5320 τοῖς
3522 5259 3715 5327 πᾶσιν,

2137 5346 2170 5417 ἢ
2203 5348 2315 5408 τοῖς
2340 5347 2553 5411 πολλοῖς
2578 5344 2907 5417 δηλούμενος
2952 5348 2980 5400 ὁ
3020 5346 3248 5411 θάνατος
3294 5348 3464 5403 αὐτοῦ
3517 5349 3713 5419 ὀλιγω-

2140 5437 2262 5507 ρίαν
2288 5436 2364 5506 τῷ
2410 5438 2517 5509 ὅλῳ
2552 5438 2768 5510 στρατῷ
2788 5439 3018 5508 εἰσάγει.

2211 5525 2302 5591 ξεν.
2329 5528 2424 5580 Διὸ
2455 5528 2663 5598 πρέπον
2686 5529 2853 5595 ἐστὶν,
2875 5522 2921 5582 ὦ
2949 5530 3247 5602 στρατηγέ,
3279 5531 3369 5585 τὸν
3403 5533 3713 5602 ὑποστράτ-

2138 5637 2272 5690 ηγον
2309 5620 2404 5674 καὶ
2461 5622 2592 5687 τοῖις
2652 5623 3005 5695 τουρμάρχας
3055 5624 3220 5695 μέχρι
3253 5625 3352 5694 μὲν
3380 5626 3488 5679 ἀπὸ
3528 5626 3647 5690 ἐνὸς
3678 5626 3711 5695 ἢ

2135 5712 2389 5785 δευτέρου
2431 5714 2813 5783 σαγιττοϐόλου
2857 5718 2949 5787 τῆς
2980 5716 3086 5771 τῶν
3115 5716 3326 5789 ἐχθρῶν
3354 5717 3712 5790 παρατάξεως
