4074 6222
389 311 505 376 825

1426 316 1759 377 TACTICA.
1785 341 1855 351 --
1891 314 2397 376 CONSTITUTIO
2424 316 2564 377 XII.

3559 317 3664 383 826

393 416 771 492 Δίσομετὼπους
792 420 1093 476 τάσσεσθαι
1124 420 1266 494 μετά
1300 423 1411 477 τῶν
1439 423 1671 494 βάνδων,
1708 424 1805 479 καὶ
1850 424 1972 477 ἐπι-

2083 424 2224 479 intra
2282 425 2448 480 unius
2515 431 2611 477 aut
2668 422 2894 477 alterius
2952 423 3163 495 sagitta:
3216 423 3425 494 jactum
3477 425 3662 481 hostes

391 511 617 566 ϐλέπειν
641 513 735 567 καὶ
752 512 1016 583 άρμόζειν
1042 513 1143 585 τὴν
1160 513 1316 581 τάξιν
1335 531 1348 546 °
1367 516 1496 571 ὅταν
1522 515 1579 570 δὲ
1636 516 1805 588 μέλλῃ
1843 533 1982 587 συμ-

395 602 528 672 ϐολὴ
567 603 836 672 γίνεσθαι,
870 605 935 659 ἐκ
964 605 1074 658 τῶν
1102 607 1288 661 ίδικῶν
1307 607 1489 661 αὐτῶν
1512 606 1819 679 ἀνθρώπων
1853 608 1982 670 τοὺς

394 697 803 767 γενναιοτέρους
878 697 961 760 είς
1028 698 1094 752 τὸ
1155 697 1388 767 πλάγιον
1452 699 1636 752 αὐτῶν
1699 699 1983 768 παρατάσ-

401 784 612 851 σεσθαι,
632 786 729 839 καὶ
755 785 1125 857 προέρχεσθαι
1153 790 1234 852 είς
1249 788 1372 861 ὀψιν
1392 788 1594 857 αὐτῶν,
1613 791 1706 843 καὶ
1734 788 1981 853 σκέπειν,

401 878 494 931 καὶ
526 876 770 940 ἐκείνους
793 877 995 947 μᾶλλον
1020 880 1209 948 χεῖρας
1238 876 1513 950 μιγνύειν.

462 968 573 1035 εςι,
603 969 713 1040 Τὴν
756 968 812 1022 δὲ
867 971 965 1040 σὴν
1019 970 1342 1041 ὲνδσξότητα
1418 970 1747 1041 κελεύομεν,
1820 970 1983 1042 μέχρι

401 1060 501 1131 μὲν
528 1063 555 1114 ό
582 1061 773 1133 καιρὸς
819 1062 921 1133 τῆς
959 1063 1241 1134 συμϐολῆς
1291 1063 1545 1135 γένηται,
1592 1064 1841 1131 τάσσειν,
1890 1067 1985 1119 καὶ

398 1156 737 1222 ἐπιϐλέπειν,
766 1156 861 1212 καί
889 1158 1230 1229 ἁρμόζεσθαι
1252 1162 1320 1231 τῇ
1358 1160 1467 1213 τῶν
1494 1159 1711 1231 ἐχθρῶν
1745 1162 1984 1232 κινήσει.

395 1248 529 1301 Τότε
561 1248 619 1301 δὲ
652 1249 710 1301 ἐν
734 1248 812 1320 τῷ
847 1250 1003 1321 ιδικῷ
1029 1269 1124 1305 σου
1167 1252 1426 1324 ἔρχεσθαι
1456 1253 1727 1325 τάγματι,
1754 1256 1892 1329 ὅπερ
1921 1258 1984 1311 ού

398 1337 531 1407 πρὸς
567 1339 769 1410 μάχην,
800 1340 935 1395 ἀλλὰ
957 1342 1093 1413 πρὸς
1122 1345 1326 1398 σκοπόν
1355 1363 1480 1400 τινα
1512 1348 1608 1400 καὶ
1646 1347 1848 1403 κανόνα
1883 1350 1985 1420 τῆς

394 1430 619 1502 πρώτης
649 1432 1024 1507 καὶδευτέρας
1061 1435 1273 1503 τάξεως
1297 1439 1560 1495 τέτακται
1599 1458 1613 1473 ο
1656 1441 1802 1495 τοῦτ’
1838 1441 1984 1496 ἔστιν

395 1524 453 1577 ἐν
478 1522 553 1595 τῷ
579 1524 731 1596 μέσῳ
761 1526 946 1598 χωρίῳ
974 1527 1075 1599 τῆς
1091 1528 1355 1602 δευτέρας
1382 1533 1612 1598 τάξεως.

467 1616 565 1682 ξξο.
592 1618 771 1673 Πολλά
801 1619 856 1673 δὲ
894 1620 1118 1690 βούκινα
1158 1622 1338 1678 λαλεῖν
1386 1625 1419 1696 ἢ
1478 1630 1648 1681 κινεῖν
1700 1629 1758 1681 ὲν
1804 1629 1984 1704 καιρῷ

2083 514 2290 571 fuerint
2320 533 2333 571 :
2366 516 2459 571 ubi
2488 522 2671 569 autem
2701 514 3110 569 committendae
3135 515 3282 570 acies
3309 523 3459 580 sunt,
3520 525 3654 571 stre-

2083 605 2385 661 nuissimos
2417 620 2667 675 quosque
2689 619 2754 659 ex
2787 604 2903 660 suis
2934 605 3066 660 viris
3099 606 3167 659 ad
3202 606 3346 661 latus
3379 622 3541 661 suum
3575 608 3663 661 in-

2082 704 2323 761 struant,
2353 705 2407 751 et
2431 696 2485 750 in
2521 696 2739 751 illorum
2774 705 3133 773 conspectum
3167 693 3412 765 veniant,
3432 698 3664 771 illosque

2084 788 2152 844 ad
2176 802 2373 845 manus
2396 790 2769 845 conserendas
2798 790 3103 860 impellant.

2156 966 2247 1022 66.
2272 966 2533 1039 Dignitati
2564 976 2673 1024 tua:
2699 970 3074 1043 praecipimus,
3106 979 3164 1025 ut
3195 985 3370 1041 usque
3408 973 3475 1027 ad
3530 988 3665 1028 con-

2086 1057 2403 1115 flictationis
2433 1070 2664 1135 tempus
2699 1061 2963 1127 instruas,
2993 1062 3323 1132 perlustres,
3372 1071 3538 1133 atque
3570 1065 3667 1119 ad-

2084 1165 2247 1222 pares
2275 1146 2579 1206 exercitum
2616 1153 2883 1209 adversus
2919 1153 3162 1208 hostium
3196 1154 3458 1223 impetum
3502 1171 3669 1211 :con-

2084 1242 2247 1298 sertis
2274 1242 2387 1312 jam
2422 1244 2680 1299 manibus
2721 1244 2786 1299 ad
2828 1253 2977 1299 tuam
3033 1245 3207 1315 ipsius
3257 1247 3537 1301 cohortem
3580 1262 3671 1302 ve-

2086 1335 2227 1401 nias,
2264 1350 2372 1390 non
2435 1344 2495 1389 ut
2542 1335 2613 1389 ibi
2672 1336 2963 1407 prmlieris,
2999 1337 3093 1391 sed
3145 1344 3207 1391 ut
3262 1337 3581 1407 speculcris,
3617 1348 3672 1393 et

2084 1429 2386 1500 perlustres
2431 1438 2547 1483 tum
2576 1429 2828 1499 primam,
2866 1436 2980 1483 tum
3011 1430 3307 1485 secundam
3337 1432 3533 1496 aciem,
3558 1430 3672 1488 hoc

2086 1530 2172 1576 est
2220 1521 2285 1575 ad
2332 1521 2568 1575 medium
2616 1522 2795 1575 locum
2852 1521 3107 1577 secunda:
3137 1522 3293 1577 aciei.

2157 1611 2249 1667 67.
2279 1611 2480 1667 Multas
2501 1614 2764 1667 buccinas
2797 1613 3077 1669 concitare
3115 1623 3278 1685 atque
3309 1616 3519 1681 inflare,
3543 1617 3669 1672 belli

397 1709 597 1779 μάχης,
623 1708 699 1773 ὠς
728 1710 1018 1778 ὲπιϐλαϐὲς
1048 1713 1111 1768 ὃν
1157 1715 1220 1769 ού
1273 1716 1741 1789 συμϐουλεύομεν,
1786 1720 1874 1776 ἵνα
1906 1721 1981 1794 μὴ

2088 1715 2333 1776 tempore
2372 1705 2630 1760 inscitum
2668 1716 2835 1776 atque
2877 1707 3252 1763 inconsultum
3277 1724 3400 1764 esse
3428 1710 3668 1773 videtur,

393 1802 458 1854 ὲκ
479 1801 670 1857 τούτου
714 1804 943 1872 Θόρυϐός
978 1823 1062 1868 τις
1125 1809 1223 1862 καὶ
1284 1809 1551 1880 σύγχυσις
1595 1812 1843 1883 γένηται·
1886 1792 1983 1867 καί

2086 1801 2215 1869 quia
2267 1814 2331 1852 ex
2367 1814 2432 1853 eo
2466 1799 2803 1868 perturbatio
2846 1809 2901 1854 et
2954 1799 3208 1855 confusio
3236 1802 3467 1866 orietur,
3494 1818 3672 1873 neque

392 1895 502 1964 γάρ
518 1894 606 1947 διὰ
638 1896 799 1949 τοῦτο
849 1899 969 1951 οὐδὲ
1015 1900 1083 1954 τά
1117 1902 1614 1974 παραγγελλόμενα
1672 1905 1852 1969 καλῶς
1896 1906 1985 1971 εξ-

393 1980 691 2035 ακούεσοαι
716 1983 958 2039 δύναται.
1000 1986 1140 2041 Ἀλλ’
1176 1990 1225 2043 εί
1259 1990 1358 2061 μὲν
1394 1992 1424 2043 ό
1464 1993 1627 2057 τόπος
1670 1992 1870 2064 ὁμαλὸς
1889 1995 1979 2048 εύ-

401 2070 557 2143 ρεοῇ,
592 2074 754 2144 ἀρκεῖ
781 2075 841 2129 τὸ
875 2076 1124 2146 βούκινον
1153 2081 1248 2135 τοῦ
1281 2083 1447 2153 μέσου
1506 2085 1707 2157 μέρους
1742 2087 1983 2160 ἑκατέρᾳ

394 2166 718 2235 παρατάξει.
748 2169 811 2223 Εί
838 2169 894 2223 δὲ
910 2171 1199 2244 ἀνώμαλός
1249 2176 1422 2243 ἐστιν,
1452 2178 1728 2251 ἢᾶνεμος,
1755 2180 1830 2245 ὡς
1860 2180 1985 2235 πολ·

394 2255 570 2322 λάκις.
599 2262 918 2335 ταραχώδης
971 2267 1226 2333 κινεῖται,
1258 2267 1291 2338 ἢ
1325 2264 1462 2341 ἦχος
1519 2270 1713 2337 ὕδατος
1768 2289 1984 2345 παρεμ⁴

394 2351 602 2418 ποδίζει
642 2356 705 2425 τῇ
766 2360 916 2428 φωνῇ
979 2359 1075 2411 τοῦ
1131 2360 1391 2432 καθαρῶς
1460 2364 1830 2430 διακούεσοαι,
1883 2367 1983 2422 ούκ

393 2442 595 2499 ἄτοπον
620 2447 743 2501 τότε
775 2450 870 2502 καὶ
902 2451 960 2503 ὲν
990 2454 1104 2517 τοϊς
1133 2452 1342 2519 λοιποῖς
1386 2455 1613 2527 μέρεσιν
1638 2458 1696 2512 ἓν
1730 2458 1984 2530 βούκινον

393 2538 451 2590 ἐν
482 2539 701 2609 ἑκάστῳ
732 2543 890 2613 μέρει
914 2543 1115 2612 λαλεῖν,
1150 2545 1291 2600 ὥστε
1344 2549 1470 2620 τρία
1521 2549 1702 2605 λαλεῖν
1761 2550 1984 2622 βούκινα

395 2631 454 2684 ὲν
486 2632 584 2703 ὅλῃ
611 2636 679 2705 τῇ
704 2636 1032 2707 παρατάξει.
1077 2637 1243 2692 Ὅσον
1266 2640 1376 2712 γάρ
1399 2642 1432 2711 ἡ
1456 2642 1661 2713 ἡσυχία
1710 2644 1977 2713 φυλάττε-

393 2740 506 2786 ται,
530 2721 786 2777 τοσοῦτον
801 2725 894 2778 καὶ
912 2727 960 2778 oi
988 2726 1244 2800 νεώτεροι
1269 2729 1559 2802 άτάραχοι,
1588 2732 1684 2786 καὶ
1714 2734 1783 2787 τὰ
1810 2734 1980 2803 ἄλογα

398 2815 651 2888 ἄπτυρτα
679 2817 912 2885 γίνεται,
954 2820 1047 2872 καὶ
1078 2823 1113 2891 ὴ
1156 2821 1309 2887 τάξις
1336 2824 1691 2897 φοϐερωτέρα
1742 2828 1854 2892 τοῖς
1888 2829 1981 2899 ὲχ-

396 2902 543 2973 θροῖς
567 2906 841 2974 φαίνεται,
856 2909 950 2962 καὶ
971 2909 1040 2962 τά
1062 2912 1307 2978 μανδάτα
1328 2914 1566 2979 εὐκόλως
1594 2916 1980 2989 γινώσκονται.

466 2991 568 3065 ξιτ.
603 2995 695 3049 Διὸ
727 2996 850 3050 οὐδὲ
879 2998 979 3069 τὴν
1045 2999 1173 3053 οῖαν
1227 3000 1321 3053 οὖν
1380 3002 1565 3073 φωνην
1602 3004 1850 3076 ἀκαίρως
1902 3008 1988 3061 δεῖ

397 3085 688 3141 ἀκούεσθαι
719 3089 857 3159 μετὰ
894 3089 957 3143 τὸ
986 3090 1252 3145 κινεῖσθαι
1287 3092 1386 3164 τὴν
1417 3094 1725 3166 παράταξιν
1749 3097 1841 3150 ἐπὶ
1877 3099 1977 3151 πό-
2009 3126 2056 3187 c

398 3180 453 3234 λε
461 3200 580 3253 μον,
599 3182 867 3256 άλλὰζάμα
892 3186 988 3240 τοῦ
1010 3186 1249 3253 ἐξελθεῖν
1270 3189 1381 3242 ἀπὸ
1402 3189 1496 3243 τοῦ
1525 3191 1796 3261 φοσσάτου
1815 3194 1983 3264 ἤγουν

395 3272 491 3325 τοῦ
525 3273 790 3328 άπλίκτου
813 3275 904 3328 τὸν
936 3277 1171 3349 στρατὸν
1203 3279 1296 3332 ἐπὶ
1322 3279 1422 3352 τὴν
1476 3280 1659 3354 μάχην
1719 3284 1984 3338 παντοίαν

396 3366 629 3436 ἡσυχίαν
651 3367 807 3436 ἄγειν
826 3370 920 3422 καὶ
952 3369 1120 3441 μηδὲν
1151 3372 1399 3443 ἀκαίρως
1427 3374 1787 3444 φθέγγεσθαι.
1811 3369 1984 3431 Τοῦτό

397 3458 506 3529 γὰρ
535 3460 594 3512 ού
629 3461 791 3530 μόνον
813 3460 903 3514 τὸν
932 3463 1164 3533 στρατὸν
1208 3465 1485 3535 άτάραχον
1547 3468 1984 3536 φυλάττει,άλλά

400 3550 491 3602 καὶ
514 3550 583 3604 τά
612 3550 724 3604 τῶν
746 3551 1029 3623 ἀρχόντων
1071 3552 1239 3623 βάνδα
1259 3556 1401 3625 μετὰ
1428 3556 1704 3630 προσοχῆς
1746 3559 1983 3613 ἀποσκο-

397 3642 614 3697 πεῖσθαι
630 3646 795 3699 ποιεῖ.

468 3733 565 3799 ξθ’.
594 3734 669 3787 Τὸ
695 3734 752 3788 δὲ
790 3735 990 3808 μέτρον
1017 3739 1112 3791 καὶ
1136 3736 1236 3809 τὴν
1266 3738 1531 3811 ποιότητα
1551 3740 1651 3812 τῆς
1705 3741 1982 3814 συμϐολῆς

397 3826 530 3879 αύτδ
550 3827 610 3880 τὸ
631 3829 860 3900 πρᾶγμα
874 3830 1183 3901 δοκιμάζει,
1206 3830 1354 3903 καὶὴ
1377 3832 1645 3905 σφίγξιςή
1670 3835 1980 3905 πρέπουσα,

399 3921 492 3972 καὶ
527 3920 560 3990 ἡ
589 3920 701 3975 τῶν
723 3922 935 3993 ἐχθρῶν
958 3923 1259 3995 παρουσία.
1278 3924 1387 3979 Καὶ
1427 3924 1683 3981 κινοῦντα
1721 3928 1821 3998 μὲν
1844 3928 1983 4000 πρὸς

399 4011 497 4074 τὴν
530 4013 855 4085 συμπλοκὴν
878 4015 979 4085 τὴν
1012 4016 1220 4088 συνήθη
1251 4018 1578 4090 νικητήριον
1613 4018 1710 4073 τοῦ
1739 4020 1980 4092 σταυροῦ

399 4102 582 4176 φωνὴν
602 4106 739 4159 άνακ
748 4106 931 4176 ράζειν
953 4106 1054 4162 δεῖ.

465 4204 531 4252 o'.
570 4199 741 4254 Ὅταν
775 4200 831 4254 δὲ
855 4202 937 4265 είς
964 4203 1155 4273 χεῖρας
1181 4201 1313 4280 ἔλθῃ
1338 4205 1366 4258 ό
1417 4204 1672 4277 στρατὸς,
1691 4201 1815 4257 τότε
1845 4202 1979 4258 ἅλα-

397 4286 656 4361 λάζειν,ἢ
684 4289 981 4362 ὠρύεσθαι,
1017 4294 1111 4348 καὶ
1154 4294 1391 4364 μάλιστα
1416 4297 1544 4361 τοὺς
1576 4294 1802 4351 ὄπισθεν
1847 4310 1980 4349 τασ-

401 4383 660 4453 σομένους
690 4384 798 4438 τῶν
818 4384 963 4437 ίδίων
997 4386 1099 4438 οὐκ
1130 4385 1334 4441 ἄτοπόν
1357 4389 1525 4443 ἐστιν.

466 4678 566 4725 ω’.
618 4672 908 4744 Ἀρμόδιον
950 4673 1008 4728 δὲ
1062 4676 1195 4746 ἡμῖν
1229 4679 1625 4746 καταφαίνεται
1659 4679 1721 4734 ὲν
1767 4679 1846 4752 τῷ
1882 4679 1984 4752 τῆς

400 4760 726 4832 συμπλοκῆς
758 4763 937 4837 καιρῷ
968 4766 1063 4820 καὶ
1092 4765 1155 4819 τὸ
1182 4767 1292 4821 τῶν
1339 4767 1653 4839 λεγομένων
1714 4772 1983 4826 καντατό-

401 4869 512 4923 ρων
528 4852 713 4925 ἔργον.
749 4851 912 4913 Οὗτοι
942 4858 999 4912 δέ
1034 4859 1175 4914 είσιν
1204 4861 1254 4913 οί
1289 4860 1383 4915 τὸν
1419 4861 1652 4933 στρατὸν
1690 4863 1781 4919 διὰ
1807 4864 1983 4934 λόγων

399 4946 859 5019 παροτρύνοντες,
929 4951 1023 5005 καὶ
1059 4951 1545 5022 συμϐουλεύοντες,
1605 4955 1704 5010 καὶ
1764 4972 1976 5011 κατεπο

397 5038 643 5109 ᾴδοντες,
679 5042 776 5095 καὶ
840 5042 1291 5113 παρακαλοῦντες
1354 5045 1494 5119 πρὸς
1559 5046 1688 5112 τοὺς
1740 5046 1981 5117 ἀγῶνας.

398 5131 493 5184 καὶ
524 5131 636 5195 ἵνα,
661 5135 712 5187 εί
736 5133 983 5200 δυνατὸν,
1026 5135 1087 5202 ἐξ
1115 5135 1296 5190 αὐτῶν
1325 5138 1550 5191 ἐκείνων
1573 5137 1684 5191 τῶν
1714 5155 1983 5211 στρατιω-

396 5219 559 5291 τῶνῆ
584 5222 693 5276 τῶν
713 5225 989 5297 ἀρχόντων
1014 5226 1077 5280 τὸ
1094 5226 1335 5282 τοιοῦτον
1351 5229 1510 5300 ἔργον
1538 5231 1796 5285 ποιεῖται.
1829 5229 1983 5282 Ἐπιο

398 5311 645 5381 λέγονται
674 5315 732 5370 δὲ
782 5317 1061 5385 τοιούτους
1121 5319 1340 5390 λογίους
1390 5321 1593 5393 ἄνδρας
1626 5321 1676 5375 οί
1717 5322 1981 5394 ἄρχοντες

395 5406 491 5459 καὶ
512 5406 770 5474 δυνατοὺς
803 5410 891 5465 διὰ
918 5411 1094 5481 λόγων
1118 5413 1329 5484 ὁμιλεῖν
1381 5413 1461 5486 τῷ
1497 5412 1735 5487 στρατῷ.
1782 5414 1849 5468 Ἦ
1869 5414 1980 5486 γάρ

395 5496 654 5553 κοινωνία
698 5499 793 5553 τοῦ
847 5502 1096 5573 καμάτου
1152 5503 1247 5556 καὶ
1322 5502 1434 5558 τῶν
1483 5504 1665 5558 πόνων
1730 5503 1979 5558 εὐπειθε-

401 5587 627 5659 στέρους
676 5594 824 5647 ποιεῖ
857 5595 982 5659 τοὺς
1004 5595 1307 5661 ἀκούοντας
1352 5599 1467 5662 τοῖς
1504 5596 1979 5668 παρακολουθούσι

400 5682 859 5753 συστρατιώταις.

446 5774 545 5849 οβ’.
559 5778 696 5847 Λέγε
706 5797 753 5831 ιν
766 5778 822 5832 δὲ
842 5780 967 5846 τοὺς
986 5782 1325 5854 καντάτορας
1346 5781 1481 5853 πρδς
1497 5782 1588 5839 τὸν
1608 5783 1836 5856 στρατὸν
1856 5801 1983 5855 προ·

2087 1891 2233 1946 enim
2264 1891 2400 1945 bene
2436 1890 2700 1959 imperata
2720 1892 2966 1946 exaudiri
2996 1902 3252 1962 possunt.
3281 1892 3339 1947 Si
3392 1893 3536 1948 enim
3589 1893 3672 1948 lo-

2086 1997 2185 2039 cus
2218 1981 2505 2053 aequabilis
2545 1980 2731 2043 fuerit,
2763 1984 2956 2038 media:
3011 1990 3207 2039 turmae
3259 1983 3494 2039 buccina
3532 1984 3671 2038 utri-

2086 2091 2193 2148 que
2218 2076 2354 2133 aciei
2407 2076 2543 2132 satis
2601 2072 2789 2131 fuerit.
2843 2075 2938 2131 Sin
2996 2076 3283 2147 inaequalis
3335 2076 3520 2143 fuerit,
3576 2086 3671 2131 aut

2087 2177 2304 2232 ventus,
2337 2170 2483 2238 quod
2514 2182 2657 2238 saepe
2691 2168 2772 2233 lit,
2803 2168 3154 2224 turbulentus
3185 2168 3298 2234 flet,
3361 2169 3442 2223 rel
3500 2184 3670 2238 aqua-

2088 2278 2206 2316 rum
2247 2276 2512 2318 susurrus
2542 2275 2731 2317 vocem
2751 2260 2898 2316 clare
2927 2260 3179 2316 exaudiri
3212 2261 3496 2331 impediat,
3522 2261 3672 2316 haud

2086 2353 2183 2408 abs
2212 2368 2267 2407 re
2296 2351 2464 2409 fuerit
2505 2352 2559 2407 in
2598 2352 2825 2423 reliquis
2860 2352 3056 2408 turmis
3092 2367 3258 2407 unam
3294 2353 3580 2408 buecinam
3617 2352 3672 2406 in

2089 2462 2420 2519 unaquaque
2452 2457 2632 2503 turma
2662 2461 2983 2519 personare,
3037 2455 3100 2502 ut
3147 2446 3200 2500 in
3254 2446 3370 2502 acie
3417 2447 3673 2501 universa

2089 2548 2200 2597 tres
2249 2541 2430 2597 solum
2489 2541 2737 2596 buccina:
2793 2550 3011 2595 sonent.
3054 2538 3271 2606 Quanto
3312 2540 3458 2594 enim
3496 2542 3675 2611 magis

2088 2634 2368 2691 silentium
2427 2644 2704 2700 servatur,
2762 2642 2918 2688 tanto
2972 2634 3149 2703 magis
3212 2633 3674 2689 adolescentiores

2086 2726 2321 2781 iirmiori
2392 2726 2578 2780 animo
2642 2733 2793 2789 sunt,
2864 2733 2919 2779 et
2996 2722 3251 2793 iumenta
3332 2726 3507 2795 magis
3584 2725 3672 2779 in-

2087 2818 2323 2889 trepida,
2377 2814 2636 2888 aciesque
2660 2816 2779 2888 ipsa
2866 2816 3123 2871 hostibus
3184 2816 3503 2883 Lterribilior
3553 2830 3674 2872 esse

2088 2910 2327 2975 videtur,
2367 2909 2750 2979 imperataque
2778 2907 3017 2961 celerius
3049 2918 3174 2963 nota
3212 2908 3371 2962 fiunt.

2160 2999 2247 3055 68.
2317 2998 2504 3070 itaque
2558 3000 2652 3054 ubi
2704 2998 2977 3053 exercitus
3017 2998 3085 3053 ad
3145 3000 3347 3054 bellum
3406 3002 3674 3068 procedit,

2088 3092 2294 3147 nullam
2320 3098 2536 3162 oportet
2566 3106 2757 3146 vocem
2787 3104 2882 3145 aut
2902 3107 3098 3146 sonum
3125 3105 3155 3143 a
3193 3107 3474 3161 quoquam
3505 3100 3677 3147 teme-

2086 3197 2147 3237 re
2177 3182 2374 3246 emitti,
2430 3181 2525 3237 εθιί
2561 3181 2727 3236 simul
2753 3189 2813 3235 ut
2844 3196 2874 3236 e
2904 3181 3103 3237 castris
3129 3181 3195 3235 ad
3246 3181 3502 3250 proelium
3532 3183 3679 3238 vadit

2086 3274 2253 3342 acies,
2296 3272 2460 3329 tacita
2486 3273 2591 3328 iter
2626 3273 2810 3339 faciat,
2847 3274 3096 3344 nihilque
3128 3280 3336 3327 temere
3364 3272 3625 3343 loquatur
3662 3295 3674 3330 :

2088 3366 2192 3422 hoc
2242 3366 2388 3421 enim
2422 3381 2532 3420 non
2564 3368 2727 3419 modo
2754 3365 3056 3420 exercitum
3089 3362 3478 3418 animosiorem
3522 3363 3675 3430 facit,

2086 3459 2179 3513 sed
2211 3466 2265 3514 et
2294 3458 2673 3529 praefectorum
2706 3455 2964 3513 cohortes
2998 3455 3264 3511 attentius
3312 3455 3675 3513 animadverti

2086 3547 2239 3601 facit.

2157 3750 2246 3805 69.
2298 3749 2516 3806 Modum
2570 3760 2623 3806 et
2652 3748 2884 3805 formam
2938 3752 3268 3826 conﬂigendi
3298 3771 3387 3813 res
3445 3759 3583 3829 ipsa,
3624 3769 3678 3815 et

2090 3842 2381 3899 commoda
2438 3842 2711 3910 densatio,
2753 3841 3180 3899 etinimicorum
3211 3848 3524 3915 prmsentia,
3556 3849 3673 3905 eili-

2085 3937 2251 3993 eient.
2304 3934 2440 3990 Cum
2498 3950 2625 3990 vero
2673 3934 2788 4005 jam
2849 3936 2917 3991 ad
2966 3935 3429 3994 conﬂictationem
3492 3955 3674 3996 movet

2085 4028 2382 4093 exercitus,
2419 4037 2678 4083 consueta
2712 4026 3042 4083 Christianis
3073 4043 3177 4083 vox
3221 4030 3539 4100 usurpanda
3571 4043 3674 4097 est,

2085 4122 2401 4193 νικητήριον
2440 4119 2533 4174 τοῦ
2573 4120 2830 4192 σταυροῦ,
2866 4121 3051 4178 crucis
3084 4121 3341 4178 victoria.

2158 4212 2246 4267 70.
2280 4211 2663 4283 Manibusjam
2698 4214 2969 4272 consertis
3000 4214 3273 4270 clamores
3302 4230 3468 4285 quam
3498 4217 3674 4271 maxi-

2086 4322 2210 4362 mos
2246 4306 2658 4371 altissimosque
2708 4304 2872 4361 cdere
2902 4320 3012 4360 non
3045 4306 3245 4361 inutile
3287 4304 3476 4372 fuerit,
3507 4315 3675 4377 atque

2092 4414 2187 4455 eos
2216 4399 2271 4454 in
2299 4399 2515 4469 primis,
2584 4414 2677 4467 qm
2703 4413 2731 4452 a
2760 4408 2913 4467 tergo
2941 4397 3079 4452 aciei
3153 4398 3530 4462 instruuntur,
3558 4405 3671 4453 tum

2007 4490 2156 4551 Dad
2206 4490 2390 4545 hostes
2439 4488 2987 4557 perterrefaeiendos,
3036 4498 3153 4544 tum
3188 4489 3257 4545 ad
3288 4504 3420 4546 suos
3478 4491 3679 4546 contir-

2087 4579 2339 4636 mandes.

2156 4674 2244 4730 7i.
2280 4672 2638 4731 Cantatorum
2688 4689 2908 4746 quoque
2958 4691 3161 4731 munus
3186 4676 3242 4731 in
3282 4673 3476 4747 prmlio
3508 4673 3677 4745 negli-

2089 4767 2324 4839 gendum
2383 4783 2491 4823 non
2549 4777 2632 4825 est
2677 4788 2690 4822 :
2730 4767 2767 4823 ii
2798 4778 2947 4835 sunt,
2983 4768 3079 4839 qui
3123 4767 3425 4824 exercitum
3465 4767 3677 4822 univer-

2088 4876 2209 4917 sum
2241 4862 2487 4917 oratione
2536 4876 2633 4917 sua
2660 4861 2725 4917 ad
2756 4862 3008 4933 praelium
3050 4861 3304 4926 incitant,
3363 4860 3675 4933 impellunt,

2088 4955 2408 5021 consulunt,
2472 4954 2859 5013 adhortantur.
2921 4955 2980 5010 Si
3041 4954 3159 5010 ﬁeri
3234 4953 3462 5025 poterit,
3510 4954 3673 5009 iidem

2088 5046 2291 5102 milites
2350 5046 2722 5118 praefectique,
2784 5046 2878 5118 qui
2920 5047 2989 5102 ad
3033 5046 3444 5103 dimicationem
3477 5062 3673 5116 proce-

2086 5138 2244 5204 dunt,
2276 5138 2341 5193 ad
2374 5138 2481 5193 hoc
2504 5153 2706 5193 munus
2731 5136 3044 5193 faciendum
3070 5137 3364 5209 eligantur.
3390 5137 3675 5209 Eligantur

2087 5238 2269 5284 autem
2302 5229 2626 5300 eloquentes
2670 5229 2796 5297 viri,
2829 5230 3036 5301 quique
3060 5230 3308 5286 oratione
3335 5244 3437 5287 sua
3464 5238 3675 5285 vertere

2059 5305 2141 5377 "in
2173 5336 2365 5377 omnes
2402 5333 2586 5393 partes
2636 5322 2874 5378 militum
2905 5323 3122 5380 animos
3166 5322 3400 5395 possint.
3427 5321 3674 5378 Societas

2085 5413 2232 5471 enim
2275 5430 2456 5487 opera:
2505 5414 2885 5488 laborumque,
2919 5417 3093 5487 magis
3136 5416 3460 5473 obedientes
3506 5423 3675 5485 atque

2086 5509 2298 5565 alacres
2339 5509 2407 5566 ad
2451 5511 2863 5567 exhortationes
2911 5510 3295 5581 approbandas
3338 5522 3673 5581 persequen-

2083 5602 2293 5673 dasque
2319 5602 2465 5658 facit.

2169 5782 2252 5839 τὶ.
2304 5784 2628 5840 Cantatores
2680 5794 2864 5840 autem
2917 5782 3167 5840 suasoria
3217 5780 3462 5853 quaedam
3516 5788 3677 5846 atque
