4074 6222
377 255 479 317 827

1639 235 1831 296 LEON
1840 235 1912 294 IS
1948 232 2406 294 PHILOSOPHI

3521 226 3630 291 8‘28

372 365 780 425 exhortationes
814 360 946 414 tales
987 353 1300 410 adhibeant.
1335 349 1580 404 Primum
1610 361 1947 402 commemo-
1976 401 1980 408 η

2085 345 2318 415 ρεπτικά
2334 360 2453 396 τινα
2485 342 2618 414 πρὸς
2635 358 2725 396 τον
2741 341 2975 412 πόλεμον
2999 335 3226 394 τοιαῦτα
3246 355 3260 370 ο
3297 336 3512 410 πρῶτον
3533 339 3634 409 μὲν

375 470 497 514 rent
539 456 843 512 mercedem
865 449 983 504 ﬁdei
1007 448 1058 500 in
1094 445 1262 500 Deum
1293 440 1523 497 :deinde
1553 439 1755 509 regiam
1784 439 1948 492 bene-

377 550 650 604 ﬁcentiam
681 564 694 600 :
722 543 977 598 beneﬁcia
1029 547 1156 592 ante
1189 535 1385 590 collata
1448 549 1460 586 :
1507 545 1729 586 causam
1778 544 1953 584 susce-

377 651 524 711 ptam
559 654 656 708 pro
711 636 838 698 Deo,
866 633 919 687 et
955 631 1072 716 ejus
1105 628 1419 691 dilectione,
1466 640 1530 678 ac
1566 637 1664 693 pro
1696 622 1950 676 universa

379 732 617 791 natione,
637 737 798 795 atque
825 725 959 778 adeo
986 713 1082 792 pro
1108 719 1370 774 fratribus
1397 715 1653 770 omnibus
1681 713 1951 776 ﬁdelibus,

379 828 431 872 et
466 818 510 872 si
551 830 682 870 usus
740 812 900 875 ferat,
937 826 1034 880 pro
1066 824 1253 874 uxore,
1292 807 1496 870 liberis,
1550 805 1721 874 patria
1758 822 1771 858 :
1807 818 1953 857 sem-

380 910 646 978 piternam
702 920 823 959 esse
853 902 1169 956 memoriam
1200 914 1388 953 eorum
1432 897 1524 967 qui
1564 907 1785 950 strenue
1813 909 1872 948 se
1903 893 1955 946 in
1987 897 1990 900 ’

385 998 528 1052 bello
579 1011 675 1063 pro
721 993 949 1047 fratrum
983 991 1233 1044 libertate
1265 997 1499 1058 gerunt:
1532 995 1721 1040 contra
1748 983 1956 1039 Christi

396 1086 584 1139 hostes
612 1084 714 1136 hoc
780 1081 974 1134 bellum
1004 1088 1312 1147 susceptum
1341 1091 1464 1132 esse
1492 1092 1505 1128 :
1539 1089 1639 1128 nos
1666 1074 1834 1126 Deum
1859 1073 1956 1124 ha-

385 1178 509 1230 bere
536 1176 852 1245 propitium,
886 1172 940 1224 in
972 1170 1129 1238 cujus
1161 1184 1324 1222 manu
1359 1183 1520 1222 omne
1551 1167 1676 1220 belli
1708 1179 1958 1219 momen-

389 1284 500 1324 tum
537 1271 791 1338 ponitur:
818 1265 939 1319 illos
969 1271 1188 1332 propter
1214 1259 1652 1314 incredulitatem
1685 1257 1962 1311 contrario

389 1364 442 1417 in
475 1372 617 1416 statu
650 1375 790 1424 esse,
824 1368 878 1412 et
909 1357 954 1411 si
988 1355 1118 1425 quid
1151 1354 1256 1407 tale
1293 1353 1658 1422 eergitatum
1699 1351 1790 1415 sit,
1819 1349 1961 1419 quod

391 1456 608 1510 illorum
639 1460 848 1506 mentes
871 1448 937 1503 ad
974 1447 1172 1503 bellum
1199 1444 1540 1499 inﬂammare
1574 1444 1768 1512 possit.
1799 1440 1958 1511 Ejus-

391 1546 537 1600 modi
587 1544 731 1598 enim
773 1542 948 1595 oratio
979 1537 1264 1592 commode
1291 1536 1497 1599 habita,
1533 1535 1743 1587 animos
1772 1533 1956 1586 homi-

393 1653 522 1692 num
551 1638 722 1706 magis
745 1632 990 1702 impellit,
1024 1645 1188 1702 quam
1215 1642 1444 1699 magnus
1479 1626 1723 1696 pecunia:
1757 1639 1952 1679 nume-

394 1743 512 1783 I'US.

472 1903 561 1957 75.
591 1901 704 1956 lloe
739 1910 920 1955 autem
954 1898 1388 1970 praetereundum
1428 1909 1534 1950 non
1567 1902 1649 1948 est
1673 1909 1684 1945 :
1711 1891 1968 1962 quoniam

398 1999 586 2051 hostes
647 1992 828 2060 facile,
879 2008 978 2062 pro
1033 2005 1262 2045 numero
1329 1987 1654 2058 insignium,
1704 1985 1968 2053 integram

396 2084 798 2140 multitudinem
839 2081 1111 2136 exercitus
1141 2092 1472 2149 cognoscere
1496 2083 1747 2144 possunt,
1775 2087 1970 2128 neces-

397 2177 603 2232 sarium
641 2189 762 2230 esse
809 2175 1146 2228 arbitramur
1170 2171 1278 2226 duo
1310 2170 1511 2224 similia
1549 2168 1603 2222 in
1634 2179 1974 2236 unaquaque

396 2266 622 2320 cohorte
682 2281 806 2320 esse
839 2265 1100 2333 insignia,
1151 2278 1321 2317 unum
1376 2261 1592 2330 quidem
1629 2257 1844 2313 comitis
1878 2269 1975 2310 no-

398 2360 564 2425 mine,
610 2359 841 2413 alterum
900 2357 1296 2413 centurionis:
1351 2363 1404 2409 et
1453 2364 1682 2421 utraque
1744 2347 1976 2418 insignia

400 2465 572 2519 usque
606 2450 671 2503 ad
703 2449 846 2504 diem
880 2447 1003 2503 belli
1041 2455 1343 2516 gestemur.
1371 2442 1465 2497 Dic
1495 2452 1674 2496 autem
1711 2441 1829 2510 ipso
1866 2437 1980 2492 bel-

401 2542 463 2605 li,
499 2541 809 2595 authentica
869 2541 1045 2592 handa
1105 2539 1220 2593 sola
1279 2537 1562 2590 eleventur
1591 2543 1648 2587 ut
1683 2548 1748 2587 ne
1795 2531 1980 2585 multis

407 2633 719 2701 insignibus
743 2632 974 2685 elevatis
1034 2630 1217 2684 omnia
1273 2627 1630 2686 misceantur,
1692 2624 1983 2692 minusque

403 2725 622 2794 cognita
671 2726 781 2778 sint
840 2723 956 2778 suis
1015 2721 1256 2790 ipsorum
1311 2719 1578 2772 militibus
1626 2715 1772 2770 :bac
1835 2715 1981 2768 enim

405 2817 620 2871 ratione
678 2817 786 2882 (iet,
822 2824 878 2868 ut
906 2829 1232 2885 permagnus
1285 2819 1558 2866 exercuus
1617 2823 1715 2878 pro
1755 2821 1984 2861 numero

407 2908 703 2977 insignium
756 2908 1024 2973 videatur,
1065 2916 1119 2960 et
1168 2906 1288 2975 ipso
1341 2904 1429 2958 die
1488 2901 1614 2956 belli
1671 2899 1985 2955 authentica

407 3008 573 3068 atque
597 2999 853 3053 omnibus
879 2999 1095 3068 cognita
1119 2995 1491 3065 proferantur.

410 3089 694 3161 φαίνεσθαι
736 3091 800 3144 ὲκ
829 3088 921 3142 τοῦ
977 3086 1212 3159 ἀριθμοῦ
1277 3086 1478 3150 αὐτῶν,
1529 3086 1619 3138 καὶ
1661 3087 1726 3154 τῇ
1783 3083 1967 3154 ἡμέρᾳ
2004 3084 2095 3138 τοῦ
2163 3087 2398 3157 πολέμου
2441 3089 2509 3140 τὰ
2569 3087 2862 3141 αὐθεντικά
2921 3088 2995 3151 ὼς

410 3181 622 3236 νεσθαι.

2052 434 2562 502 ἀναμιμνήσκοντας
2586 431 2695 484 τῶν
2728 430 2933 502 μισθῶν
2965 431 3064 501 τῆς
3090 433 3170 494 εἰς
3219 429 3350 482 θεὸν
3372 430 3633 494 πίστεως.

2054 525 2272 586 καὶτὰς
2304 527 2366 576 ἐκ
2398 523 2664 594 βασιλέως
2701 522 3042 592 εὐεργεσίας,
3094 521 3187 575 καί
3245 538 3408 574 τινων
3449 525 3640 575 ἐπιτυο

2053 616 2185 686 χιῶν
2227 617 2731 686 προγεγενημένων.
2768 617 2876 668 Καὶ
2904 617 2985 668 ὅτι
3025 616 3053 666 ὁ
3096 614 3249 683 ἀγὼν
3307 614 3448 684 ὑπὲρ
3491 614 3636 666 Θεοῦ

2055 711 2190 772 ἐστι,
2219 709 2311 761 καὶ
2335 709 2434 778 τῆς
2467 710 2545 771 εἰς
2561 708 2720 761 αὐτὸν
2768 709 3011 776 ἀγάπης,
3050 707 3146 759 καὶ
3194 706 3334 774 ὑπὲρ
3366 705 3486 758 ὅλου
3535 704 3638 758 τοῦ

2056 801 2260 862 ἔθνους.
2295 800 2463 853 Πλέον
2489 801 2544 852 δὲ
2583 800 2722 872 ὑπὲρ
2783 799 3026 868 ἀδελφῶν
3070 795 3179 851 τῶν
3223 797 3553 868 ὁμοπεστων,
3586 799 3642 850 εἰ

2055 892 2229 961 τύχοι,
2255 892 2348 943 καὶ
2390 891 2530 960 ὑπὲρ
2549 890 2844 958 γυναικῶν,
2882 892 2976 943 καὶ
3019 889 3247 955 τέκνων,
3285 891 3380 942 καὶ
3438 890 3639 960 πατρί-

2058 982 2146 1044 δος
2175 999 2187 1013 ο
2224 983 2317 1034 καὶ
2336 983 2416 1034 ὅτι
2443 982 2637 1034 αἱωνία
2675 982 2825 1051 μένει
2864 981 3051 1052 μνήμη
3097 980 3206 1033 τῶν
3237 980 3644 1046 ἀριστευόντὶυν

2062 1075 2206 1128 κατά
2242 1075 2511 1144 πολέμους
2547 1074 2685 1145 ὑπὲρ
2715 1075 2812 1144 τῆς
2862 1074 2968 1126 τῶν
2999 1074 3247 1142 ἀδελφῶν
3283 1073 3640 1146 ὲλευθερίας’

2062 1170 2156 1220 καὶ
2189 1168 2270 1220 ὃτι
2295 1166 2438 1219 κατά
2467 1166 2576 1219 τῶν
2601 1166 2695 1218 τοῦ
2724 1166 2858 1218 Θεοῦ
2889 1165 3099 1237 ἐχθρῶν
3120 1166 3147 1216 ὁ
3179 1165 3434 1228 τοσοῦτος
3467 1166 3640 1234 ἀγών·

2062 1260 2154 1312 καὶ
2181 1259 2260 1310 ὅτι
2286 1260 2444 1328 ἡμεῖς
2477 1258 2576 1326 μὲν
2612 1257 2701 1310 τὸν
2740 1258 2872 1310 θεὸν
2918 1257 3116 1326 ἔχομεν
3135 1256 3286 1324 φίλον
3309 1257 3400 1308 τὸν
3448 1257 3644 1326 ἔχοντα

2061 1351 2308 1418 ἐξουσίαν
2329 1351 2428 1420 τῆς
2452 1350 2622 1420 ῥοπῆς
2644 1350 2737 1402 τοῦ
2764 1349 3023 1418 πολέμου,
3053 1351 3254 1402 ἐκεῖνοι
3297 1347 3354 1400 δὲ
3387 1349 3638 1401 ἐναντίον

2063 1443 2224 1495 αὐτὸν
2246 1444 2428 1512 έχουσι
2463 1443 2550 1495 διὰ
2595 1443 2695 1512 τῆς
2726 1443 2806 1506 εἰς
2853 1441 3013 1494 αὐτὸν
3058 1441 3336 1504 ἀπιστίας,
3381 1441 3475 1494 καὶ⁷
3509 1441 3648 1493 εἴτι

2064 1534 2254 1604 ἕτερον
2303 1533 2515 1595 τούτοις
2563 1533 2750 1603 ὅμοιον
2804 1531 3151 1594 ἐπινοοῦντας
3210 1531 3481 1584 ποιεῖσθαι
3544 1531 3652 1602 τὴν

2069 1621 2480 1694 προτρεπτικὴν
2502 1622 2806 1676 νουθεσίαν.
2838 1621 3016 1676 Πολλά
3055 1621 3162 1692 γὰρ
3195 1621 3368 1692 ἰσχύει
3405 1621 3652 1684 τοιοῦτος

1998 1720 2044 1780 Β
2069 1715 2225 1785 λόγος
2248 1715 2519 1785 εὐκαίρως
2547 1716 2832 1786 γινόμενος
2877 1715 3143 1784 διεγεῖραι
3200 1713 3378 1783 ψυχάς
3440 1714 3648 1784 μᾶλλον

2069 1807 2102 1876 ἣ
2140 1823 2245 1876 χρη
2257 1806 2442 1875 μάτων
2475 1803 2703 1875 πλῆθος.

2132 1904 2232 1966 (ιγ’.
2268 1899 2389 1951 Ἔτι
2415 1897 2470 1950 δέ
2500 1914 2582 1950 σοι
2609 1898 2702 1950 καὶ
2731 1898 2891 1949 τοῦτο
2943 1897 3002 1950 οὐ
3063 1895 3384 1968 παραλείψω
3409 1909 3423 1926 ο
3455 1895 3651 1966 ἐπειδὴ

2071 1989 2178 2061 γὰρ
2203 1989 2429 2042 δυνατόν
2473 1990 2590 2041 ἐστι
2646 1989 3159 2059 καταστοχάσασθαι
3207 1990 3334 2053 τούς
3368 1990 3650 2053 ἐναντίους

2072 2080 2168 2148 τῆς
2194 2079 2488 2150 ποσότητος
2541 2079 2632 2131 τοῦ
2665 2080 2940 2149 ἡμετέρου
2983 2080 3215 2150 στρατοῦ
3249 2081 3325 2143 ὡς
3376 2079 3470 2133 ἐπὶ
3514 2079 3652 2133 πολὺ

2073 2168 2160 2221 διά
2186 2149 2279 2220 τού
2313 2166 2553 2237 ἀριθμοῦ
2594 2167 2702 2219 τῶν
2744 2167 2972 2236 βάνδων,
3007 2149 3304 2236 ἀναγκαῖον
3336 2162 3474 2220 εἶναι
3499 2167 3654 2236 λογι-

2076 2258 2280 2328 ζόμεθα
2301 2258 2393 2311 δύο
2444 2259 2605 2327 ὅμοια
2644 2259 2806 2328 βάνδα
2866 2259 2990 2312 καθ’
3045 2260 3278 2312 ’ἑκαστον
3339 2259 3549 2329 τάγμα,
3591 2259 3653 2312 ἓν

2080 2356 2177 2423 μὲν
2201 2357 2260 2408 τὸ
2281 2335 2599 2410 αὐθεντικὸν
2621 2359 2680 2408 τὸ
2733 2357 2947 2425 ὀφεῖλον
2990 2357 3076 2408 ἐπ’
3099 2357 3327 2426 ὀνόματι
3370 2350 3508 2410 εἶναι
3543 2355 3641 2408 τοῦ

2078 2447 2334 2516 κόμητος,
2361 2447 2546 2516 ἕτερον
2574 2447 2629 2499 δὲ
2656 2445 2714 2500 τὸ
2761 2446 2853 2499 τοῦ
2889 2449 3209 2518 κεντάρχου,
3245 2448 3338 2500 καὶ
3366 2447 3656 2517 ἀμφότερα

2077 2539 2145 2591 τὰ
2185 2539 2350 2608 βάνδα
2394 2538 2758 2608 βαστάζεσθαι
2817 2541 2980 2610 μέχρι
3012 2541 3108 2610 τῆς
3160 2541 3373 2610 ἡμέρας
3433 2539 3526 2592 τοῦ
3559 2557 3658 2592 πο-

2078 2629 2268 2698 λέμου.
2296 2631 2449 2682 Κατά
2479 2628 2649 2700 αὐτὴν
2674 2630 2728 2682 δὲ
2759 2630 2856 2700 τὴν
2891 2633 3110 2702 ἡμέραν
3147 2631 3245 2701 τῆς
3293 2630 3566 2701 συμϐολῆς
3589 2629 3661 2683 τὰ

2082 2721 2376 2772 αὐθεντικὰ
2398 2722 2490 2774 καὶ
2539 2723 2674 2791 μόνα
2711 2721 2877 2790 βὲινδα
2917 2721 3210 2790 ὐψοῦσθαι,
3242 2721 3383 2775 ὥστε
3423 2721 3497 2792 μὴ
3528 2721 3662 2772 πολ-

2089 2810 2192 2862 λῶν
2231 2811 2438 2880 βάνδων
2491 2811 2813 2881 ὑψουμένων
2857 2812 3051 2879 φύρειν
3096 2811 3398 2880 ﬁmum:an
3448 2811 3542 2864 καὶ
3571 2812 3664 2863 ἀνσ-

2084 2900 2392 2966 επξγνωστα
2432 2887 2684 2970 γενέσθαι
2725 2904 2837 2964 τοῖς
2878 2901 3031 2964 ἰδίοις
3062 2901 3241 2954 αὐτῶν
3266 2900 3621 2972 στρατιώταις
3644 2916 3657 2930 ’

2086 2993 2332 3046 ἐντεῦθεν
2359 2997 2466 3066 γὰρ
2521 2995 2742 3048 δυνατόν
2792 2997 2908 3047 ἐστι
2953 2995 3050 3048 καὶ
3099 2995 3372 3049 πολὺντδν
3432 2996 3660 3064 στρατὶν

3075 3089 3448 3156 εὐεπίγνωστα
3541 3107 3665 3158 ea.-

481 3277 571 3331 Ἠ.
622 3276 761 3329 Ante
818 3274 944 3329 belli
994 3273 1161 3336 diem,
1214 3280 1270 3327 et
1303 3271 1513 3341 aliquot
1577 3280 1836 3340 prteterea
1873 3281 1980 3323 ante

2137 3265 2255 3319 -οδ’.
2296 3265 2406 3333 Πρὸ
2435 3265 2489 3317 δέ
2523 3283 2682 3317 τινων
2713 3265 2935 3335 ἡμερῶν
2965 3266 3059 3320 τοῦ
3094 3267 3285 3337 καιροῦ
3336 3268 3436 3337 τῆς
3468 3269 3664 3338 συμϐο-

413 3368 626 3430 diebus,
662 3365 1074 3420 exhortationes
1120 3363 1368 3433 quaedam
1395 3366 1526 3416 liant
1549 3362 1612 3416 ad
1641 3361 1989 3416 exercitatio-

416 3477 514 3517 nes
549 3459 899 3528 reliquosque
968 3470 1149 3511 metus
1207 3457 1432 3511 bellicos
1493 3454 1746 3509 alacriter
1814 3455 1990 3508 susci-

419 3547 684 3618 piendos:
722 3546 1100 3615 unusquisque
1150 3547 1294 3599 enim
1329 3545 1642 3599 turmarclta
1665 3560 1798 3599 suos
1836 3544 1974 3598 advo

423 3640 594 3705 cabit,
624 3648 679 3693 et
711 3639 853 3709 apud
886 3652 983 3692 eos
1013 3637 1175 3690 verba
1209 3637 1275 3691 ad
1333 3637 1477 3690 hunc
1505 3646 1600 3690 aut
1653 3637 1992 3692 consimilem

422 3732 644 3788 modum
678 3731 837 3784 Faciet
866 3747 878 3783 :
907 3728 1027 3782 Non
1057 3737 1258 3783 temere
1287 3728 1402 3782 haec
1428 3729 1874 3782 exercitationum
1905 3744 1995 3797 ge-

425 3835 555 3875 nera
587 3835 616 3873 a
648 3819 943 3887 majoribus
972 3818 1197 3880 nostris,
1223 3825 1385 3885 atque
1405 3817 1568 3869 etiam
1601 3817 1669 3870 ab
1705 3819 1998 3887 imperato-

428 3909 580 3963 ribus
643 3917 754 3961 tum
789 3907 1205 3970 recentioribus,
1240 3915 1354 3959 tum
1394 3907 1797 3975 antiquioribus
1839 3909 1994 3962 insti-

429 4006 543 4054 tuta
567 4007 714 4052 sunt.
738 3996 925 4067 Neque
954 3998 1072 4052 sine
1095 4012 1260 4051 causa
1286 3999 1366 4052 ha:
1396 3999 1704 4053 artiﬁciosae
1757 3999 1996 4054 acierum

429 4090 843 4152 instructiones,
896 4097 1011 4144 tum
1060 4089 1401 4154 orbiculata}.
1452 4090 1753 4161 reliquique
1816 4103 1999 4146 motus

429 4182 610 4237 bellici
681 4181 957 4235 adinventi
1017 4191 1164 4235 sunt.
1200 4179 1255 4234 Si
1279 4183 1424 4236 enim
1474 4192 1712 4252 agrestes
1762 4182 1905 4248 ferae,
1944 4192 2002 4238 ut

429 4274 664 4344 lepores,
699 4273 892 4336 dante,
926 4287 989 4328 ac
1021 4273 1243 4342 reliquae
1291 4281 1615 4343 contemptae
1646 4274 1851 4341 bestiae,
1879 4291 2000 4329 eum

430 4382 522 4423 eas
562 4367 808 4421 venando
839 4367 1250 4436 consequimur,
1293 4382 1398 4421 non
1423 4368 1647 4422 omnino
1696 4367 1911 4436 longius
1947 4369 2002 4422 in

430 4461 695 4514 directum
733 4459 1044 4528 aufugiunt,
1092 4460 1184 4514 sed
1225 4460 1279 4514 in
1315 4460 1719 4516 contentionem
1747 4471 1800 4515 et
1831 4460 2001 4531 impe-

431 4561 547 4608 tum
577 4563 901 4608 venatorum
939 4553 1235 4618 intuentes,
1269 4553 1349 4606 sic
1379 4569 1436 4607 se
1471 4553 1910 4617 accommodant,
1947 4565 2003 4606 ut

2094 3359 2190 3427 λῆς
2231 3358 2317 3410 ὅτε
2371 3357 2604 3426 μάλιστα
2663 3357 2755 3408 καὶ
2815 3358 3230 3427 προγυμνασίαν
3284 3359 3364 3410 δεῖ
3414 3361 3662 3426 γενέσθαι

2092 3450 2200 3504 τῶν
2228 3466 2284 3502 τε
2319 3448 2796 3519 παραγγελμάτων
2826 3450 2918 3500 καὶ⁵
2969 3449 3078 3501 τῶν
3112 3450 3350 3519 μερικῶν
3380 3452 3662 3520 κινήσεων,

2093 3541 2174 3595 δεῖ
2197 3542 2320 3605 τούς
2351 3542 2588 3610 ἑκάστης
2626 3540 2870 3609 τούρμας
2895 3542 3160 3611 ἄρχοντας
3194 3543 3663 3612 μετακαλέσασθαι

2097 3633 2190 3686 καὶ
2219 3631 2535 3700 διαλαλῆσαι
2573 3630 2706 3698 πρὸς
2732 3632 2858 3692 τοὺς
2891 3631 2984 3682 τοῦ
3043 3633 3171 3685 ἰδίου
3207 3634 3407 3703 μέρους
3451 3635 3520 3686 τὰ
3572 3635 3664 3704 ἀρ-

2100 3719 2455 3794 μόδια,·οἷον·
2496 3726 2576 3778 ὃτι
2604 3727 2674 3778 Οὐ
2713 3727 2888 3795 μάτην
2934 3728 2988 3778 αἱ
3027 3730 3324 3796 γυμνασίιι
3367 3728 3474 3780 τῶν
3509 3746 3666 3798 στρα-

2099 3816 2308 3869 τιωτῶν
2343 3817 2492 3886 παρά
2522 3835 2579 3869 τε
2607 3818 2714 3870 τῶν
2749 3818 2992 3870 παλαιῶν
3029 3821 3121 3871 καὶ
3150 3820 3256 3871 τῶν
3305 3821 3440 3873 νέων
3474 3837 3665 3890 στρατη

2107 3906 2258 3976 ηγῶν
2295 3906 2641 3976 ἐξετέθησαν,
2676 3909 2769 3960 καὶ
2803 3909 2858 3960 αἱ
2900 3910 3039 3962 κατὰ
3088 3911 3285 3979 τέχνην
3340 3912 3665 3982 παρατάξεις

2101 4001 2194 4050 καὶ
2220 4000 2273 4051 αἱ
2299 3999 2385 4053 ἐπ’
2411 4000 2626 4062 εὐθείας
2647 4001 2740 4052 καὶ
2772 4001 2912 4053 κατά
2964 4000 3193 4064 κύκλους
3250 4003 3344 4054 καὶ
3381 4003 3512 4057 ἄλλα
3535 3989 3679 4072 σχήο.

2106 4108 2251 4160 ματα
2291 4093 2554 4162 κινήσεις.
2608 4092 2669 4144 Εἰ
2696 4092 2804 4162 γὰρ
2837 4093 3003 4164 ἄγρια
3056 4093 3168 4156 ζῶα
3202 4093 3525 4164 διωκόμενα,
3564 4091 3667 4148 οἷον

2102 4185 2288 4254 ἔλαφοι
2316 4186 2410 4238 καὶ
2436 4185 2710 4254 λαγωοὶ,ἢ
2746 4186 2873 4238 ἄλλο
2910 4204 2961 4238 τι
2992 4189 3101 4239 τῶν
3157 4188 3390 4240 εὐτελῶν
3413 4188 3564 4252 ζώων
3617 4191 3669 4241 ἐν

2103 4280 2217 4340 τοῖς
2252 4278 2532 4348 κυνηγίοις
2558 4278 2618 4330 οὐ
2655 4278 2872 4342 πάντως
2929 4278 3131 4343 ἔξωθεν
3189 4280 3293 4344 ἔξω
3324 4284 3416 4332 καὶ
3466 4282 3550 4333 ἐπ’
3583 4281 3667 4333 εὐ-

2107 4371 2256 4432 θείας
2281 4369 2378 4440 τὴν
2410 4371 2592 4439 φυγὴν
2647 4370 2946 4432 ποιοῦνται,
2981 4371 3094 4423 ἀλλ’
3129 4373 3505 4426 ἀποϐλέποντα
3546 4375 3670 4446 πρδς

2105 4461 2195 4514 τὸν
2225 4461 2376 4514 τόνον
2405 4463 2500 4513 καὶ
2541 4461 2640 4530 τὴν
2671 4461 2848 4531 ὁρμὴν
2878 4461 2987 4514 τῶν
3050 4461 3438 4533 ἐπιτιθεμένων
3473 4466 3669 4530 αὐτοῖς,

2108 4553 2279 4616 οὕτως
2324 4553 2420 4606 καὶ
2477 4552 2573 4616 τάς
2635 4553 3013 4623 ὑποχωρήσεις
3069 4553 3380 4608 ποιοῦνται·
3417 4556 3568 4626 πόσῳ
3603 4558 3674 4609 δεῖ

429 4644 658 4699 evadere
683 4645 892 4714 possint
925 4661 939 4697 :
973 4652 1180 4714 quanto
1222 4645 1398 4714 magis
1421 4645 1667 4700 homines
1697 4645 1980 4715 intelligen'

2113 4646 2311 4716 μᾶλλον
2341 4647 2466 4708 τούς
2499 4644 2819 4715 ἀνθρώπους
2861 4647 2919 4697 ἐν
2963 4646 3176 4698 συνέσει
3210 4646 3389 4713 ὄντας,
3423 4649 3514 4701 καὶ
3542 4650 3673 4718 ὑπὲρ

431 4738 502 4792 tia
542 4737 828 4806 praeditos,
887 4745 940 4790 ct
997 4737 1063 4790 de
1122 4737 1333 4804 magnis
1381 4738 1541 4791 rebus
1588 4738 1998 4804 contendentes,

427 4837 633 4884 attente
667 4839 720 4883 et
762 4826 1034 4882 industrie
1101 4837 1215 4880 tum
1249 4825 1662 4896 persequendis
1726 4827 1995 4892 hostibus,

430 4929 544 4974 tum
583 4917 944 4984 declinandis,
977 4919 1029 4970 in
1060 4916 1252 4986 prmlio
1281 4931 1502 4985 Operam
1533 4931 1734 4971 navare
1767 4928 1997 4986 oportet,

429 5024 606 5079 neque
637 5009 793 5078 quasi
827 5006 967 5078 aq’ljn
1006 5009 1058 5061 in
1095 5009 1232 5062 hanc
1265 5015 1360 5060 aut
1397 5007 1542 5060 illam
1569 5015 1776 5076 partem
1802 5007 1998 5078 jactari

430 5113 594 5172 atque
623 5101 846 5166 eﬂundi,
889 5101 932 5155 si
971 5101 1054 5156 vel
1085 5117 1278 5172 magna
1304 5101 1484 5170 aliqua
1517 5101 1757 5156 incursio
1787 5103 1856 5156 ab
1896 5103 2000 5156 illis

430 5194 545 5259 liat,
598 5194 682 5248 vel
733 5193 1253 5264 aliquisanobisin
1308 5193 1431 5247 illos
1484 5195 1716 5262 impetus
1752 5196 1998 5261 exsistat,

431 5281 720 5339 immodice
774 5285 1092 5340 alterutram
1130 5288 1183 5339 in
1214 5300 1420 5354 partem
1489 5285 1638 5351 l'erri,
1674 5288 1768 5342 sed
1817 5291 2001 5344 omnia

433 5375 725 5443 sustinere,
753 5386 812 5430 ut
841 5378 1122 5432 victoriam
1158 5379 1374 5432 tandem
1408 5378 1802 5449 adipiscantur.

513 5467 600 5522 75.
630 5469 818 5541 Neque
835 5472 980 5526 enim
1013 5473 1078 5527 ad
1101 5487 1327 5541 parvum
1378 5473 1610 5541 spatium
1650 5474 1862 5544 insequi
1902 5478 2002 5529 ho-

431 5567 564 5624 stes,
591 5568 644 5614 et
668 5569 780 5616 tum
806 5563 1102 5630 dimittere,
1143 5565 1373 5619 victoria
1409 5567 1644 5634 putanda
1675 5577 1758 5622 est
1787 5587 1799 5622 :
1825 5582 2002 5638 neque

431 5669 624 5712 rursus
648 5655 926 5725 paululum
949 5660 1309 5728 retrocedere,
1335 5675 1636 5732 rursusque
1663 5662 1716 5716 in
1740 5678 1834 5718 eos
1865 5679 2000 5718 eon-

2114 4738 2362 4808 μεγάλων
2419 4737 2761 4808 πραγμάτων
2822 4738 3255 4808 ἀγωνιζομένους
3308 4741 3673 4810 προσεχόντως

2111 4830 2332 4892 καὶτὰς
2390 4828 2602 4895 διώξεις
2655 4830 2748 4880 καὶ
2801 4829 2896 4892 τὰς
2946 4831 3327 4899 ὑποχωρήσεις
3406 4831 3673 4884 ποιεῖσθαι

2111 4923 2168 4974 ἐν
2236 4923 2358 4984 τοῖς
2389 4921 2635 4991 μάχαιςε
2678 4922 2787 4976 Καὶ
2846 4925 2919 4993 μὴ
2973 4923 3163 4993 ῶσπερ
3218 4926 3313 4976 ἐπὶ
3369 4923 3559 4988 ὓδατος
3589 4925 3677 4978 ἐπὶ

2109 5013 2176 5066 τὰ
2233 5014 2714 5084 ἕμπροσῧενῆέπὶ
2760 5014 2826 5066 τὰ
2884 5014 3057 5067 ὀπίσω
3111 5015 3420 5085 ἐκχέεσθαι,
3455 5020 3671 5087 μικρᾶς,

2109 5106 2180 5165 ὼ,
2214 5106 2381 5170 εἰκὸς,
2410 5105 2552 5169 τινὸς
2585 5105 2841 5175 ὠθήσεως
2869 5105 2901 5175 ἢ
2933 5108 3041 5169 τοῖς
3064 5105 3275 5176 ἐχθροῖς
3303 5109 3618 5178 γενομένης,
3646 5109 3672 5177 ἢ

2038 5223 2071 5260 ο
2111 5200 2238 5269 παρ’
2265 5200 2444 5252 αὐτῶν
2468 5199 2814 5268 ἐπειγομένης
2854 5201 2946 5251 καὶ
2981 5200 3234 5269 ἀμέτρως
3263 5199 3435 5264 οὕτως
3465 5201 3676 5254 ἐλαυνο-

2115 5291 2307 5360 μένους
2333 5291 2689 5348 κινδιινεύειν.
2721 5291 2856 5346 ἁλλά
2882 5291 3057 5343 πάντα
3087 5293 3400 5361 ὑπομένειν,
3435 5292 3573 5346 ὥστε
3624 5294 3674 5358 ἐξ

2111 5381 2426 5451 οἱουδήποτε
2463 5381 2663 5451 τρόπου
2703 5381 3027 5444 σπουδάζειν
3062 5383 3216 5450 νικᾷν
3244 5383 3336 5435 τὸν
3361 5382 3577 5453 ἐχθρόν.

2182 5474 2315 5525 Οὐδὲ
2342 5473 2449 5544 γὰρ
2486 5475 2546 5526 τὸ
2573 5474 2710 5544 πρὸς
2733 5473 2917 5542 ὀλίγον
2947 5472 3133 5537 διῶξαι
3163 5473 3254 5527 τὸν
3303 5475 3546 5528 ἐναντίον
3591 5473 3678 5526 καὶ

2108 5565 2327 5634 ἀφιέναι
2369 5566 2550 5619 τελεία
2584 5569 2709 5638 νίκη
2769 5568 2954 5620 ἐστίν·
3020 5567 3139 5619 οὐδὲ
3190 5567 3251 5619 τὸ
3295 5566 3432 5637 πρὸς
3490 5566 3677 5638 μικρὸν

2109 5661 2480 5732 ὑποχωρῆσαι,
2502 5663 2595 5716 καί
2617 5658 3243 5732 πάλινζάντιστραφῆναι,
3263 5660 3318 5712 αἱ
3345 5654 3527 5738 ἧττα-ι,
3554 5659 3679 5738 ἀλλὰ
