4052 6216
290 260 400 326 82‘)

1318 243 1655 306 TACTICA.
1692 259 1757 277 "'
1820 230 2326 298 CONSTITUTIO
2366 229 2500 291 XII.

3452 227 3560 294 830

290 376 401 430 ἀπο
429 368 525 426 τοῦ
551 368 789 438 πέρατος
816 362 909 418 τοῦ
938 358 1177 432 πολέμου
1200 358 1433 430 ἑκάτερα
1461 357 1758 420 δείκνυται,
1786 351 1881 407 καὶ

2005 349 2141 415 πονιί,
2181 346 2409 402 offensio
2471 340 2596 398 belli
2660 338 2946 396 indicanda
3001 346 3105 403 est,
3153 337 3248 394 sed
3313 351 3381 392 ex
3433 338 3560 393 belli

292 466 427 540 πρὸς
450 462 584 519 αὐτὸ
610 462 691 515 δεῖ
716 455 1103 529 ἀγωνίζεσθαι.
1142 451 1328 508 Ταῦτα
1358 452 1454 505 καὶ
1480 450 1691 513 τούτοις
1718 449 1883 519 ὃμοια

290 559 369 631 τῷ
400 551 619 628 στρατῷ
646 550 921 606 διαλαλεῖν
955 546 1326 618 χρεωστοῦσιν
1340 545 1390 598 οί
1420 543 1654 597 ἑκάστου
1682 540 1883 612 μέρους

291 648 636 723 τουρμάρχαι
667 643 765 699 καὶ
797 642 942 705 ἰδίως
968 642 1079 705 τοῖς
1107 640 1257 704 ἰδίοις
1290 635 1677 709 στρατιώταις.

362 832 471 893 ος’.
499 826 572 879 Σὺ
600 824 658 877 δὲ
693 822 835 892 μετὰ
862 820 960 892 τὴν
1002 819 1312 884 ἰδιάζουσαν
1365 816 1476 872 τῶν
1512 812 1881 888 τουρμαρχῶν

296 923 393 973 καὶ
430 914 741 986 γυμνασίαν
772 912 866 966 καὶ
903 909 1204 973 διαλαλιὰν,
1230 901 1275 961 ὦ
1328 905 1628 977 στρατηγέ,
1695 900 1881 968 τάξεις

297 1012 378 1074 εἰς
408 1010 466 1063 τδ
500 1007 646 1072 ἅπαξ
669 1005 702 1077 ἢ
728 1005 823 1058 καὶ
849 1004 910 1056 τὸ
939 1002 1074 1057 πολὺ
1109 1001 1368 1073 δεύτερον
1399 998 1499 1070 τὴν
1533 999 1662 1069 ὃλην
1697 996 1877 1067 παρά-

299 1103 476 1169 ταξιν,
507 1102 602 1154 καὶ
633 1097 835 1169 ὁμοίως
852 1096 1219 1166 καταστήσεις
1250 1092 1452 1154 αὐτοὺς
1480 1092 1575 1143 καὶ
1592 1090 1681 1143 διὰ
1706 1089 1884 1158 λόγων

300 1192 396 1245 καὶ
424 1190 492 1243 δι’
525 1188 703 1261 ἔργων
740 1185 991 1256 ἑτοίμους
1025 1179 1165 1238 εἶναι
1193 1183 1289 1238 καὶ
1319 1180 1620 1253 ἐμπείρους
1648 1181 1883 1234 πάντοτε

301 1283 437 1355 πρὸς
470 1282 598 1345 τοὺς
624 1279 956 1347 πολεμικοὺς
1001 1274 1243 1346 ἀγῶνας.

366 1461 463 1526 οζ’.
500 1459 882 1532 Παραγγείλῃς
912 1457 969 1511 δὲ
998 1460 1109 1521 τοῖς
1158 1457 1261 1527 τῆς
1315 1453 1543 1528 πρώτης
1598 1455 1720 1527 ἦτοι
1781 1452 1886 1523 τῆς

305 1552 591 1625 προμάχου
628 1550 837 1615 τάξεως
888 1549 1171 1620 ἄρχουσιν,
1197 1548 1337 1603 ὥστε
1384 1546 1463 1617 τῷ
1511 1546 1662 1616 μέσῳ
1698 1543 1885 1598 πείθε-

307 1643 432 1698 σθαι
481 1642 660 1714 μέρει,
703 1640 834 1696 ἔνθα
882 1641 973 1695 τὸν
1017 1639 1432 1710 ὑποστράτηγόν
1469 1654 1565 1691 σου
1595 1635 1887 1706 συμϐαίνει

1984 442 2138 497 exitu
2175 439 2362 495 omnia
2393 433 2735 497 aestimanda,
2774 441 2940 502 atque
2965 432 3031 487 ad
3065 445 3193 486 eum
3232 428 3564 487 conferenda

1985 543 2136 590 sunt.
2170 534 2298 587 Haac
2324 538 2490 600 atque
2539 527 2605 582 iis
2634 525 2835 582 similia
2858 523 3057 579 turmis
3088 523 3205 579 suis
3236 520 3567 578 turmarchte

1985 632 2234 689 narrent,
2303 619 2613 691 singulique
2638 624 2899 687 praeterea
2935 613 3201 670 militibus
3228 614 3346 669 suis
3373 613 3566 684 praeci-

1987 716 2157 788 piant.
2802 739 2835 758 ε

2061 806 2146 861 76.
2183 805 2263 859 Tu
2291 814 2500 869 autem,
2533 802 2855 872 imperator,
2923 810 3049 872 post
3077 800 3419 873 singulorum
3446 811 3565 855 tur-

1989 898 2336 953 marcliarum
2383 898 2832 968 reliquorumque
2877 893 3261 966 praefectorum
3322 893 3566 964 privatas

1989 990 2223 1045 militum
2264 1004 2491 1044 suorum
2516 989 2938 1044 exercitationes
2989 998 3155 1058 atque
3225 985 3566 1041 adhortatio-

1989 1099 2108 1148 nes,
2163 1083 2329 1139 semel
2366 1091 2542 1154 atque
2577 1081 2647 1137 ad
2678 1096 2954 1139 summum
3009 1081 3205 1135 iterum
3254 1079 3565 1136 universam

1989 1176 2163 1231 aciem
2219 1176 2481 1242 instrues,
2527 1175 2892 1244 similiterque
2945 1173 3104 1229 factis
3159 1188 3224 1230 ac
3260 1173 3424 1229 dictis
3467 1188 3568 1244 pa-

1990 1271 2139 1320 ratos
2184 1264 2398 1324 reddes.
2431 1276 2595 1335 atque
2643 1264 2710 1318 ad
2736 1278 2954 1318 omnem
2998 1262 3253 1318 bellicum
3285 1279 3445 1318 usum
3470 1262 3567 1318 lia-

1989 1357 2150 1412 biles.

2069 1448 2155 1502 77.
2186 1448 2478 1518 Prtecipics
2505 1448 2669 1503 etiam
2719 1448 2908 1517 prima:
2933 1489 2948 1512 ,
2977 1446 3092 1501 sive
3130 1447 3572 1519 propugnatricis

1991 1539 2131 1594 aciei
2169 1538 2462 1610 praefectis,
2496 1549 2555 1594 ut
2584 1540 2777 1595 medim
2799 1554 2916 1594 sua:
2941 1548 3134 1594 turmae
3168 1539 3570 1610 obtemperent,

1993 1633 2084 1687 ubi
2113 1634 2386 1702 princeps,
2418 1633 2535 1687 sive
2568 1643 2891 1702 propraetor,
2923 1632 3018 1703 qui
3068 1647 3213 1687 nunc
3242 1647 3356 1686 sua:
3403 1632 3569 1688 ditio~

303 1735 621 1800 τάσσεσθαι,
644 1735 763 1806 ἦτοι
823 1734 915 1787 τὸν
958 1733 1259 1802 λεγόμενον
1320 1731 1417 1785 νῦν
1475 1729 1570 1784 τοῦ
1644 1729 1880 1799 Ostiam;

2005 1726 2072 1781 iis
2098 1725 2404 1797 μεράρχηςυ
2465 1725 2580 1781 sive
2619 1724 2932 1779 turmarcha
2961 1724 3181 1787 dicitur,
3242 1725 3574 1779 constitutus

308 1828 614 1899 μεράρχην,
638 1827 734 1880 καὶ
759 1824 1005 1880 ἰσοῦσθαι
1033 1824 1202 1896 αὐτῷ,
1242 1824 1336 1878 καὶ
1357 1822 1475 1893 ἅμα
1521 1823 1622 1892 τὴν
1679 1821 1886 1891 συμϐοο

306 1917 405 1989 λὴν
431 1917 719 1973 ποιεῖσθαι.

373 2018 475 2083 οη¹.
539 2013 649 2066 Καὶ
713 2010 917 2081 ταύτης
976 2009 1278 2082 γενομένης
1356 2010 1452 2063 ἐὰν
1499 2006 1784 2078 τρχπῶσιν
1838 2007 1889 2062 oi

310 2101 517 2173 ἐχθροὶ,
545 2101 672 2166 τοὺς
701 2102 799 2173 μὲν
828 2100 1132 2173 κούρσορας
1156 2102 1254 2155 σὺν
1284 2101 1477 2171 ὲλασίᾳ
1530 2102 1707 2171 ὁρμᾷν
1747 2098 1890 2153 κατὰ

311 2191 493 2247 αὐτῶν
516 2195 595 2257 εἰς
618 2192 895 2259 ἐπιδίωξιν
916 2194 1022 2256 ἕως
1053 2192 1216 2245 αὐτοῦ
1240 2190 1333 2246 τοῦ
1358 2192 1631 2261 φοσσάτου
1684 2190 1886 2245 αὐτῶν-

313 2283 440 2347 τοὺς
469 2282 525 2336 δὲ
571 2282 897 2352 διφένσορας
929 2280 1319 2336 ἐπακολουθεῖν
1348 2284 1407 2335 ὲν
1460 2280 1636 2346 τάξει,
1682 2284 1778 2334 καὶ
1817 2279 1892 2352 μὴ

314 2373 609 2443 ἀπομένειν
637 2388 650 2402 ·
686 2373 775 2426 ἴνα
820 2371 930 2425 τῶν
977 2369 1210 2442 ἐχθρῶν,
1256 2369 1332 2431 ὡς
1380 2369 1550 2433 εἰκὸς,
1596 2368 1883 2438 ἀντιστρε-

313 2467 589 2537 φομένων,
629 2464 726 2519 ἐὰν
761 2463 836 2537 μὴ
856 2463 1158 2534 δυνηθῶσιν
1181 2462 1449 2534 βαστάσαι
1474 2462 1525 2515 oi
1568 2460 1889 2532 κούρσορες,

314 2560 378 2612 ἐκ
406 2556 501 2610 τοῦ
533 2556 760 2625 πλησίον
785 2558 863 2620 είς
902 2556 1028 2619 τοὺς
1079 2554 1402 2626 διφένσορας
1453 2554 1893 2624 καταφεύγοντες

316 2649 478 2704 πάλιν
503 2649 731 2711 ἑαυτοὺς
758 2646 1212 2703 άνακαλέσονται.

380 2741 479 2795 σθ’.
525 2742 651 2795 Ἐάν
681 2741 863 2812 μέντοι
892 2743 951 2794 ὲν
999 2740 1139 2812 αὐτῇ
1169 2742 1236 2812 τῇ
1270 2738 1515 2812 συμϐολῇ
1546 2740 1731 2812 συμϐῇ
1769 2740 1801 2811 ἢ
1836 2738 1896 2794 ἓν

321 2833 484 2905 μέρος
537 2833 672 2904 ῆτὰ
720 2833 816 2888 ὅλα
860 2833 1152 2904 τραπῆναι,
1210 2833 1514 2903 ὑποχωρεῖν
1562 2833 1689 2895 τοὺς
1734 2830 1897 2903 κούρ-

320 2942 486 2997 σορας
513 2926 585 2988 ὡς
635 2926 727 2978 ἐπὶ
759 2925 859 2997 τὴν
891 2922 1155 2995 δευτέραν
1183 2924 1339 2989 τάξιν
1370 2925 1463 2977 ἐπὶ
1486 2922 1545 2977 ἓν
1574 2920 1613 2993 ἦ
1637 2922 1897 2996 δεύτερον

323 3017 722 3085 σαγιττόὸολον,
764 3016 861 3071 καὶ
891 3017 1052 3071 πάλιν
1082 3015 1541 3087 ἀντιστρέφεσθαι
1595 3017 1738 3069 κατὰ
1783 3016 1894 3069 τῶν

323 3076 533 3179 ἐχθρῶν
549 3107 691 3179 (92),
710 3076 832 3162 ⁷τῶν
850 3106 1097 3180 συνήθων
1129 3106 1224 3161 καὶ
1256 3076 1532 3177 άρμοδίων
1563 3106 1757 3177 φωνῶν
1782 3106 1900 3178 ἢτοι
1932 3076 1975 3137 C

323 3198 802 3273 παραγγελμάτων
838 3199 1167 3270 λεγομένων.
1739 3223 1742 3227 ~

394 3300 469 3348 π’.
494 3292 604 3346 Καὶ
629 3294 677 3345 εί
711 3290 811 3362 μὲν
835 3289 1137 3362 δυνηθῶσιν
1191 3291 1271 3354 είς
1321 3289 1501 3362 φυγὴν
1537 3289 1735 3364 τρέψαι
1774 3291 1903 3355 τοὺς

324 3382 419 3455 exe
429 3385 573 3453 ρους,
597 3381 815 3437 διώκειν
838 3383 979 3437 κατὰ
998 3381 1196 3436 αὐτῶν·
1218 3384 1267 3437 εί
1288 3383 1344 3436 δὲ
1375 3385 1450 3454 μή
1468 3400 1553 3452 γε,
1574 3385 1901 3455 ὑποχωρεῖν,

325 3479 418 3529 καὶ
451 3476 613 3530 πάλιν
641 3475 1117 3547 ἀντιστρέφεσθαι.
1167 3476 1227 3530 Et
1256 3476 1313 3529 δὲ
1358 3475 1508 3541 ἅπαξ
1554 3476 1586 3546 ἢ
1649 3476 1906 3548 δεύτερον

326 3570 706 3641 ἐγχειροῦντες
737 3568 814 3641 μὴ
843 3569 1136 3641 ίσχύσωσιν
1161 3570 1474 3640 ἁντωθῆσαι
1495 3570 1623 3634 τοὺς
1653 3570 1904 3641 ἕχθροὺς,

324 3663 448 3716 τότε
486 3664 585 3734 τῆς
630 3662 890 3736 δευτέρας
931 3661 1142 3731 τάξεως
1178 3661 1584 3733 ὲπιφθανούσης
1626 3661 1906 3731 καταφεύ-

325 3771 444 3823 γειν
469 3754 604 3826 πρὸς
627 3754 817 3825 αὐτὴν,
850 3754 945 3808 καὶ
971 3753 1061 3808 διὰ
1082 3754 1190 3809 τῶν
1207 3753 1477 3827 εὐκαίρων
1499 3753 1671 3824 αὐτῆς
1693 3754 1909 3825 χωρίων

328 3843 726 3915 παρέρχεσθαι,
782 3844 879 3898 καὶ
926 3846 985 3897 ὲν
1031 3844 1109 3915 τῷ
1145 3846 1348 3916 μεταξῦ
1402 3845 1733 3916 διαστήματι
1767 3843 1912 3899 κατὰ

326 3933 498 4005 οὐράν
522 3935 621 4007 τῆς
650 3935 909 4005 δευτέρας
953 3936 1051 3990 καὶ
1101 3938 1292 4009 τρίτης
1331 3936 1751 4008 ἑξελισσομένης
1794 3938 1911 4007 ἃμα

329 4026 394 4095 τῇ
428 4025 657 4098 δευτέρᾳ
684 4026 837 4094 τάξει
865 4026 1183 4099 δρουγγιετὶ
1203 4029 1371 4100 ἡγουν
1395 4027 1533 4101 ὁμοῦ
1564 4029 1913 4099 ἑσφιγμένως

330 4119 444 4182 τοῖς
476 4118 691 4189 ἐχθροῖς
722 4120 1073 4192 ἐπέρχεσθαι,
1117 4124 1209 4176 καὶ⁸
1238 4124 1332 4176 ἐὰν
1365 4122 1671 4194 τραπῶσιν,
1701 4123 1910 4177 ἐπακο-

333 4209 551 4264 λουθεῖν
581 4212 767 4273 αὐτοῖς
795 4212 981 4278 ὀξέως.

407 4301 522 4359 πα’.
550 4306 929 4381 flammati“;
966 4308 1136 4364 δὲκαὶ
1159 4310 1270 4373 τοῖς
1300 4309 1749 4380 πλαγιοφύλαξιν,
1771 4311 1914 4365 ὥστε

1991 1828 2345 1888 est,eta:qua
2414 1816 2595 1873 fronte
2645 1833 2770 1872 cum
2825 1817 2919 1872 illo
2958 1816 3234 1883 incedant,
3266 1814 3574 1886 eodemque

1996 1916 2241 1977 tempore
2260 1908 2515 1977 prtelium
2541 1909 2912 1962 committant.

2076 1998 2162 2054 78.
2197 1999 2311 2054 llac
2363 1999 2481 2055 acie
2550 1998 2843 2063 instructa,
2882 2001 2927 2053 si
2964 2007 3248 2054 vertantur
3303 1999 3488 2054 hostes
3520 1999 3576 2055 in

1994 2090 2200 2161 fugam,
2237 2104 2493 2146 cursores
2524 2090 2707 2145 statim
2732 2089 2800 2144 ad
2832 2089 3199 2157 inscquendos
3223 2104 3341 2155 eos,
3371 2104 3578 2160 usque-

1994 2183 2123 2237 dum
2152 2181 2218 2236 ad
2246 2180 2513 2236 fossatum
2540 2180 2757 2236 illorum
2812 2182 3181 2250 pervenerint,
3210 2181 3469 2236 omnibus
3494 2180 3575 2235 vi-

1996 2276 2150 2330 ribus
2172 2275 2533 2342 contendant;
2557 2274 2879 2331 defensores
2896 2285 3078 2331 autem
3105 2277 3157 2331 in
3187 2277 3304 2333 acie
3323 2277 3577 2332 instructi

1996 2377 2317 2440 sequantur,
2346 2378 2400 2425 et
2430 2384 2539 2424 non
2574 2368 2904 2433 consistant,
2937 2383 3027 2434 nr,
3053 2367 3099 2422 si
3122 2367 3309 2423 hostes
3346 2382 3578 2422 conver-

1999 2471 2181 2516 tantur
2211 2462 2434 2525 iterum,
2476 2473 2530 2517 et
2578 2462 2797 2516 illorum
2841 2461 3104 2530 impetum
3128 2475 3389 2516 cursores
3419 2461 3582 2516 susti-

1998 2570 2129 2610 nere
2177 2564 2469 2624 nequeant,
2513 2570 2680 2624 prope
2725 2554 2790 2609 ad
2842 2553 3163 2610 defensores
3212 2552 3584 2625 confugiendo

1998 2664 2218 2704 rursum
2250 2648 2464 2718 seipsos
2485 2648 2767 2718 colligant.
3574 2656 3579 2663 '

2074 2739 2161 2794 79.
2219 2738 2317 2795 Sin
2366 2740 2509 2794 inter
2569 2738 2971 2812 conﬂigendum
3008 2755 3117 2795 una
3157 2739 3340 2811 aliqua
3379 2750 3581 2805 turma,

1998 2841 2094 2887 aut
2118 2847 2312 2889 omnes
2332 2833 2494 2888 etiam
2532 2833 2587 2887 in
2624 2831 2808 2903 fugam
2835 2842 3139 2897 vertantur,
3171 2834 3239 2887 ad
3274 2832 3581 2889 secundam

2000 2926 2173 2980 aciem
2225 2927 2293 2980 ad
2324 2926 2488 2981 unius
2546 2934 2713 2995 atque
2748 2925 2976 2979 alterius
3036 2926 3250 2996 sagittae
3283 2926 3492 2995 jactum
3524 2941 3585 2981 se

2006 3019 2295 3089 recipiant,
2360 3035 2692 3089 rursumque
2750 3034 2811 3077 se
2871 3019 2938 3073 ad
2997 3018 3337 3073 invadendos
3398 3019 3584 3075 hostes

2008 3110 2353 3173 confirment,
2405 3111 2685 3167 consuetis
2709 3120 2765 3167 et
2810 3111 3021 3167 idoneis
3077 3110 3132 3165 in
3186 3111 3461 3182 principio
3491 3126 3585 3182 pu-

2005 3218 2126 3274 gna
2156 3204 2381 3259 vocibus
2406 3215 2459 3259 et
2484 3204 2830 3260 caeremoniis
2854 3204 3141 3259 adhibitis.

2078 3296 2168 3352 80.
2212 3295 2271 3351 Si
2298 3297 2482 3351 hostes
2510 3305 2767 3366 poterunt
2792 3295 2844 3349 in
2872 3294 3053 3366 fugam
3082 3296 3241 3359 verti,
3265 3295 3585 3368 insequendi

2006 3389 2186 3458 primo
2226 3398 2373 3455 sunt,
2404 3388 2600 3444 deinde
2637 3388 3000 3443 recedendum
3047 3389 3242 3442 iterum
3286 3390 3356 3444 ab
3394 3391 3493 3455 eis,
3532 3399 3587 3445 et

2006 3478 2075 3534 ad
2141 3493 2237 3533 eos
2280 3481 2463 3533 statim
2513 3480 2831 3535 vertendum
2891 3490 2994 3535 est.
3050 3479 3145 3535 Sin
3201 3482 3370 3537 semel
3424 3491 3590 3553 atque

2008 3572 2203 3627 iterum
2252 3570 2355 3626 lmc
2386 3573 2648 3627 tentando
2689 3588 2799 3627 non
2837 3572 3144 3643 proficitur,
3186 3574 3427 3629 secunda
3473 3575 3590 3630 acie

2011 3662 2266 3718 cominus
2298 3662 2412 3733 jam
2444 3664 2772 3720 adventante
2801 3665 3124 3736 confugiant
3151 3664 3216 3719 ad
3249 3681 3392 3732 eam,
3435 3674 3489 3720 et
3522 3667 3589 3721 ad

2011 3764 2317 3825 oppertuna
2342 3758 2593 3827 quoniam
2632 3758 2750 3812 loca
2785 3757 2932 3813 intus
2960 3774 3019 3813 se
3044 3757 3336 3829 recipiant,
3377 3758 3593 3830 hocque

2012 3845 2317 3902 intervallo;
2350 3849 2514 3918 spatii
2563 3849 2631 3903 ad
2679 3858 2984 3903 extremam
3039 3849 3213 3904 aciem
3273 3850 3472 3905 iterum
3535 3864 3595 3906 se

2012 3939 2316 4005 evolvente,
2378 3939 2544 3995 simul
2595 3954 2719 3995 cum
2770 3941 3009 3996 secunda
3060 3941 3353 4010 drungisti,
3409 3942 3461 3997 id
3514 3953 3597 3997 est

2016 4031 2304 4086 confertim
2336 4047 2401 4086 ac
2429 4032 2619 4098 dense,
2660 4032 2941 4099 invadant,
2975 4041 3030 4087 et
3064 4034 3111 4088 si
3156 4033 3208 4087 iu
3238 4032 3422 4105 fugam
3453 4036 3596 4091 versi

2018 4123 2242 4193 fuerint,
2273 4124 2421 4180 omni
2447 4125 2728 4180 alacritate
2762 4142 2857 4182 eos
2890 4128 3272 4197 insequantur.

2087 4303 2177 4360 8-l.
2216 4304 2502 4361 Lateranis
2529 4305 2696 4361 etiam
2728 4306 3037 4376 praecipies,
3071 4316 3131 4361 ut
3164 4306 3211 4362 si
3253 4307 3469 4378 longius
3509 4308 3598 4364 in-

333 4399 430 4454 ἐάν
466 4398 564 4471 μὲν
594 4401 934 4473 μακρότερον
965 4403 1163 4475 εὑρεθῇ
1201 4404 1262 4457 τὸ
1295 4403 1446 4469 ἄντις
1476 4404 1644 4477 κέρας
1674 4406 1906 4462 σπουδά-

2019 4401 2275 4455 veniatur
2313 4414 2482 4453 cornu
2527 4401 2764 4454 hostium
2810 4415 2950 4465 esse,
2987 4400 3258 4456 conentur
3299 4404 3365 4457 ad
3400 4417 3596 4469 cornu,

335 4488 449 4555 ζειν
483 4489 575 4545 ἐπὶ
604 4491 795 4563 κέρας,
818 4492 962 4547 τοῦτ’
1002 4492 1149 4548 ἔστιν
1187 4495 1280 4548 ἐπὶ
1307 4498 1598 4568 σκουτάριν
1642 4497 1906 4562 κλίνονται

2019 4494 2072 4547 id
2102 4502 2206 4557 est,
2235 4491 2302 4545 ad
2333 4501 2571 4558 scutum,
2600 4492 2715 4547 sive
2743 4493 2929 4547 laevam
2962 4493 3317 4559 inclinantes,
3354 4494 3419 4549 ad
3451 4509 3600 4550 eam-

335 4584 774 4640 συνεκτείνεσθαι
810 4585 982 4658 αὐτῷ,
1008 4588 1096 4642 ἶνα
1134 4588 1209 4659 μὴ
1242 4590 1333 4643 ὑπ’
1363 4591 1528 4645 αὑτοῦ
1564 4592 1924 4646 κατακύκλωι

334 4698 421 4746 σις
446 4681 526 4752 τῷ
553 4682 711 4754 μέρει
745 4684 992 4756 γένηται.
1038 4685 1105 4739 Ei
1134 4685 1192 4738 δὲ
1237 4684 1556 4754 κοντότερον
1605 4683 1805 4755 εὑρεθῇ
1862 4682 1925 4735 τὸ

335 4777 488 4841 am;
521 4779 712 4849 κέρας,
748 4776 1070 4842 σπουδάζειν
1096 4777 1392 4849 μηνοειδῶς
1429 4777 1597 4849 ἤγουν
1623 4777 1766 4832 κατὰ
1796 4778 1927 4847 ἡμι-

336 4866 560 4923 κύκλιον
628 4869 1005 4923 έπικλίνεσθαι
1061 4869 1158 4923 καὶ
1226 4869 1733 4942 έμπεριλαμϐάνειν
1788 4868 1921 4923 αὐτὸ

337 4958 542 5013 ἔσωθεν
560 4961 689 5032 πρὶν
719 4960 752 5031 ἢ
777 4960 838 5013 τὸ
867 4961 1031 5031 μέρος
1060 4961 1247 5034 φθάσῃ
1270 4961 1589 5033 συμϐαλεῖν,
1612 4958 1756 5014 τοῦτ’
1773 4959 1923 5013 ἐστιν

336 5052 468 5107 ὅταν
514 5053 682 5125 μέλλῃ
727 5055 760 5123 ἡ
821 5053 976 5127 φωνὴ
1030 5054 1135 5125 τῆς
1188 5055 1466 5124 συμϐολῆς
1525 5053 1765 5121 γίνεσθαι
1822 5053 1923 5120 τῆς

343 5145 547 5217 μάχης.
578 5147 643 5201 Εἰ
663 5146 720 5201 δὲ
753 5146 867 5201 ἴσον
899 5149 1046 5201 ἐστὶν
1078 5147 1139 5201 τὸ
1191 5147 1364 5211 ἄντις,
1394 5147 1579 5217 μένειν
1628 5146 1687 5199 ὲν
1715 5148 1780 5215 τῇ
1815 5145 1924 5215 ἰδία

339 5236 495 5302 τάξει
558 5236 634 5299 ὡς
683 5236 1036 5310 διφὲνσορας,
1093 5237 1187 5290 καὶ
1245 5234 1579 5307 συμϐάλλειν
1633 5233 1774 5305 μετὰ
1826 5232 1923 5286 τοῦ

347 5328 567 5399 μέρους·

420 5446 534 5517 πβ⁹.
568 5445 968 5520 Παραγγείλῃς
996 5446 1054 5502 δὲ
1101 5447 1197 5501 καὶ
1228 5448 1341 5512 τοῖς
1376 5445 1816 5517 ὑπερκεράσταις
1847 5444 1931 5498 ὅτι

2021 4584 2142 4639 dem
2169 4597 2389 4653 quoque
2421 4582 2813 4653 longitudinem
2849 4582 3099 4653 produci,
3137 4592 3196 4638 ut
3226 4599 3294 4638 ne
3328 4584 3397 4638 ab
3425 4584 3602 4637 hosti-

2024 4677 2128 4732 llus
2157 4685 2350 4731 turma:
2388 4685 2588 4730 ηομιιτυ
2619 4676 2986 4731 includantur.
3030 4676 3125 4733 Sin
3160 4676 3434 4732 concisius
3471 4676 3602 4731 fuc-

2026 4770 2097 4824 rit
2138 4769 2430 4823 adversum
2464 4782 2659 4831 cornu,
2692 4768 2885 4823 lunare
2933 4784 3029 4824 eos
3063 4776 3295 4839 oportet,
3326 4776 3381 4822 et
3405 4767 3471 4821 ad
3512 4781 3603 4822 se-

2029 4859 2300 4915 micirculi
2346 4858 2580 4913 formam
2628 4860 2920 4924 adducere,
2971 4869 3020 4913 et
3074 4859 3216 4912 intra
3256 4858 3604 4929 complexum

2030 4968 2190 5007 suum
2224 4952 2411 5008 hostes
2440 4968 2714 5017 coercere,
2741 4954 3060 5021 priusquam
3096 4962 3274 5005 turma
3311 4950 3605 5022 conﬂigere

2032 5060 2156 5099 cum
2195 5047 2350 5101 hoste
2395 5047 2640 5115 incipiat,
2685 5046 2788 5100 hoc
2829 5055 2934 5109 est,
2974 5045 3296 5114 priusquam
3329 5052 3608 5100 consuetae

2029 5150 2197 5191 voces
2254 5145 2382 5191 ante
2437 5152 2632 5191 manus
2683 5136 3052 5193 conserendas
3099 5152 3453 5211 usurpentur.
3512 5143 3609 5198 Sin

2033 5228 2241 5299 aequale
2278 5227 2444 5283 fuerit
2477 5229 2717 5283 hostium
2759 5245 2949 5295 cornu,
2988 5230 3042 5285 in
3082 5246 3183 5288 sua
3213 5236 3455 5305 ipsorum
3495 5238 3614 5292 acie

2035 5322 2194 5395 quasi
2225 5321 2542 5378 defensores
2565 5330 2729 5391 stent,
2769 5332 2823 5378 et
2861 5331 3096 5381 turmam
3131 5342 3287 5383 suam
3330 5328 3612 5400 adiuvent.

2113 5440 2209 5496 82.
2250 5438 2539 5510 Preceipies
2576 5440 2739 5497 etiam
2771 5442 3167 5513 cornistitibus,
3202 5447 3420 5518 quando
3445 5463 3616 5522 prope

1855 5562 2084 5621 ΝΟΤιΕ.

421 5683 536 5756 (θὶ)
561 5685 722 5743 Κατὰ
749 5684 869 5743 τῶν
896 5683 1149 5757 ἐχθρῶν.
1178 5680 1554 5750 Scribebatur,
1582 5677 1809 5736 καὶτῶν
1837 5677 2067 5750 ἐχθρῶν.
