4052 6216
498 295 599 361 831

1764 279 2042 343 LEONIS
2091 279 2551 343 PHILOSOPHI

3672 270 3810 337 832

501 420 558 465 te
606 406 808 463 fuerint
859 405 1066 465 hostes,
1128 408 1187 454 ut
1235 397 1470 462 duobus,
1506 405 1601 451 aut
1660 395 1833 450 tribus
1876 395 2085 465 sagittze

2199 396 2385 468 μέχρις
2414 391 2476 451 οὑ
2492 395 2760 464 γένωνται
2792 396 2840 449 οἱ
2873 391 3058 465 ἐχθροὶ
3090 390 3166 456 ὠς
3189 390 3304 446 ἀπὸ
3333 388 3431 446 δύο
3462 387 3806 459 σαγιττοϐά-

496 500 756 574 iactibus,
807 497 947 551 clam
980 493 1235 547 dextrum
1280 503 1450 543 cornu
1500 494 1934 558 consequantur,
1979 500 2083 539 una

498 595 731 650 cohorte
774 591 827 643 in
866 586 1140 641 anteriore
1190 591 1344 653 parte
1378 580 1447 635 ad
1498 579 1732 635 frontem
1788 579 2084 635 constituta

500 702 623 742 cum
658 684 882 739 decanis
944 676 1295 748 quintanisve
1320 674 1459 740 suis,
1496 673 1590 743 qui
1628 672 1695 728 ad
1725 673 1970 742 quinque
2005 672 2085 725 vi-

500 792 689 835 rorum
721 775 896 830 solum
925 754 1272 826 altitudinem
1309 775 1492 831 erunt,
1535 766 1581 821 si
1616 767 1824 820 strenui
1856 765 2084 829 fuerint,

2192 487 2301 542 λων
2332 489 2365 560 ἢ
2393 488 2560 561 τριῶν
2589 488 2689 559 τῆς
2720 486 3114 558 παρατάξεως,
3148 482 3463 553 λεληθότως
3500 483 3609 553 χρὴ
3638 499 3807 554 παρ·-

2187 584 2502 639 ακολουθεῖν
2534 583 2613 653 τῷ
2644 583 2803 654 δεξιῷ
2834 583 3021 652 κέρατι
3046 598 3061 614 ο
3096 581 3191 634 τοῦ
3225 587 3323 650 μὲν
3350 578 3471 643 eve;
3501 579 3808 649 τάγματος

2189 676 2541 747 ἐπιμέτωπον
2567 676 2733 745 ἧγουν
2766 673 3079 745 ἔμπροσθεν
3103 672 3319 742 ἔχοντος
3350 670 3480 733 τοὺς
3508 670 3808 741 δεκάρχας

2190 768 2223 840 ἢ
2254 768 2586 838 πεντάρχας·
2614 763 2846 835 ἀρκοῦσι
2871 765 2979 834 γὰρ
3008 762 3121 817 ἀπὸ
3144 762 3306 815 πέντε
3337 761 3499 832 μόνον
3517 760 3578 814 τὸ
3599 759 3800 831 βάθος,

500 871 713 940 reliqua
747 866 975 922 cohorte
1023 863 1280 917 universa
1312 858 1609 929 drungisti,
1667 858 1723 912 id
1767 867 1853 914 est
1918 857 2087 913 dense

2199 858 2283 911 ὲάν
2314 859 2421 911 εἱσι
2452 858 2753 929 χρήσιμοιο
2803 855 2897 910 τοῦ
2948 854 3005 908 δέ
3034 853 3224 925 ἐτέρου
3263 854 3551 924 τάγματος
3590 852 3803 923 δρουγο

497 974 553 1020 et
572 960 891 1025 confertim,
920 956 1050 1011 illud
1083 963 1365 1026 sequente.

570 1143 662 1197 83.
706 1139 915 1200 Banda,
960 1136 1015 1191 id
1049 1144 1155 1199 est,
1184 1133 1364 1203 capita
1406 1132 1627 1187 illorum
1661 1129 1779 1186 sive
1822 1127 2084 1198 insignia,

499 1250 571 1290 ne
597 1246 818 1287 sursum
849 1237 1033 1283 erecta
1069 1233 1309 1291 teneant,
1345 1225 1440 1279 sed
1482 1224 1763 1289 inclinata,
1788 1221 1917 1275 dum
1951 1235 2087 1274 usus

500 1333 694 1397 poscat
719 1338 782 1377 ea
828 1325 881 1375 in
930 1321 1110 1374 lucem
1140 1318 1325 1381 educi,
1364 1332 1430 1371 ne
1471 1318 1515 1371 si
1547 1327 1728 1371 erecta
1767 1316 1819 1368 in
1855 1328 2088 1382 conspe-

502 1430 593 1473 ctu
628 1417 866 1471 hostium
898 1422 1105 1475 essent,
1138 1412 1228 1481 qui
1268 1426 1327 1465 ea
1358 1418 1572 1480 gestant
1601 1408 1775 1478 magis
1811 1407 1880 1461 ab
1913 1406 2088 1460 hosti-

503 1514 607 1567 bus
648 1508 865 1565 insidiis
899 1514 1250 1577 appetantur.

574 1604 663 1657 ει.
724 1602 780 1657 Si
843 1600 1065 1670 longius
1132 1597 1423 1651 adversum
1491 1611 1664 1651 cornu
1735 1593 2084 1654 inveniatur,

503 1696 682 1765 primo
726 1692 793 1747 ad
828 1706 1025 1753 cornu,
1072 1689 1123 1743 id
1172 1688 1275 1754 est,
1319 1691 1530 1742 hastam
1575 1689 1688 1742 sive
1737 1686 1953 1749 laevam,
1992 1683 2088 1737 de-

2192 948 2339 1015 γιστὶ
2367 949 2537 1018 ἤγουν
2572 949 2811 1011 πυκνοὺς
2843 948 2939 1001 καὶ
2980 945 3116 1018 ὁμοῦ
3173 945 3403 1000 ὄπισθεν
3437 944 3608 1000 αὑτοῦ
3655 946 3800 999 ἀκο-

2191 1039 2533 1104 λουθοῦντας.

2261 1139 2375 1201 πγν.
2408 1134 2491 1188 Τά
2546 1132 2603 1187 δὲ
2671 1132 2859 1204 βάνδα,
2913 1133 3086 1203 ἤγουν
3120 1130 3221 1195 τὰς
3273 1129 3525 1200 κεφαλὰς
3579 1130 3797 1193 αὑτῶν,

2192 1226 2267 1296 μὴ
2308 1224 2445 1294 ὀρθὰ
2504 1227 2750 1298 κρατεῖν,
2792 1224 2927 1279 ἀλλὰ
2970 1223 3388 1295 ἐπικεκλιμένα,
3438 1222 3547 1289 ἕως
3593 1222 3799 1293 καιρὸς

2188 1317 2415 1387 γένηται
2447 1318 2636 1387 χρείας
2666 1315 2763 1368 τοῦ
2796 1314 3084 1386 φαίνεσθαι
3116 1314 3276 1378 αὑτὰ,
3305 1313 3388 1376 είς
3420 1312 3483 1364 τὸ
3528 1312 3605 1382 μὴ
3649 1327 3800 1382 προ-

2189 1406 2493 1475 φαινόμενα
2522 1409 2634 1470 τοῖς
2664 1406 2881 1476 ἐχθροῖς
2915 1404 3411 1473 ἐπιγινώσκεσθαι,
3456 1403 3553 1455 καὶ
3580 1401 3800 1472 μᾶλλον

2188 1497 2636 1552 ἐπιϐουλεύεσθαι
2661 1500 2752 1552 ὑπ’
2785 1498 2966 1551 αὑτῶν
2991 1498 3118 1561 τοὺς
3156 1496 3495 1569 κρατοῦντας
3548 1497 3721 1550 αὑτά.

2260 1589 2364 1643 πδ’.
2407 1590 2518 1645 Καὶ
2567 1590 2633 1644 ἂν
2675 1590 3018 1661 μακρότερον
3048 1589 3106 1641 τὸ
3140 1589 3293 1651 άντις
3332 1590 3503 1659 κέρας
3552 1588 3791 1661 εὑρεθῇ,

2192 1682 2458 1755 πρότερον
2492 1684 2583 1736 ἐπὶ
2619 1684 2786 1752 κέρας
2821 1682 3122 1747 κλίνεσθσι,
3164 1680 3309 1735 τοῦτ’
3335 1681 3485 1735 ἐστιν
3524 1684 3621 1735 ἐπὶ
3663 1700 3799 1734 κονι-

502 1785 817 1841 elinandum
870 1792 986 1845 cst,
1041 1780 1433 1851 paululumque
1485 1779 1737 1832 dextrum
1809 1790 1981 1832 cornu
2033 1775 2086 1827 in

2199 1749 2378 1846 rdptv,
2405 1774 2499 1827 καὶ
2534 1749 2715 1842 ὀλίγον
2744 1772 2841 1826 τοῦ
2868 1772 3045 1838 δεξιοῦ
3083 1773 3285 1844 μέρους
3324 1774 3382 1825 ἐν
3418 1773 3497 1843 τῷ
3548 1790 3801 1842 περιπα-

504 1875 853 1948 procedendo
906 1871 1146 1927 retardet
1203 1886 1284 1935 se,
1332 1882 1388 1924 et
1438 1869 1504 1923 ad
1541 1870 1827 1923 dimidium
1879 1868 2091 1937 sagitt-.3

498 1971 706 2041 jactum
763 1965 1031 2035 producat
1070 1979 1148 2027 se,
1199 1971 1258 2015 ut
1304 1962 1595 2016 adversum
1639 1976 1809 2015 cornu
1857 1959 2091 2028 longitu-

502 2062 631 2115 dine
669 2067 951 2128 superent,
986 2065 1153 2124 atque
1199 2054 1272 2107 ita
1302 2054 1659 2118 declinantes,
1709 2052 1941 2120 illosque
1982 2050 2087 2103 eir-

503 2152 919 2207 eumvenientes
958 2146 1190 2212 dicant,
1232 2144 1478 2210 Ἔξελθε,
1527 2145 1652 2209 exi,
1702 2143 1995 2211 statimque
2058 2156 2087 2195 a

502 2250 657 2311 tergo
695 2239 912 2292 illorum
939 2236 1139 2291 cohors
1171 2234 1450 2297 milliaria,
1488 2248 1649 2303 quam
1682 2234 1954 2303 drungum
1994 2246 2090 2285 vo-

501 2342 659 2399 cant,
712 2333 779 2385 de
828 2327 1127 2403 improviso
1167 2335 1222 2381 et
1268 2326 1380 2380 acri
1446 2340 1573 2379 cum
1625 2324 1941 2379 incursione
2001 2323 2088 2376 in-

502 2428 686 2480 vadat.

572 2518 662 2572 85.
703 2514 1011 2585 Profligatis
1043 2512 1323 2576 hostibus,
1359 2526 1467 2565 non
1501 2511 1687 2566 statim
1718 2510 1841 2563 illos
1869 2506 2086 2577 fugien-

503 2621 585 2666 tes
609 2617 1031 2681 persequantur,
1061 2605 1155 2660 sed
1194 2605 1506 2666 confestim,
1537 2603 1633 2673 qui
1665 2618 1694 2656 a
1732 2613 1883 2671 tergo
1918 2610 2089 2653 stete-

504 2700 638 2762 rint,
676 2713 802 2751 cum
843 2695 1074 2763 reliquis
1116 2692 1434 2747 cohortibus
1484 2690 1802 2760 procedant.
1841 2688 1999 2755 Quod
2041 2686 2089 2741 si

503 2785 904 2843 contractiores
944 2783 1135 2839 hostes
1169 2781 1397 2848 fuerint,
1451 2780 1637 2836 statim
1673 2791 1887 2844 exeant,
1914 2787 1969 2833 et
2004 2779 2090 2833 lu-

504 2889 633 2935 nata
675 2877 833 2948 quasi
863 2876 1038 2931 forma
1088 2873 1523 2930 circunicludant
1567 2888 1696 2939 eos;
1732 2873 1815 2929 siu
1852 2870 2089 2942 aequales

506 2975 734 3039 fuerint,
763 2971 1048 3041 paululum
1090 2969 1399 3041 producant
1431 2982 1515 3033 se,
1546 2975 1600 3023 et
1633 2966 1872 3022 hostium
1906 2964 2090 3035 longi-

504 3066 747 3122 tudinem
803 3071 1095 3133 snpcrent;
1156 3060 1371 3130 hocque
1426 3058 1587 3115 modo
1638 3057 1872 3128 irruptio
1916 3056 1970 3111 in
2019 3055 2088 3110 il-

500 3159 584 3216 2's
615 3157 727 3211 ﬁat.

575 3248 665 3303 86.
704 3245 861 3314 Quod
892 3245 937 3299 si
969 3259 1093 3300 cum
1122 3242 1435 3298 cornistites
1457 3256 1589 3297 suos
1614 3240 1947 3311 producunt,
1982 3238 2089 3294 hoc

504 3343 645 3397 idem
678 3340 857 3395 facere
894 3345 1186 3398 conantur,
1241 3333 1532 3389 invadendi
1581 3332 1766 3387 statim
1818 3331 1893 3385 illi
1935 3338 2085 3395 sunt,

502 3437 631 3491 dum
676 3433 730 3488 in
781 3432 883 3487 hac
922 3428 1245 3484 mutationis
1289 3426 1704 3497 perturbatione
1753 3419 1913 3490 sunt,
1957 3436 2085 3477 nam

502 3528 633 3582 dum
681 3524 759 3578 illi
800 3522 867 3576 ad
920 3536 1114 3584 cornu,
1172 3518 1225 3574 id
1256 3527 1361 3583 est,
1402 3518 1615 3581 laevam,
1665 3524 2086 3581 convertuntur,

505 3617 730 3670 dextras
777 3613 997 3666 illorum
1041 3611 1220 3664 nudas
1264 3623 1408 3671 esse,
1448 3616 1502 3661 et
1534 3605 1913 3660 densationem
1961 3602 2087 3658 illo-

505 3723 626 3761 rum
653 3705 977 3760 dissolutam
1010 3717 1153 3765 esse,
1179 3714 1404 3755 necesse
1431 3708 1535 3754 est.

570 3798 660 3852 87.
702 3796 758 3849 In
790 3795 1040 3850 hostibus
1072 3790 1482 3848 circumdandis
1518 3804 1627 3845 non
1679 3789 1858 3845 solum
1904 3787 2088 3845 corni-

504 3890 682 3951 stites,
713 3886 767 3941 id
803 3894 907 3952 est,
932 3885 1027 3954 qui
1059 3883 1238 3938 dextri
1265 3896 1441 3936 cornu
1476 3892 1911 3952 propugnatores
1937 3887 2086 3945 sunt,

504 3980 810 4043 elaborare,
851 3991 917 4031 ne
952 3975 1037 4031 vel
1076 3974 1240 4029 nimis
1269 3975 1636 4038 retardeutur,
1677 3975 1757 4029 vel
1786 3973 1950 4030 nimis
1976 3973 2089 4028 cito

508 4072 798 4144 incipiant,
826 4071 921 4126 sed
948 4079 1007 4125 et
1041 4069 1213 4140 partis
1243 4068 1412 4135 illius,
1436 4067 1488 4123 id
1517 4077 1624 4135 est,
1650 4078 1863 4133 turmae,
1894 4066 2089 4139 pra-fe-

503 4180 679 4230 etum,
706 4167 822 4222 sive
850 4165 896 4221 is
926 4161 1263 4227 turmarcba,
1291 4161 1407 4217 sive
1440 4161 1581 4216 alius
1603 4160 1876 4231 quispiam
1900 4159 2087 4214 fuerit.

502 4264 693 4332 Itaque
734 4258 1121 4314 invadentibus
1168 4272 1264 4313 eos
1296 4256 1701 4321 cornistitibus,
1742 4264 1797 4309 et
1836 4255 2088 4310 hostibus

498 4357 611 4426 jam
654 4352 979 4410 tumultuari
1016 4350 1428 4422 incipientibus,
1478 4349 1770 4404 adversum
1821 4364 1918 4405 eos
1959 4336 2086 4403 uni-

503 4464 659 4505 versa
691 4458 870 4503 turma
900 4445 1141 4501 incedat.

573 4542 666 4595 88.
708 4541 867 4595 Cura:
913 4536 1170 4608 praefecto
1201 4551 1325 4592 esse
1366 4535 1529 4591 debet
1562 4543 1639 4600 ut,
1671 4535 1717 4590 si
1744 4534 1857 4590 ﬁeri
1890 4535 2084 4606 possit,

503 4634 763 4688 adversas
823 4629 1012 4699 copias
1064 4627 1402 4698 longitudine
1445 4636 1695 4697 superet;
1748 4629 1832 4683 sin
1880 4629 2085 4693 minus,

503 4721 699 4778 saltem
752 4725 1003 4787 exaequet
1035 4734 1049 4771 :
1080 4716 1126 4770 si
1179 4716 1326 4770 enim
1382 4717 1596 4786 longior
1657 4728 1871 4782 nostra,
1920 4734 2087 4788 quam

502 4811 946 4868 adversariorum
1016 4808 1165 4864 acies
1232 4807 1435 4873 fuerit,
1502 4810 1817 4866 cornistites
1889 4827 2089 4868 nmnus

504 4920 665 4961 suum
697 4903 890 4960 sedulo
925 4916 989 4957 ac
1012 4900 1293 4957 fructuose
1325 4899 1549 4957 facient.

575 5091 666 5143 89.
721 5085 1049 5141 Cornistites
1101 5084 1225 5140 ideo
1281 5084 1580 5140 necessarii
1629 5093 1789 5154 sunt,
1839 5087 1973 5158 quia
2035 5088 2089 5145 in

504 5179 667 5237 nudis
693 5178 831 5235 locis
866 5178 1210 5235 incursiones
1235 5176 1414 5234 facere
1435 5180 1802 5249 opportunius
1834 5192 2086 5251 possunt.

572 5365 662 5421 90.
704 5358 971 5417 Secundae
1019 5357 1274 5413 similiter
1327 5358 1464 5415 aciei
1510 5361 1814 5432 pracipies,
1864 5373 1924 5419 ut
1971 5380 2086 5420 me-

500 5456 651 5511 dium
693 5455 897 5517 locum,
944 5452 999 5506 in
1030 5468 1141 5522 quo
1177 5453 1417 5524 dignitas
1467 5464 1558 5512 tua
1611 5458 1907 5514 constituta
1957 5463 2085 5524 erit,

501 5548 788 5618 diligenter
834 5545 1109 5613 observet,
1150 5556 1204 5602 et
1256 5548 1448 5603 sedulo
1488 5550 1754 5615 advertat,
1800 5561 1859 5606 ut
1892 5552 2088 5608 confli-

2192 1867 2306 1920 τεῖν
2346 1865 2782 1937 ἐμϐραδύνοντος
2830 1866 3192 1936 παρεκτεῖναι
3238 1865 3403 1936 μέχρι
3443 1866 3540 1920 καὶ
3583 1865 3797 1936 ἠμίτου

2194 1958 2580 2028 σαγιττοϐόλου
2617 1957 2705 2011 διὰ
2748 1958 2809 2011 τὸ
2867 1957 3229 2028 ὑπερϐάλλειν
3277 1958 3339 2010 τὸ
3392 1958 3545 2022 άντις
3590 1960 3795 2031 κέρας.

2193 2047 2309 2105 Εἶθ’
2339 2048 2515 2113 οὑτως
2541 2050 2868 2112 ἐκνεύοντας
2895 2050 3035 2103 κατὰ
3065 2050 3264 2113 αὑτοὺς
3296 2050 3392 2103 καὶ
3440 2051 3797 2115 κυκλοῦντας

2194 2142 2595 2214 παραγγέλλειν
2609 2142 2691 2207 τὸ,
2713 2140 2956 2206 Ἔξελθε·
2973 2142 3067 2194 καὶ
3088 2141 3621 2213 εὑθέωςέπιπέμψαι
3646 2142 3799 2197 κατὰ

2190 2236 2287 2289 τοῦ
2333 2233 2507 2289 νώτου
2559 2234 2740 2289 αὑτῶν
2789 2235 2881 2289 τὸν
2927 2234 3263 2289 λανθάνοντα
3311 2234 3583 2305 δροῦγγον
3624 2237 3791 2306 ἄφνω

2193 2326 2337 2381 κατὰ
2392 2324 2619 2389 ἐλασίας
2660 2325 2862 2391 ὀξείας.

2271 2512 2375 2560 πε’.
2408 2503 2776 2577 Τρεπομένων
2809 2504 2865 2557 δὲ
2918 2503 3027 2556 τῶν
3073 2502 3287 2574 ἐχθρῶν
3343 2504 3419 2573 μὴ
3464 2501 3786 2555 ἐπιδιώκειν

2193 2600 2318 2663 τοὺς
2356 2600 2679 2669 φεύγοντας,
2722 2598 2857 2652 sm
2885 2596 3087 2660 εὑθέως
3120 2596 3265 2649 κατὰ
3294 2595 3390 2649 τοῦ
3424 2595 3597 2649 νώτου
3624 2599 3783 2651 ista-

2196 2695 2393 2763 μένους
2441 2691 2718 2763 ἔρχεσθαι,
2768 2692 2887 2762 ἅμα
2932 2690 3011 2761 τῷ
3064 2690 3238 2761 ἑτέρῳ
3288 2691 3554 2761 τάγματι.
3612 2689 3675 2742 Εἰ
3725 2690 3783 2743 δὲ

2193 2784 2506 2855 κοντότερόν
2533 2784 2704 2850 ἐστιν,
2737 2783 2941 2846 εὐθέως
2981 2781 3322 2854 ἐξέρχεσθαι,
3354 2785 3450 2836 καὶ
3482 2783 3785 2854 μηνοειδῶς

2192 2876 2661 2948 ἐπιλαμϐάνεσθαι
2694 2874 2886 2929 αὐτοῦ’
2908 2877 2959 2928 εί
2984 2876 3040 2929 δὲ
3074 2876 3188 2930 ἴσον
3220 2874 3392 2943 ἐστὶν,
3416 2875 3598 2943 ὀλίγον
3634 2894 3783 2946 παρ-

2192 2971 2453 3025 εκτείνειν
2507 2971 2601 3024 καὶ
2648 2969 3010 3040 ὑπερϐάλλειν
3054 2969 3116 3024 τὸ
3172 2970 3349 3033 άντις.
3405 2964 3537 3023 Εἶτα
3579 2970 3776 3033 οὕτως,

2190 3066 2265 3131 ώς
2289 3066 2527 3137 εἴρηται,
2555 3065 2735 3137 ὁρμᾷν
2755 3064 2897 3117 κατὰ
2928 3062 3123 3120 αὑτοῦ.

2263 3252 2384 3310 πς’.
2432 3244 2557 3299 Ἐάν
2583 3245 2680 3315 μὲν
2713 3244 2829 3311 οὖν,
2862 3245 2991 3298 ὅταν
3022 3245 3480 3316 παρεκτείνονται
3521 3247 3569 3299 οἱ
3603 3246 3781 3317 ὑπερ·

2192 3337 2459 3409 κεράσται
2495 3335 2832 3406 βουληθῶσιν
2860 3337 2955 3389 καὶ
2980 3337 3028 3390 οἱ
3049 3336 3199 3399 am;
3235 3335 3440 3405 ὁμοίιος
3480 3339 3784 3406 παρεκτεί-

2190 3428 2399 3493 νεσθαι,
2432 3428 2514 3482 δεῖ
2538 3428 2739 3499 ὁμοίως
2766 3429 2859 3481 καί
2892 3428 3097 3490 εὐθέως
3122 3427 3264 3481 κατά
3298 3427 3479 3481 αὑτῶν
3517 3429 3697 3499 ὀρμᾷν
3723 3430 3783 3480 ἐν

2191 3521 2302 3591 ὅσῳ
2332 3518 2699 3573 άκατάστατοι
2728 3519 3096 3589 εὑρίσκονται·
3138 3517 3353 3590 ἀνάγκη
3400 3518 3510 3590 γάρ
3545 3536 3782 3591 στρεςρο⁶

2193 3612 2371 3683 μένων
2400 3608 2581 3664 αὑτῶν
2610 3610 2702 3662 ἐπὶ
2742 3610 2911 3681 κέρας
2941 3610 3036 3663 καὶ
3069 3609 3137 3663 τά
3166 3608 3319 3677 δεξιὰ
3362 3610 3546 3665 αὑτῶν
3592 3614 3783 3683 γυμνὰ

2190 3704 2355 3776 ἔχειν,
2389 3704 2481 3757 καὶ
2510 3702 2607 3772 τὴν
2638 3702 2860 3771 σφιγξιν
2888 3703 3314 3774 διαλελυμένην.
3542 3684 3547 3687 δ

2264 3799 2371 3862 πζν.
2407 3797 2450 3848 Τ
2453 3796 2625 3859 αὐτας
2656 3796 2713 3849 δὲ
2743 3796 2843 3859 τὰς
2877 3796 3181 3861 κυκλώσεις
3210 3796 3285 3869 μὴ
3323 3797 3484 3867 μόνον
3509 3798 3630 3852 δέον
3652 3786 3783 3863 τοὺς

2190 3886 2606 3961 ὑπερκεράστας
2662 3886 2985 3951 κανονίζειν,
3036 3888 3203 3959 ήγουν
3248 3888 3378 3951 τοὺς
3425 3888 3521 3942 τοῦ
3589 3889 3773 3956 δεξιοῦ

2192 3983 2395 4054 μέρους
2419 3979 2739 4051 προμάχους
2754 3982 2836 4044 είς
2863 3980 2925 4034 τὸ
2954 3980 3029 4052 μὴ
3061 3980 3196 4034 πολὺ
3219 3978 3602 4054 ἐμϐραδύνειν,
3639 3985 3784 4053 μηδέ

2190 4073 2355 4127 πάλιν
2388 4072 2494 4142 πρὸ
2530 4070 2728 4124 πολλοῦ
2759 4073 2954 4137 ποιεῖν,
2984 4072 3121 4125 ἀλλὰ
3178 4076 3273 4125 καὶ
3306 4072 3395 4126 τὸν
3446 4072 3539 4126 τοῦ
3574 4073 3787 4143 μέρους

2190 4164 2455 4236 ἄρχοντα,
2510 4163 2623 4215 εἴτε
2672 4162 3029 4235 τουρμὰρχης
3063 4163 3235 4229 ἐστὶν,
3285 4164 3397 4218 εἴτε
3439 4165 3629 4236 ἕτερός
3673 4182 3782 4229 τις,

2191 4256 2333 4310 ὥστε
2359 4254 2753 4327 ἐγχειρούντων
2775 4255 2885 4307 τῶν
2921 4255 3352 4327 ὑπερκεραστῶν
3407 4259 3502 4312 καὶ
3533 4259 3785 4329 ἀρχομέ-

2191 4367 2299 4405 νων
2331 4350 2441 4403 τῶν
2475 4348 2626 4413 άντις
2654 4347 3005 4419 θορυϐεῖσθαι
3028 4388 3042 4414 ,
3079 4348 3200 4402 τότε
3225 4350 3320 4404 καὶ
3343 4350 3527 4414 αὑτοῖς
3550 4352 3611 4405 τδ
3657 4352 3786 4406 ὅλον

2120 4458 2162 4514 D
2196 4441 2360 4513 μέρος
2390 4442 2638 4508 ἐπάγειν.

2272 4539 2387 4605 σπη’.
2440 4534 2615 4603 Λόγος
2668 4529 2727 4585 δὲ
2755 4530 2836 4602 τῷ
2867 4531 3090 4603 ἄρχοντι
3148 4532 3399 4601 γίνεσθαι
3436 4532 3665 4602 ὀφείλει,
3695 4534 3784 4587 ἵνα

2187 4629 2376 4699 εἰμέν
2434 4629 2554 4681 ἐστι
2605 4628 2834 4683 δυνατὸν
2893 4625 3044 4697 αὑτῷ
3094 4626 3461 4698 ὑπερϐάλλειν
3517 4625 3580 4679 τὸ
3626 4625 3785 4690 άντις

2192 4720 2553 4793 μέροςοείδὲ
2610 4721 2683 4791 μή
2715 4737 2813 4789 γε,
2847 4718 2951 4773 κᾶν
3011 4718 3255 4773 ἰσοῦσθαι
3314 4718 3486 4789 αὑτῷ,
3546 4718 3643 4772 ἐὰν
3685 4722 3785 4773 καὶ

2192 4813 2509 4887 μακροτέρα
2540 4814 2740 4885 εὑρεθῇ
2768 4812 2881 4867 τῶν
2905 4812 3169 4867 ἐναντίων
3198 4814 3230 4883 ἠ
3257 4811 3568 4882 παράταξις
3589 4828 3601 4840 ·
3634 4811 3785 4866 ὥστε

2191 4906 2444 4962 ἐντεῦθεν
2479 4906 2756 4978 ἁρμοδίως
2787 4905 3049 4959 δύνασθαι
3093 4905 3219 4969 τοὺς
3256 4903 3689 4976 ὑπερκεράστας
3718 4905 3785 4958 τὸ

2190 4997 2351 5070 ἐργον
2379 4996 2559 5052 αὑτῶν
2598 5000 2791 5050 ποιεῖν.

2258 5092 2369 5146 πθ’.
2416 5091 2657 5145 Γίνωσκε
2713 5090 2770 5143 δὲ
2813 5091 2895 5145 ὅτι
2945 5092 2993 5145 οἱ
3042 5090 3456 5162 ὑπερκεράσται
3494 5086 3583 5143 διὰ
3616 5088 3784 5143 τοῦτό

2190 5186 2327 5239 εἰσιν
2351 5184 2661 5253 ἀναγκαῖοι,
2697 5182 2818 5237 καθ’
2848 5183 2882 5237 δ
2928 5185 3025 5239 καὶ
3073 5184 3132 5245 ἐν
3159 5185 3391 5253 γυμνοῖς
3434 5183 3625 5246 τόποις
3680 5183 3784 5247 τὰς

2189 5277 2490 5349 ἐπιδρομὰς
2517 5277 2695 5330 ποιεῖν
2720 5276 3146 5349 ἀσφαλεστέρως
3174 5277 3452 5332 δύνανται.

2261 5374 2332 5438 ιιι.
2378 5369 2611 5439 Ὁμοίως
2642 5369 2699 5423 δὲ
2744 5369 2840 5423 καὶ
2882 5373 2948 5442 τῇ
2975 5370 3206 5443 δευτέρᾳ
3260 5370 3411 5437 τάξει
3464 5370 3781 5444 παραγγεί-

2183 5464 2282 5538 λῃς
2311 5464 2453 5519 ὥστε
2482 5464 2574 5519 τὸν
2611 5463 2777 5536 μέσον
2818 5464 3008 5531 τόπον,
3044 5467 3101 5519 ἐν
3136 5458 3184 5534 ᾧ
3234 5464 3527 5536 συμϐαίνει
3574 5463 3778 5517 τάσσε-

2186 5556 2311 5611 σθαι
2326 5555 2423 5627 τὴν
2444 5556 2541 5627 σὴν
2560 5555 2901 5627 ἐνδοξότητα,
2926 5555 3212 5610 πείθεσθαί
3233 5573 3317 5609 σοι
3332 5556 3426 5609 καὶ
3440 5554 3773 5619 κανονίζειν,

500 5638 756 5695 ctationis
793 5648 1037 5707 tempore
1077 5639 1218 5693 duos
1270 5648 1365 5694 aut
1410 5650 1521 5697 tres
1570 5644 1781 5711 sagittae
1834 5645 2017 5715 jactus
2056 5664 2085 5701 τι

2199 5650 2353 5721 ἡγουν
2398 5648 2779 5719 στοχάζεσθαι,
2838 5649 2977 5702 ὥστε
3033 5652 3090 5702 ἐν
3141 5650 3220 5720 τῷ
3266 5648 3443 5721 καιρῷ
3481 5650 3581 5718 τῆς
3628 5663 3770 5718 συμ-

500 5733 678 5807 prima
710 5732 827 5787 acie
885 5730 1087 5797 absint,
1141 5741 1220 5798 ut,
1279 5734 1323 5787 si
1376 5733 1430 5790 in
1480 5736 1660 5806 fugam
1715 5739 2085 5809 conjiciantur

2199 5742 2346 5813 Βολῆς
2405 5742 2515 5796 ἀπὸ
2573 5742 2740 5813 τριῶν
2798 5744 2833 5816 ἢ
2883 5743 3168 5815 τεσσάρων
3230 5741 3633 5813 σαγιττοϐόλων
3672 5741 3773 5812 τῆς
