4052 6216
310 309 422 375 B33

1340 301 1677 369 TACTICA.
1718 326 1791 340 ·-·
1818 301 2326 370 CONSTITUTIO
2379 305 2520 370 ΧΙῘ.

3475 303 3586 370 834

311 419 541 492 πρώτης
593 414 952 487 παρατάξεως
1029 414 1323 488 εὑρεθῆναι
1376 418 1585 488 αὐτήν·
1662 416 1751 471 ἵνα
1800 416 1926 475 ἐὰν,

2036 430 2205 484 ostes,
2245 420 2404 489 quasi
2469 418 2860 491 propugnatrix
2902 426 3066 490 atque
3107 415 3435 475 subsidiaria
3481 423 3594 473 nou

316 509 606 585 τραπῶσιν
649 510 701 562 οί
754 507 964 579 ἐχθροὶ,
1005 508 1082 571 ώς
1113 508 1387 578 διφένσωρ
1431 508 1570 580 αὑτὴ
1613 510 1785 580 ἤγουν
1815 509 1907 561 ἐκ-

315 604 545 675 δικητὴς
593 602 691 658 καὶ
739 601 939 673 βοηθὸς
994 602 1054 655 ἐν
1083 601 1235 667 τάξει
1284 602 1628 674 ἐπακολουθῇ
1685 605 1782 659 καὶ
1829 604 1907 675 μὴ

317 694 627 766 ἀπομείνῃ.

393 784 504 854 ιμ’.
538 785 603 838 Ei
628 784 686 838 δέ
711 785 898 857 τραπῇ
929 801 982 839 τι
1011 783 1121 836 τῶν
1146 783 1246 855 τῆς
1268 783 1495 857 πρώτης
1537 784 1744 851 τάξεως
1770 800 1908 855 ταγ-

324 880 535 950 μάτων,
562 875 923 946 ὑποδέχεσθαι
972 875 1035 929 τὸ
1075 875 1417 947 βαρούμενον
1474 877 1568 929 καὶ
1612 877 1911 948 ἐρχόμενον

325 970 496 1041 μέρος
544 970 625 1033 τις
689 968 1038 1038 καταφυγὴν,
1078 968 1176 1021 καὶ
1228 968 1347 1039 ἀμα
1390 970 1504 1031 τοῖς
1533 969 1636 1040 τῆς
1686 968 1912 1041 πρώτης

323 1064 533 1130 τάξεως
573 1061 903 1134 ἐπέρχεσθαι
953 1061 1424 1133 συντεταγμένως.
1455 1062 1551 1115 καὶ
1598 1060 1673 1133 μὴ
1705 1061 1915 1115 διαλύε-

326 1157 453 1210 σθαι
495 1154 664 1224 μέχρι
709 1153 925 1217 τελείας
956 1153 1239 1218 ἐκϐάσεως
1268 1152 1363 1207 τοῦ
1397 1153 1663 1224 πολέμου,
1692 1154 1789 1209 καὶ
1812 1154 1913 1224 τῆς

326 1249 418 1301 ἐπὶ
438 1246 503 1300 το
553 1246 828 1316 φοσσάτον
887 1246 1261 1316 ὑποστροφῆς,
1315 1244 1452 1298 ἀλλά
1476 1246 1693 1313 ἀφιέναι
1739 1243 1914 1309 οὕτως

328 1341 776 1411 συντεταγμένως
801 1337 1192 1408 φυλάττεσθαι,
1220 1337 1412 1409 καὶμὴ
1439 1336 1757 1392 ἐπιδιώκειν
1781 1338 1916 1393 ἀτά-

327 1448 473 1493 κτως
501 1429 627 1492 τοὺς
656 1428 907 1499 ἐχθρούς.

405 1520 512 1591 ιιβκ
555 1521 682 1575 Ἐάν
718 1521 777 1575 δέ
802 1520 1104 1591 ἀμφίϐολος
1145 1521 1180 1592 ἡ
1240 1520 1386 1593 μάχη
1415 1520 1518 1590 τῆς
1542 1518 1770 1589 πρώτης
1815 1518 1915 1573 τά·

328 1614 467 1679 ξεως
502 1612 785 1682 φαίνηται,
830 1611 925 1664 καὶ
957 1611 1171 1679 διώξεις
1223 1612 1321 1665 καὶ
1361 1610 1697 1677 ἀντιδιώξεις
1722 1608 1919 1677 γίνωνο

344 1724 461 1770 ται,
490 1705 598 1775 χρὴ
618 1704 916 1775 ἀναμένειν
975 1704 1071 1758 καὶ
1106 1702 1332 1774 θεωρεῖν
1365 1701 1465 1773 τὴν
1518 1702 1613 1755 τοῦ
1665 1702 1920 1772 πράγμα-

329 1883 515 1956 φωνάς
543 1881 886 1953 βρυγμώδεις
932 1882 1071 1952 πρός
1097 1899 1157 1935 τε
1206 1881 1559 1936 διανάστασιν
1599 1880 1711 1934 τῶν
1747 1895 1919 1949 μαχοο

334 1974 516 2045 μένων
548 1975 645 2028 καὶ
672 1971 1017 2042 κατάπληξιν
1065 1971 1174 2025 τῶν
1206 1971 1446 2042 ἐχθρῶν,
1473 1970 1548 2041 μὴ
1598 1968 1922 2035 σπουδάζειν

329 2066 388 2120 δὲ
436 2064 742 2137 προχείρως
804 2063 1215 2133 συμμίγνυσθαι
1283 2063 1317 2134 ἢ
1372 2061 1616 2131 ἐγγίζειν
1667 2060 1803 2115 πολὺ
1854 2062 1921 2133 τῇ

334 2158 535 2230 πρώτῃ
569 2156 904 2228 παρατάξει,
930 2155 1017 2208 ἵνα
1057 2157 1221 2226 μήτις
1251 2154 1451 2227 φύρσις
1498 2155 1593 2207 καὶ
1636 2153 1924 2217 ἀλλόκοτος

328 2252 508 2325 τροπὴ
563 2253 622 2304 ἐν
654 2253 722 2321 τῇ
766 2249 1025 2320 »συμϐολῇ
1070 2249 1170 2319 τῆς
1221 2249 1403 2318 μάχης
1434 2245 1920 2317 παρακολουθήσῃ.

409 2342 522 2412 ια’.
551 2343 617 2397 Ei
646 2341 726 2407 δὲ,
758 2341 836 2405 ὼς
867 2340 1134 2403 πολλάκις
1170 2339 1484 2410 συμϐαίνει,
1508 2339 1602 2391 καὶ
1623 2340 1656 2408 ἡ
1697 2337 1927 2408 δευτέρα

330 2434 640 2505 παράταξις
659 2433 843 2503 τραπῇ
863 2430 1027 2501 μέχρι
1055 2430 1165 2483 τῶν
1192 2428 1613 2495 νωτοφυλάκων,
1637 2427 1807 2498 ἤγουν
1825 2428 1928 2497 τῆς

330 2529 518 2598 τρίτης
563 2525 805 2591 τάξεως,
843 2522 1148 2594 ἐρχομένην
1175 2519 1499 2585 σπουδάζειν
1545 2518 1926 2590 ἀναλαμϐάνε-

338 2619 467 2672 σθαι
488 2617 677 2687 αὑτήν.

404 2708 509 2777 ἥδ’.
554 2707 680 2761 Ἐὰν
705 2706 762 2761 δέ
810 2706 920 2761 ἀπὸ
976 2705 1201 2777 ἐνέδρας
1246 2703 1394 2768 τινδς
1436 2703 1525 2758 διὰ
1554 2703 1727 2757 νώτου
1759 2704 1929 2776 ἤγουν

332 2802 443 2855 ἀπὸ
483 2800 710 2854 δπισθεν
741 2798 930 2867 ἔφοδος
967 2799 1183 2869 μηνυθῇ
1242 2797 1337 2851 καὶ
1361 2796 1648 2858 ἐπέλευσις
1680 2797 1891 2867 ἐχθρῶν
1912 2813 1926 2827 ο

334 2895 429 2945 ἐὰν
464 2893 561 2963 μὲν
592 2891 763 2960 ὀλίγοι
793 2889 937 2945 εἰσὶν
973 2891 1023 2943 οἱ
1060 2889 1414 2961 μηνυόμενοι,
1444 2889 1540 2942 καὶ
1571 2888 1837 2959 ἀρκοῦσιν
1880 2889 1929 2941 οἱ

334 2987 433 3057 τῆς
457 2988 649 3058 τρίτης
664 2985 891 3050 τάξεως,
916 2985 1040 3038 τότε
1074 2984 1243 3054 αὐτὴν
1280 2984 1423 3037 κατά
1457 2983 1682 3036 ἐκείνων
1722 2982 1932 3053 ἐκπέμ-

336 3095 481 3131 πειν.
502 3078 583 3135 ,Εἰ
617 3076 673 3129 δὲ
712 3076 787 3148 μὴ
812 3075 1101 3147 ἀρκοῦσιν.
1154 3075 1278 3129 τότε
1321 3073 1507 3139 καθώς
1534 3076 1683 3128 ἐστιν
1713 3076 1747 3145 ή
1778 3073 1931 3138 τάξις

2012 511 2301 581 consistat,
2339 510 2437 568 sed
2463 512 2638 568 aciem
2678 519 2968 582 sequatur.

2085 779 2176 835 9|.
2214 776 2369 845 Quod
2400 780 2447 833 si
2471 792 2595 848 quas
2629 777 2887 833 cohortes
2922 772 3112 845 primae
3136 775 3277 832 aciei
3305 774 3604 846 profligatae

2017 866 2253 932 fuerint,
2291 867 2433 922 hanc
2488 866 2740 922 amictain
2784 876 2991 938 partem
3024 876 3078 921 et
3114 865 3420 937 perfugium
3454 881 3605 936 qua:-

2017 969 2227 1016 tentem
2270 960 2530 1029 excipiat,
2570 975 2636 1014 ac
2681 961 2846 1015 etiam
2896 975 3021 1015 cum
3067 960 3241 1027 prima
3286 958 3405 1014 acie
3452 959 3604 1013 ordi-

2017 1062 2146 1107 nate
2192 1067 2257 1108 ac
2323 1052 2591 1121 disposite
2643 1052 2894 1117 incedat,
2950 1068 3128 1123 neque
3177 1054 3352 1108 aciem
3400 1053 3608 1108 instru-

2018 1153 2164 1197 ctam
2202 1151 2329 1197 ante
2357 1141 2482 1197 belli
2532 1141 2765 1205 exitum,
2807 1150 2862 1195 et
2897 1139 3218 1211 priusquam
3254 1156 3317 1196 se
3349 1140 3403 1194 in
3425 1151 3607 1194 castra

2018 1249 2119 1290 sua
2166 1234 2499 1304 receperint,
2531 1233 2817 1298 dissolvat,
2850 1233 2944 1288 sed
2998 1232 3079 1288 sic
3125 1232 3193 1287 ad
3231 1231 3608 1287 conservatio~

2021 1342 2144 1382 nem
2187 1327 2378 1398 prima:
2404 1328 2545 1382 aciei
2573 1326 2824 1381 ordinate
2869 1333 3154 1394 sequatur,
3189 1340 3299 1379 non
3329 1334 3510 1379 autem
3540 1326 3609 1379 ad

2021 1421 2431 1492 persequendos
2461 1422 2649 1475 hostes
2681 1418 2913 1474 confuse
2946 1426 3089 1473 ruat.

2092 1511 2184 1567 92.
2227 1510 2286 1567 Si
2331 1527 2538 1583 anceps
2581 1511 2841 1581 proelium
2893 1509 3087 1579 prima:
3138 1511 3277 1566 aciei
3312 1509 3501 1578 fuerit,
3555 1521 3611 1567 et

2022 1605 2437 1675 persecutiones
2469 1605 2717 1675 fugaeque
2763 1604 2994 1669 fuerint,
3036 1606 3468 1675 permanendum
3498 1616 3610 1670 est,

2022 1708 2077 1753 et
2103 1698 2281 1754 exitus
2306 1699 2383 1754 rei
2411 1698 2890 1770 contemplandus,
2924 1713 3198 1768 vocesque
3247 1714 3313 1754 ac
3341 1700 3612 1757 clamores

235 1806 259 1820 ‘
337 1813 429 1860 τος
485 1795 747 1858 ἑκϐασιν,
816 1794 914 1848 καὶ
982 1792 1270 1847 ἐκϐάλλειν
1322 1792 1576 1863 δεύτερον
1641 1790 1675 1864 ᾗ
1735 1790 1921 1860 τρίτον

2036 1804 2220 1860 graves
2264 1790 2464 1846 iterum
2521 1806 2586 1846 ac
2627 1792 2787 1846 tertio
2816 1789 3187 1861 profundendi
3218 1798 3367 1853 sunt,
3404 1800 3516 1843 tum
3544 1790 3613 1845 ad

2025 1889 2244 1940 nostros
2286 1884 2735 1948 exsuscitandos,
2788 1893 2902 1939 tum
2941 1883 3009 1938 ad
3056 1884 3246 1939 hostes
3291 1883 3615 1937 exaniman-

2023 1979 2148 2033 dos.
2171 1975 2360 2047 Neque
2383 1976 2571 2033 statim
2606 1977 2825 2033 coneris
2844 1990 3038 2030 manus
3064 1989 3374 2039 conserere,
3412 1982 3506 2029 aut
3543 1972 3614 2029 ad

2025 2071 2261 2143 primam
2303 2071 2478 2127 aciem
2535 2071 2826 2135 accedere.
2871 2085 2942 2125 ne
3012 2070 3199 2139 aliqua
3249 2066 3503 2124 confusio
3547 2081 3615 2123 ac

2025 2168 2155 2236 fuga
2208 2162 2460 2235 quadam
2524 2163 2748 2236 indigna
2801 2162 2949 2219 banc
3009 2160 3474 2220 conﬂictationem
3522 2176 3614 2225 se-

2026 2265 2247 2328 quatur.

2098 2344 2187 2401 95.
2230 2344 2350 2414 Sin,
2378 2344 2523 2415 quod
2552 2359 2698 2417 saepe
2719 2345 2971 2401 accidere
3006 2347 3174 2409 solet,-
3196 2342 3439 2400 secunda
3466 2340 3616 2397 acies

2028 2454 2205 2508 usque
2240 2439 2306 2493 ad
2361 2438 2685 2509 tergistites,
2727 2454 2822 2495 seu
2875 2437 3093 2493 tertiam
3124 2436 3297 2492 aciem
3329 2436 3386 2490 in
3431 2435 3612 2505 fugam

2028 2537 2292 2593 vertatur,
2348 2528 2465 2585 haec
2524 2529 2681 2584 tertia
2732 2528 3036 2583 adventans
3103 2536 3334 2583 conetur
3384 2540 3616 2595 recupe-

2030 2634 2090 2673 ra
2100 2634 2155 2674 re
2183 2634 2301 2674 eam
2311 2657 2326 2672 .

2101 2710 2192 2766 94.
2235 2709 2333 2765 Sin
2376 2710 2591 2766 insidiis
2621 2711 2748 2767 ullis
2775 2709 2935 2767 factis
2966 2727 2996 2765 a
3028 2720 3183 2782 tergo
3208 2712 3391 2781 aliqua
3424 2713 3615 2767 incur-

2032 2802 2118 2857 sio
2167 2811 2333 2872 atqne
2374 2801 2615 2872 impetus
2665 2803 2910 2859 hostium
2958 2803 3075 2870 fiat,
3122 2806 3167 2859 si
3209 2804 3370 2873 pauci
3412 2804 3467 2857 hi
3503 2803 3621 2858 fue-

2033 2896 2166 2961 rint,
2198 2896 2293 2965 qui
2322 2895 2653 2950 adoriuntur
2679 2911 2800 2963 eos,
2847 2896 3119 2967 tertiaque
3150 2897 3297 2951 acies
3326 2897 3617 2951 adversum

2033 3001 2128 3043 eos
2171 2987 2305 3042 satis
2353 2996 2457 3051 est,
2514 2987 2632 3042 haec
2682 2988 2839 3042 tertia
2890 2998 3005 3041 tum
3060 2988 3379 3053 emittatur;
3424 2988 3507 3040 sin
3554 3001 3620 3041 ea

2036 3078 2170 3134 satis
2199 3092 2310 3132 non
2348 3076 2532 3145 fuerit,
2564 3078 2848 3133 conversis
2878 3087 2993 3132 tum
3033 3080 3099 3132 ad
3140 3079 3393 3142 caudam,
3424 3078 3475 3132 id
3511 3089 3618 3143 est,

338 3166 853 3241 ἁντιστρεφομένων
875 3167 985 3221 τῶν
1011 3165 1326 3239 προσώπων
1357 3158 1656 3237 ὀμοίωςδὲ
1690 3166 1784 3219 και)⁸
1830 3164 1925 3218 τοῦ

2036 3166 2280 3221 ultimam
2313 3166 2510 3231 aciem,
2539 3166 2798 3221 cohortes
2829 3180 2955 3221 cum
2985 3165 3260 3237 praefectis
3290 3166 3363 3219 ita
3390 3180 3449 3220 se
3479 3179 3619 3234 prae-

340 3256 532 3331 ράνδου
566 3258 705 3328 μετὰ
746 3256 841 3310 τοῦ
876 3256 1135 3327 ἄρχοντος
1184 3256 1264 3318 είς
1310 3254 1476 3326 οὐρὰν
1527 3254 1695 3325 ἦγουν
1739 3251 1919 3305 ὀπίσω

339 3351 654 3421 ἐρχομένων
711 3348 786 3412 ώς
834 3348 1186 3419 ἀμφιστόμου
1241 3348 1276 3418 ή
1302 3347 1458 3413 τάξις
1487 3345 1584 3417 τὴν
1640 3341 1920 3415 συμϐολὴν

338 3441 615 3511 ἁρμοδίως
634 3443 891 3505 ποιεῖται,
920 3440 1011 3492 καὶ
1039 3438 1393 3509 τρεπομένων
1421 3437 1531 3488 τῶν
1549 3434 1763 3505 ἐχθρῶν
1783 3434 1908 3487 τότε

338 3532 467 3592 τοὺς
484 3527 897 3598 νωτοφύλακας,
924 3527 1034 3580 εἴτε
1072 3523 1131 3581 ἓν
1153 3528 1267 3580 εῐτε
1289 3526 1384 3580 δύο
1404 3524 1574 3598 eavea
1599 3523 1924 3597 εὑρεθῶσιν,

337 3616 415 3683 ὡς
454 3616 765 3691 κούρσορας
819 3615 937 3673 κατ’
966 3615 1150 3673 αὐτῶν
1177 3615 1500 3687 ἐπαφιέναι.

410 3711 513 3775 ι-,ε⁹.
550 3709 677 3762 Ἐἀν
701 3707 758 3761 δὲ
789 3707 973 3761 πολλοί
1000 3709 1139 3763 εἰσιν
1165 3709 1214 3761 οί
1241 3706 1570 3777 μηνυόμενοι
1602 3706 1705 3777 τὴν
1742 3704 1930 3776 ἔφοδον

340 3804 538 3867 ποιεῖν,
590 3802 712 3855 τότε
747 3800 1125 3871 παραγγείλῃς
1152 3798 1234 3865 τὸ,
1268 3794 1640 3864 Μετάλλαξον.
1685 3799 1796 3853 Καὶ
1846 3795 1930 3868 ερ-

340 3908 529 3965 χονται
576 3894 626 3946 οἱ
676 3891 1066 3963 δεκόιρχαιέιπ)⁸
1118 3889 1309 3960 οὐράν,
1374 3891 1545 3959 ήγουν
1601 3891 1929 3958 στρέφονται

342 3984 569 4040 ὄπισθεν
589 3983 734 4039 κατά
754 3985 965 4054 τάγμα,
993 3981 1136 4036 ὥστε
1154 3983 1330 4036 ἐκεῖνο
1356 3980 1418 4034 τὸ
1442 3981 1606 4052 μέρος
1635 3981 1733 4052 τῆς
1760 3981 1820 4034 ού
1831 3980 1932 4052 ρᾶς

348 4077 605 4147 μέτωπον
632 4074 905 4145 γίνεσθαι.

419 4250 537 4320 ις’.
594 4252 705 4305 Καὶ
738 4248 941 4316 ταύτας
976 4247 1076 4322 μὲν
1108 4267 1206 4315 τας
1256 4248 1633 4322 παραγγελίας
1677 4250 1931 4322 ποιήσεις

347 4344 459 4414 πρὸ
486 4342 673 4413 ὀλίγου
700 4341 894 4414 καιροῦ
923 4342 1023 4411 τῆς
1066 4340 1249 4413 μάχης
1276 4340 1375 4394 καὶ
1404 4340 1511 4393 τῶν
1540 4340 1790 4408 ἀγώνων,
1843 4339 1934 4393 ἴνα

347 4434 691 4506 γινώσκουσιν
746 4436 796 4489 οἱ
854 4433 1187 4505 στρατιῶται
1226 4433 1296 4487 τά
1348 4429 1676 4503 ἁρμόζοντα.
1718 4432 1775 4485 '0
1824 4430 1934 4501 γὰρ

2028 3267 2223 3330 parent
2246 3258 2413 3329 "quasi
2452 3256 2822 3329 ἀμφίστομος,
2850 3258 2906 3313 id
2944 3266 3048 3321 est,
3104 3272 3307 3327 anceps
3355 3257 3504 3311 acies
3526 3270 3618 3310 es-

2028 3359 2141 3418 set;
2187 3351 2270 3407 sic
2328 3350 2478 3407 acies
2535 3366 2660 3406 cum
2710 3350 2820 3407 illis
2873 3350 3153 3421 confligat,
3197 3345 3619 3419 proﬂigatisqtlc

2031 3442 2280 3497 hostibus
2307 3440 2625 3510 tergistites,
2656 3441 2772 3496 sive
2798 3456 2925 3505 uua,
2968 3442 3083 3496 sive
3130 3440 3317 3509 plures
3357 3441 3619 3495 cohortes

2030 3530 2258 3599 fuerint,
2277 3532 2435 3602 quasi
2461 3546 2722 3588 cursores
2754 3532 2811 3587 in
2835 3532 2960 3588 illos
2988 3532 3385 3588 immittantur.

2102 3703 2193 3760 95.
2239 3703 2295 3758 Si
2341 3719 2574 3776 magnus
2625 3717 2889 3762 numerus
2943 3719 3133 3761 eorum
3192 3718 3315 3765 esse
3369 3704 3621 3761 videatur

2031 3790 2127 3867 Qui
2155 3790 2527 3851 incursiOnem
2558 3793 2810 3863 fecerint,
2857 3806 2970 3852 tnm
3008 3798 3289 3869 praecipies
3320 3798 3389 3854 iis
3417 3798 3619 3862 verbis,

2032 3886 2384 3954 Μετάλλιιξον
2428 3889 2480 3943 id
2520 3898 2626 3954 est,
2666 3899 2983 3957 commata;
3020 3903 3128 3959 qua
3174 3904 3305 3946 voce
3335 3891 3523 3945 decani
3554 3893 3622 3947 ad

2034 3981 2265 4036 caudam
2294 3982 2534 4048 venient,
2569 3981 2623 4037 id
2652 3988 2757 4048 est,
2796 3982 2865 4037 ad
2901 3985 3169 4053 posticam
3201 3995 3410 4054 partem
3442 3993 3653 4043 trans-.

2033 4069 2209 4127 ferent
2261 4087 2322 4127 se
2387 4073 2696 4141 cohortes,
2755 4082 2815 4129 ut
2883 4075 3083 4140 cauda,
3141 4089 3265 4145 qua:
3313 4074 3457 4142 fuit,
3509 4078 3624 4146 jam

2034 4160 2190 4218 frons
2217 4162 2332 4217 ﬁat.

2105 4254 2195 4311 96.
2231 4255 2358 4312 Ilaec
2386 4270 2555 4327 parvo
2580 4265 2825 4329 tempore
2865 4266 2995 4315 ante
3026 4256 3232 4315 bellum
3284 4268 3340 4315 et
3390 4256 3626 4315 dimicao

2036 4347 2242 4402 tionem
2266 4348 2441 4417 ipsam
2474 4349 2728 4419 praecipe,
2764 4359 2824 4403 ut
2867 4349 3002 4419 quid
3048 4349 3195 4405 facto
3222 4367 3362 4420 opus
3394 4351 3467 4405 sit
3519 4352 3627 4406 mi-

2035 4440 2159 4496 lites
2193 4451 2551 4511 cognoscant.
2588 4441 2710 4513 lpso
2738 4442 2885 4497 enim
2923 4449 3170 4512 tempore
3200 4442 3383 4511 praelii
3416 4443 3625 4498 milites

347 4527 459 4582 τῶν
494 4527 719 4596 ἀγώνων
742 4526 934 4597 καιρὸς
960 4526 1030 4579 τὰ
1048 4523 1276 4579 τοιαῦτα
1306 4524 1578 4578 διδάσκειν
1601 4524 1728 4587 τοὺς
1765 4524 1926 4593 μήπω

2040 4532 2234 4587 harum
2260 4548 2443 4588 rerum
2477 4534 2640 4589 rudes
2675 4544 2841 4604 atque
2872 4534 3092 4606 ignaros
3135 4533 3242 4589 tale
3274 4533 3479 4604 aliquid
3524 4534 3628 4590 doc

347 4621 558 4675 τούτων
589 4622 784 4692 πεῖραν
816 4618 1082 4680 λαϐόντας
1128 4618 1229 4671 οὐκ
1265 4615 1574 4687 ἐπιτρέπει,
1604 4615 1654 4668 si
1715 4615 1791 4687 μὴ
1827 4615 1939 4688 ἀρα

352 4710 469 4785 μετ’
494 4712 751 4782 ὀξύτητος
785 4712 854 4765 τὰ
877 4707 1117 4780 σύντομα
1139 4708 1579 4780 παραγγέλματα
1620 4708 1777 4779 μόνα.

422 4802 528 4872 ιιςν.
560 4804 732 4858 Πάλιν
759 4802 816 4856 δέ
846 4801 941 4855 ἐάν
982 4801 1088 4872 πρὸ
1116 4799 1315 4855 πολλοῦ
1374 4799 1569 4873 χρόνου
1622 4798 1937 4871 παραγγεί-

350 4897 471 4968 λῃς.
497 4898 577 4960 είς
600 4895 771 4966 λήθην
800 4895 1013 4964 γίνεται
1063 4893 1131 4946 τά
1162 4893 1451 4963 έλεχθέντα.
1484 4894 1597 4947 Καὶ
1651 4892 1740 4947 διά
1782 4892 1939 4947 τοῦτο

351 4991 458 5060 χρή
494 5005 553 5041 σε
603 4988 711 5058 πρὸ
779 4985 977 5057 μικροῦ
1014 4986 1128 5058 (95)
1166 4983 1362 5055 καιροῦ
1414 4979 1510 5038 τοῦ
1551 4983 1789 5054 πολέμου
1838 4984 1939 5048 τάς

351 5080 688 5150 ἀναμνήσεις
755 5078 1049 5132 ποιεῖσθαι.
1102 5076 1487 5148 Παραγγείλῃς
1539 5075 1598 5130 δέ
1652 5077 1747 5129 καὶ
1798 5074 1937 5129 καθ-

349 5173 473 5228 όλου
499 5175 687 5237 πᾶσιν,
705 5173 847 5227 ὥστε
869 5171 1074 5244 μηδένα
1092 5170 1367 5241 θαρρῆσαι
1384 5168 1485 5238 τὴν
1500 5167 1760 5237 δευτέραν
1782 5166 1939 5233 τάξιν

351 5264 668 5337 παρελθεῖν,
697 5264 822 5333 κᾶν,
848 5262 924 5328 ώς
948 5263 1116 5326 εἰκὸς,
1156 5262 1332 5331 τροπή
1358 5276 1443 5322 τις
1469 5261 1537 5331 τῇ
1565 5258 1758 5331 πρώτῃ
1786 5253 1939 5325 τάξει

350 5359 599 5429 γένηται,
615 5358 703 5411 ἵνα
730 5360 807 5428 μὴ
833 5358 970 5428 πρὸς
995 5353 1094 5429 τὴν
1125 5354 1269 5425 ζωὴν
1290 5347 1632 5422 κινδυνεύσῃ,
1648 5351 1757 5404 εἴτε
1782 5350 1932 5421 παρά

348 5446 460 5503 τῶν
486 5445 718 5521 ἐχθρῶν,
764 5448 875 5503 εἴτε
907 5448 1001 5503 καὶ
1036 5446 1186 5519 παρά
1231 5442 1341 5499 τῶν
1368 5442 1514 5497 ίδίων
1551 5442 1627 5505 ώς
1683 5438 1855 5506 ἄξιος,
1883 5441 1932 5497 εἰ

2038 4634 2165 4677 cere
2199 4622 2341 4676 haud
2374 4638 2473 4691 par
2490 4631 2594 4688 est,
2648 4624 2757 4679 nisi
2781 4639 2848 4679 ea
2876 4626 3057 4680 solum
3105 4639 3231 4695 qua:
3275 4624 3415 4680 levia
3460 4634 3623 4691 sunt,

2012 4764 2017 4767 _
2038 4722 2094 4769 et
2114 4713 2352 4769 breviter
2382 4713 2707 4771 cﬂieiuntur.

2111 4806 2202 4863 97.
2237 4804 2371 4861 Nam
2406 4807 2452 4861 si
2487 4807 2651 4880 longo
2684 4817 2930 4880 tempore
2957 4819 3087 4867 ante
3139 4810 3394 4881 praslium
3428 4809 3623 4881 preci-

2040 4896 2177 4966 pies,
2235 4898 2352 4952 haec
2394 4897 2660 4954 oblivioni
2715 4901 3146 4968 mandabantur,
3190 4917 3255 4958 ac
3331 4911 3624 4973 propterea

2040 4987 2322 5057 paululum
2353 4998 2479 5047 ante
2508 4988 2709 5045 bellum
2765 4989 2881 5044 haec
2935 4993 3418 5047 commemoranda
3467 5003 3619 5048 sunt.

2041 5077 2341 5151 Przecipies
2367 5090 2550 5136 autem
2596 5082 2875 5146 omnibus,
2908 5091 2968 5135 ut
3000 5096 3163 5136 nemo
3193 5084 3392 5139 audeat
3420 5099 3622 5140 secans

2037 5170 2171 5247 dam
2198 5173 2371 5228 aciem
2392 5172 2995 5242 transgredi,quamvis
3028 5176 3203 5245 prima
3225 5176 3373 5231 acies
3403 5177 3623 5244 penitus

2038 5255 2327 5332 profligata
2364 5262 2550 5328 fuerit,
2578 5273 2636 5318 ut
2666 5280 2733 5319 ne
2773 5258 2897 5335 (nisi
2932 5260 3126 5336 ingens
3181 5278 3346 5337 atque
3386 5268 3620 5325 inevita-

2042 5348 2168 5407 bilis
2214 5349 2396 5423 aliqua
2453 5356 2778 5424 necessitas)
2824 5357 2910 5412 vel
2946 5373 3044 5428 per
3082 5360 3362 5429 inimicos,
3391 5356 3475 5418 vel
3525 5374 3623 5433 per

2042 5458 2176 5501 suos
2204 5445 2364 5516 quasi
2381 5446 2582 5521 dignus
2597 5447 2666 5507 de
2695 5450 2804 5507 vita
2834 5449 3196 5522 periclitetur.

353 5541 431 5612 μὴ
460 5541 590 5613 ἄρα,
614 5542 687 5607 ώς
728 5543 967 5614 εἴρηται,
1006 5540 1243 5611 τοσαύτη
1282 5537 1655 5610 ἀπαραίτητος
1709 5536 1926 5609 ἀνάγκη
1962 5540 2440 5616 παρακολουθήσῃ.

1875 5625 2109 5687 NOTAE.

421 5727 535 5800 (95)
564 5727 764 5798 Χρήσε
790 5726 905 5796 πρὸ
930 5724 1169 5798 μικροῦ.
1206 5718 1579 5790 Scribebatttt‘,
1614 5718 1813 5792 χρῆσαι
1838 5738 1897 5772 π.
1931 5738 1992 5791 μ.

670 5823 944 5883 Panos.
977 5820 1096 5880 Gn.
1134 5816 1316 5881 CVII.

3184 5821 3265 5883 2‘!
