4074 6222
380 291 487 359 837

1432 299 1769 363 ΤΑΟΊῚΟΑ.
1809 325 1879 336 -·
1909 302 2420 370 CONSTITUTIO
2447 311 2588 370 XII.

3560 309 3664 373 838

381 401 565 457 αὐτῶν
598 399 827 467 τάξεως,
881 400 1028 455 τοῦτ’
1078 401 1195 459 ἐστι
1234 403 1399 474 μέσον
1447 407 1555 461 τῶν
1606 408 1956 479 διφενσόρων,

2081 417 2384 486 :ollocetur,
2449 417 2756 491 drungarii,
2811 418 2980 473 idest
3023 417 3249 487 tribuni,
3300 417 3356 474 in
3437 419 3663 490 reliquis

392 497 522 557 τοὺς
543 495 601 548 δὲ
627 495 1025 566 δρουγγαρίους
1052 496 1132 559 εἰς
1163 495 1234 553 τὰ
1260 497 1604 570 ἑκατέρωθεν
1626 500 1766 571 μέρη
1800 502 1963 571 μέσον

380 583 493 637 τῶν
524 583 730 653 βάνδων
760 583 869 636 τῶν
908 583 1256 656 κουρσώρων.

457 677 561 743 ρτϊ·
602 670 692 725 Ἐν
717 671 776 726 δὲ
799 671 1085 749 reianzsz
1113 677 1212 747 τῆς
1245 675 1607 747 παρατάξεως
1632 680 1965 750 προερευνᾷν

381 766 501 820 δέον
548 763 636 819 διὰ
692 764 1041 838 μανδατόρων
1080 768 1207 832 τοὺς
1249 768 1349 839 τῆς
1404 769 1681 840 συμϐολῆς
1721 771 1920 835 τόπους
1945 811 1961 835 ,

381 857 528 911 τοῦτ’
559 857 677 911 ἐστι
730 858 858 927 τοὺς
912 859 1079 930 μέσον
1129 860 1231 930 τῆς
1278 862 1414 925 ἰδίας
1467 864 1826 935 παρατάξεως
1870 863 1966 920 καὶ

383 954 486 1023 τῆς
515 949 624 1005 τῶν
648 950 879 1023 ἐχθρῶν,
928 952 1140 1024 μήποτε
1172 954 1367 1009 λάκκοι
1402 958 1560 1021 εἰσιν,
1594 957 1626 1026 ἢ
1652 957 1963 1029 ὀρύγματα,

384 1047 419 1116 ἢ
456 1045 697 1114 τέλματα
728 1043 871 1113 ἅπερ
897 1044 1117 1114 λέγεται
1140 1045 1399 1116 πάλματα
1417 1086 1433 1111 ,
1459 1046 1495 1118 ἢ
1521 1047 1662 1101 δόλοι
1686 1048 1851 1111 τινὲς,
1893 1047 1968 1111 ώς

387 1138 555 1202 εἰκὸς,
604 1136 759 1207 παρὰ
785 1136 892 1189 τῶν
918 1136 1129 1208 ἐχθρῶν
1193 1137 1560 1210 μελετώμενον.
1583 1154 1598 1170 ο
1626 1139 1719 1194 καὶ
1773 1139 1871 1194 ὲάν
1916 1156 1969 1193 τι

382 1229 629 1283 τοιοῦτον
658 1228 881 1300 εὑρεθῇ,
929 1228 1222 1299 ἀναμένειν
1252 1228 1351 1300 τὴν
1386 1229 1659 1302 ἡμετέραν
1700 1229 1852 1297 τάξιν
1886 1229 1971 1283 ἵνα

385 1318 434 1370 οἱ
462 1316 645 1387 ἐχθροὶ
675 1316 874 1381 αὐτοὺς
925 1316 1271 1389 παρέλθωσιν
1299 1334 1319 1361 ι’
1352 1319 1448 1373 καὶ
1500 1318 1620 1372 τότε
1652 1320 1686 1392 ἠ
1720 1320 1969 1391 ἡμετέρα

386 1405 698 1477 παράταξις
730 1406 790 1459 ἐν
823 1405 902 1475 τῷ
932 1405 1158 1477 καθαρῷ
1190 1407 1395 1477 κάμπῳ
1420 1408 1707 1479 ἀπαντήσῃ

460 1495 562 1571 ρθ’.
600 1498 672 1550 Τὸ
698 1497 753 1550 δὲ
790 1496 980 1568 βάνδον
1021 1496 1116 1551 τοῦ
1160 1498 1506 1569 τουρμάρχου
1532 1539 1549 1563 ,
1602 1497 1679 1562 ώς
1732 1500 1967 1572 εἴρηται,

388 1590 551 1661 μόνον
578 1589 980 1659 ἐξηλλαγμένον
1004 1588 1066 1643 τὸ
1094 1584 1231 1653 εῐδος
1289 1590 1443 1662 παρὰ
1474 1591 1543 1645 τὰ
1571 1590 1706 1648 ἄλλα
1749 1593 1818 1645 τὰ
1877 1592 1972 1646 ὑπ’

2074 510 2329 581 utrinque
2372 514 2594 578 turmis,
2621 510 2677 566 in
2705 510 2887 567 medio
2927 510 3238 567 cohortium
3267 526 3586 569 cursorum.

2146 689 2269 745 108.
2297 688 2447 746 Aciei
2500 692 2784 746 instructa:
2835 701 3084 760 tempore
3138 691 3473 761 exploranda
3524 702 3654 749 sunt

2072 781 2191 841 loca
2223 797 2318 852 per
2344 783 2713 850 mandatores,
2749 783 2839 839 ubi
2860 783 3199 840 conﬂictatio
3230 784 3414 840 futura
3455 796 3562 852 est,
3600 787 3655 841 id

2072 881 2174 940 est,
2205 874 2446 930 medium
2477 876 2716 943 spatium
2742 877 2882 931 inter
2907 886 3150 933 nostram
3199 876 3312 945 jam
3346 878 3523 932 aciem
3566 877 3649 932 in-

2072 974 2357 1033 structam,
2390 975 2556 1037 atque
2584 967 2853 1033 hostium,
2884 983 2983 1027 nec
3010 968 3101 1023 ubi
3147 967 3329 1035 fossae,
3354 976 3451 1027 aut
3480 972 3651 1041 putei.

2072 1066 2168 1111 aut
2192 1057 2349 1115 dolus
2378 1061 2576 1131 aliquis
2615 1062 2683 1116 ab
2729 1062 2980 1116 hostibus
3031 1060 3258 1116 molitus
3286 1060 3358 1115 sit
3388 1079 3404 1127 ;
3436 1062 3581 1129 quod
3610 1062 3656 1117 si

2073 1150 2181 1205 tale
2257 1151 2459 1221 aliquid
2506 1153 2784 1211 inventum
2842 1152 3029 1219 fuerit,
3106 1153 3456 1223 pnestoletur
3512 1152 3661 1206 acies

2070 1253 2261 1301 nostra
2290 1247 2420 1301 dum
2447 1247 2634 1303 hostes
2656 1260 2781 1300 eum
2829 1245 3009 1303 locum
3070 1246 3412 1318 transierint,
3451 1253 3505 1301 et
3534 1260 3657 1301 cum

2073 1337 2324 1397 hostibus
2356 1340 2569 1409 integro
2590 1340 2645 1394 in
2677 1338 2799 1394 loco
2823 1353 2887 1396 ae
2913 1353 3117 1397 securo
3148 1345 3414 1408 pugnent.

2142 1514 2267 1570 109.
2302 1514 2575 1579 Dandum,
2602 1515 2654 1571 id
2701 1524 2787 1572 est
2822 1516 3063 1587 insigne,
3111 1515 3445 1591 turmarchac
3496 1514 3658 1585 longe

2073 1605 2353 1660 diversum
2410 1605 2842 1675 distinctumque
2900 1606 3071 1660 forma
3123 1606 3201 1661 sit
3253 1621 3283 1659 a
3328 1614 3654 1677 exterarum

382 1681 548 1735 αὑτὸν
579 1680 747 1751 βάνδα
774 1680 1025 1751 ποιῆσαι,
1070 1681 1157 1736 ἵνα
1209 1680 1358 1754 ἐστὶν
1391 1682 1786 1751 εὐεπίγνωστον
1836 1684 1972 1736 πᾶσι

2081 1697 2456 1769 prtefectorum
2500 1714 2730 1755 suorum
2764 1699 2980 1765 bandis,
3028 1706 3087 1753 ut
3116 1696 3282 1755 facile
3304 1698 3373 1751 ab
3398 1698 3656 1761 omnibus

383 1772 499 1834 τοῖς
530 1770 624 1824 ὑπ’
653 1768 818 1824 αὑτὸν
853 1766 1223 1839 βανδοφόροις.

459 1859 547 1931 ρι’.
595 1860 758 1914 Ἀλλὰ
784 1859 880 1913 καὶ
908 1859 997 1913 διὰ
1032 1858 1301 1931 κινήσεώς
1329 1876 1477 1925 τινος
1530 1860 1687 1931 ξένης
1726 1862 1821 1915 καὶ
1849 1862 1968 1918 διαο

387 1952 559 2024 φόρου
583 1951 917 2024 χωρίζεσθαι
946 1951 1114 2018 αὐτὸ,
1142 1950 1175 2023 ἢ
1221 1953 1279 2007 ὲν
1325 1953 1403 2023 τῷ
1452 1953 1701 2008 ἵστασθαι
1731 1955 1763 2023 ἢ
1794 1954 1904 2008 ἄνω
1933 1952 1966 2023 ἢ

387 2045 561 2109 κάτω,
593 2044 627 2115 ἢ
656 2043 816 2110 δεξιᾶ
838 2044 871 2114 ἢ
895 2044 1191 2116 ἀριστερά,
1222 2044 1256 2117 ἢ
1288 2042 1530 2115 συνεχῶς
1570 2045 1965 2110 ὲπικλίνεσθαι,

385 2135 708 2208 ἧὲγκλίνειν
729 2135 829 2205 τὴν
845 2134 1088 2205 κεφαλὴν
1112 2133 1206 2187 τοῦ
1239 2134 1455 2203 βάνδου,
1478 2134 1512 2205 ἢ
1535 2137 1754 2198 πυκνῶς
1782 2136 1969 2191 τινάσ-

388 2246 513 2283 σειν
535 2228 720 2300 ὀρθὸν,
758 2227 899 2281 ὥστε
942 2227 1035 2280 καὶ
1065 2227 1146 2289 εἰς
1170 2227 1269 2295 τὴν
1304 2226 1564 2299 σύγχυσιν
1593 2227 1827 2291 εὐκόλως
1866 2225 1973 2280 ὑπὸ

384 2324 495 2379 τῶν
523 2320 727 2375 λοιπῶν
763 2319 968 2391 βάνδων
992 2317 1379 2389 γνωρίζεσθαι.

460 2500 588 2575 pta'.
618 2501 692 2555 Οὐ
715 2500 797 2555 δεῖ
823 2500 880 2554 δὲ
906 2501 1044 2554 ὅλων
1074 2499 1184 2554 τῶν
1212 2498 1578 2569 τουρμαρχῶν
1605 2497 1671 2553 τὰ
1703 2497 1871 2569 βάνδα
1914 2496 1973 2552 ἓν

391 2598 615 2665 σημεῖον
644 2594 813 2664 ἔχειν,
840 2592 979 2646 ἀλλὰ
1019 2590 1401 2662 ὲνηλλαγμένα
1432 2589 1678 2662 σύμϐολα
1735 2590 1975 2660 ἑκάστην

389 2688 654 2759 τούρμαν,
711 2685 871 2740 ἆτινα
912 2685 1007 2739 καὶ
1068 2682 1375 2753 ὀφείλουσιν
1405 2681 1606 2747 ἐθίζειν
1655 2681 1784 2746 τοὺς
1808 2698 1971 2751 στρα-

390 2778 593 2843 τιώτας
623 2778 711 2833 διὰ
740 2777 1156 2849 προγυμνασίας
1194 2774 1503 2845 γνωρίζειν.
1546 2774 1621 2828 Οὐ
1659 2775 1818 2844 μόνον
1866 2770 1977 2843 γὰρ

395 2875 461 2927 ἐκ
483 2873 675 2926 τούτου
727 2870 796 2924 τὰ
851 2868 955 2922 ὑπὸ
998 2868 1091 2922 τὸν
1135 2867 1491 2938 τουρμάρχην
1534 2866 1766 2922 ἕκαστον
1807 2865 1974 2936 βάνδα

389 2960 730 3033 ὠφελοῦνται
780 2960 844 3014 τὸ
881 2959 1046 3029 μέρος
1078 2957 1261 3014 αὐτῶν
1318 2958 1600 3027 συντόμως
1628 2955 1965 3028 στερίζοντα,

2000 1767 2043 1823 Β
2073 1789 2348 1861 signiferis
2370 1798 2723 1862 agnoscatur.

2129 1858 2251 1937 110.
2283 1858 2435 1937 Motu
2461 1892 2641 1937 autem
2672 1882 2855 1953 aliquo
2891 1881 3176 1953 peregrino
3203 1898 3268 1937 ac
3318 1881 3470 1951 vario
3492 1880 3655 1947 etiam
3709 1858 3720 1869 ’

2070 1973 2309 2029 baudum
2374 1975 2476 2029 hoc
2526 1974 2918 2044 distinguatur,
2973 1974 3059 2029 vel
3119 1974 3269 2044 quod
3300 1988 3517 2029 Sursum
3563 1981 3659 2025 aut

2072 2064 2348 2128 deorsum,
2376 2072 2471 2118 aut
2500 2065 2868 2129 dextrorsum,
2895 2074 2989 2118 aut.
3005 2064 3389 2134 sinistrorsum
3420 2064 3651 2132 locetur,

2072 2162 2167 2207 aut
2205 2154 2462 2209 continue
2520 2155 2836 2221 inclinetur,
2888 2155 2941 2209 id
2971 2165 3052 2208 est
3100 2155 3443 2220 demittatur,
3494 2165 3658 2225 caput

2072 2244 2243 2314 hujus
2296 2245 2550 2315 insignis,
2611 2255 2709 2303 aut
2766 2246 2962 2302 crebro
3003 2246 3210 2303 directe
3262 2256 3570 2313 moveatur,
3599 2258 3657 2302 ut

2072 2339 2229 2397 omni
2275 2339 2331 2399 in
2392 2340 2727 2397 confusione
2768 2356 2833 2397 ac
2886 2341 3301 2412 perturbatione
3339 2358 3371 2397 a
3421 2342 3657 2412 reliquie

2074 2432 2385 2503 insignibus
2416 2434 2577 2491 facile
2593 2444 2981 2505 cognoscatur.

2142 2524 2266 2578 111.
2302 2522 2559 2581 Omnium
2584 2528 3023 2587 tut-marcharutn
3045 2527 3407 2591 bandauuum
3436 2528 3655 2597 signum

2078 2629 2144 2669 ne
2175 2614 2433 2680 habeant,
2477 2616 2572 2673 sed
2606 2617 2852 2673 diversas
2876 2627 3033 2674 notas
3066 2618 3293 2687 singular.
3337 2627 3528 2675 turmas
3564 2619 3658 2673 ha-

2078 2706 2263 2769 beant,
2300 2706 2368 2761 ad
2415 2722 2536 2776 quae
2576 2706 2959 2778 cognoscenda
2994 2709 3197 2763 milites
3236 2694 3362 2763 ante
3408 2708 3659 2763 assueta-

2078 2799 2255 2855 ciendi
2283 2809 2432 2856 sunt.
2474 2799 2590 2855 Non
2608 2802 2771 2857 modo
2798 2801 2947 2856 enim
2972 2801 3185 2871 singula
3217 2816 3283 2856 ex
3316 2817 3384 2857 eo
3413 2810 3655 2859 turmar-

2079 2889 2310 2945 charum
2343 2889 2519 2944 banda
2563 2889 2915 2959 adjuvantur,
2958 2899 3015 2944 et
3068 2900 3279 2959 partem
3310 2906 3465 2947 suam
3504 2890 3695 2946 facile“

2081 2978 2428 3042 conﬁrmant,
2458 2978 2553 3032 sed
2593 2980 2759 3033 etiam
2813 2975 3110 3045 siquando
3159 2978 3565 3044 aberraverint.
3591 2981 3658 3037 ad

390 3056 530 3111 ἀλλὰ
569 3054 746 3110 κα.ὶοὶ
811 3051 870 3105 ἐν
918 3051 1103 3114 αὐτοῖς
1176 3047 1497 3120 τεταγμένοι
1548 3048 1611 3101 τὸ
1681 3046 1775 3101 τοῦ
1818 3064 1976 3117 τουρ-

2082 3081 2214 3124 suas
2239 3068 2498 3124 cohortes
2530 3064 2693 3123 facile
2717 3067 2969 3123 redeunt.

396 3148 611 3219 μάρχου
652 3143 842 3216 βάνδον
891 3141 1348 3211 ἐπιγινώσκοντες
1410 3140 1478 3195 δι’
1519 3138 1683 3194 αὑτοῦ
1742 3138 1979 3201 εὐκόλως

393 3237 486 3291 καὶ
510 3236 581 3289 τὰ
610 3234 742 3298 ῐδια,
782 3234 858 3295 ώς
887 3230 1060 3295 εἰκὸς,
1092 3229 1435 3299 πλανώμενοι
1464 3228 1832 3298 εὑρίσκουσιν.

466 3323 695 3398 ριβ⁹.Δεὶ
722 3323 831 3394 γὰρ
848 3322 934 3376 ἀεὶ
950 3322 1011 3374 ὲν
1037 3321 1242 3391 ἑκάστῃ
1264 3319 1435 3390 μάχῃ,
1459 3318 1555 3374 ἐὰν
1586 3318 1679 3372 καί
1700 3333 1754 3371 τι
1770 3314 1977 3386 ωμὸῇ,

393 3418 484 3474 τὸν
513 3413 889 3489 στρατιώτην,
928 3412 1070 3466 ὥστε
1113 3409 1567 3481 ἀποχωρισθῆναι
1611 3408 1829 3478 μακρὰν
1882 3404 1979 3459 τοῦ

396 3510 593 3581 βάνδου
618 3507 715 3562 τοῦ
744 3506 878 3562 ἰδίου
909 3504 1217 3574 τάγματος,
1252 3499 1415 3555 παντὶ
1436 3499 1626 3571 τρόπῳ
1657 3496 1979 3560 σπουδάζειν

397 3601 652 3656 ἒνοῦσθαι
674 3598 844 3671 αὐτῷ·
869 3597 959 3652 ἵνα
998 3597 1033 3667 ἠ
1064 3593 1216 3660 τάξις
1246 3591 1487 3663 ἄφυρτος
1526 3589 1857 3663 διαμένουσα
1882 3587 1981 3659 τὴν

398 3692 677 3763 σωτηρίαν
705 3687 949 3761 σημαίνῃ
968 3684 1065 3739 τοῦ
1100 3681 1361 3755 στρατοῦ.

472 3781 599 3855 ριγ’.
637 3781 764 3835 Ἐάν
790 3780 848 3834 δὲ
873 3796 936 3832 συ
946 3776 1056 3849 μῦῇ
1087 3772 1228 3830 εἶναι
1246 3777 1303 3828 ὲν
1329 3772 1407 3845 τῷ
1431 3770 1647 3845 στρατῷ
1676 3788 1828 3837 τινας
1847 3770 1980 3842 ὁμο·-

398 3875 601 3946 φύλους
615 3872 725 3925 τῶν
746 3869 1044 3933 πολεμίων,
1070 3869 1191 3922 δέον
1223 3866 1329 3937 πρὸ
1352 3864 1453 3935 τῆς
1469 3862 1685 3935 ἡμέρας
1704 3861 1797 3916 τοῦ
1824 3860 1982 3916 πολέ-

402 3986 504 4040 μου
538 3964 796 4039 χωρίζειν
829 3962 1059 4029 αὐτοὺς,
1117 3959 1215 4013 καὶ
1267 3960 1326 4011 ὲν
1362 3956 1572 4030 ἑτέροις
1622 3954 1811 4020 τόποις
1841 3953 1982 4026 μετὰ

399 4059 622 4128 εὐλόγου
651 4055 981 4129 προφάσεως
1006 4051 1381 4123 προπέμπειν.

475 4171 593 4245 ριδ’.
627 4171 741 4229 Καὶ
787 4170 899 4234 τοῖς
938 4167 1040 4238 μὲν
1066 4165 1444 4237 τουρμάρχαις
1495 4162 1669 4217 ταῦτα
1720 4161 1984 4233 πράττειν

403 4266 749 4340 προστάξεις.
788 4261 951 4316 Ἀλλὰ
979 4261 1075 4314 καὶ⁹
1113 4259 1330 4329 ἑκάστῳ
1365 4254 1711 4327 δρουγγαρίῳ
1746 4255 1843 4309 καὶ
1886 4252 1983 4306 κό-

402 4376 536 4431 μητι
574 4359 691 4426 ἅμα
716 4355 900 4416 αὐτοῖς
926 4349 1328 4421 παρακελεύου,
1354 4349 1449 4405 καὶ
1478 4347 1814 4420 πρόστασσε,
1841 4344 1985 4398 ὥστε

2150 3330 2276 3385 112.
2308 3330 2461 3388 Miles
2482 3333 2530 3388 si
2563 3348 2669 3403 qua
2712 3332 2928 3388 ratione
2950 3332 3233 3404 contingat
3271 3347 3301 3387 a
3333 3332 3516 3389 bando
3545 3349 3660 3389 sua:

2081 3423 2323 3480 cohortis
2351 3427 2564 3490 abesse,
2591 3424 2848 3480 omnibus
2876 3416 3054 3485 modis
3094 3439 3161 3480 eo
3192 3425 3535 3483 revocandus
3554 3437 3657 3491 eat,

2082 3516 2143 3561 ut
2173 3508 2323 3565 acies
2368 3508 2594 3563 minime
2623 3506 2861 3567 confusa
2885 3520 2981 3568 aut
3031 3514 3351 3583 perturbata
3386 3516 3661 3581 exercitus

2082 3599 2315 3659 salutem
2345 3616 2411 3657 ac
2427 3603 2741 3673 praesidium
2777 3620 2891 3677 pra:
2923 3621 2983 3662 se
3008 3605 3171 3663 ferat.

2153 3779 2273 3837 H3.
2310 3780 2365 3835 Si
2398 3780 2454 3837 in
2485 3783 2730 3841 exercitu
2761 3784 2929 3854 aliqui
2956 3785 3246 3856 populares
3264 3758 3514 3845 hostium
3542 3784 3662 3844 fue-

2084 3869 2213 3934 rint,
2249 3880 2375 3926 ante
2401 3872 2544 3927 diem
2579 3872 2704 3928 belli
2736 3874 3023 3945 separandi
3059 3885 3209 3939 sunt,
3228 3876 3373 3938 ,etad
3392 3875 3496 3931 alia
3517 3891 3664 3947 quae-

2085 3962 2208 4018 dam
2230 3962 2349 4020 loca
2374 3963 2603 4020 honesta
2626 3980 2752 4021 cum
2783 3980 2957 4023 causa
2974 3967 3325 4049 amandandi.

2158 4163 2283 4218 114.
2324 4163 2402 4219 Ac
2457 4165 2791 4220 turmarchis
2831 4165 2934 4220 ista
2996 4164 3300 4234 pracipies.
3357 4163 3665 4233 Unicuique

2090 4266 2269 4311 autem
2302 4256 2621 4325 drungario,
2650 4266 2704 4311 et
2732 4257 2919 4311 comiti
2943 4256 3108 4310 etiam
3141 4254 3447 4321 mandabis,
3471 4264 3533 4310 ut
3547 4254 3667 4309 dili-

2092 4357 2280 4418 genter
2316 4349 2608 4417 exquirant
2639 4363 2726 4414 ea,
2756 4363 2879 4419 qua:
2905 4347 3069 4402 alicui
3094 4347 3219 4404 usui
3263 4346 3437 4418 copiis
3459 4347 3663 4403 nostris

400 4430 684 4519 ἐπιζητεῖν
707 4445 904 4509 αὐτοὺς
928 4442 997 4495 ἐκ
1024 4438 1231 4502 παντὸς
1266 4437 1337 4493 τὰ
1362 4437 1551 4493 δέοντα
1580 4433 1851 4490 ἐπιτελεῖν
1888 4432 1976 4487 τὸν

2084 4453 2211 4494 esse
2229 4439 2461 4508 possint.

406 4541 667 4615 στρατόν.
1014 4602 1024 4613 ν

476 4658 592 4724 pta’.
631 4649 825 4720 Χρεὼν
848 4648 979 4718 γάρ,
1012 4645 1123 4699 eiu
1147 4645 1207 4698 ὲν
1245 4641 1501 4713 φοσσάτῳ
1541 4640 1720 4709 διάγει
1744 4640 1979 4694 ἕκαστον

404 4742 595 4812 τάγμα
618 4741 739 4811 ἦτοι
753 4739 815 4792 τδ
830 4738 1043 4809 βὰνδον,
1076 4735 1189 4789 εἴτε
1207 4733 1303 4787 καὶ
1324 4731 1446 4786 καθ’
1465 4730 1628 4785 ἑαυτὸ
1648 4729 1987 4801 ὁπουδήποτε

406 4832 715 4895 ἀπλικεύει,
745 4833 958 4903 πρώτας
991 4831 1069 4892 εἰς
1113 4826 1275 4881 αὐτὸν
1304 4824 1397 4878 τὸν
1417 4824 1617 4896 ὄρθρον
1644 4822 1754 4895 πρὸ
1784 4821 1987 4883 παντὸς

407 4929 761 4999 πράγματος,
798 4926 893 4977 καὶ
917 4925 995 4985 είς
1022 4921 1264 4989 ἑσπέραν
1292 4918 1494 4989 ὁμοίως
1529 4917 1667 4988 μετὰ
1685 4918 1746 4971 τὸ
1775 4917 1989 4971 δεῖπνον

408 5019 508 5073 καὶ
538 5019 639 5081 τὰς
670 5012 953 5089 μίσσαςτὺ
984 5012 1264 5084 τρισάγιον
1285 5008 1606 5080 ψάλλεσθαι,
1633 5006 1732 5062 καὶ
1764 5005 1834 5060 τὰ
1874 5006 1986 5062 λοι-

409 5109 492 5163 πά
518 5110 661 5164 κατὰ
679 5109 785 5179 τὴν
807 5103 1119 5176 συνήθειαν.
1400 5120 1409 5123 ν

487 5220 619 5293 ρις’.
656 5220 739 5274 Τὰ
764 5219 821 5273 δὲ
850 5216 1254 5286 κοντουδέρνια,
1278 5214 1399 5286 ἦτοι
1426 5212 1497 5265 τὰ
1524 5203 1635 5264 οἷον
1664 5207 1837 5280 μικρὰ
1863 5205 1991 5278 βάν-

408 5315 478 5373 δα
501 5315 611 5371 τῶν
640 5312 834 5378 άκιῶν,
866 5308 1052 5373 καθὼς
1080 5308 1175 5363 καὶ
1212 5308 1298 5362 σοὶ
1343 5304 1494 5375 αὐτῷ
1549 5301 1741 5373 πρώην
1789 5300 1993 5370 ὡρίσα-

411 5424 539 5480 μεν,
573 5404 873 5480 προστάξαι
900 5402 1008 5458 άπδ
1034 5399 1275 5455 παλαιῶν
1293 5398 1387 5453 καὶ
1406 5397 1545 5453 νέων
1570 5395 1767 5457 αὐτοὺς
1796 5392 1993 5447 ποιεῖν.

488 5613 615 5687 ριζ).
652 5611 756 5669 Τδν
784 5611 844 5666 δὲ
885 5609 1102 5683 πρῶτον
1140 5605 1238 5663 καὶ
1268 5604 1524 5677 δεύτερον
1556 5599 1655 5673 τῆς
1685 5596 1882 5687 ἀκίας.
1902 5597 1996 5687 καλ.

417 5684 511 5759 τὸν
543 5704 799 5777 οὐραγὸν,
834 5704 1003 5774 1ίλγουν
1030 5700 1124 5757 τον
1158 5696 1403 5766 ὖπισθεν,
1442 5693 1537 5751 καὶ
1569 5694 1657 5747 τὸν
1693 5685 1799 5765 προ
1828 5684 1992 5740 αὐτοῦ

2157 4642 2282 4698 115.
2304 4641 2407 4695 Par
2433 4648 2514 4696 est
2532 4650 2738 4707 autem,
2756 4640 2871 4696 sive
2892 4639 2945 4692 in
2968 4637 3438 4695 fossatoversetur
3464 4651 3666 4691 unum-

2088 4735 2343 4807 quodque
2388 4734 2627 4788 handum
2656 4733 2772 4789 sive
2810 4733 3031 4799 cohors,
3072 4731 3187 4787 sive
3237 4729 3439 4787 alicubi
3486 4737 3668 4783 castra

2088 4837 2280 4897 ponat,
2314 4840 2481 4880 mane
2507 4839 2629 4878 cum
2668 4825 2844 4893 prima
2873 4824 3016 4887 luce,
3049 4830 3179 4876 ante
3211 4820 3320 4874 alia
3368 4821 3580 4886 omnia,
3607 4828 3669 4873 ut

2090 4918 2301 4987 vesperi
2335 4924 2463 4986 post
2476 4930 2687 4971 cmnam
2722 4929 2786 4969 ac
2818 4913 3039 4977 missas,
3076 4911 3361 4982 τρισάγιον
3388 4910 3582 4982 ὕμνον,
3610 4911 3667 4965 id

2090 5017 2173 5064 est
2226 5016 2309 5063 ter
2362 5019 2617 5063 sanctum
2661 5008 2948 5077 hymnum,
3009 5019 3112 5073 pro
3161 5016 3321 5058 more
3358 5012 3672 5073 ceteraque

2091 5115 2311 5157 canere.

2166 5211 2289 5267 116.
2320 5211 2711 5274 Contubernia'.
2751 5212 2865 5268 sive
2893 5210 3181 5281 manipuli,
3216 5224 3337 5280 quae
3354 5208 3515 5279 quasi
3550 5216 3670 5277 par.

2094 5322 2175 5363 vae
2207 5305 2456 5374 quaedam
2519 5305 2773 5361 cohortes
2817 5314 2965 5370 sunt,
3002 5314 3063 5359 ut
3092 5312 3221 5358 ante
3248 5301 3667 5370 descripsimus,

2094 5413 2158 5453 ex
2190 5396 2490 5466 majoribus
2514 5405 2569 5450 et
2599 5392 2904 5449 minoribus
2948 5400 3081 5447 natu
3112 5390 3283 5473 simul
3302 5388 3668 5459 jun‘ctircon-

2098 5487 2367 5544 liciantur.
2696 5494 2701 5495 ί
3220 5480 3227 5503 ³
3319 5482 3329 5493 “

2170 5603 2292 5658 117.
2338 5603 2626 5658 Primanus
2682 5610 2735 5657 et
2792 5572 3141 5656 secundanus
3194 5594 3562 5661 contubernii,
3608 5608 3673 5648 ac

2098 5706 2359 5767 praeterea
2429 5696 2593 5752 etiam
2646 5695 2965 5761 nltintanus,
2996 5692 3196 5751 hastati
3224 5692 3368 5756 sint;
3400 5690 3595 5747 tertius
3619 5693 3671 5738 et
