4052 6216
460 355 565 421 839

1722 344 2000 409 LEONIS
2032 343 2493 406 PHILOSOPHI

3632 330 3737 398 8&0

459 476 693 538 quartus
747 464 1049 537 sagittarii,
1098 463 1406 534 -qulquein
1436 461 1619 518 medio
1668 471 1817 527 sunt,
1844 476 2036 531 quem-

2150 458 2517 527 κοπαράτους
2546 453 2709 520 εῖναι,
2739 453 2831 508 τὸν
2857 452 2914 506 δὲ
2944 451 3126 524 τρίτον
3159 450 3254 505 καὶ
3295 449 3557 519 τέταρτον
3588 448 3741 514 τοξόο

460 558 760 614 admodum
821 558 1121 613 necessitas
1173 555 1405 626 requirit
1460 555 1701 612 maxime
1758 554 2043 610 instruan-

463 662 573 705 tur.

534 740 659 794 118.
712 738 958 795 Flamula
1016 740 1321 804 hastarum,
1373 738 1838 810 quemadmodum
1880 752 2043 808 supra

459 832 875 897 admonuimus,
940 830 1184 903 tempore
1229 832 1351 888 belli
1382 833 1609 887 minime
1639 832 1696 888 in
1722 831 1896 887 hastis
1924 846 2047 887 esse

457 925 868 995 permittantur,
896 940 965 981 ne
994 926 1166 981 hastae
1216 935 1332 980 tum
1385 926 1453 981 iis
1484 926 1578 996 qui
1647 932 1885 996 gestant,
1930 932 2045 977 tum

458 1019 527 1074 iis
545 1020 640 1089 qui
671 1033 702 1073 a
728 1029 880 1089 tergo
902 1029 1055 1085 sunt,
1088 1029 1203 1075 tum
1230 1021 1396 1077 etiam
1426 1020 1641 1092 sagittis
1672 1021 1727 1075 in
1760 1018 1880 1075 acie
1914 1031 2049 1073 con-

453 1110 618 1177 jectis
646 1109 1035 1179 impedimento
1061 1110 1195 1166 sint.

527 1199 651 1255 119.
690 1198 1033 1271 Despotatos,
1069 1216 1210 1270 quos
1255 1201 1324 1256 ad
1370 1199 1782 1257 conservandos
1807 1210 1862 1256 et
1886 1215 2049 1256 rem.

458 1292 733 1359 perandos
793 1307 910 1359 eos,
969 1292 1141 1364 quiin
1170 1293 1314 1348 bello
1346 1294 1581 1349 sauciati
1630 1303 1811 1357 erant,
1847 1293 2049 1349 milites

457 1391 617 1437 antea
647 1382 1141 1446 constituebamus,
1170 1398 1237 1437 ex
1275 1397 1605 1453 unaquaque
1667 1383 1895 1438 cohorte
1929 1398 2046 1448 sex,

456 1484 552 1530 aut
594 1485 724 1530 octo
760 1490 828 1530 ex
878 1475 1232 1530 debilissimis
1271 1477 1518 1544 separari
1569 1474 1811 1545 iubebis,
1863 1484 1922 1529 ut
1958 1471 2049 1530 ubi

458 1572 677 1635 tempus
729 1566 983 1637 requirit,
1030 1567 1125 1636 qui
1151 1567 1205 1621 in
1234 1566 1380 1623 bello
1404 1567 1649 1639 graviter
1670 1566 2046 1632 vulnerantur,

456 1656 527 1711 ab
550 1656 659 1712 illis
691 1664 1003 1712 serventur.

535 1748 660 1804 120.
705 1748 824 1803 Duo
895 1747 1293 1819 speculatores,
1356 1749 1472 1805 sive
1528 1749 1904 1821 exploratores
1930 1750 2049 1805 dili-

2149 566 2267 613 τας,
2296 551 2390 603 καὶ
2417 550 2545 613 τοὺς
2570 548 2628 601 ἐν
2656 547 2825 617 μέσῳ,
2851 545 2926 609 ώς
2958 546 2993 616 ἡ
3031 543 3188 615 χρεία
3213 543 3456 597 ἀπαιτεῖ.

2222 737 2347 802 ριη’.
2372 731 2454 786 Τά
2481 731 2539 785 δέ
2569 727 2997 801 φλάμουλα-τῶν
3031 724 3339 796 κονταρίων
3363 722 3424 775 ἐν
3456 722 3535 792 τῷ
3563 719 3746 792 καιρῷ

2148 821 2242 876 τοῦ
2275 822 2512 892 πολέμου
2546 822 2622 893 μὴ
2651 822 2859 891 ἀφίειν,
2877 820 2953 883 ὡς
2987 820 3226 890 εἴρηται,
3255 817 3335 880 είς
3354 815 3426 869 τά
3456 815 3744 884 κοντάρια,

2151 914 2240 969 ἵνα
2282 915 2357 986 μὴ
2384 918 2498 979 τοῖς
2528 913 2753 968 ὄπισθεν
2799 912 2896 967 καὶ
2924 911 3110 974 αὐτοῖς
3136 909 3322 980 έχουσι
3348 907 3614 977 κοντάρια
3642 907 3747 976 ἐμ-

2149 1006 2470 1071 ποδίζωσιν
2506 1007 2568 1061 ού
2622 1006 2781 1080 μόνον
2828 1005 2907 1073 δέ,
2956 1002 3095 1059 ἀλλὰ
3137 1003 3235 1056 καὶ
3277 1003 3401 1064 ταῖς
3464 998 3744 1070 βαλλομέ-

2148 1115 2269 1163 ναις
2286 1099 2440 1171 παρά
2467 1098 2576 1152 τῶν
2595 1098 2829 1164 τοξοτῶν
2856 1093 3165 1165 σαγίτταις.

2223 1191 2349 1262 ριθ’.
2388 1190 2529 1254 Τοὺς
2556 1190 2613 1244 δέ
2643 1188 2976 1261 λεγομένους
3004 1185 3396 1250 δεσποτάτους,
3436 1184 3623 1249 καθώς
3648 1201 3735 1238 σοι

2150 1284 2248 1337 καὶ
2294 1282 2603 1353 ἔμπροσθεν
2640 1279 3027 1351 διεταξάμεθα,
3057 1278 3155 1343 οὓς
3182 1280 3265 1341 είς
3298 1277 3604 1349 θεραπείαν
3634 1278 3733 1330 καὶ

2152 1375 2290 1445 πρὸς
2306 1376 2365 1428 τὸ
2398 1374 2698 1437 ἀνασώζειν
2721 1374 2848 1437 τοὺς
2879 1372 3194 1443 πληγάτους
3227 1369 3571 1443 στρατιώτας
3600 1368 3741 1440 ὡρί-

2154 1483 2350 1537 σαμεν,
2382 1464 2709 1536 προστάξεις
2739 1464 2827 1519 ἵνα
2874 1464 2997 1518 καθ’
3032 1464 3264 1517 ἕκαστον
3311 1462 3502 1532 τάγμα
3556 1458 3743 1515 αὐτῶν

2153 1556 2211 1623 ἐξ
2240 1556 2273 1627 ἤ
2313 1555 2457 1610 ὀκτὼ
2488 1557 2556 1610 ἐκ
2578 1556 2688 1609 τῶν
2717 1554 3124 1627 ὑποδεεστέρων
3159 1553 3517 1625 ἀφορίσωσιν,
3545 1553 3638 1607 ἴνα
3680 1555 3745 1606 ἐν

2154 1648 2331 1721 καιρῷ
2354 1647 2766 1719 περιποιοῦνται
2790 1648 2916 1711 τοὺς
2953 1645 3521 1719 τραυματιζομένους.

2227 1745 2332 1812 ρκ’.
2366 1740 2470 1793 Δύο
2519 1741 2575 1794 δέ
2625 1740 3031 1811 σκουλκάτορας
3068 1739 3239 1809 ἠγουν
3285 1736 3675 1799 κατασκόπους
3702 1736 3742 1805 ἢ

456 1849 667 1911 gentes,
718 1839 1029 1911 vigilantes,
1071 1856 1137 1896 ac
1184 1842 1391 1898 strenui
1454 1842 1687 1912 eligendi
1735 1852 1897 1910 sunt;
1930 1843 2036 1898 duo

2150 1828 2475 1900 βιγλάτορας
2505 1829 2812 1900 χρησίμους
2839 1829 2934 1882 καὶ
2968 1826 3289 1899 ἀγρύπνους
3319 1826 3415 1880 καὶ
3454 1825 3744 1898 ἀνδρείους

458 1941 720 2002 praeterea
774 1933 1148 1996 mandatores,
1180 1942 1235 1987 et
1289 1932 1671 1989 contuberniis
1716 1935 1880 1989 etiam
1931 1934 2042 1989 duo

452 2024 561 2079 viri
616 2024 909 2095 eligantur,
933 2024 1028 2095 qui
1067 2024 1195 2081 belli
1226 2033 1469 2095 tempore
1487 2025 1727 2082 baudum
1751 2025 2042 2097 diligenter

455 2112 791 2169 custodiant.

525 2292 651 2348 121.
688 2292 951 2349 Cantator
1001 2292 1233 2350 idoneus
1263 2302 1429 2366 atque
1469 2292 1735 2365 eloquens
1766 2308 1911 2348 unus
1940 2292 2041 2348 ali-

455 2387 582 2455 quis
628 2384 913 2456 eligendus
961 2394 1084 2453 est,
1134 2389 1229 2457 qui
1266 2387 1385 2457 ipso
1450 2386 1505 2441 in
1558 2386 1759 2456 prtelio
1811 2392 2041 2440 exacuat

455 2486 622 2547 atque
648 2476 837 2532 incitet
868 2477 1104 2532 militum
1130 2477 1368 2541 animos,
1400 2484 1455 2532 et
1490 2476 1739 2532 suasoria
1789 2476 2039 2531 oratione

454 2569 524 2623 ad
578 2569 916 2624 alacritatem
957 2578 1012 2624 et
1060 2569 1415 2639 cupiditatem
1460 2568 1719 2634 bellandi,
1775 2568 2038 2639 quemad-

455 2661 681 2716 modum
720 2674 887 2730 supra
908 2659 1231 2727 memoravi,
1261 2674 1455 2717 omnes
1484 2660 1802 2716 inﬂammet.

2144 1917 2516 1987 ἐπιλέγεσθαι,
2572 1919 2667 1972 καὶ
2719 1918 2815 1972 δύο
2880 1916 3245 1988 μανδάτορας.
3284 1916 3621 1986 Ἀφορίσωσι
3679 1915 3745 1969 δὲ

2143 2009 2239 2063 καὶ
2267 2010 2333 2062 ἐκ
2383 2007 2497 2063 τῶν
2543 2008 2626 2072 είς
2666 2008 2767 2071 τὰς
2822 2007 2988 2068 ἀκίας
3013 2005 3372 2083 τασσομένων
3402 2004 3498 2058 δύο
3526 2005 3739 2075 ἄνδρας

2140 2100 2449 2173 χρησίμους
2486 2101 2567 2165 εἰς
2610 2099 2859 2171 φυλακὴν
2904 2097 3003 2154 τοῦ
3034 2097 3224 2169 βάνθου
3254 2097 3314 2150 ἐν
3345 2096 3525 2168 καιρῷ
3574 2096 3744 2151 πολέ-

2144 2209 2272 2263 μου.

2216 2280 2359 2355 ρκα⁹.
2392 2282 2619 2347 Πάντως
2670 2281 2727 2335 δέ
2776 2281 2870 2336 καὶ
2926 2281 3018 2335 τὸν
3078 2280 3372 2351 λεγόμενον
3423 2281 3741 2351 καντάτορα

2141 2374 2490 2443 ἐπιλέγεσθαι
2536 2374 2843 2445 ἐπιτήδειον
2874 2374 2968 2427 καὶ
2998 2373 3180 2441 λόγιον
3210 2373 3309 2426 ἕνα
3362 2374 3739 2444 στρατιώτην,

2140 2464 2236 2519 καὶ
2266 2464 2526 2534 ἀφορίσαι
2581 2463 2722 2516 ὥστε
2776 2464 2833 2516 ἐν
2879 2462 3067 2525 αὐτοῖς
3099 2464 3209 2524 τοῖς
3243 2461 3418 2530 ἀγῶσι
3472 2462 3741 2531 περιτρέ-

2139 2573 2303 2627 χοντα
2348 2556 2676 2627 κατεπᾲδειν
2706 2554 2784 2626 τῷ
2820 2554 3040 2625 στρατῷ
3064 2553 3159 2607 τοῦ
3188 2554 3489 2623 τάγματος,
3534 2555 3631 2606 καὶ
3656 2553 3741 2605 δι-

2139 2648 2375 2719 εγείρειν
2426 2649 2507 2712 εἰς
2570 2646 2885 2719 προθυμίαν
2912 2646 3000 2701 διά
3061 2645 3480 2717 προτρεπτικῶν
3526 2645 3734 2713 λόγων,

2026 2750 2036 2758 ⁴
2140 2740 2281 2796 κατά
2313 2740 2404 2795 τὸν
2440 2740 2612 2794 τύπον
2649 2740 2817 2811 ὅνπερ
2847 2755 2929 2792 σοι
2960 2737 3465 2808 προδιωρισάμεθα.

520 2836 649 2891 122.
680 2837 897 2909 Magnis
920 2839 975 2892 in
1007 2838 1329 2895 cohortibus
1378 2839 1489 2894 duo
1531 2839 1710 2896 banda
1748 2849 1877 2897 ante
1909 2841 2038 2898 belli

458 2929 603 2983 diem
628 2930 781 2994 ﬁant,
808 2929 1039 2985 alterum
1061 2931 1299 3000 pncfecti
1318 2931 1587 2997 cohortis,
1607 2931 1662 2987 id
1683 2943 1770 2988 cst
1794 2932 2035 2997 comitis,

455 3019 684 3073 alterum
714 3018 872 3089 primi
900 3020 1262 3075 centurionis.
1292 3021 1413 3089 Ipso
1443 3029 1627 3076 autem
1662 3021 1789 3076 belli
1814 3023 1902 3077 die
1926 3037 2034 3078 non

452 3111 563 3164 duo
614 3119 897 3178 gestcntur
975 3120 1069 3167 aut
1130 3111 1455 3183 erigantur,
1520 3112 1617 3168 sed
1673 3113 1889 3170 comitis
1944 3129 2035 3170 so-

451 3202 589 3255 lum.
1376 3222 1379 3223 '

514 3378 636 3434 125.
672 3378 796 3449 ipso
846 3378 973 3434 belli
1004 3377 1093 3434 dic
1138 3380 1514 3450 unusquisque
1544 3380 1704 3436 miles
1751 3388 1925 3452 gestet
1965 3379 2032 3435 ad

448 3472 637 3527 sellam
677 3486 834 3526 suam
907 3480 1098 3527 secum
1153 3487 1354 3542 aquam
1388 3475 1442 3527 in
1476 3473 1760 3543 pblasciis,
1786 3482 1841 3528 et
1870 3488 2032 3543 paxa-

448 3565 714 3631 madium,
746 3564 799 3618 id
822 3570 906 3618 est
933 3563 1254 3627 biscoctum,
1283 3566 1335 3619 in
1364 3565 1722 3637 sellopungio,
1764 3574 1817 3621 et
1848 3567 2033 3621 farina:

449 3672 613 3711 unam
642 3666 807 3725 atque
833 3656 1059 3711 alteram
1093 3655 1312 3719 libram,
1351 3662 1410 3709 ut
1446 3657 1757 3711 necessario
1790 3665 2034 3727 tempore

448 3748 565 3803 haec
612 3748 848 3803 habeant
910 3747 980 3801 ad
1037 3747 1495 3802 refocillationem
1547 3756 1603 3802 et
1635 3750 2031 3805 recreationem

449 3841 537 3895 sui
569 3848 735 3910 atque
765 3839 1021 3903 aliorum,
1053 3839 1147 3909 qui
1183 3838 1238 3893 in
1292 3838 1530 3907 aliquam
1558 3840 1725 3894 animi
1770 3839 2033 3897 delectio-

447 3946 598 3996 uem,
643 3939 735 3986 aut
765 3930 1093 3986 valetudinis
1120 3931 1489 3986 inﬁrmitatem
1526 3932 1795 3989 incidunt.

519 4023 644 4080 124.
676 4023 943 4094 Tempore
973 4024 1175 4094 proelii,
1206 4034 1265 4080 ut
1294 4035 1631 4097 cognoscant
1666 4028 1868 4084 milites
1905 4039 2031 4084 ante

447 4115 575 4172 belli
609 4116 815 4171 exitum
849 4118 1122 4174 neminem
1158 4118 1500 4189 spoliandum
1535 4134 1678 4188 esse,
1702 4120 1900 4190 saepius
1932 4123 2032 4176 hoc

447 4208 716 4264 militibus
747 4208 1068 4265 inculcetur.

518 4385 642 4441 125.
665 4384 722 4440 1η
738 4386 929 4442 itinere
947 4385 1215 4453 faciendo,
1236 4388 1469 4455 tuldum,
1485 4389 1598 4444 sive
1616 4387 2025 4460 impedimenta,

2211 2832 2351 2905 ρκβν.
2387 2833 2721 2886 Ποιείτωσαν
2755 2831 2813 2884 δὲ
2857 2833 2915 2884 ἐν
2979 2832 3092 2893 τοῖς
3144 2829 3404 2899 μεγάλοις
3450 2828 3730 2898 τάγμασιν

2140 2925 2234 2978 καὶ
2257 2923 2428 2978 διπλᾶ
2458 2922 2625 2995 βάνδα
2659 2922 2757 2976 καὶ
2787 2922 2893 2993 πρὸ
2912 2921 3008 2974 τοῦ
3038 2920 3278 2991 πολέμου
3300 2960 3315 2984 ,
3343 2920 3405 2973 τδ
3438 2920 3537 2988 μὲν
3555 2919 3615 2971 ἓν
3634 2919 3730 2971 τὸν

2140 3018 2379 3090 ἄρχοντα
2403 3018 2548 3088 ἔχειν
2580 3015 2673 3070 τοῦ
2723 3016 3027 3086 τάγματος,
3055 3014 3115 3068 τὸ
3142 3014 3199 3067 δὲ
3226 3011 3353 3067 ἄλλο
3378 3013 3471 3065 τὸν
3509 3012 3730 3082 πρῶτον

2140 3110 2567 3180 ἑκατοντάρχην.
2616 3109 2705 3162 Ἐν
2738 3109 2794 3163 δέ
2823 3111 2890 3180 τῇ
2926 3107 3113 3178 ἡμέρᾳ
3156 3104 3250 3160 τοῦ
3284 3105 3520 3176 πολέμου
3554 3106 3627 3175 μὴ
3657 3105 3731 3157 τὸ.

2135 3201 2230 3257 δύο
2273 3200 2635 3273 βαστάζεσθαι
2680 3202 2799 3272 ἦτοι
2849 3197 3167 3273 ὀρθοῦσθαι,
3202 3196 3339 3251 ἀλλά
3373 3196 3441 3250 τὸ
3478 3194 3575 3249 τοῦ
3620 3194 3725 3265 ἀρ-

2138 3309 2324 3364 χοντος
2355 3293 2537 3363 μόνον.
2554 3276 2564 3285 ’

2215 3391 2355 3456 ρκγ’.
2391 3384 2514 3456 Χρὴ
2542 3377 2635 3438 οὖν
2658 3384 2753 3437 καὶ
2792 3383 2851 3436 ἐν
2883 3384 2951 3453 τῇ
2984 3382 3168 3453 ἡμέρᾳ
3192 3381 3287 3435 τοῦ
3314 3380 3557 3449 πολέμου
3593 3379 3725 3432 ἕκα-

2137 3494 2260 3531 στον
2287 3475 2629 3549 στρατιώτην
2666 3477 2724 3529 ἐν
2753 3477 2874 3538 ταῖς
2910 3474 3127 3538 σέλλαις
3155 3472 3337 3527 αὐτῶν
3365 3471 3728 3543 ἐπιφέρεσθαι

2137 3568 2281 3641 ὕδωρ
2336 3570 2416 3631 είς
2459 3568 2529 3621 τά
2572 3567 2845 3639 λεγόμενα
2884 3566 3149 3636 φλασκία,
3180 3566 3272 3620 καὶ
3324 3566 3641 3635 παξαμάτιν
3668 3567 3729 3617 ἐν

2133 3661 2213 3733 τῷ
2237 3659 2667 3728 σελλοπουγγίῳ,
2700 3658 2798 3712 καὶ
2815 3658 3045 3728 ἄλευρον
3073 3658 3203 3727 μίαν
3227 3657 3259 3727 ἢ
3284 3656 3377 3709 καὶ
3400 3656 3494 3709 δύο
3508 3657 3739 3727 λίτρας,-

2135 3750 2276 3807 ὦστε
2342 3752 2488 3823 ἔχειν
2538 3752 2599 3804 ἐν
2649 3750 2896 3821 ἀνάγκης
2930 3749 3110 3820 καιρῷ
3139 3750 3233 3802 καὶ
3270 3750 3486 3812 ἑαυτοῖς
3514 3750 3592 3811 είς
3626 3748 3727 3800 εύ-

2133 3843 2334 3915 ψυχίαν
2383 3843 2479 3898 καὶ
2517 3840 2905 3912 παραμυθίαν,
2941 3842 3040 3896 καὶ
3067 3840 3302 3911 ἑτέροις,
3338 3840 3414 3902 ὡς
3441 3840 3611 3906 εἰκὸς,
3642 3840 3729 3903 εἰς

2134 3936 2231 4006 τὴν
2259 3935 2368 3989 ἀπὸ
2398 3934 2690 4005 ὀλιγωρίας
2719 3934 3041 4005 ἀνάκτησιν.

2209 4024 2340 4096 ρκδ’.
2390 4027 2479 4079 Ἐν
2510 4027 2566 4079 δέ
2603 4024 2777 4097 καιρῷ
2812 4027 2992 4096 μάχης
3043 4024 3129 4076 ἵνα
3162 4021 3505 4091 γινώσκωσιν
3528 4021 3607 4075 ὅτι
3657 4023 3728 4076 ού

2131 4119 2216 4172 δεῖ
2266 4116 2605 4189 στρατιώτην
2656 4117 2761 4189 πρὸ
2824 4117 2927 4187 τῆς
2984 4115 3266 4179 ἐκϐάσεως
3324 4114 3421 4169 τοῦ
3483 4114 3727 4184 πολέμου

2134 4210 2416 4263 σκυλεύειν
2461 4210 2675 4282 ἐχθρὸν,
2719 4208 3000 4263 καὶτοῦτο
3049 4207 3313 4271 πολλάκις
3370 4209 3557 4270 αὐτοῖς
3586 4224 3731 4278 προ-

2135 4302 2525 4375 παραγγελείς.

2205 4404 2339 4469 ρκε¹.
2373 4397 2467 4461 Εἰς
2502 4396 2558 4451 δὲ
2591 4398 2688 4461 τὰς
2731 4395 3047 4467 ὁδοιπορίας
3103 4396 3180 4468 μὴ
3215 4393 3729 4466 συγκαταμιγνύεςν

442 4493 569 4533 cum
633 4477 902 4533 militibus
959 4479 1400 4549 permiscendum
1471 4495 1577 4533 non
1607 4490 1710 4541 est,
1779 4481 2029 4536 hostibus

2150 4488 2277 4542 ιετά
2336 4487 2430 4542 τοῦ
2482 4486 2704 4541 τούλδου
2749 4487 2879 4550 τοὺς
2944 4486 3304 4558 στρατιώτας,
3338 4488 3435 4539 καὶ
3483 4486 3730 4556 μάλιστα

442 4571 748 4640 praesertim
809 4570 1242 4636 imminentibus,
1279 4571 1373 4627 sed
1406 4572 1723 4642 separatim,
1762 4582 1814 4626 et
1839 4574 2030 4628 cohor-

442 4670 549 4716 tem
597 4660 835 4731 aliquam
885 4668 1009 4729 post
1052 4660 1260 4715 tuldum
1323 4670 1656 4729 separatam,
1714 4669 1809 4715 aut
1862 4661 2023 4714 aliter

2134 4579 2347 4651 ἐχθρῶν
2396 4579 2902 4650 προσδοκωμένων,
2944 4578 3080 4633 ἀλλά
3120 4578 3181 4633 τὸ
3216 4578 3316 4649 μὲν
3366 4577 3555 4647 βάνδον
3619 4578 3727 4648 ἔμ-

2130 4671 2368 4745 προσθεν
2406 4672 2573 4737 ἰδίως,
2606 4672 2668 4725 τὸ
2693 4672 2751 4724 δέ
2781 4669 3001 4725 τοῠλδον
3038 4671 3265 4725 ὄπισθεν
3309 4671 3342 4743 ἢ
3396 4670 3489 4725 καὶ
3545 4670 3625 4733 ὡς
3681 4673 3716 4740 ἡ

439 4752 631 4817 etiam,
665 4753 712 4808 si
743 4751 967 4823 quando
987 4751 1040 4807 id
1067 4766 1203 4807 usus
1231 4751 1433 4821 exigat,
1478 4751 1942 4822 quemadmodum
1971 4751 2025 4806 in

2150 4764 2287 4836 [ρεία
2321 4762 2563 4827 καλέσοι,
2596 4761 2781 4826 καθὼς
2824 4763 2920 4817 καὶ
2967 4762 3028 4815 ἐν
3059 4763 3139 4833 τῷ
3183 4763 3315 4834 περὶ
3348 4760 3444 4815 τοῦ
3492 4761 3723 4816 τούλδου

442 4843 625 4913 capite
683 4843 752 4897 de
777 4842 931 4898 tuldo
988 4851 1149 4898 antea
1209 4842 1544 4898 mentionem
1615 4841 1871 4899 fecimus.
1900 4842 2027 4899 llaec

2150 4856 2261 4925 “LIV
2290 4853 2573 4925 κεφαλαίῳ
2608 4854 2847 4925 εἴρηται.
2898 4855 3088 4908 Ταῦτα
3142 4855 3309 4924 άπερ·
3343 4871 3428 4907 σοι
3469 4853 3728 4919 ἅεταξάο

441 4949 566 5005 qua
582 4948 689 4991 nos
711 4934 808 4990 tibi
830 4934 1200 5006 praecipimus,
1225 4942 1280 4990 tu
1313 4934 1508 4989 iterum
1543 4934 1774 5004 singulis
1804 4935 2025 4990 comiti-

444 5028 570 5096 bus,
597 5035 655 5084 et
685 5026 1021 5098 drungariis,
1082 5035 1139 5082 et
1194 5026 1524 5083 tnrmarchae
1580 5026 1879 5097 unicuique
1929 5042 2026 5082 co-

2131 4946 2293 5018 μεθα,
2348 4946 2446 5001 καὶ
2497 4946 2662 5010 αὐτὸς
2710 4946 2925 5017 ἑκάστῳ
2950 4946 3153 5018 κόμητι
3189 4947 3287 5001 καὶ
3339 4946 3712 5015 δρουγγαρίῳ,

2131 5039 2271 5093 ἀλλά
2324 5038 2422 5093 καὶ
2450 5039 2776 5111 τουρμάρχῃ
2832 5039 2977 5102 ἰδίως
3024 5039 3120 5093 καὶ
3168 5036 3571 5109 προγινώσκειν
3620 5038 3723 5091 καὶ

445 5121 760 5191 gnosccnda
812 5129 867 5178 et
897 5121 1235 5177 conﬁcienda
1258 5120 1437 5185 dabis,
1480 5130 1647 5192 atque
1680 5121 1844 5177 etiam
1908 5120 2026 5191 ipse

2150 5126 2396 5184 ιπιτελεῖν
2422 5127 2520 5182 καὶ
2553 5127 2925 5200 παραγγελεῖς
2956 5128 3054 5183 καὶ
3078 5125 3547 5200 παρασκευάσῃς,

443 5219 710 5285 quantum
731 5221 887 5283 potes
908 5210 977 5268 ad
1010 5212 1200 5269 eadem
1234 5227 1332 5271 eos
1400 5211 1778 5270 exhortaberis
1801 5220 1856 5269 et
1884 5227 2025 5284 prae-

442 5304 968 5455 μῖἓῖβὸοωείοηθ
993 5406 1156 5469 atque
1188 5397 1599 5470 opportunitate
1648 5397 1703 5453 in
1738 5397 1881 5455 bello
1905 5397 2023 5454 ido-

2197 5408 2348 5471 ρκς’.
2406 5399 2499 5454 Σοὶ
2549 5399 2606 5453 δε
2646 5396 2960 5469 κελεύομεν,
2985 5388 3032 5450 ὧ
3086 5386 3380 5466 aspectui,
3433 5391 3575 5446 ὥστε
3611 5389 3719 5462 ἀρ-

442 5504 548 5546 nee
607 5491 805 5548 utaris.
863 5490 1107 5546 Primum
1174 5502 1358 5547 autem
1395 5491 1667 5561 ejusmodi
1700 5492 2022 5548 occasiones

2150 5492 2326 5557 ιοδίως
2376 5491 2677 5564 κεχρῆσθαι
2726 5492 2839 5554 τοῖς
2869 5489 3083 5561 καιροῖς
3114 5488 3176 5541 ἐν
3201 5487 3323 5549 ταῖς
3344 5484 3582 5555 μάχαις,
3614 5485 3718 5536 καὶ

442 5578 660 5649 vitabis,
689 5596 756 5638 ex
782 5580 983 5652 quibus
1042 5580 1375 5639 oﬂensiones
1419 5581 1546 5638 belli
1590 5597 1713 5638 esse
1766 5592 2017 5654 possunt.

2124 5584 2391 5657 πρότερον
2425 5584 2524 5655 μὲν
2572 5581 2938 5654 φυλάττεσθαί
2990 5598 3052 5635 σε
3093 5578 3195 5643 τὰς
3247 5575 3502 5648 ἀφορμάς
3530 5567 3717 5629 διίἷιν

440 5669 640 5727 Iisdem
689 5672 882 5730 deinde
928 5685 985 5729 tu
1036 5674 1422 5732 occasionibus
1474 5674 1745 5733 adversus
1828 5677 2019 5732 hostes

2150 5674 2183 5727 ιί
2219 5672 2414 5743 βλάῦαι
2445 5674 2595 5745 παρά
2642 5673 2751 5729 τῶν
2781 5672 2992 5744 ἐχθρῶν
3041 5670 3399 5741 συμϐαίνουσι
3433 5665 3715 5735 γίνεσθαι,

444 5763 638 5819 utaris.

2138 5763 2234 5817 καὶ
2266 5762 2388 5815 τότε
2422 5762 2511 5815 διά
2552 5762 2661 5818 τῶν
2697 5763 2956 5817 τοιούτων
2987 5759 3256 5831 ἀφορμῶν
3300 5757 3440 5812 κατὰ
3477 5755 3587 5810 τῶν
3617 5758 3713 5827 ἐχ-

2129 5855 2275 5927 θρῶν
2298 5856 2582 5926 ἐγχειρεῖν.
