4074 6222
424 284 528 347 843

1690 292 1967 355 LEONIS
2006 294 2470 359 PHILOSOPIII

3593 294 3698 360 8H

420 414 545 471 qum
575 398 680 454 hoc
713 402 876 458 modo
902 415 1072 473 parta,
1128 422 1324 461 nomen
1362 417 1571 462 tantum
1631 409 1793 464 inane
1841 419 2004 481 atque

2114 414 2268 483 ληψιν
2314 413 2487 489 μόνην
2535 414 2827 484 φέρουσαν.
2870 410 2997 464 Ἐπὶ
3049 408 3262 471 τούτοις
3330 406 3701 477 παρακελευό-

423 490 716 547 umbratile
746 494 920 564 magis
956 494 1196 560 habebit,
1217 513 1381 569 quam
1408 514 1494 564 ea,
1524 512 1648 572 mine
1692 501 2007 559 certissimo

420 597 488 637 ac
525 587 971 643 constantissimo
994 588 1047 642 in
1089 588 1297 647 bellicis
1321 591 1480 649 rebus
1505 591 1715 662 judicio
1753 604 2006 666 suscepta

422 684 528 732 est.
588 676 850 749 Deinceps
908 678 1044 752 jam,
1102 698 1227 754 quae
1255 697 1380 742 ante
1408 687 1536 743 belli
1570 688 1712 743 diem
1760 686 2005 744 facienda

424 781 571 833 sunt,
629 775 849 842 quando
886 778 1186 833 necessitas
1244 790 1294 834 te
1323 781 1388 835 ad
1422 782 1621 835 bellum
1668 784 1832 853 cogit,
1883 799 2004 837 eum

426 862 673 920 hostibus
699 866 1026 939 gerendum,
1069 870 1307 928 dilucide
1340 889 1405 928 ac
1446 876 1684 929 breviter
1715 890 2004 945 esponam.

883 979 1346 1040 CONSTITUTIO
1404 985 1541 1041 Xlll.

920 1070 994 1126 De
1023 1073 1108 1126 die
1138 1084 1258 1131 ante
1298 1074 1512 1128 bellum.

495 1158 547 1215 l.
571 1158 950 1230 Turmarchae,
975 1174 1034 1219 ut
1051 1163 1232 1221 banda
1254 1169 1439 1221 omnia
1459 1167 1669 1238 integra
1689 1169 1818 1233 sint,
1844 1178 2009 1236 atque

422 1252 488 1308 ad
541 1270 699 1311 usum
754 1256 1045 1321 militarem
1100 1267 1249 1329 apta,
1292 1268 1420 1315 ante
1464 1261 1609 1316 diem
1657 1260 1781 1317 belli
1838 1278 2006 1317 unum

420 1354 583 1414 atque
616 1347 848 1402 alterum
886 1349 1294 1420 prteparabnnt,
1324 1359 1489 1422 atque
1517 1352 1653 1407 adeo
1688 1353 2007 1424 bandopho-

421 1436 522 1499 ris,
553 1437 734 1514 idest
784 1439 1089 1511 signiferis,
1129 1441 1439 1497 cohortium
1483 1442 1704 1497 dentur.
1754 1443 2009 1500 Cohortis

423 1528 863 1602 uniuscujusque
914 1548 1100 1587 comes
1135 1547 1235 1588 sua
1273 1534 1578 1589 constituat
1622 1537 2006 1603 contubernia,

423 1627 476 1672 ct
509 1618 555 1674 si
590 1634 698 1691 qua
727 1624 837 1678 sint
862 1622 1100 1689 deiecta,
1133 1623 1371 1694 expleat.

493 1708 549 1766 Ξ.
582 1710 1042 1782 Exploratoribus
1092 1723 1146 1768 et
1193 1714 1644 1786 speculatoribus
1690 1714 1881 1770 sedulo
1912 1715 2011 1770 ho-

426 1803 593 1857 stium
628 1811 837 1858 statum
873 1804 1156 1873 exquires,
1190 1806 1282 1876 qui
1324 1815 1508 1861 motus
1538 1805 1780 1871 illorum,
1812 1814 2015 1875 quanta

426 1895 743 1959 multitudo,
787 1897 969 1968 qualis
1017 1898 1205 1965 acies;
1252 1898 1439 1970 itaque
1488 1908 1540 1953 te
1593 1897 1883 1954 adversum
1919 1912 2015 1953 eos

425 1986 783 2058 praeparabis,
821 1986 879 2043 tit
917 2004 983 2045 ne
1009 1989 1191 2048 subito
1223 2005 1287 2045 ac
1330 1988 1398 2045 de
1430 1989 1733 2061 improviso
1756 1989 2015 2045 invadare

426 2080 496 2135 ab
530 2080 659 2137 illis.

497 2178 552 2237 5.
606 2177 709 2237 Ubi
762 2182 1042 2238 vacaverit
1101 2192 1307 2247 autem,
1358 2183 1657 2240 exercitum
1711 2189 1864 2237 tnum
1918 2197 2016 2251 per

425 2273 704 2351 drungos,
760 2275 813 2329 id
862 2281 948 2330 est
997 2275 1257 2331 cohortes
1314 2274 1637 2339 tnilliarias,
1687 2282 1741 2328 et
1802 2282 2014 2328 turmas

425 2363 827 2436 congregabis;
878 2381 1058 2437 neque
1110 2366 1255 2421 enim
1300 2382 1495 2421 omnes
1544 2366 1708 2421 simul
1741 2381 1910 2423 unum
1958 2365 2012 2420 in

425 2460 608 2513 locum
637 2473 824 2529 coges,
856 2459 1220 2528 narrabisque
1254 2459 1361 2515 illis
1405 2475 1527 2528 quae
1565 2458 1713 2514 dictu
1755 2472 2016 2515 necessa-

426 2551 507 2605 ria
534 2560 683 2618 sunt,
709 2551 793 2605 vel
822 2560 878 2605 tu
901 2551 1041 2621 ipse,
1082 2551 1165 2606 vel
1198 2550 1441 2620 praefecti
1485 2552 1586 2618 tui,
1617 2553 1871 2621 antiquas
1904 2551 2014 2606 illis

426 2639 916 2696 commemorando
966 2640 1230 2695 victorias
1297 2641 1627 2710 prioresque
1676 2641 2012 2711 felicitates;

428 2733 740 2801 talibusque
801 2731 967 2787 dictis
1022 2731 1292 2786 animabis
1344 2732 1486 2785 illos.
1540 2730 1702 2801 Regis
1753 2742 2012 2801 praeterea

426 2827 763 2897 largitatem,
799 2825 1158 2895 studiumque
1189 2823 1488 2880 referendae
1520 2821 1729 2894 gratim,
1762 2824 2015 2894 praemia-

427 2935 538 2992 que
590 2917 943 2975 benemeritis
996 2918 1285 2988 proposita
1367 2926 1604 2987 repetes.
1655 2914 2011 2972 Recensenda

428 3028 649 3084 quoque
702 3016 957 3066 mandata
1008 3021 1139 3066 sunt
1184 3010 1520 3082 reiiquazque
1587 3011 2009 3080 praeceptioncs,

427 3120 549 3178 qua:
579 3104 665 3161 vel
713 3104 811 3161 abs
852 3111 928 3169 te,
972 3102 1064 3158 Vel
1106 3119 1138 3158 a
1184 3101 1415 3173 singulis
1460 3100 1737 3173 praefectis
1785 3101 2013 3173 singula:

429 3204 624 3251 turmae
655 3202 782 3249 ante
814 3202 1169 3263 acceperunt.

497 3290 551 3341 4.
593 3285 649 3345 Si
681 3286 953 3365 quosdam
982 3301 1051 3343 ex
1089 3285 1341 3339 hostibus
1395 3284 1679 3355 contingat
1726 3284 1794 3341 ab
1846 3300 2013 3339 excu-

426 3378 535 3435 biis
572 3379 717 3449 capi,
752 3377 837 3433 vel
871 3375 938 3431 ad
966 3392 1067 3431 nos
1101 3370 1358 3439 deiicere,
1397 3376 1441 3431 si
1486 3389 1752 3446 generoso
1782 3389 2014 3444 corpore

429 3473 739 3542 armatique
803 3470 1035 3533 fuerint,
1091 3470 1358 3525 exercitui
1413 3483 1757 3538 nequaquam
1823 3474 2011 3520 osten-

427 3563 589 3619 dendi
619 3572 766 3627 sunt,
800 3562 898 3619 sed
938 3560 1005 3616 ad
1029 3562 1196 3620 alium
1238 3560 1549 3630 quempiam
1573 3559 1754 3613 locum
1787 3558 2011 3613 clancu-

428 3658 541 3711 lum
566 3652 922 3710 amandandi.
968 3652 1064 3707 Sin
1111 3652 1347 3708 humiles
1399 3667 1465 3706 ac
1495 3652 1630 3706 viles
1662 3650 1885 3713 fuerint,
1917 3648 2010 3719 qui

427 3747 773 3813 defecerunt,
805 3744 1069 3801 universo
1106 3743 1373 3800 exercitui
1424 3740 1778 3797 monstrabis.
1823 3736 2011 3810 Capti-

428 3854 529 3894 vos
561 3847 745 3891 autem
784 3834 964 3889 nudos
1000 3833 1407 3896 circuntdnces,
1440 3829 1838 3901 mandabisque
1865 3840 1923 3883 ut
1946 3828 2012 3883 ab

428 3929 687 3989 omnibus
713 3928 975 3983 militibus
1010 3942 1145 3982 voce
1184 3925 1523 3979 contendant
1565 3940 1633 3978 ne
1681 3924 1750 3977 ab
1795 3923 1904 3978 illis
1932 3923 2013 3976 in-

429 4022 796 4083 terﬁciantur,
835 4035 946 4089 quo
1012 4018 1280 4075 militibus
1330 4016 1537 4081 nostris
1587 4032 1779 4071 omnes
1823 4014 2012 4070 hostes

429 4112 777 4171 miserabiles
811 4126 939 4175 esse
960 4109 1272 4167 videantur.

498 4204 553 4261 5.
588 4201 857 4265 Hostibus
893 4207 1075 4257 autem
1119 4200 1232 4271 jam
1284 4196 1724 4259 imminentibus,
1768 4211 2014 4255 commu-

427 4293 594 4364 nique
649 4288 793 4349 bello
836 4288 950 4360 jam
998 4292 1340 4357 exspectato,
1386 4282 1657 4353 praal‘ectis
1702 4284 2011 4339 cohortium

427 4378 735 4457 praecipies,
769 4390 829 4435 ut
864 4396 933 4435 ne
967 4378 1326 4435 excursiones
1350 4386 1547 4432 contra
1573 4375 1890 4431 inordinate
1924 4389 2014 4430 va-

2117 509 2257 578 μεθά
2288 525 2388 572 σοι,
2426 500 2471 559 ὧ
2517 505 2810 577 στρατηγίῃ
2844 504 2937 557 καὶ
2981 505 3081 558 ὅσα
3113 503 3221 573 χρή
3270 517 3333 553 σε
3379 501 3555 554 ποιεῖν
3597 503 3711 573 πρὸ

2114 604 2214 672 τῆς
2244 598 2338 654 τοῦ
2375 598 2613 668 πολέμου
2648 594 2882 669 ἡμέρας,
2935 597 3025 649 ὅτε
3078 594 3175 647 καὶ
3227 592 3443 661 ἀνάγκη
3482 606 3543 645 σε
3573 608 3709 645 κατ-

2115 694 2312 763 επείγῃ
2345 691 2480 763 πρδς
2506 690 2687 761 μάχην
2710 688 2944 753 ἐξελθεῖν
2968 685 3110 740 κατά
3138 685 3374 756 ἐχθρῶν.

2684 950 2996 1007 ΔΙΑΤΔΞΙΣ
3036 953 3132 1007 Il”.

2330 1053 2464 1120 Περὶ
2493 1051 2599 1119 τῆς
2638 1050 2751 1117 πρὸ
2776 1048 2883 1103 τοῦ
2932 1046 3202 1116 πολέμου

2188 1145 2256 1202 α’.
2276 1148 2436 1199 Ὥστε
2458 1141 2896 1213 παρασκευάζειν
2914 1141 3037 1203 τοὺς
3065 1140 3428 1211 τουρμάρχας
3445 1138 3552 1211 πρὸ
3576 1141 3709 1210 μιᾶς

2117 1239 2437 1313 ῆδευτέρας
2466 1237 2682 1308 ἡμέρας
2723 1233 2819 1287 τοῦ
2868 1233 3193 1303 πολέμουτά
3241 1232 3426 1303 gevas,
3456 1233 3705 1300 ἀγιάζειν

2116 1335 2205 1389 διὰ
2231 1333 2340 1387 τῶν
2372 1332 2587 1402 ἱερέων,
2621 1330 2717 1382 καὶ
2732 1326 2907 1390 οὕτως
2943 1325 3236 1380 ἐπιδιδόναι
3285 1326 3397 1388 τοῖς
3446 1323 3705 1393 βανδοφό-

2121 1443 2235 1496 ροις
2262 1424 2370 1477 τῶν
2405 1420 2725 1491 ταγμάτων.
2762 1418 2868 1471 Τὸν
2903 1418 2960 1471 δὲ
3004 1418 3237 1470 ἑκάστου
3271 1416 3554 1484 τάγματος
3609 1415 3708 1467 κό⁴

2122 1533 2269 1588 μητα
2300 1512 2674 1585 προκαθιστᾷν
2688 1512 2755 1565 τὰ
2781 1509 3190 1582 κοντου6έρνια,
3218 1511 3314 1564 καὶ
3349 1507 3705 1579 ἀναπληροῦν

2118 1608 2188 1663 τὰ
2219 1608 2446 1660 λιπόντα
2482 1607 2736 1675 σώματα,

2199 1699 2266 1771 β’.
2304 1697 2626 1768 Σπουδάσῃς
2656 1696 2713 1749 δέ
2746 1694 2815 1749 τά
2859 1694 3000 1748 κατά
3025 1692 3135 1745 τῶν
3166 1690 3380 1762 ἐχθρῶν
3426 1690 3713 1761 πολυπραο

2050 1781 2092 1840 Β
2120 1792 2393 1864 γμονῆσαι
2419 1788 2507 1844 διὰ
2536 1787 2737 1860 βιγλῶν
2774 1786 3015 1856 ἀκριϐῶς
3041 1784 3138 1838 καὶ
3184 1784 3273 1837 διὰ
3310 1784 3703 1846 κατασκόπων,

2116 1887 2219 1955 τήν
2253 1899 2314 1936 τε
2346 1883 2563 1953 κίνησιν
2593 1879 2772 1935 αύτῶν
2823 1880 2916 1932 καὶ
2972 1878 3031 1931 τὸ
3079 1877 3249 1930 ποσὸν
3296 1875 3394 1929 τοῦ
3452 1874 3703 1943 πλήθους

2118 1977 2321 2043 αὐτῶν,
2354 1976 2451 2029 καὶ
2476 1974 2576 2044 τὴν
2604 1969 2879 2036 σύνταξιν,
2911 1971 3005 2024 καὶ
3026 1969 3201 2032 οὕτως
3249 1967 3587 2039 ἁρμόζεσθαι
3621 1967 3709 2030 εἰς

2116 2071 2176 2123 τὺ
2204 2069 2281 2141 μὴ
2308 2064 2753 2137 αἰφνιδιασθῆναι
2784 2064 2917 2134 παρ’
2948 2062 3151 2117 αὐτῶν.

2190 2161 2258 2231 γ’.
2311 2158 2570 2225 Συνάξεις
2612 2156 2669 2212 δέ
2716 2159 2810 2210 ἐπὶ
2878 2156 3077 2226 σχολῆς
3138 2153 3230 2208 τόν
3270 2152 3503 2224 στρατὸν
3555 2150 3707 2205 κατά

2115 2254 2415 2327 δρούγγους
2457 2252 2552 2305 καὶ
2596 2250 2741 2302 κατά
2784 2247 3051 2318 τούρμας,
3098 2246 3193 2300 καὶ
3236 2246 3416 2300 πάντα
3448 2242 3586 2312 όμοῦ
3621 2245 3708 2308 είς

2116 2349 2175 2404 ἓν
2197 2350 2253 2402 ἐν
2279 2347 2363 2400 ἐνὶ
2382 2346 2554 2415 τόπῳ,
2588 2344 2684 2396 καὶ
2712 2342 3064 2411 διαλαλήσεις
3087 2340 3274 2403 αὐτοῖς
3301 2339 3370 2390 τά
3396 2337 3698 2408 πρέποντα,

2116 2438 2149 2511 ἦ
2206 2441 2277 2492 δι’
2312 2437 2532 2502 ἑαυτοῦ,
2574 2435 2607 2507 ἢ
2631 2435 2721 2488 διά
2750 2433 2859 2487 τῶν
2882 2432 3028 2486 ἰδίων
3052 2432 3353 2504 ἀρχόντων,
3377 2429 3619 2492 παλαιᾶς
3635 2442 3697 2480 τε

2116 2533 2551 2603 ἀναμιμνήσκων
2586 2529 2745 2599 νίκης
2776 2528 2872 2580 καὶ
2906 2525 3190 2598 προτέρων
3238 2523 3554 2592 ἐπιτυχιῶν,
3603 2522 3699 2574 καὶ

2115 2624 2204 2679 διὰ
2241 2624 2498 2678 τοιούτων
2546 2619 2975 2691 προθυμοποιεῖν
2997 2616 3218 2678 αὐτοὺς,
3259 2610 3704 2681 ἐπαγγείλασθαίι

2115 2736 2172 2773 τε
2209 2719 2307 2788 τὴν
2338 2719 2401 2769 ἐκ
2422 2717 2520 2783 τῆς
2545 2713 2824 2785 βασιλείας
2855 2711 3016 2782 ἡμῶν
3051 2708 3285 2779 ἀμοιϐὴν
3342 2707 3439 2760 καὶ
3470 2705 3692 2774 εύεργε-

2118 2811 2241 2863 σίαν
2299 2808 2516 2862 καὶτὸν
2568 2805 2710 2877 ὑπὲρ
2754 2803 2855 2873 τῆς
2905 2801 3118 2863 εὐνοίας
3160 2804 3260 2869 τῆς
3291 2798 3565 2859 πολιτείας
3605 2812 3695 2865 μι-

2117 2902 2276 2955 σθόν·
2334 2900 2415 2953 ἔτι
2466 2899 2523 2952 δὲ
2572 2895 3160 2968 προσυπομιμνήσκειν
3208 2892 3304 2946 καὶ
3346 2891 3414 2943 τὰ
3446 2887 3693 2957 διδόμενα

2118 2994 2363 3066 μανδάτα
2390 2993 2480 3046 καὶ
2529 2990 2626 3062 τὴν
2664 2990 2831 3059 ἄλλην
2884 2985 3281 3057 παραγγελίαν,
3328 2985 3396 3053 ῆν
3428 2981 3579 3050 παρά
3632 2994 3693 3031 τε

2120 3086 2213 3141 σοῦ
2239 3085 2405 3141 αὑτοῦ
2456 3086 2552 3139 καὶ
2607 3083 2759 3154 παρὰ
2805 3081 2914 3134 τῶν
2944 3078 3130 3133 ίδικῶν
3189 3075 3371 3131 αὐτῶν
3418 3073 3691 3146 ἀρχόντων

2040 3144 2084 3203 c
2118 3179 2311 3231 ἔλαϐον
2337 3177 2458 3231 καθ’
2481 3144 2713 3229 ἕκαστον
2739 3173 2950 3242 τάγμα.

2187 3269 2245 3322 5'.
2284 3270 2412 3321 Ἐὰν
2441 3267 2499 3321 δέ
2536 3283 2689 3330 τινας
2734 3264 2841 3317 τῶν
2898 3261 3111 3333 ἐχθρῶν
3154 3259 3338 3329 συμϐῇ
3379 3258 3458 3318 είς
3507 3252 3691 3325 βίγλας

2115 3360 2456 3431 κρατηθῆναι
2484 3359 2517 3431 ἢ
2551 3354 2897 3429 προσρυῆναι
2918 3372 2932 3387 ο
2966 3356 3014 3407 εί
3047 3353 3148 3423 μὶν
3171 3348 3414 3417 γενναῖοί
3445 3350 3551 3400 εισι
3579 3346 3691 3407 τοῖς

2116 3454 2334 3525 σώμασι
2386 3454 2489 3507 καὶ
2540 3449 2779 3511 ἔνοπλοι.
2821 3447 3047 3509 τούτους
3110 3444 3185 3515 μὴ
3238 3440 3587 3512 δημοσιεύειν
3615 3435 3693 3505 τῷ

2116 3545 2354 3618 στρατῷ,
2398 3544 2510 3598 ἀλλ’
2564 3547 2621 3597 ἐν
2676 3542 2850 3613 έτέρῳ
2901 3540 3055 3607 τόπῳ
3106 3535 3331 3605 ἀφανῶς
3389 3531 3696 3600 ἐκπέμπειν

2114 3637 2327 3700 αύτούς,
2366 3636 2428 3688 El
2458 3634 2514 3687 δέ
2542 3628 2781 3696 εύτελεῐς
2812 3630 2940 3690 είσι,
2969 3629 3098 3692 τοὺς
3122 3629 3222 3697 μὲν
3251 3625 3693 3697 προορωμένους

2114 3727 2454 3798 ἐπιτηδεύεις
2485 3721 2893 3779 ἐπιδείκνυσθαι
2919 3720 2997 3792 τῷ
3030 3718 3249 3789 στρατῷ
3279 3717 3464 3778 παντὶ,
3495 3713 3621 3775 τοὺς
3638 3711 3695 3764 δὲ

2114 3818 2519 3890 κρατουμένους
2563 3815 2808 3888 γυμνοὺς
2882 3813 3176 3883 περιάγῃς,
3246 3809 3342 3862 καὶ
3402 3806 3696 3874 ὑποθήσεις

2115 3911 2310 3973 αὐτοὺς
2335 3908 2676 3980 παρακαλεῖν
2704 3906 2833 3968 τοὺς
2862 3903 3203 3973 στρατιώτας
3234 3900 3309 3970 μὴ
3336 3896 3691 3968 φονευθῆναι,

2114 4002 2194 4064 είς
2214 4002 2275 4054 τὸ
2298 4000 2645 4063 πάπιταςτοὺς
2662 3998 2891 4067 ἐχθροὺς
2918 3996 3185 4057 ἐλεεινοὺς
3206 3989 3349 4046 εἶναι
3375 3986 3694 4060 νομίζεσθαι

2116 4096 2267 4165 παρά
2293 4094 2399 4147 τῶν
2429 4091 2797 4162 στρατιωτῶν.

2186 4193 2248 4240 ε’.
2290 4184 2533 4256 Ἐχθρῶν
2564 4184 2621 4237 δὲ
2672 4180 3023 4251 ἐγγιζόντων,
3088 4180 3184 4233 καὶ
3214 4175 3481 4248 δημοσίου
3514 4187 3691 4243 προσ-

2115 4279 2425 4349 δοκωμένου
2457 4276 2716 4349 πολέμου,
2746 4273 3129 4345 παραγγείλῃς
3160 4273 3275 4334 τοῖς
3334 4268 3563 4339 ἄρχουσι
3588 4264 3699 4317 τῶν

2114 4371 2434 4440 ταγμάτων,
2471 4368 2613 4422 ὥστε
2648 4368 2723 4439 μὴ
2753 4370 2927 4421 ποιεῖν
2957 4369 3017 4420 ἐν
3055 4365 3294 4427 ἐκείναις
3318 4363 3441 4424 ταῐς
3458 4360 3698 4430 ἡμέραις

425 4450 623 4552 gantes
658 4476 861 4529 milites
897 4473 1123 4537 faciant,
1158 4471 1253 4531 sed
1294 4470 1589 4539 diligenter
1617 4468 1911 4529 observent
1944 4484 2010 4523 ne

2120 4462 2523 4531 συνεξελεύσεις
2553 4463 2695 4516 κατά
2738 4460 2848 4515 τῶν
2894 4458 3277 4514 ἀτακτούντων
3324 4450 3699 4526 στρατιωτῶν,

428 4571 657 4624 tniiitem
691 4567 863 4620 ullum
904 4580 970 4618 ex
1004 4565 1119 4618 suis
1148 4562 1411 4617 lassatum
1444 4558 1698 4623 reddant,
1729 4565 1822 4611 aut
1852 4558 2015 4613 etiam

426 4668 668 4727 vexeut;
716 4657 809 4713 sed
841 4671 937 4715 eos
985 4653 1077 4723 qui
1129 4652 1184 4706 in
1242 4650 1424 4721 aliqua
1482 4650 1681 4704 mentis
1724 4649 2014 4719 perturba-

427 4752 580 4808 tione
630 4758 726 4805 aut
775 4745 1154 4807 sollicitudine
1200 4742 1615 4805 excruciantur,
1649 4751 1744 4795 aut
1795 4741 2015 4811 opinio-

425 4859 553 4901 nem
603 4839 841 4913 aiicujus
893 4837 1193 4893 anxietatis
1231 4832 1489 4897 alterunt,
1543 4835 1789 4888 relevent
1847 4840 2014 4901 atque

426 4938 496 4994 ad
544 4937 785 5006 aliquam
834 4931 1175 4987 hilaritatem
1218 4936 1273 4983 et
1314 4927 1654 4982 alacritatem
1697 4925 2008 4979 traducunt.

425 5031 524 5091 Sin
559 5044 628 5084 ne
661 5028 743 5084 sic
773 5024 994 5098 quidem
1028 5038 1058 5076 a
1100 5021 1360 5076 mmstitia
1396 5028 1450 5075 et
1501 5031 1740 5073 maerore
1788 5016 2007 5072 avocari

425 5120 682 5194 possunt,
713 5120 780 5174 ad
838 5114 1123 5189 paululum
1179 5113 1447 5183 temporis
1506 5124 1761 5166 secernes
1808 5122 1927 5171 eos,
1956 5116 2010 5162 et

424 5214 493 5269 ad
528 5215 691 5268 alium
718 5213 925 5276 locum,
953 5209 1103 5277 iusta
1131 5207 1312 5277 aliqua
1339 5218 1506 5260 causa
1538 5202 1805 5264 adhibita.
1834 5215 2010 5270 usque

425 5302 495 5360 ad
514 5302 641 5359 belli
673 5303 879 5358 exitum‘
906 5298 1208 5369 ablegabis,
1242 5304 1299 5349 ut
1336 5310 1401 5349 ne
1421 5294 1489 5349 ad
1523 5294 1780 5349 inimicos
1817 5301 2005 5347 trans—

427 5392 698 5465 fugientes
752 5390 963 5462 aliquid
1012 5390 1285 5452 indicent,
1329 5386 1472 5455 quod
1527 5384 1753 5439 minimc
1801 5381 2012 5453 patefa-

2115 4557 2481 4626 φυλάττεσθαι
2502 4555 2559 4609 δὲ
2585 4554 2856 4617 παντοίως
2890 4551 2965 4624 μὴ
2999 4551 3254 4607 κακῶσαι
3291 4549 3385 4603 τὸν
3429 4544 3700 4617 στρατιῶ-

2114 4666 2235 4720 την.
2278 4647 2439 4701 Ἀλλά
2469 4646 2565 4701 καὶ
2608 4647 2738 4709 τοὺς
2783 4646 2842 4699 ἐν
2898 4644 3106 4715 ὑποψίᾳ
3134 4642 3296 4705 ὄντας
3350 4639 3530 4708 λύπης
3554 4636 3699 4699 τινὸς

2112 4740 2278 4791 ἓνεκα
2322 4736 2797 4808 μεταχειρίζεσθαι
2831 4736 2912 4798 είς
2942 4734 3251 4803 εὐθυμίαν·
3306 4733 3352 4784 εί
3393 4730 3449 4783 δέ
3488 4730 3701 4799 ἀμετα-

2114 4832 2453 4905 χείριστοιλοί
2482 4829 2711 4883 τοιοῦτοι
2750 4828 2993 4899 μένουσι,
3026 4826 3285 4898 χωρίσεις
3329 4821 3530 4884 αὐτοὺς
3562 4818 3702 4888 πρὸς

2116 4926 2333 4998 μικρὸν,
2365 4922 2461 4977 καὶ
2490 4922 2664 4994 ἑτέρῳ
2694 4919 3085 4992 παραπέμψεις
3111 4917 3263 4988 τόπῳ
3300 4914 3441 4985 μετὰ
3489 4910 3705 4982 προφάν-

2117 5033 2255 5079 σεως
2286 5014 2508 5083 εύλόγου
2536 5014 2699 5086 μέχρι
2722 5014 2823 5084 τῆς
2852 5011 2948 5065 τοῦ
2986 5010 3228 5080 πολέμου
3266 5006 3568 5067 ἐκϐάσεως.
3612 5000 3704 5055 ἵνα.

2120 5111 2194 5181 μὴ
2225 5112 2336 5173 τοῖς
2368 5109 2578 5179 ἐχθροῖς
2619 5104 3027 5178 προσφυγόντες
3057 5102 3284 5156 είπωσίν
3308 5117 3360 5152 τι
3399 5090 3480 5151 ὧν
3506 5096 3566 5150 οὐ
3593 5094 3703 5165 χρὴ

2115 5199 2406 5269 γινώσκειν
2443 5196 2661 5259 αὐτούς.
2689 5195 2831 5258 Τοὺς
2887 5194 2943 5247 δὲ
2991 5192 3276 5263 ὁμογενεῖς
3309 5187 3423 5240 τῶν
3466 5184 3702 5255 ἐχθρῶν,

2116 5292 2189 5355 ὡς
2217 5291 2318 5362 ἢδη
2378 5289 2740 5359 προείπομεν,
2799 5284 2906 5356 πρὸ
2940 5283 3137 5337 πολλοῦ
3170 5281 3453 5354 χωρίζειν,
3513 5278 3622 5335 καὶ»
3639 5278 3705 5329 ὲν

2116 5382 2339 5453 πολέμῳ
2371 5382 2595 5443 τούτους
2632 5379 2707 5450 μὴ
2739 5377 2929 5449 φέρειν
2955 5376 3097 5430 κατὰ
3120 5375 3235 5428 τῶν
3269 5374 3439 5427 ἰδίων.

429 5462 687 5538 ciettdum
738 5480 865 5538 fuit.
922 5480 1222 5549 Populares
1274 5487 1455 5531 autem
1507 5483 1673 5547 atque
1718 5474 1990 5544 indigena:
2038 5473 2307 5540 hostium,
2344 5471 2813 5542 quemadmodum
2877 5484 3045 5538 supra
3103 5465 3472 5529 ostendimus,
3538 5462 3707 5530 lougo

424 5587 555 5630 ante
584 5583 833 5645 tempore
876 5572 1199 5646 segregandi
1233 5583 1384 5633 sunt,
1415 5585 1593 5639 neque
1640 5571 1696 5623 in
1733 5570 1875 5624 bello
1909 5569 2201 5625 adversum
2232 5581 2363 5621 suos
2391 5580 2635 5636 pugnare
2675 5566 3083 5635 permittantur.
3650 5572 3661 5579 ·

496 5664 553 5716 6.
586 5662 816 5726 Quando
862 5663 929 5715 ad
988 5675 1225 5730 pugnam
1265 5660 1788 5729 dimicationemque
1831 5660 2014 5728 ipsam

434 5758 699 5810 venturus
731 5763 812 5815 es,
842 5749 1103 5804 adversus
1133 5763 1296 5804 casus
1327 5749 1456 5803 belli
1486 5758 1668 5806 mente
1708 5760 2003 5818 pcrtracta,

2194 5654 2268 5721 ς’.
2302 5658 2470 5711 Ὅταν
2497 5657 2554 5710 δὲ
2575 5655 2774 5729 μέλλῃς
2802 5656 3098 5727 συμϐαλεῖν
3126 5655 3205 5718 είς
3223 5652 3426 5725 μάχην,
3443 5645 3489 5706 ὦ
3509 5668 3704 5723 στρατ·

2121 5750 2245 5820 ηγέ,
2295 5750 2399 5820 χρή
2434 5765 2493 5801 σε
2518 5748 2613 5803 καὶ
2649 5748 2718 5803 τὰ
2740 5750 2818 5813 είς
2846 5747 3110 5821 δευτέραν
3140 5745 3315 5815 τύχην
3341 5743 3705 5807 ἀποσκοπεῖν,
