4074 6222
474 249 577 311 847
806 276 815 283 ·
1744 258 2021 318 LEONIS
2052 253 2519 316 PHILOSOPHI
3637 247 3788 314 818

476 367 607 437 quia
639 364 796 418 locus
828 376 990 432 asper
1036 371 1200 435 atque
1228 366 1546 423 eondensus
1579 378 1683 433 est,
1722 371 1807 425 vel
1845 380 2061 439 tempus

2178 382 2271 428 πος
2297 364 2373 428 ὡς
2392 362 2557 425 δασὺς
2588 360 2683 415 καὶ
2704 359 2990 432 δυσχερὴς,
3024 359 3059 433 ἢ
3094 360 3124 414 ό
3166 359 3363 431 καιρὸς
3402 359 3787 432 ἀπρόσφορός

478 459 881 529 importunum,
914 466 994 523 ιιι,
1024 460 1237 528 magnis
1270 459 1569 531 frigoribus
1614 472 1711 518 aut
1757 463 2060 527 caloribus,

2171 456 2316 508 ἐστιν
2365 448 2480 508 οἷον
2518 452 2721 506 πολλοῦ
2777 451 3073 523 χειμῶνος,
3123 452 3397 524 ῆόμοίως
3448 453 3780 525 καύματος,

480 566 551 606 ne
581 560 695 603 tum
720 550 943 605 coneris
964 565 1087 605 cum
1117 551 1227 606 illis
1252 554 1517 622 proeliari,
1545 554 1644 611 sed
1675 556 1911 627 teipsum
1947 558 2064 612 col-

2170 550 2246 619 μὴ
2279 545 2651 618 ἐπιτηδεύσῃς
2691 545 2997 615 συμϐαλεῖν
3031 546 3218 607 αὐτοῖς
3261 546 3295 617 ἢ
3323 546 3445 601 τότε
3478 548 3512 617 ἢ
3545 549 3779 602 ἐκεῖσεο

478 641 586 712 fige
611 641 811 710 potius,
843 648 899 694 et
944 640 1127 696 locum
1172 642 1430 698 idoneum
1474 647 1542 700 ad
1587 654 1771 703 castra
1811 647 2065 717 ponenda

2177 641 2305 696 ἀλλά
2336 640 2612 705 σπούδαζε
2637 638 2840 711 μᾶλλον
2873 639 3131 708 συνάγειν
3154 641 3404 708 σεαυτὸν,
3452 644 3551 697 καὶ
3586 643 3786 697 τόπον

477 749 683 805 quaere,
698 742 754 788 et
784 734 1041 804 prmlium
1074 734 1234 790 differ
1262 735 1438 793 donec
1462 740 1908 797 commoditatem
1929 749 2069 798 tem-

2174 732 2309 797 [διον
2326 735 2552 804 κρατεῖν
2572 734 2655 798 εἰς
2674 733 2962 799 ἀπλικτον,
2986 734 3081 786 καὶ
3121 733 3419 803 ὑπερτίθου
3461 735 3660 807 μέχρις
3696 736 3783 791 ἂν

479 826 632 898 poris
660 841 724 880 ac
757 826 858 881 loci
890 826 1129 897 aliquam
1168 829 1371 885 habeas
1409 849 1424 886 :
1459 846 1638 901 neque
1666 836 1981 892 committas
2010 847 2070 892 ut

2171 828 2265 880 καὶ
2285 826 2453 879 τόπου
2486 825 2798 896 ἐπιτηδείου
2825 827 2921 880 καὶ
2941 826 3138 897 καιροῦ
3166 827 3374 897 ὁμοίως
3413 828 3774 902 εύπορήσῃς,

478 917 690 973 invitus
744 932 871 973 cum
924 918 1033 975 illis
1091 919 1377 992 confligas.
1417 921 1533 978 Hoc
1585 925 1629 979 si
1681 925 1901 993 feceris,
1955 942 2066 984 non

2169 918 2266 973 καὶ
2297 918 2372 990 μὴ
2402 916 2680 982 ἀκουσίως
2705 916 3015 988 συμϐάλῃς.
3064 916 3240 970 Τοῦτο
3272 917 3385 989 γὰρ
3419 919 3593 971 ποιῶν
3634 920 3778 992 οὐχὶ

476 1008 735 1066 inimicos
787 1008 989 1081 fugies,
1050 1012 1149 1068 sed
1202 1012 1618 1070 incommodum
1678 1017 1862 1073 locum
1916 1020 2070 1077 devi-

2170 1009 2384 1081 ἐχθρῶν
2414 1009 2611 1082 φεύξῃ,
2646 1008 2785 1063 ἀλλά
2813 1010 2905 1063 τὸν
2947 1007 3325 1081 ἀνεπιτήδειον
3380 1012 3475 1064 καὶ
3508 1012 3778 1085 ἀσύμφο-

477 1102 643 1160 tabis.
820 1132 823 1137 ι
2173 1118 2266 1172 ρον
2295 1103 2463 1155 τόπον
2510 1101 2920 1173 φυλαττόμενος
2947 1102 3069 1175 ἔσῃ.

551 1197 640 1252 14.
679 1195 792 1253 Deo
826 1198 1115 1255 victoriam
1151 1200 1338 1269 dante,
1374 1211 1429 1259 et
1460 1204 1714 1263 hostibus
1740 1208 2066 1281 proﬂigatis,

2241 1194 2322 1249 ιδ’.
2356 1194 2493 1248 Θεοῦ
2528 1195 2585 1249 δὲ
2631 1195 2790 1265 νίκην
2848 1195 3188 1267 παρέχοντος
3247 1195 3344 1248 ἐὰν
3403 1196 3454 1249 οἱ
3503 1196 3775 1268 πολέμιοι

478 1285 795 1344 abstineant
850 1291 1082 1347 omnino
1142 1294 1349 1350 milites
1401 1311 1431 1349 a
1483 1298 1843 1357 cadaveribus
1884 1302 2069 1358 inimi-

2167 1286 2476 1357 τραπῶσιν,
2511 1286 2819 1357 ἀπέχεσθαι
2855 1291 2969 1351 τοῖς
3012 1287 3379 1360 στρατιώταις
3404 1290 3771 1360 παράγγελλε

477 1395 669 1436 corum
700 1383 1031 1453 spoliandis.
1062 1385 1197 1441 Nam
1239 1389 1509 1445 cadavera
1546 1403 1640 1447 aut
1680 1394 2068 1465 impedimenta

2168 1378 2265 1433 τοῦ
2301 1378 2585 1433 σκυλεύειν
2632 1380 2760 1443 τοὺς
2791 1379 3022 1447 νεκροὺς
3053 1381 3164 1433 τῶν
3198 1380 3429 1453 ἐχθρῶν·
3461 1382 3521 1435 τὸ
3570 1383 3688 1453 γὰρ
3730 1383 3768 1453 ἢ

480 1479 577 1528 aut
614 1483 801 1529 castra
847 1476 1088 1531 hostium
1143 1486 1272 1534 ante
1318 1480 1623 1551 perfectum
1686 1486 1815 1543 belli
1860 1490 2065 1545 exitum

2167 1472 2396 1543 νεκροὺς
2440 1472 2748 1537 σκυλεύειν,
2789 1472 3061 1545 ῆτούλδῳ
3110 1473 3143 1544 ἢ
3186 1474 3441 1545 φοσσάτφ
3478 1476 3771 1545 πολεμίαν)

480 1563 763 1630 invadere,
817 1568 973 1622 valde
1023 1570 1396 1639 periculosum
1441 1589 1506 1629 ac
1541 1578 1913 1646 perniciosum
1946 1584 2065 1637 'est.

2168 1566 2500 1637 ἐπέρχεσθαι
2557 1566 2665 1638 πρὸ
2730 1565 2948 1628 τελείας
3006 1567 3290 1631 ἐκϐάσεως
3340 1568 3433 1636 τοῦ
3490 1569 3766 1639 πολέμου,

479 1654 674 1727 Itaque
714 1659 1147 1728 praecipiendum
1204 1666 1432 1719 omnino
1469 1676 1574 1732 est,
1621 1677 1679 1721 ttt
1733 1670 1858 1726 istis
1901 1674 2067 1729 rebus

2169 1659 2405 1727 πρᾶγμα
2425 1656 2668 1728 ὀλέθριον
2715 1657 2812 1711 καὶ
2842 1655 3183 1710 ἐπικίνδυνόν
3212 1658 3383 1711 ἐστιν.
3416 1657 3508 1711 Διὸ
3552 1660 3665 1729 χρή
3703 1674 3766 1711 σε

481 1750 688 1805 milites
721 1752 1061 1809 abstineant.
1109 1756 1266 1823 Saepe
1298 1758 1444 1813 enim
1493 1761 1736 1818 victores
1763 1765 1968 1821 talibus
1996 1766 2066 1821 de

2172 1749 2687 1819 προπαραγγέλλειν
2739 1747 2803 1801 τὸ
2848 1747 3119 1813 παντοίως
3172 1748 3479 1820 ἀπέχεσθαι
3520 1750 3764 1805 τούτων.

479 1840 667 1895 causis
701 1856 810 1896 non
857 1846 1122 1913 superati,
1158 1862 1342 1902 verum
1386 1850 1581 1905 iterum
1618 1852 1871 1910 funditus
1902 1856 2065 1913 deleti

2168 1841 2436 1904 Πολλάκις
2464 1842 2573 1912 γὰρ
2600 1843 2692 1896 καὶ
2715 1843 2765 1894 οἱ
2794 1842 3123 1912 νικήσαντες
3141 1842 3228 1895 διά
3258 1840 3518 1894 τοιούτων
3537 1842 3767 1913 τρόπων

480 1938 635 1997 sunt,
672 1932 923 1990 hostibus
954 1938 1021 1992 de
1050 1938 1353 2009 improviso
1403 1941 1824 2003 incursantibus
1879 1955 1935 2003 et
1971 1964 2067 2019 pe-

2167 1936 2229 1988 οὐ
2249 1935 2410 2005 μόνον
2435 1935 2771 2007 ἡττήθησαν,
2793 1934 2930 1988 ἀλλὰ
2965 1934 3060 1989 καὶ
3090 1933 3373 1988 ἀπώλοντο
3423 1934 3766 2004 σκορπῐσανο

482 2023 717 2080 riculum
756 2027 1146 2088 inferentibus.

2165 2043 2257 2090 τες
2289 2027 2539 2090 ἑαυτοὺς,
2575 2029 2670 2082 καὶ
2700 2027 2805 2081 ὑπὸ
2838 2027 2947 2080 τῶν
2997 2026 3209 2099 ἐχθρῶν
3267 2025 3764 2096 αἱφνιδιασθέντες,

2169 2120 2268 2171 καὶ
2305 2118 2482 2182 οὓτως
2503 2119 2980 2183 κινδυνεύσαντες.

555 2199 641 2253 t5.
701 2198 966 2261 Hostibus
1013 2205 1781 2285 jamappropinquantibus,
1846 2228 1903 2274 et
1959 2218 2065 2274 im-

2242 2207 2325 2264 ιε’.
2360 2212 2538 2283 Ὅπερ
2564 2211 2620 2264 δὲ
2644 2212 2778 2282 ἡμῖν
2810 2214 2903 2265 καὶ
2937 2211 3211 2283 πρότερον
3239 2212 3475 2282 εἴρηται,
3530 2211 3615 2264 δεῖ
3660 2211 3766 2279 μά-

480 2288 721 2346 minentc
762 2292 926 2361 bello,
960 2300 1426 2368 quemadmodum
1477 2314 1607 2363 ante
1652 2309 2066 2378 admonuimus,

2169 2302 2323 2380 λιστα
2356 2303 2463 2357 τῶν
2491 2303 2766 2374 πολεμίων
2796 2304 3147 2374 ἐγγιζόντων,
3180 2305 3278 2360 καὶ
3300 2305 3763 2378 προσδοκωμένου

481 2395 591 2433 non
645 2383 810 2438 modo
868 2387 915 2442 si
972 2390 1026 2443 in
1097 2390 1331 2460 fossato,
1383 2397 1437 2451 id
1486 2408 1595 2465 est,
1647 2402 1847 2458 castris
1896 2404 2070 2475 copiae

2170 2394 2432 2465 πολέμου,
2468 2396 2554 2449 ἵνα
2588 2396 2684 2449 ἐὰν
2714 2397 2877 2469 διάγῃ
2916 2399 2975 2450 ἐν
3016 2398 3273 2470 φοσσὰτῳ
3300 2399 3329 2451 ό
3374 2399 3627 2470 στρατὸς,
3660 2401 3760 2455 καὶ

483 2482 592 2530 tuae
649 2477 875 2547 fuerint,
924 2482 1106 2554 ibique
1146 2487 1333 2543 hostes
1362 2496 1826 2563 exspectaverint,
1879 2497 2066 2554 fenum

2169 2492 2296 2554 τοὺς
2348 2490 2576 2561 ἐχθροὺς
2620 2490 2865 2562 ἀναμένῃ
2905 2490 3139 2557 ἐκεῖθεν,
3182 2493 3257 2562 μὴ
3301 2493 3466 2559 μόνον
3510 2495 3761 2567 εὑτρεπί·

479 2575 576 2620 aut
624 2572 778 2638 palea
835 2576 1000 2631 unius
1033 2586 1198 2648 atque
1232 2581 1464 2639 alterius
1505 2584 1615 2640 diei
1666 2587 1937 2656 iumentis
1981 2608 2070 2647 re-

2171 2583 2307 2649 ζειν,
2342 2585 2439 2638 καὶ
2472 2584 2789 2638 ἁποτιθέναι
2822 2585 3019 2655 χόρτον
3056 2584 3088 2655 ἢ
3122 2585 3325 2657 ἄχυρον
3357 2588 3546 2658 μιᾶςῆ
3575 2588 3760 2642 δευτέ-

481 2670 742 2730 ponetur,
805 2666 899 2721 sed
950 2670 1115 2723 etiam
1163 2672 1209 2725 si
1267 2682 1450 2728 castra
1500 2689 1717 2733 moveat
1768 2684 2065 2753 exercitus,

2174 2692 2274 2749 ρας
2332 2678 2550 2749 ἡμέρας
2604 2677 2716 2731 τῶν
2776 2677 3011 2746 ἀλόγων,
3038 2678 3174 2733 ἀλλά
3218 2682 3311 2733 καὶ
3365 2681 3464 2733 ἐὰν
3493 2684 3690 2753 κινήσῃ
3731 2684 3760 2735 ό

482 2762 538 2807 et
578 2755 643 2807 ad
706 2757 813 2811 alia
864 2760 983 2815 loca
1038 2776 1355 2821 commeare
1388 2770 1539 2837 velit,
1574 2778 1739 2842 atque
1779 2776 1952 2832 aciem
1995 2779 2067 2835 ibi

2174 2768 2427 2838 στρατὸς,
2463 2770 2559 2823 καὶ
2599 2769 2859 2840 βούληται
2891 2771 2989 2824 καὶ
3016 2773 3074 2825 ὲν
3124 2771 3300 2841 ἑτέρῳ
3349 2772 3576 2843 πλήκτῳ
3638 2773 3756 2843 (97)

485 2842 784 2935 instruere,
835 2848 1024 2905 fenum
1077 2863 1172 2907 aut
1224 2858 1435 2926 paleam
1503 2864 1669 2918 unius
1716 2864 1823 2920 diei
1879 2883 2068 2925 secum

2172 2862 2451 2926 ἀπελθεῖν,
2493 2862 2752 2917 κάκεῖθεν
2789 2863 3230 2935 παρατάξεσθαι,
3264 2842 3563 2933 ἀναγκαῖόν
3608 2842 3758 2919 ἐστιν

487 2933 688 3001 ferant,
721 2953 784 2994 ac
832 2942 883 2993 in
922 2944 1122 2999 castris
1155 2947 1272 3001 suis
1299 2962 1599 3018 reponant:
1631 2952 1887 3013 fortassis
1922 2959 2067 3014 enim

2173 2954 2314 3009 ὥστε
2342 2956 2534 3028 χόρτον
2565 2958 2598 3029 ἢ
2629 2957 2834 3028 ἄχυρον
2874 2933 2982 3011 κᾶν
3014 2959 3144 3028 μιᾶς
3172 2958 3385 3029 ἡμέρας
3443 2958 3754 3028 βαστάζειν,

485 3028 642 3121 pueri
692 3037 746 3084 et
793 3032 1106 3090 administri
1176 3039 1408 3095 militum
1458 3042 1527 3097 ab
1572 3044 1828 3103 hostibus
1880 3051 2071 3120 prohi-

2175 3048 2273 3101 καὶ
2300 3048 2475 3111 οὕτως
2522 3050 2581 3102 ἐν
2628 3048 2706 3118 τῷ
2756 3049 3036 3121 γενομένῳ
3102 3028 3359 3121 φοσσάτῳ
3407 3050 3756 3104 ἀποτίθεσθαι

486 3118 719 3175 beantur
767 3137 835 3179 eo
881 3126 971 3182 die
1020 3129 1192 3195 exire,
1243 3140 1299 3185 et
1349 3132 1535 3188 fenum
1582 3151 1796 3205 secare,
1848 3116 1941 3196 aut
1978 3158 2072 3212 pa-

2174 3138 2386 3192 τοῦτοψ
2419 3140 2551 3203 ῖσως
2580 3116 2691 3208 γὰρ
2715 3116 2776 3191 οὗ
2810 3116 3225 3211 συγχωροῦνται
3268 3116 3375 3192 ὑπὸ
3406 3139 3514 3193 τῶν
3550 3139 3758 3211 ἐχθρῶν

486 3210 676 3268 bulum
736 3217 1017 3289 colligere,
1078 3232 1176 3279 aut
1225 3223 1477 3294 iumenta
1527 3229 1593 3285 ad
1636 3241 1855 3301 pastum
1908 3210 2072 3291 emit-

2174 3230 2224 3282 οἱ
2255 3228 2656 3299 ὑπηρετοῦντες
2680 3229 2868 3289 παῖδες
2900 3210 3037 3300 αὐτῇ
3069 3232 3135 3300 τῇ
3161 3229 3347 3301 ἡμέρᾳ
3379 3230 3630 3296 ἐξελθεῖν,
3655 3210 3756 3283 καὶ

486 3309 624 3359 lere.
2175 3316 2592 3385 χορτολογῆσαι,
2621 3315 2745 3369 οὔτε
2779 3316 2835 3370 δὲ
2858 3318 2927 3371 τὰ
2965 3318 3137 3386 ἄλογα
3159 3322 3238 3382 εις
3256 3319 3458 3390 βοσκὴν
3489 3319 3755 3375 ἐκϐαλεῖν.

556 3396 649 3452 16.
702 3397 799 3455 Sin
848 3400 1038 3462 hostes
1099 3406 1424 3467 immineant
1472 3413 1655 3477 multi,
1716 3430 1828 3472 non
1873 3417 2070 3473 absur-

2248 3404 2347 3471 ις’.
2387 3408 2447 3460 El
2479 3407 2535 3460 δὲ
2556 3409 2605 3461 of
2648 3408 2836 3480 ἐχθροὶ
2887 3410 3023 3463 πολὺ
3051 3410 3386 3479 ἐγγίζουσιν,
3427 3412 3529 3465 ούκ
3563 3413 3757 3465 ἄτοπον

486 3487 617 3546 dum
670 3491 862 3559 fuerit,
913 3499 1379 3568 quemadmodum
1412 3516 1542 3561 ante
1571 3506 1837 3575 diximus,
1872 3527 2072 3566 unum-

2177 3500 2237 3554 ἐν
2269 3500 2348 3572 τῷ
2394 3505 2740 3572 περιπατεῖν,
2778 3503 2855 3567 ὡς
2901 3504 2997 3557 καὶ
3055 3504 3292 3574 ἀλλαχοῦ
3338 3506 3475 3574 ἡμῖν
3523 3507 3754 3577 εἴρηται,

485 3599 760 3657 quemque
814 3589 869 3644 in
906 3591 1107 3650 itinere
1164 3594 1416 3653 faciendo
1481 3598 1809 3657 frumentari
1860 3617 1926 3658 ac
1974 3620 2075 3675 pa-

2176 3594 2409 3648 ἕκαστον
2451 3594 2710 3663 συνάγειν
2753 3595 2847 3648 τὸν
2871 3595 3066 3667 χόρτον
3097 3596 3192 3649 τὸν
3232 3597 3520 3666 ὀφείλοντα
3570 3600 3761 3652 ἀποτε-

489 3676 695 3743 bulari,
767 3688 934 3751 atque
982 3684 1120 3739 illud
1176 3686 1231 3742 in
1285 3688 1489 3745 castris
1537 3705 1826 3761 reponere.
1890 3694 2075 3766 Neque

2178 3684 2360 3754 θῆναι.
2394 3686 2530 3739 Οὐδὲ
2560 3685 2671 3758 γὰρ
2704 3686 2842 3755 μετά
2880 3687 2943 3740 τὺ
2968 3687 3301 3743 ἀπλικεῦσαι
3324 3690 3591 3753 πολλάκις
3629 3708 3759 3759 συγ-

485 3771 631 3825 enim
682 3775 886 3831 castris
918 3776 1032 3845 jam
1089 3780 1309 3849 positis,
1343 3782 1498 3851 pueri
1549 3792 1605 3837 et
1650 3784 1964 3843 administri
2006 3788 2075 3844 ab

2178 3777 2485 3847 χωροῦνται
2539 3779 2590 3831 οι
2640 3778 2831 3843 παῖδες
2892 3778 3131 3845 ἐξελθεῖν
3174 3781 3269 3836 καὶ
3338 3783 3756 3854 χορτολογῆσαι,

489 3862 765 3931 hostibus,
814 3868 857 3922 si
891 3872 1199 3938 praesertim
1251 3874 1465 3944 equltes
1496 3875 1653 3930 multi
1706 3876 1931 3946 fuerint,
1978 3895 2076 3950 pa-

2180 3867 2443 3923 πλειόνων
2489 3870 2723 3940 μάλιστα
2761 3871 3146 3943 καϐαλλαρίων
3197 3873 3309 3926 τῶν
3346 3873 3561 3947 ἐχθρῶν
3614 3875 3762 3947 εὑρι-

485 3954 735 4010 hulatnm
795 3965 851 4014 et
890 3960 1284 4018 frumentatum
1339 3965 1419 4021 ire
1470 3966 1749 4023 sinentur.
1810 3967 1936 4025 Haec
1976 3972 2075 4028 abs

2182 3961 2485 4031 σκομένων.
2527 3962 2713 4017 Ταῦτα
2751 3964 2850 4034 μέν
2874 3980 2959 4018 σοι
2982 3965 3089 4037 πρὸ
3118 3965 3217 4034 τῆς
3240 3965 3334 4019 τοῦ
3367 3965 3606 4035 πολέμου
3631 3982 3764 4034 συμο

470 4057 541 4102 «te
582 4055 712 4103 ante
760 4050 887 4105 belli
941 4052 1114 4119 diem,
1169 4057 1367 4125 partim
1419 4058 1825 4127 praecipienda,
1876 4064 2073 4131 partim

2177 4051 2365 4121 ϐολῆς,
2393 4052 2579 4123 τὰμὲν
2604 4055 3015 4121 διατάσσεσθαι,
3043 4057 3113 4110 τὰ
3140 4058 3196 4111 δέ
3225 4057 3655 4129 διαπράττεσθαι
3680 4060 3763 4122 εἰς

486 4141 830 4198 conficienda
862 4152 1017 4209 sunt,
1038 4155 1101 4201 ut
1131 4146 1427 4217 perfectior
1451 4164 1515 4205 ac
1531 4149 1853 4222 dispositior
1882 4152 2077 4223 pmfev

2178 4146 2564 4217 ἐντελεστέραν
2592 4147 2832 4217 μάθησιν
2864 4147 2976 4201 τῶν
3002 4166 3062 4203 τε
3107 4149 3215 4203 ύπδ
3266 4151 3327 4204 σέ
3359 4150 3635 4222 ἀρχόντων
3665 4151 3758 4204 καὶ

487 4241 707 4288 ctorum
734 4236 1083 4308 militumque
1113 4249 1332 4294 tuorum
1374 4242 1700 4298 constitutio
1733 4242 1849 4299 fiat.
1882 4228 2077 4301 Restat

2176 4237 2287 4292 τῶν
2319 4237 2671 4310 στρατιωτῶν
2687 4241 3137 4311 παρακελεύομεν
3154 4259 3168 4273 ο
3188 4242 3318 4312 ἑξῆς
3343 4242 3400 4296 δὲ
3426 4244 3520 4297 καὶ
3538 4244 3640 4296 ὅσα
3655 4241 3756 4313 χρὴ

491 4334 550 4379 ιιι
590 4325 658 4382 de
695 4326 818 4397 ipso
854 4329 984 4386 belli
1019 4329 1130 4397 die,
1166 4332 1415 4408 quidque
1469 4335 1911 4407 persequendum
1976 4337 2075 4393 tibi

2180 4329 2294 4384 εἴτε
2353 4332 2529 4384 ποιεῖν
2574 4331 2686 4384 εῖτε
2744 4333 3269 4403 παραφυλάττεσθαι
3323 4334 3461 4404 μετά
3503 4334 3603 4401 τῆς
3656 4333 3759 4386 ὑπὸ

489 4421 733 4490 tuisque,
776 4431 831 4477 et
867 4438 898 4479 a
948 4425 1151 4495 quibus
1194 4427 1582 4499 refugiendum
1627 4429 1723 4498 sit,
1754 4431 1951 4505 paucis
1981 4446 2075 4488 ex-

2149 4478 2157 4516 ,
2184 4422 2245 4473 at
2277 4420 2560 4491 δυνάμεως
2592 4422 2650 4474 ἐν
2701 4422 2838 4492 αὐτῇ
2868 4426 2934 4494 τῇ
2968 4423 3152 4495 ἡμέρᾳ
3200 4425 3301 4496 τῆς
3336 4423 3615 4495 συμϐολῆς
3667 4422 3758 4478 τοῦ

490 4514 801 4586 planemus.

2107 4510 2152 4529 ⁹’
2183 4510 2450 4583 πολέμου,
2484 4512 2627 4567 κατά
2656 4511 2888 4584 δύναμιν
2911 4515 3012 4585 ἢδη
3038 4514 3298 4585 ἐροῦμεν.

945 4606 1415 4667 CONSTITUTIO
1466 4610 1612 4669 XIV.

1596 4651 1612 4669 ,
2764 4607 3077 4660 suum
3104 4606 3201 4663 ιε’.

1089 4700 1171 4755 De
1218 4701 1304 4756 die
1343 4702 1486 4759 belli.
2392 4696 2534 4764 Περὶ
2564 4696 2674 4766 τῆς

2392 4696 2534 4764 Περὶ
2564 4696 2674 4766 τῆς
2703 4697 2931 4767 ἡμέρας
2956 4699 3066 4754 τοῦ
3110 4699 3384 4770 πολέμου
3415 4700 3553 4772 (98).

563 4791 617 4847 l.
660 4790 775 4849 Hoc
817 4800 944 4849 ante
985 4796 1170 4851 omnia
1209 4796 1641 4867 praecipiendum
1674 4805 1781 4862 est,
1815 4804 1878 4851 ut
1906 4812 2079 4867 purus

2252 4785 2322 4842 α’.
2368 4787 2772 4857 Ὑποτιθέμεθα
2831 4789 2926 4845 οῦν
2974 4807 3076 4856 σοι,
3123 4784 3170 4845 ὧ
3226 4793 3524 4863 στρατηγὲ,
3571 4794 3762 4863 πρόγε

486 4898 552 4937 ac
597 4896 824 4939 sanctus
870 4885 1150 4942 exercitus
1201 4895 1331 4942 tuus
1384 4886 1479 4949 sit,
1527 4899 1581 4940 et
1628 4885 1805 4956 pridie
1860 4885 2078 4957 vesperi

2184 4880 2405 4934 πάντων
2449 4881 2510 4934 ἐν
2553 4883 2622 4953 τῇ
2676 4882 2866 4955 ἡμέρᾳ
2909 4883 3002 4937 τοῦ
3041 4883 3282 4955 πολέμου
3338 4880 3580 4956 καθαρὸν
3623 4881 3762 4939 εἶναι

485 4991 680 5046 preces
701 4977 950 5035 efficaces
981 4992 1047 5034 ac
1073 4977 1353 5033 diuturna:
1376 4977 2081 5048 adhibeantur,omnesque

2182 4975 2276 5027 τὸν
2308 4974 2571 5044 στρατὸν,
2611 4975 2709 5029 καὶ
2746 4976 2916 5047 εὐχὴν
2970 4976 3227 5045 γενέσθαι
3275 4976 3376 5044 ,διὰ
3426 4976 3529 5047 τῆς
3573 4977 3763 5043 νυκτὸς

488 5070 603 5125 Deo
630 5080 1054 5139 consecrantur,
1094 5071 1283 5127 verbis
1329 5070 1601 5142 factisque
1639 5069 2082 5141 persuadeantur

2181 5066 2410 5137 ἐκτενῆ,
2467 5068 2562 5121 καὶ
2611 5066 2700 5121 διὰ
2730 5067 2839 5120 τῶν
2890 5066 3083 5138 ἱερέων
3133 5068 3471 5137 ἀγιασθῆναι
3531 5067 3758 5133 πάντας,

492 5180 553 5219 se
604 5164 774 5220 Deum
829 5164 1139 5236 adiutorem
1184 5164 1412 5229 habere,
1470 5172 1635 5235 atque
1672 5163 1778 5219 hoc
1809 5162 1975 5218 modo
2009 5162 2079 5217 ad

2182 5162 2278 5213 καὶ
2305 5158 2480 5224 οὕτως
2506 5160 2600 5214 καὶ
2637 5160 2822 5227 ἔργοις
2850 5161 2948 5215 καὶ
2994 5160 3176 5229 λόγοις
3225 5160 3518 5231 πεισθῆναι
3556 5161 3640 5215 ὃτι
3674 5160 3761 5215 τὸν

491 5257 694 5314 bellum
754 5273 947 5331 puros,
999 5260 1274 5327 sinceros,
1332 5259 1661 5329 alacresque
1715 5257 2039 5330 procedere.

2178 5251 2311 5304 Θεὸν
2332 5250 2517 5322 ἔχουσι
2541 5251 2756 5322 βοηθὸν,
2794 5252 2891 5306 καὶ
2921 5252 3016 5305 ἐπὶ
3041 5251 3203 5306 τοῦτο
3225 5253 3452 5323 κινῆσαι
3499 5252 3636 5324 πρὸς
3672 5253 3760 5307 τὺν

2181 5343 2421 5413 πόλεμον
2438 5343 2725 5415 λαμπροὺς
2755 5341 2850 5395 καὶ
2865 5341 3205 5413 προθύμους.

556 5436 614 5492 2.
657 5435 787 5510 Ipso
835 5436 963 5494 belli
996 5436 1088 5494 die
1132 5452 1203 5495 ne
1233 5437 1467 5495 multum
1511 5446 1565 5494 te
1598 5435 1816 5508 fatiges,
1862 5450 1931 5492 ne
1960 5435 2075 5492 las-

2255 5433 2321 5508 β’.
2346 5436 2412 5490 Σὲ
2443 5435 2500 5490 δὲ
2530 5435 2702 5490 πολλὰ
2727 5436 2914 5491 πονεῖν
2936 5436 2995 5489 ἐν
3025 5436 3093 5506 τῇ
3122 5433 3310 5508 ἡμέρᾳ
3338 5435 3439 5506 τῆς
3469 5431 3762 5508 συμϐολῆς.

2012 5551 2244 5614 ΝΟΤΑΞ.

570 5660 683 5731 (97)
726 5660 1003 5729 Πλήκτφ.
1042 5658 1253 5721 Scribe,
1287 5657 1571 5731 ἀπλήκτῳ.
1629 5725 1641 5731 _
1833 5724 1843 5731 _
1912 5724 1922 5731 _

905 5677 1003 5724 τφ.
1042 5658 1253 5721 Scribe,
1287 5657 1571 5731 ἀπλήκτῳ.
1629 5725 1641 5731 _
1833 5724 1843 5731 _
1912 5724 1922 5731 _
2256 5719 2270 5731 .
2298 5718 2309 5730 .
2476 5719 2508 5731 _.

570 5718 686 5803 (98')
722 5718 908 5787 Codex
941 5718 1350 5786 Laurentianus
1397 5718 1483 5782 his
1516 5718 1732 5782 duobus
1765 5724 1957 5795 primis
1985 5718 2344 5795 paragraphis
2375 5718 2603 5776 mutilus
2635 5725 2737 5774 est.
