4074 6222
368 294 480 363 839

1417 301 1754 364 TACTICA.
1788 327 1858 341 -
1893 301 2402 366 CONSTITUTIO
2439 305 2593 367 XIV.

3539 307 3649 370 850

375 415 462 467 ινα
503 410 580 483 μὴ
604 407 684 480 τῷ
705 407 886 480 πολλῷ
929 410 1087 482 κόπῳ
1124 409 1219 464 καὶ
1242 410 1310 484 τῇ
1343 414 1606 486 συντριϐῇ
1642 413 1757 468 τῶν
1784 413 1960 482 ἀναγ-

2080 414 2308 470 ιὶιιιόίιιο
2342 429 2406 471 ac
2455 415 2876 485 perturbatione
2924 417 3109 489 aliqua
3159 425 3342 474 rerum
3391 433 3652 476 necessa-

372 505 546 558 καίων
579 500 969 576 ιπιλανθάνῃς,
1003 502 1172 573 μηδὲν
1206 505 1602 577 κατολιγωρεῖν
1635 521 1694 559 σε
1721 506 1831 560 ἀπὸ
1857 506 1960 576 τῆς

374 595 679 668 φροντίδος,
717 593 854 649 ἀλλὰ
907 594 1164 665 ἀνθηρῶς
1205 594 1302 648 καὶ
1341 595 1630 666 εὐθαρσῶς
1682 596 1960 668 παρέρχε-

375 689 501 744 σθαι
530 689 630 761 τὴν
677 685 1008 760 παράταξιν,
1039 688 1135 742 καὶ
1166 687 1596 760 προθυμοποιεῖν
1623 690 1835 753 πάντας
1869 688 1961 743 διὰ

373 779 551 850 λόγων
599 792 602 796 ’

457 872 512 943 τ’.
536 875 648 928 Καὶ
667 874 742 945 μὴ
767 872 1179 943 συμπλέκεσθαι
1203 874 1320 937 τοῖς
1343 871 1621 944 πολεμίοις
1635 871 1723 926 διὰ
1743 871 1926 944 χειρός
1943 885 1960 902 ο

379 967 718 1039 στρατιώτου
779 966 894 1036 γάρ
947 965 983 1036 ἢ
1035 965 1348 1036 στρατηγοῦ
1399 965 1514 1033 (99)
1560 963 1719 1017 τοῦτό
1764 966 1915 1017 ἐστιν
1943 979 1960 998 ν

377 1059 515 1114 ἀλλὰ
548 1061 721 1112 ποιεῖν
757 1075 817 1112 σε
847 1057 946 1128 μὲν
967 1057 1035 1110 τά
1067 1057 1383 1126 ἁρμόζοντα
1418 1055 1616 1119 πάντα,
1653 1057 1711 1108 ὲν
1765 1058 1963 1126 ἐπιτη-

379 1153 510 1224 δείῳ
540 1151 598 1204 δὲ
630 1150 882 1204 ἵστασθαι
925 1151 1096 1218 τόπῳ,
1119 1148 1244 1202 ὅθεν
1298 1146 1438 1219 ὁρᾷν
1477 1146 1706 1201 δύνασαι
1737 1147 1867 1212 τούς
1902 1164 1964 1202 τε

378 1240 838 1312 ἀγωνιζομένους,
867 1239 964 1293 καὶ
993 1239 1142 1302 τοὺς,
1173 1237 1252 1301 ὼς
1276 1235 1445 1299 είκὲις.
1471 1235 1834 1306 ἀμελοῦντας,
1867 1234 1969 1288 καὶ

378 1333 708 1404 ἐπεύχεσθαι
754 1331 825 1384 τά
854 1331 1066 1384 δέοντα.
1095 1329 1204 1382 Καὶ
1257 1327 1582 1390 σπουδάζειν
1628 1326 1717 1380 διά
1757 1327 1867 1380 τῶν
1907 1329 1968 1380 ὲν

379 1423 716 1494 ὑποΰοηθείᾳ
765 1421 939 1475 ὄντων
991 1417 1345 1490 συναίρεσθαι
1374 1417 1455 1487 τῷ
1481 1416 1734 1488 δεομένῳ
1784 1418 1967 1489 μέρει,

378 1516 526 1571 τοῦτ’
549 1516 666 1568 ἔστι
693 1514 780 1568 διὰ
793 1513 902 1567 τῶν
933 1511 1394 1580 πλαγιοφυλάκων
1425 1510 1519 1564 καὶ
1545 1509 1964 1578 νωτοφυλάκων.

451 1605 514 1662 δ’.
556 1607 682 1660 Ἐὰν
717 1607 815 1676 μὲν
870 1600 964 1658 οὖν
1023 1605 1084 1656 ὲν
1143 1604 1264 1666 ταῖς
1294 1601 1636 1672 παρατάξεσί
1673 1619 1767 1654 σου
1828 1602 1969 1673 πρὸς

382 1700 607 1766 τοξότας
654 1699 802 1752 ἐστὶν
844 1699 874 1751 ὁ
927 1695 1186 1767 πόλεμος,
1247 1695 1374 1757 τοὺς
1423 1695 1704 1766 δυσχερεῖς
1746 1693 1966 1757 τόπους,

384 1793 480 1850 καὶ
513 1793 640 1856 τοὺς
674 1790 952 1862 πρόποδας
995 1787 1106 1841 τῶν
1142 1787 1338 1859 ὀρέων,
1368 1787 1538 1858 ἤγουν
1581 1787 1680 1852 τὰς
1746 1785 1968 1856 πρώτας

385 1883 680 1944 ἀναϐάσεις
705 1883 799 1934 ἐπὶ
827 1879 898 1933 τά
922 1880 1048 1949 ὅρη,
1081 1878 1309 1942 τούτους
1353 1876 1650 1945 φυλάττου,
1681 1877 1775 1929 καὶ
1808 1876 1882 1948 μὴ
1911 1877 1969 1929 ὲν

379 1978 567 2039 ἀὐτοῖς
615 1972 894 2044 σύμϐαλλε
938 1972 1040 2041 τὴν
1097 1971 1304 2040 μάχην,
1347 1968 1402 2022 εἴ
1434 1984 1498 2037 τε
1522 1968 1746 2022 δυνατόν
1797 1969 1966 2022 ἐστιν.

383 2069 495 2122 Ka‘t
523 2067 556 2138 ἢ
590 2069 652 2118 ὲν
672 2065 750 2136 τῷ
776 2064 902 2133 ὕψει
928 2062 1027 2133 τὴν
1052 2062 1362 2133 παράταξιν
1388 2061 1643 2125 ἐκτασσε,
1679 2060 1712 2130 ἢ
1743 2059 1970 2124 τελείως

385 2161 650 2220 ἀπόϐαινε
679 2157 774 2211 τοῦ
828 2156 1010 2227 ὅρους,
1034 2156 1128 2208 καὶ
1189 2155 1248 2207 ἑν
1280 2153 1628 2224 ὁμαλωτέρῳ
1650 2156 1745 2207 καὶ
1765 2152 1972 2224 ,γυμνῷ

386 2253 536 2323 τόπῳ
603 2247 982 2320 παρατάσσου,
1017 2246 1103 2298 ἵνα
1157 2243 1233 2315 μὴ
1274 2243 1385 2296 τῶν
1420 2243 1652 2315 ἐχθρῶν,
1681 2244 1755 2308 ὡς
1803 2242 1970 2309 είκδςι

387 2345 597 2399 ὶκείθεν
651 2339 1043 2412 ινεδρευόντων
1089 2337 1199 2391 άπὸ
1265 2335 1362 2390 τοῦ
1399 2334 1573 2407 ὕψους
1629 2337 1666 2407 ἡ
1721 2334 1975 2407 παράτα-

390 2438 473 2504 ξις
498 2435 574 2508 (l)
605 2435 819 2505 ἀθρόως
865 2432 1142 2502 βιάζηται.

459 2525 520 2584 ε’.
561 2527 722 2580 Ἀλλά
770 2525 904 2596 μηδὲ
945 2524 1262 2594 συμπλέκου
1302 2520 1608 2595 παρατάξει
1674 2517 1972 2588 πολεμίων,

394 2620 532 2692 μηδὲ
562 2619 662 2689 τὴν
699 2617 834 2670 ἰδίαν
877 2632 972 2670 σου
1019 2615 1337 2685 προδείκνυε
1381 2614 1590 2675 αὐτοῖς,
1625 2611 1756 2682 πρὶν
1783 2609 1850 2663 ἂν
1875 2608 1973 2678 τὴν

390 2713 548 2777 τάξιν
595 2710 777 2764 αὐτῶν
830 2711 1196 2778 κατανοήσῃς,
1239 2706 1336 2759 καὶ
1381 2705 1500 2768 τὰς,
1550 2703 1626 2766 ὼς
1671 2701 1838 2764 εἰκὸς,
1873 2717 1974 2769 με-

392 2804 706 2874 λετωμένας
741 2800 872 2870 παρ’
897 2799 1077 2852 αὐτῶν
1101 2797 1324 2868 ἐνέδρας
1353 2796 1474 2866 ἢτοι
1504 2790 1972 2866 ὲγκρύμματαθ)

393 2894 956 2966 πολυπραγμονήσῃς.

2061 507 2272 562 riarum
2319 507 2694 571 obliviscaris,
2735 523 2916 579 neque
2961 524 3094 565 cura
3149 522 3239 566 aut
3280 511 3656 569 sollicitudine

2061 602 2437 664 excrucieris,
2506 601 2628 656 sed-
2673 610 2902 656 strenue
2953 613 3117 672 atque
3177 602 3437 656 alacriter
3482 602 3652 657 aciem

2062 699 2336 758 transeas,
2380 699 2437 747 et
2468 691 2722 747 oratione
2753 700 2847 747 tua
2874 693 3119 747 omnium
3161 691 3379 746 animos
3417 693 3652 748 excites.

2135 887 2190 943 3.
2231 885 2422 958 Neque
2473 888 2622 944 enim
2671 887 2928 944 manibus
2984 887 3258 943 consertis
3313 902 3439 942 cum
3495 888 3658 944 hoste

2064 978 2359 1050 conﬂigere
2417 980 2776 1051 imperatoris
2829 991 2934 1044 est,
2991 979 3085 1034 sed
3144 994 3266 1049 quae
3319 979 3466 1033 laeto
3515 995 3658 1049 opus

2066 1081 2196 1130 sunt
2252 1073 2570 1144 providere,
2640 1084 2695 1128 et
2757 1072 3070 1138 idoneo|in
3133 1072 3252 1124 loco
3311 1081 3501 1135 stare,
3561 1071 3655 1125 ubi

2066 1166 2314 1233 aspicere
2356 1165 2683 1221 dimicantes
2719 1165 2916 1236 possit,
2968 1173 3021 1218 et
3053 1153 3268 1218 so’lutos
3312 1162 3657 1232 ignavosque

2068 1255 2257 1310 incitet
2307 1256 2374 1311 ad
2416 1239 2674 1310 alacriter
2730 1256 2932 1310 bellum
2983 1254 3324 1324 gerendum,
3364 1263 3526 1322 atque
3576 1251 3661 1306 af-

2067 1347 2226 1401 ﬂictae
2261 1349 2402 1418 parti
2442 1347 2661 1403 studeat
2692 1346 2956 1402 subsidiis
2984 1347 3122 1409 suis,
3162 1344 3214 1398 id
3246 1354 3333 1400 est
3388 1345 3657 1400 latet-anis

2067 1448 2122 1496 et
2174 1440 2556 1511 tergistitibus,
2587 1454 2748 1510 opem
2787 1437 2951 1492 ferre.

2139 1615 2193 1671 4.
2239 1615 2296 1670 Si
2333 1615 2625 1670 adversum
2674 1613 2996 1685 sagittarios
3050 1613 3252 1669 bellum
3308 1612 3486 1684 copiis
3545 1611 3658 1667 tuis

2072 1707 2488 1779 suscipiendum
2546 1707 2674 1771 erit,
2727 1707 2971 1761 locorum
3009 1707 3333 1776 asperitates
3389 1703 3443 1760 et
3493 1704 3661 1774 pedes

2075 1803 2361 1869 lateraque
2417 1799 2688 1853 montium
2728 1798 3047 1868 primosque
3081 1811 3419 1851 conscensus
3451 1796 3658 1858 devita,

2069 1901 2124 1950 et
2167 1893 2209 1947 si
2267 1889 2383 1946 ﬁeri
2441 1891 2639 1962 possit,
2685 1905 3036 1961 nequaquam
3088 1891 3141 1943 in
3191 1903 3254 1943 ea
3312 1894 3469 1958 parte
3521 1902 3655 1941 con-

2072 1987 2250 2060 ﬂigas,
2286 1997 2339 2042 ct
2374 1987 2457 2041 vel
2491 1985 2548 2040 in
2580 1985 2802 2040 editiori
2837 1998 2993 2057 parte
3048 1986 3252 2040 montis
3300 1985 3492 2053 copias
3540 1993 3664 2038 tuas

2071 2085 2273 2147 locato,
2327 2079 2411 2134 vel
2465 2079 2689 2132 omnino
2722 2094 2750 2133 a
2798 2089 2988 2135 monte
3015 2079 3266 2141 recedas,
3298 2085 3352 2133 ct
3383 2079 3438 2133 in
3471 2091 3658 2146 mqua-

2072 2172 2256 2228 biliori
2311 2171 2434 2227 loco
2487 2167 2777 2239 magisque
2836 2171 3002 2238 plano
3047 2170 3218 2223 aciem
3277 2169 3545 2226 instruas.
3603 2176 3665 2218 ut

2077 2279 2143 2318 ne
2193 2263 2382 2318 hostes
2420 2262 2656 2316 insidias
2689 2260 3001 2321 molientes,
3048 2265 3116 2314 ex
3144 2257 3510 2312 eutinentiore
3545 2256 3668 2309 loco

2075 2355 2132 2410 in
2183 2369 2282 2410 vos
2343 2354 2630 2410 invadant.

2143 2539 2214 2616 5η
2238 2535 2351 2591 Nec
2395 2550 2527 2592 vero
2559 2548 2682 2590 cum
2729 2531 2973 2586 hostium
3025 2528 3144 2584 acie
3195 2526 3483 2596 conﬂigas,
3531 2539 3669 2578 neve

2077 2639 2226 2686 tuam
2278 2629 2385 2684 illis
2417 2627 2591 2682 aciem
2625 2630 3050 2682 commonstres,
3085 2620 3407 2688 priusquam
3449 2617 3667 2671 illorum

2077 2720 2250 2774 aciem
2299 2718 2630 2771 instructam
2677 2709 3158 2771 animadverteris,
3212 2715 3267 2762 et
3315 2707 3534 2760 illorum
3589 2705 3672 2757 iu—

2077 2810 2250 2866 sidias
2293 2807 2716 2875 molitionesque
2755 2800 3140 2872 qunisiveris.

468 2988 542 3054 ς’.
592 2989 716 3041 Ἐὰν
760 2987 817 3039 δὲ
844 2987 891 3037 οἱ
922 2983 1099 3046 τόποι,
1131 2983 1189 3034 ὲν
1227 2977 1308 3043 οἷς
1365 2978 1567 3050 μέλλῃς
1623 2976 1974 3046 συμϐάλλειν,

2156 2990 2209 3044 6.
2271 2988 2328 3042 Si
2376 2988 2494 3041 loca
2541 2985 2596 3038 in
2637 2984 2839 3052 quibus
2885 2978 3250 3033 conﬂicturus
3281 2988 3361 3036 cs,
3403 2978 3591 3042 aperta
3620 2975 3674 3024 et

397 3077 593 3149 γυμνοί
620 3077 726 3129 εἱσι
755 3075 849 3127 καὶ
888 3072 1112 3132 πεδινοὶ,
1141 3068 1238 3122 καὶ
1279 3068 1380 3121 οὐκ
1408 3067 1556 3120 ἐστιν
1600 3065 1841 3127 εὐκόλως
1873 3067 1976 3134 τὴν

2081 3078 2412 3150 campestria
2479 3076 2613 3137 sint,
2665 3081 2722 3128 et
2789 3070 2932 3125 haud
2990 3069 3127 3124 satis
3173 3065 3461 3120 commode
3513 3064 3678 3116 liceat

398 3169 658 3240 δευτέραν
692 3185 786 3220 σου
827 3164 983 3228 τάξιν
1033 3161 1298 3232 κρύπτειν
1338 3159 1398 3212 έν
1425 3159 1631 3221 αὐτοῖς,
1671 3156 1752 3220 είς
1791 3156 1854 3208 τδ
1905 3154 1980 3224 μὴ

398 3265 522 3327 τοὺς
553 3260 785 3332 ἐχθροὺς
835 3255 1237 3329 προγινώσκειν
1267 3254 1325 3306 ὲν
1351 3251 1427 3323 τῷ
1457 3252 1630 3304 κινεῖν
1673 3248 1768 3302 τὸν
1819 3264 1983 3318 στρα-

400 3359 491 3410 τὸν
515 3357 594 3419 εἰς
618 3354 717 3424 τὴν
746 3353 947 3424 μάχην,
978 3347 1230 3403 ἐντεῦθεν
1265 3347 1367 3417 ήδη
1410 3347 1509 3412 τὴν
1539 3344 1798 3414 δευτέραν
1829 3340 1984 3406 τάξιν

401 3446 733 3502 κατόπισθεν
791 3443 894 3510 τῆς
954 3438 1180 3510 πρώτης
1245 3437 1476 3505 πλησίον
1565 3430 1984 3486 συνακολουθεῖν

401 3541 649 3610 ποίησον,
681 3537 828 3590 ὥστε
848 3534 950 3596 τὰς
977 3533 1074 3586 δύο
1111 3533 1193 3595 εις
1227 3529 1359 3599 μίαν
1379 3529 1495 3588 τοῖς
1536 3525 1806 3585 ἔναντίοις
1852 3521 1984 3590 φαί-

401 3635 609 3688 νεσθαι.
641 3633 809 3684 Ὅταν
837 3628 897 3681 δὲ
941 3626 1050 3680 ἀπὸ
1079 3623 1197 3686 ἑνὸς
1235 3622 1313 3693 (5)
1341 3618 1524 3692 μιλίου
1551 3617 1654 3686 τῆς
1690 3616 1801 3670 τῶν
1823 3613 1985 3667 πολε-

407 3726 548 3796 μίων
573 3723 802 3793 γένηται
834 3715 1198 3789 παρατάξεως
1215 3729 1231 3746 ο
1254 3713 1379 3767 τότε
1401 3711 1501 3782 τὴν
1516 3707 1777 3780 δευτέραν
1809 3703 1987 3776 χρεὼν

407 3816 530 3870 κατ’
556 3815 735 3883 ὀλίγον
759 3811 1206 3882 ὲμϐραδύνουσαν
1225 3803 1481 3877 χωρίζειν
1503 3800 1674 3872 αὐτὴν
1705 3799 1808 3870 τῆς
1836 3797 1989 3869 πρώ-

406 3925 508 3977 της
557 3907 620 3960 τὸ
642 3905 934 3977 εἰρημένον
957 3903 1257 3970 διάστημα,
1282 3897 1379 3952 καὶ
1405 3897 1485 3960 είς
1515 3895 1578 3948 τὸ
1624 3892 1757 3946 ίδιον
1799 3891 1990 3961 σχῆμα

408 3999 690 4070 καθιστᾷν,
723 3997 863 4051 ὥστε
891 3990 1033 4048 εἶναι
1055 3991 1317 4062 δευτέραν
1367 3984 1697 4060 παράταξιν·
1735 3981 1990 4037 ἐντεῦθεν

407 4093 520 4164 γάρ
546 4095 660 4154 τοῖς
680 4087 964 4159 πολεμίοις
982 4086 1085 4140 οὑκ
1111 4083 1425 4152 εὖγνωστος
1458 4078 1568 4150 πρὸ
1599 4073 1799 4131 πολλοῦ
1828 4075 1863 4147 ἡ
1889 4073 1990 4128 τά-

409 4183 493 4250 ξις
509 4183 744 4252 γίνεται.

482 4270 548 4338 ζ’.
577 4272 689 4334 Τὰς
740 4269 796 4324 δὲ
851 4266 1232 4338 ὑποχωρήσεις
1279 4261 1374 4316 καὶ
1415 4259 1598 4331 φυγὰς
1631 4255 1742 4312 τῶν
1777 4252 1990 4327 ιχθρῶν

2083 3168 2379 3225 secundam
2414 3166 2587 3220 aciem
2637 3171 2784 3216 tuam
2834 3160 3134 3220 occultare,
3173 3164 3232 3208 ut
3270 3169 3339 3207 ne
3389 3154 3442 3205 in
3476 3152 3676 3206 itinere

2085 3259 2338 3316 faciendo
2405 3257 2699 3310 adversum
2774 3252 2962 3304 hostes
3019 3249 3317 3316 appareat,
3371 3255 3493 3294 eam
3529 3237 3673 3306 ‘jau

2085 3366 2255 3422 prope
2297 3348 2528 3418 primam
2580 3344 2754 3395 aciem
2817 3338 3099 3398 abducito,
3146 3342 3205 3387 ut
3252 3332 3375 3384 duae
3407 3329 3491 3382 lue
3529 3327 3678 3382 acies

2085 3420 2196 3498 una
2243 3440 2424 3494 solum
2478 3451 2603 3488 esse
2635 3430 2890 3485 hostibus
2918 3426 3213 3481 videantur
3242 3439 3257 3486 ;
3295 3420 3516 3489 quando
3548 3432 3679 3472 vero

2087 3533 2155 3586 ad
2214 3531 2376 3582 unius
2434 3523 2690 3577 milliaris
2751 3519 2994 3589 spatium
3069 3516 3139 3569 ab
3203 3502 3680 3575 hostium‘copiis

2087 3619 2388 3682 abfuerint,
2420 3627 2533 3670 tum
2585 3610 2830 3669 secunda
2874 3608 3024 3664 acies
3063 3605 3348 3678 paululum
3403 3617 3466 3656 se
3497 3608 3677 3654 retar-

2089 3715 2212 3779 det,
2254 3720 2421 3779 atque
2474 3724 2518 3762 ο·
2557 3706 2732 3778 prima
2791 3701 2912 3757 acie
2957 3700 3025 3756 ad
3078 3698 3284 3768 justum
3333 3691 3680 3748 intervallum

2089 3821 2150 3863 se
2198 3811 2433 3874 separet,
2490 3809 2546 3856 et
2588 3796 2656 3852 ad
2703 3809 2861 3850 suam
2909 3793 3168 3854 fortnam,
3210 3801 3388 3858 quam.
3418 3795 3544 3839 ante
3585 3797 3681 3837 se-

2090 3899 2282 3953 cundae
2332 3893 2470 3949 aciei
2519 3887 2947 3957 descripsimus,
2985 3883 3226 3940 redeat:
3265 3879 3393 3934 inde
3459 3877 3569 3936 lict,
3621 3882 3683 3926 ut

2090 3999 2298 4046 nostra:
2325 3985 2462 4042 aciei
2515 3992 2820 4056 apparatus
2846 3993 3017 4052 quam
3058 3975 3285 4032 minime
3319 3971 3391 4026 ab
3431 3965 3683 4024 hostibus

2092 4083 2482 4151 cognoscatur.

2165 4256 2218 4312 7.
2258 4253 2636 4311 Discessiones
2691 4250 2964 4321 fingasque
3014 4245 3254 4301 hostium
3285 4240 3576 4308 diligenter
3601 4244 3691 4288 at-

411 4326 796 4428 cximou,-xa't
844 4361 918 4431 μὴ
958 4326 1212 4428 άκρατῶς
1265 4326 1545 4424 ἐπίτρεχε,
1573 4349 1666 4404 διά
1708 4347 1780 4402 τά
1833 4326 1978 4412 σοφί-

2096 4345 2280 4409 tende,
2315 4359 2496 4414 neque
2522 4343 2960 4410 intemperanter
2994 4343 3216 4405 propter
3258 4331 3504 4384 hostium.
3531 4326 3690 4380 falla-

413 4475 620 4529 σματα,
655 4454 735 4518 ὡς
788 4451 957 4515 εἰκὸς,
987 4448 1274 4518 γινόμενα,
1310 4444 1448 4498 ἀλλὰ
1505 4441 1646 4513 μετὰ
1680 4439 1993 4504 συντάξεως

410 4549 596 4615 δίωκε,
626 4549 732 4610 ἓως
771 4545 942 4615 λάϐῃς
986 4537 1364 4612 πληροφορίαν
1409 4535 1510 4605 τῆς
1542 4531 1846 4603 ἀσφαλείας
1895 4530 1996 4615 τῆς

413 4641 596 4710 νίκης.

482 4737 558 4800 η’.
598 4729 724 4782 Ἐὰν
750 4729 807 4782 δὲ
843 4725 951 4780 ἀπὸ
1001 4725 1112 4779 τῶν
1167 4720 1382 4793 ἐχθρῶν
1439 4718 1726 4780 ὲιιέλευσις
1782 4713 1994 4786 μηνυθῇ

415 4815 559 4869 κατὰ
585 4813 688 4883 τῆς
721 4815 946 4883 πρώτης
977 4810 1361 4882 παρατάξεως,
1393 4808 1490 4862 καὶ
1519 4807 1622 4860 οὐκ
1649 4804 1767 4858 ἔστι
1815 4803 1932 4866 πῶς
1960 4800 1994 4873 ἢ

415 4903 508 4957 διὰ
550 4901 664 4957 τῶν
713 4901 1192 4969 πλαγιοφυλάκων,
1261 4899 1296 4966 ἢ
1352 4897 1440 4949 διά
1488 4895 1600 4949 τῶν
1635 4896 1718 4958 εἰς
1775 4891 1995 4962 ἐνέδραν

415 4994 564 5050 κατὰ
609 4991 720 5046 τῶν
762 4991 974 5062 ἐχθρῶν
1018 4988 1392 5059 πεμπομένων
1437 4986 1674 5058 βοηθεῖν,
1709 4984 1832 5038 τότε
1876 4982 1996 5036 δέον

418 5087 484 5140 ὲκ
499 5084 608 5138 τῶν
644 5085 725 5147 είς
756 5082 828 5136 τά
869 5081 1014 5151 ἄκρα
1049 5083 1148 5144 τῆς
1178 5079 1438 5150 δευτέρας
1475 5073 1838 5146 παρατάξεως
1859 5089 1995 5126 τασ-

421 5175 668 5246 σομένων
696 5173 904 5245 βάνδων
952 5169 1338 5242 μετατίθεσθαι
1391 5170 1473 5232 είς
1525 5165 1759 5228 αὐτούς’
1787 5165 1837 5218 εί
1895 5163 1997 5234 μὲν

419 5267 482 5333 ἐξ
523 5267 642 5330 ἑνὸς
689 5265 922 5333 πλαγίου
965 5263 1242 5334 ἔρχονται,
1271 5262 1329 5328 ἐξ
1368 5259 1583 5314 ἐκείνου
1615 5255 1712 5312 τοῦ
1764 5255 1989 5328 μέρους,

419 5359 470 5412 εί
513 5356 572 5411 δὲ
605 5358 671 5412 ἐκ
719 5356 828 5410 τῶν
864 5354 979 5422 δύο,
1015 5354 1076 5420 ιξ
1101 5351 1466 5425 ἑκατέρωθεν.
1516 5349 1751 5421 ὀμοίως
1791 5347 1851 5404 δὲ
1893 5346 1990 5402 καὶ

2089 4451 2184 4492 ces
2210 4435 2371 4490 dolos
2396 4435 2693 4502 insequere
2719 4432 2867 4494 illos,
2899 4425 2996 4484 sed
3040 4425 3292 4482 ordinate
3317 4436 3382 4474 c
3409 4418 3694 4474 instructis

2091 4528 2289 4598 copiis,
2324 4526 2495 4596 idque
2536 4525 2898 4595 potissimum
2930 4520 2976 4577 si
3007 4519 3247 4589 aliquam
3277 4524 3484 4569 certam
3523 4509 3694 4564 victo-

2092 4620 2190 4674 riae
2227 4617 2481 4673 ﬁduciam
2542 4617 2773 4672 habeas.
2798 4627 2804 4633 ‘

2168 4711 2220 4766 8.
2260 4708 2317 4763 Si
2386 4708 2645 4762 hostibus
2714 4705 2962 4762 incursio
3023 4701 3274 4774 quaedam
3342 4697 3396 4752 in
3437 4695 3692 4765 primum

2097 4803 2270 4860 aciem
2308 4803 2424 4868 llat,
2482 4817 2720 4870 eamque
2760 4817 2934 4872 neque
2979 4797 3272 4857 laterariis,
3333 4805 3512 4861 neque
3561 4788 3696 4843 insi-

2096 4895 2204 4952 diis
2253 4886 2552 4948 adversum
2587 4909 2686 4948 eos
2735 4891 2962 4948 structis
3005 4890 3305 4944 defendere
3361 4883 3564 4953 possis,
3595 4895 3694 4934 ex-

2096 4992 2306 5040 tremas
2322 4984 2585 5041 secundm
2611 4985 2746 5040 aciei
2776 4997 2905 5037 oras
2932 4993 3207 5040 assumes,
3233 4976 3481 5045 illucque
3508 4982 3694 5026 trans-

2100 5075 2250 5130 feres
2294 5093 2308 5128 :
2363 5075 2410 5132 si
2463 5090 2582 5130 uno
2632 5089 2699 5130 ex
2760 5073 2927 5127 latere
2983 5071 3223 5136 veniant,
3282 5066 3350 5120 ad
3408 5080 3526 5120 eam
3567 5076 3694 5132 par-

2096 5171 2243 5230 tem;
2295 5165 2381 5219 sin
2424 5175 2669 5235 utroque
2711 5179 2778 5219 ex
2815 5163 2988 5217 latere
3027 5161 3094 5214 ad
3127 5167 3420 5226 utramque
3451 5162 3688 5226 partem.

2102 5254 2368 5310 Similiter
2407 5254 2704 5312 adversum
2778 5267 2876 5309 eos
2902 5291 2918 5319 ,
2969 5251 3066 5322 qui
3134 5265 3165 5303 ο
3219 5257 3372 5319 tergo
3439 5243 3692 5303 secundae

2099 5347 2236 5403 aciei
2263 5347 2522 5416 veniunt,
2559 5348 2606 5404 si
2641 5345 2943 5418 tergistites
2973 5341 3133 5398 multi
3158 5340 3226 5396 ad
3272 5341 3397 5396 illos
3426 5337 3692 5409 repellen-

1970 5479 2209 5538 NO'LE.

491 5586 602 5654 (99)
634 5588 712 5641 *ιι
736 5579 1342 5654 ert-parmaiﬁcribe,
1379 5576 1454 5647 μὴ
1485 5573 1816 5654 στρατηγοῦ,

493 5642 682 5724 (η”η
712 5642 1062 5722 πσρἁταέις.
1106 5642 1481 5724 scribebatur,
1518 5642 1565 5718 ή’
1586 5642 1755 5724 παρά.
1778 5644 1841 5724 το
1869 5642 1992 5708 ἔξω.

497 5714 574 5799 (2)
613 5714 905 5795 Ἱεῖιθέδρας,
965 5714 1106 5794 ἥξοι
1157 5714 1556 5791 ἐγκρύμματαζ
1616 5714 1991 5780 δειίὺειηειῑ,

2102 5573 2321 5645 eivs-569“,
2359 5573 2450 5645 ἐγ.

2189 5642 2266 5716 (5)
2306 5642 2471 5702 illud.
2516 5644 2877 5703 Seribcbatur
2913 5642 3010 5709 ὡς.
