4074 6222
430 277 536 345 851

1699 277 1894 338 LEON
1903 277 1975 338 IS
2013 278 2468 340 PHILOSOPIII

3592 276 3712 342 852

432 393 537 448 dos
578 405 690 448 non
741 390 972 453 fuerint,
1024 388 1130 443 hoc
1185 384 1327 440 idem
1363 384 1551 449 facies,
1585 400 1652 440 ne
1685 386 1870 442 ceteri
1901 386 2019 442 dis-

2125 389 2236 451 τοῖς
2269 390 2412 444 κατὰ
2445 388 2617 444 νώτου
2669 391 2769 459 τῆς
2808 388 3077 459 δευτέρας
3121 386 3333 454 τάξεως
3366 386 3713 457 ὶρχομένοκ.

432 482 595 538 tracti
624 482 690 536 ad
724 479 976 551 praesidia
1031 477 1219 548 primae
1268 476 1405 531 aciei
1456 477 1637 532 minus
1676 476 1911 531 valeant.

2128 477 2224 530 ἐὰν
2265 480 2339 549 μὴ
2369 480 2615 551 ἀρκῶσιν
2644 482 2695 534 οί
2725 480 3104 548 νωτοφύλακες
3139 479 3339 542 αὐτοὺς
3378 478 3447 532 δι’
3500 479 3720 533 ἑαυτῶν

432 570 792 641 ἁρμόζεσθαι,
828 569 899 623 τὰ
956 566 1096 621 αὐτὰ
1126 566 1378 636 ποιήσεις
1403 581 1419 598 ·
1449 565 1539 621 ἴνα
1570 567 1619 620 οἱ
1658 564 1836 619 λοιποὶ
1869 562 2275 635 ἁπερίσπαστοι
2323 568 2529 640 μένωσι
2586 569 2723 641 πρὸς
2773 568 3035 639 βοήθειαν
3108 568 3209 638 τῆς
3248 566 3477 639 πρώτης
3524 584 3710 641 παρα-

430 660 665 728 τάξεως.

503 759 557 813 9.
600 756 657 811 Si
696 756 890 824 ingens
935 752 1179 808 hostium
1230 752 1397 808 fuerit
1437 751 1737 814 exercitus,
1774 759 1829 805 et
1872 748 2020 803 mul-

430 846 668 903 titudine
746 845 1032 901 hominum
1078 859 1144 898 ac
1195 838 1574 915 iumentorum
1628 842 1899 904 afﬂictus,
1950 856 2021 896 ac

432 953 571 1007 pene
618 951 919 1007 oppressus
976 935 1174 1000 fuerit,
1239 951 1307 989 ne
1360 934 1582 990 coneris
1632 932 1848 987 eminus
1906 931 2020 1003 jam

434 1028 694 1085 hostibus
747 1026 1122 1090 venientibus,
1171 1025 1363 1096 c0pias
1404 1035 1527 1081 luas
1563 1026 1629 1080 ad
1669 1024 1884 1081 celsum
1917 1023 2022 1076 ali-

431 1134 596 1190 quem
646 1118 829 1172 locum
879 1116 1171 1183 deducere,
1223 1132 1293 1171 ne
1331 1117 1681 1172 multitudine
1722 1123 2020 1186 conspecta

430 1210 674 1264 animum
722 1210 836 1279 jam
890 1208 968 1263 tui
1013 1207 1359 1278 despondere
1408 1208 1701 1279 incipiant,
1760 1208 1859 1267 sed
1920 1209 2025 1261 hu-

433 1299 549 1353 mili
587 1306 641 1354 et
664 1312 800 1353 cavo
832 1299 885 1352 in
927 1298 1047 1352 loco
1081 1313 1177 1353 eos
1220 1298 1453 1364 instrue,
1489 1300 1587 1353 ubi
1621 1313 1800 1369 neque
1832 1297 2024 1353 hostes

431 1390 601 1446 visuri
657 1398 808 1455 sunt,
864 1405 1044 1460 neque
1100 1392 1169 1445 ab
1222 1390 1475 1447 hostibus
1530 1392 1681 1446 cerni
1729 1398 2023 1461 poterunt;

431 1490 487 1537 et
520 1480 745 1557 quando
806 1494 918 1533 uno
978 1487 1073 1532 aut
1107 1478 1338 1532 dimidio
1368 1478 1532 1548 signo
1582 1478 1771 1533 hostes
1816 1477 2021 1531 abfue-

433 1575 566 1637 rint,
600 1573 667 1628 ad
698 1571 1059 1628 excelsiorem
1090 1572 1271 1625 locum
1308 1572 1600 1635 ducantur,
1636 1577 1696 1624 ut
1726 1568 2020 1639 conﬂigere

2191 750 2259 806 θ’.
2303 752 2527 819 Ἐἁνξδὲ
2562 752 2729 817 πολύς
2774 754 2922 808 ἐστιν
2970 755 2999 807 ό
3048 754 3156 807 τῶν
3193 754 3405 825 ἐχθρῶν
3454 755 3719 828 στρατὸς,

2120 846 2217 899 καὶ
2267 846 2358 901 διὰ
2409 845 2615 918 πλῆθος
2662 847 2876 915 ἀλόγων
2934 848 2967 916 ἢ
3018 847 3231 917 ἀνδρῶν
3281 847 3496 919 κόμπος
3538 849 3719 920 ἦγουν

2120 936 2517 1008 ἑξωγκωμένος
2570 939 2848 1008 φαίνεται,
2922 938 2996 1009 μὴ
3058 940 3350 1009 ὲπιτήδευε
3410 940 3572 1005 εὐθὺς
3625 942 3717 1003 εἰς

2122 1030 2326 1101 ὑψηλὸν
2367 1032 2533 1088 τόπον
2577 1032 2671 1086 τὸν
2733 1032 2968 1103 στρατὸν
3022 1032 3243 1088 τάσσειν
3311 1032 3551 1103 μηκόθεν
3597 1033 3719 1087 τῶν

2120 1126 2331 1197 ἐχθρῶν
2358 1127 2553 1195 ὄντων,
2586 1128 2678 1182 ἵνα
2714 1127 2790 1199 μὴ
2813 1130 2879 1198 τῇ
2916 1126 3017 1198 θέᾳ
3044 1126 3139 1181 τοῦ
3169 1127 3411 1198 πλήθους
3434 1139 3719 1199 προκαταο

2118 1220 2562 1291 λαμϐανομένους
2596 1220 2843 1292 samem
2892 1220 3228 1291 προχείρως,
3271 1220 3392 1274 ἀλλ’
3440 1222 3496 1274 ὲν
3529 1221 3717 1275 κοιλο-

2117 1314 2260 1383 τέρῳ
2295 1314 2447 1383 τόπῳ
2491 1313 2662 1368 τάσσε
2725 1312 2944 1376 αὐτοὺς.
2986 1313 3185 1366 ὁπόθεν
3213 1314 3337 1366 οὐδὲ
3395 1315 3715 1383 κατοπτεὺῃ

2117 1405 2244 1468 τοὺς
2300 1405 2553 1475 ἐχθροὺς,
2614 1404 2736 1458 οὐδὲ
2785 1404 3092 1474 καθορᾶται
3150 1404 3256 1457 ὑπὸ
3314 1404 3426 1457 τῶν
3473 1404 3711 1475 ἐχθρῶν.

2126 1499 2238 1551 Καὶ
2291 1497 2422 1552 ὃταν
2478 1497 2512 1568 ἢ
2569 1497 2676 1551 ἀπ’)
2714 1496 2834 1560 ἑνὸς
2902 1495 2937 1567 ἢ
3003 1497 3116 1550 ἀπὸ
3168 1496 3417 1567 ἡμίσεως
3473 1496 3715 1567 σημείου

2128 1588 2394 1658 γένωνται
2439 1589 2488 1643 ol
2539 1587 2748 1660 ἐχθροὶ,
2782 1589 2907 1642 τότε
2956 1590 3014 1641 ὲν
3064 1588 3146 1659 τῷ
3192 1588 3318 1659 WE!
3368 1588 3556 1659 φέρειν
3614 1588 3716 1641 τὸν

436 1666 650 1735 possint
685 1666 1008 1736 priusquam
1035 1663 1223 1719 animo
1254 1661 1510 1736 deﬁcere,
1544 1671 1639 1718 aut
1666 1663 2021 1734 languescere

2130 1681 2381 1753 στρατὸν,
2454 1682 2542 1737 ἵνα
2591 1681 2722 1753 πρὶν
2774 1680 3021 1752 Semita-9
3068 1682 3102 1752 ἡ
3169 1680 3413 1753 συμϐολὴ
3462 1681 3710 1752 γένηται.

437 1758 728 1828 incipiant.

509 1849 599 1903 10.
653 1847 749 1902 Sin
791 1848 914 1903 talis
952 1847 1110 1903 locus
1161 1863 1267 1903 non
1300 1847 1635 1914 inveniatur,
1678 1845 1775 1902 sed
1804 1847 2020 1901 eminus

436 1943 629 1999 hostes
676 1944 946 1999 exercitui
1002 1954 1097 1998 tuo
1149 1938 1476 2013 appareant,
1521 1942 1697 2012 copiis
1753 1942 1861 1997 tuis
1906 1942 2022 2010 ipsa

436 2033 495 2088 in
548 2033 668 2088 acie
712 2034 1000 2090 instructis
1055 2034 1230 2098 dices,
1278 2049 1388 2088 non
1444 2034 1751 2098 hominum,
1796 2032 1889 2087 sed
1934 2030 2023 2101 ju-

433 2133 744 2179 mentorum
774 2133 942 2195 atque
995 2125 1521 2195 impedimentorum
1554 2125 1626 2179 ibi
1661 2138 2023 2195 permagnum

430 2229 556 2271 esse
601 2222 924 2271 humerum.

502 2307 591 2361 ll.
633 2307 689 2361 Si
740 2308 992 2363 hostibus
1036 2307 1217 2362 adhuc
1276 2307 1457 2363 minus
1498 2306 1787 2362 instructis
1815 2306 2020 2362 adoriri

430 2413 529 2454 eos
574 2407 740 2470 atque
796 2398 1058 2455 invadere
1113 2408 1293 2470 potes,
1352 2399 1533 2470 majus
1581 2398 1843 2454 damnum
1912 2400 2022 2455 illis

435 2490 626 2546 facies.

507 2581 596 2635 12.
639 2582 880 2637 Omnino
912 2592 1096 2638 autem
1132 2583 1301 2638 semel
1333 2592 1499 2653 atque
1532 2583 1729 2637 iterum
1758 2583 2023 2649 consiste,

432 2670 657 2739 quando
681 2672 747 2724 ad
790 2673 1028 2741 spatium
1066 2673 1252 2728 unius.
1286 2681 1380 2737 aut
1425 2672 1661 2726 duorum
1702 2674 2022 2728 milliarium

432 2763 504 2817 ab
542 2762 787 2817 hostium
840 2763 961 2817 acie
1007 2772 1137 2818 ante
1179 2764 1382 2818 bellum
1416 2763 1614 2827 distas,
1652 2773 1711 2818 ut
1745 2765 2022 2820 exercitus

436 2860 570 2905 tuus
630 2854 782 2907 varie
836 2854 1163 2919 instruatur,
1221 2862 1280 2909 ut
1332 2870 1402 2910 ne
1443 2870 1670 2909 securos
1722 2872 1783 2911 se
1832 2864 2024 2925 putent

436 2944 655 3007 hostes,
695 2945 825 3014 quia
863 2961 961 3016 per
995 2947 1372 3016 exploratores
1411 2957 1635 3003 nostras
1674 2948 1864 3017 copias
1895 2960 2022 3004 ante

432 3045 835 3102 cognoverunt,
867 3047 923 3092 et
965 3047 1157 3093 contra
1205 3051 1301 3094 eas
1332 3038 1536 3109 aliquid
1567 3038 1870 3095 molitiouis
1905 3054 2022 3095 tua-

434 3126 644 3181 chinati
684 3136 834 3183 sunt.

518 3215 604 3275 15.
645 3217 703 3273 Si
746 3219 1018 3289 pedestris
1058 3221 1338 3278 exercitus
1389 3238 1499 3277 non
1544 3221 1730 3289 fuerit,
1783 3225 2019 3281 militum

432 3320 659 3374 pueros,
689 3307 743 3363 id
792 3317 899 3375 est,
947 3309 1306 3366 administros
1357 3311 1413 3365 in
1465 3313 1666 3369 castris
1719 3316 2020 3384 relinques,

432 3404 490 3450 ct
528 3411 626 3465 per
658 3398 980 3453 universum
1029 3408 1340 3454 castrorum
1386 3402 1651 3456 ambitum
1696 3402 1765 3469 ad
1820 3403 2020 3461 fossam

434 3487 856 3545 custodiendam
888 3490 1230 3555 dividantur,
1257 3492 1539 3561 armisque
1559 3492 1877 3553 interiorem
1904 3496 2022 3565 ejus

435 3590 646 3650 partem
699 3583 973 3647 muniant,
1026 3582 1143 3638 sive
1179 3585 1421 3654 sagittis,
1472 3585 1591 3642 sive
1623 3585 1846 3655 iaculis,
1908 3588 2025 3643 sive

432 3670 606 3727 liuida
656 3674 907 3741 valeant;
955 3690 1061 3728 una
1096 3691 1318 3746 quoque
1365 3677 1567 3733 cohors
1603 3693 1728 3733 cum
1766 3678 1878 3734 illis
1922 3696 2024 3734 ex-

430 3764 629 3820 cubias
665 3770 811 3833 aget,
854 3772 1154 3835 portasque
1184 3775 1504 3822 castrorum
1566 3774 1734 3837 atque
1781 3768 2027 3824 universi

431 3855 680 3909 ambitus
741 3855 1023 3922 defendet,
1065 3873 1211 3915 unus
1251 3858 1377 3914 istis
1420 3856 1715 3929 praefectus
1760 3860 2026 3915 honestus

432 3955 602 4014 atque
640 3945 875 4015 integer.

514 4033 598 4087 14.
642 4034 829 4105 Neque
877 4036 1091 4091 luldum
1146 4047 1327 4094 tecum
1373 4040 1428 4095 in
1473 4041 1591 4096 acie
1640 4041 2022 4108 circumferas,

434 4126 484 4182 si
539 4126 699 4182 aliter
743 4127 857 4182 ﬁeri
901 4131 1142 4199 poterit;
1203 4143 1454 4202 prompta
1494 4133 1641 4188 enim
1714 4145 1878 4205 atque
1925 4151 2023 4190 ex-

435 4217 612 4287 posita
660 4217 917 4276 hostibus
950 4221 1131 4291 praeda
1172 4230 1279 4290 est,
1320 4224 1366 4280 si
1401 4225 1455 4280 in
1490 4223 1636 4280 bello
1663 4240 1788 4282 esse
1827 4225 2024 4280 adrer-

436 4319 608 4367 tatur.
1410 4304 1416 4314 ’

508 4405 601 4459 15.
638 4404 698 4459 Si
749 4406 1122 4476 proficiscenti
1183 4409 1281 4465 tibi
1338 4409 1408 4465 de
1479 4410 1779 4481 improviso
1838 4411 2022 4469 subita

436 4495 681 4552 hostium
738 4497 983 4554 incursio
1019 4499 1211 4565 fuerit,
1240 4516 1419 4571 neque
1462 4504 1667 4557 castris
1708 4503 1845 4558 satis
1872 4518 2027 4559 com-

436 4589 598 4645 mode
647 4597 703 4646 et
748 4600 865 4647 tuto
901 4592 954 4647 in
990 4593 1110 4649 loco
1151 4595 1365 4651 tuldum
1399 4610 1605 4666 ponere
1636 4596 1871 4666 poteris,
1906 4608 2019 4653 tum

434 4678 686 4737 dextrum
733 4681 802 4736 ad
859 4684 1005 4740 latus
1041 4685 1293 4742 secundat
1342 4687 1481 4742 aciei
1534 4687 1868 4758 obliquabis,
1908 4690 2020 4745 ibi-

432 4789 543 4845 que
592 4791 761 4831 unum
801 4785 859 4833 et
911 4778 1142 4835 alteram
1186 4781 1496 4847 cohortem,
1534 4796 1658 4851 qua:
1713 4796 1785 4838 ex
1825 4797 2023 4853 super-

432 4864 563 4923 ﬂuis
618 4866 936 4924 hominibus
1001 4877 1107 4933 est,
1160 4868 1230 4924 ad
1286 4869 1407 4939 ejus
1459 4868 1772 4926 custodiam
1832 4886 2026 4944 scgrc.

435 4954 619 5023 saltis.

505 5049 597 5104 16.
637 5052 697 5107 Si
747 5053 963 5109 nullum
1014 5052 1283 5125 iumentis
1338 5053 1648 5125 repositum
1709 5055 1768 5112 in
1822 5058 2023 5114 castris

431 5143 697 5211 pabulum
737 5147 1001 5212 habeant,
1051 5147 1174 5219 ipso
1218 5147 1348 5204 belli
1388 5147 1479 5203 die
1530 5150 1747 5205 caeteris
1797 5148 1869 5203 ad
1906 5151 2023 5207 bclv

435 5234 553 5289 lum
599 5237 1030 5308 procedentibus
1067 5279 1087 5304 ,
1139 5239 1426 5311 palicaria,
1462 5238 1519 5295 id
1569 5244 1669 5297 est
1710 5241 2025 5299 administri

434 5330 671 5386 militum
707 5342 764 5389 et
808 5334 1194 5405 [traiecturum
1232 5336 1551 5409 pabulatum
1610 5346 1745 5393 eant
1791 5340 1859 5395 ad
1896 5355 2025 5410 par-

435 5429 543 5475 tem
575 5438 605 5477 a
642 5432 796 5495 tergo
833 5426 968 5481 aciei
1006 5429 1272 5495 relictam,
1302 5439 1357 5486 et
1398 5430 1527 5485 dum
1569 5429 1768 5485 bellum
1817 5432 2026 5502 geritur

437 5522 708 5581 quantum
741 5528 973 5587 possunt
1003 5520 1186 5590 pabuli
1222 5530 1564 5591 comparent.
1597 5521 2021 5580 Pabulatoribus

435 5614 620 5660 autem
682 5608 805 5666 istis
859 5611 1055 5666 dentur
1101 5612 1281 5668 banda
1327 5623 1385 5669 et
1434 5616 1590 5688 signa
1649 5617 1896 5686 quaedam
1935 5617 2018 5670 die

438 5697 612 5755 versis
665 5709 719 5757 et
776 5703 1105 5761 editioribus
1160 5705 1213 5760 in
1251 5706 1409 5774 locis,
1464 5717 1523 5763 ut
1569 5711 1799 5765 adverso
1832 5710 2016 5781 aliquo

2052 3103 2099 3167 C

2196 1864 2248 1918 t'.
2274 1864 2337 1918 El
2360 1866 2418 1919 δέ
2454 1865 2528 1936 μὴ
2553 1864 2869 1935 εὑρίσκεται
2892 1864 3057 1927 τόπος
3089 1863 3355 1927 τοιοῦτος.
3381 1864 3516 1917 ἀλλὰ
3539 1864 3716 1935 μήκο-

2122 1955 2216 2009 θεν
2249 1956 2301 2009 οί
2344 1958 2531 2028 ἐχθροὶ
2557 1957 2633 2027 τῷ
2704 1956 2922 2027 στρατῷ
2975 1955 3281 2025 φαίνονται,
3342 1956 3573 2025 πρόλεγε
3628 1956 3715 2025 τῷ

2124 2047 2341 2118 στρατῷ
2365 2051 2424 2102 ὲν
2454 2049 2591 2120 αὐτῇ
2625 2052 2691 2119 τῇ
2720 2050 3045 2120 παρατάξει,
3072 2049 3155 2100 ὃτι
3185 2047 3398 2115 ἀλόγων
3427 2046 3460 2117 ἢ
3486 2046 3715 2101 τούλδου

2122 2141 2326 2214 πλῆθός
2350 2143 2541 2197 ἔστιτὸ
2579 2143 2926 2213 φαινόμενον,
2943 2142 3040 2196 καὶ
3058 2142 3160 2195 οὐκ
3177 2140 3485 2213 ἀνθρώπιον
3508 2142 3710 2213 μόνων.

2197 2327 2285 2383 ια’.
2330 2330 2456 2382 Ἐὰν
2484 2329 2542 2383 δέ
2567 2341 2652 2382 σοι
2683 2325 2913 2383 δυνατόν
2951 2330 3101 2382 ἐστιν
3132 2327 3228 2383 καὶ
3260 2327 3367 2399 πρὸ
3397 2328 3495 2382 τοῦ
3524 2345 3713 2399 παραο

2122 2421 2389 2487 τάξασθαι
2418 2422 2546 2485 τοὺς
2588 2422 2889 2492 πολεμίους
2924 2421 3223 2492 συμϐαλεῖν
3254 2421 3439 2484 αὐτοῖς
3469 2421 3551 2474 ἔτι
3576 2423 3717 2475 ἀσυ-

2124 2514 2340 2575 στάτοις
2368 2509 2541 2577 οὖσιν,
2578 2515 2782 2583 μᾶλλον
2821 2514 3021 2577 αὐτοὺς
3052 2512 3254 2583 βλάψαι
3297 2512 3540 2583 ἰσχύσεις

2197 2604 2283 2676 ιβ’.
2320 2605 2543 2670 Πάντως
2568 2605 2626 2659 δὲ
2655 2604 2714 2659 ἓν
2752 2607 2784 2675 ἦ
2817 2608 2911 2660 καὶ
2938 2605 3194 2675 δεύτερον
3215 2605 3307 2675 ἔχε
3343 2604 3420 2668 ὡς
3453 2606 3562 2658 ἀπὸ
3586 2605 3707 2669 ἐνὸς

2124 2697 2156 2767 ἢ
2192 2697 2446 2767 δευτέρου
2492 2696 2671 2767 μιλίου
2702 2700 2801 2768 τῆς
2834 2694 3202 2767 παρατάξεως
3255 2695 3365 2765 πρὸ
3419 2695 3515 2749 τοῦ
3545 2696 3704 2749 πολέ-

2129 2805 2230 2857 μου
2278 2789 2336 2840 ὲν
2395 2790 2505 2859 ὅσῳ
2540 2790 2801 2844 τάσσεται
2852 2792 2880 2844 ό
2937 2787 3193 2859 στρατὸς.
3273 2788 3359 2840 ἵνα
3408 2788 3483 2858 μὴ
3526 2789 3709 2843 ἄδειαν

2126 2879 2324 2949 ἔχωσιν
2358 2882 2407 2932 οί
2439 2881 2691 2951 πολέμιοι
2723 2881 2828 2952 πρὸ
2860 2882 2960 2951 τῆς
2992 2882 3177 2951 μάχης
3206 2883 3575 2937 κατασκοπεῖν
3607 2881 3707 2951 τὴν

2123 2971 2300 3037 τάξιν,
2333 2974 2426 3025 καὶ
2452 2972 2770 3042 σοφίζεσθαι
2804 2973 2925 3026 κατ’
2943 2972 3135 3041 αὐτῆς.

2197 3233 2287 3300 ιγ’.
2322 3233 2433 3288 Καὶ
2464 3234 2558 3286 ἐὰν
2583 3234 2805 3299 πεζικὸς
2827 3236 2927 3289 οὐκ
2951 3235 3066 3290 ἔστι
3088 3238 3340 3306 στρατὸς.
3363 3237 3494 3301 τοὺς
3514 3238 3705 3300 παῖδας

2121 3324 2233 3378 τῶν
2252 3328 2621 3394 στρατιωτῶν,
2644 3327 2764 3396 ἦτοι
2796 3328 2923 3391 τοὺς
2941 3328 3295 3392 δουλεύοντας
3318 3330 3525 3394 αὐτοῖς,
3550 3347 3704 3384 κατα·

2123 3413 2362 3484 λίμπανε
2378 3415 2520 3468 ὥστε
2542 3416 2959 3488 διαμερίζεσθαι
3006 3418 3073 3471 δι’
3101 3418 3225 3473 ὅλου
3251 3418 3348 3472 τοῦ
3384 3420 3444 3473 ἐν
3463 3418 3543 3490 τῷ
3574 3435 3705 3488 φοσ-

2124 3506 2273 3577 σὰτῳ
2306 3506 2571 3561 ἀπλίκτου
2630 3509 2865 3564 ἕκαστον
2910 3510 3039 3582 περὶ
3072 3510 3169 3581 τὴν
3199 3510 3308 3565 ἔσω
3336 3512 3550 3583 τάφρον
3572 3512 3708 3583 μετὰ

2123 3597 2327 3663 ὃπλων,
2350 3599 2463 3653 εἴτε
2506 3598 2749 3664 τοξεύειν
2774 3600 3051 3669 δύνανται,
3101 3602 3214 3656 εἴτε
3240 3603 3567 3669 ἀκοντίζειν,
3599 3603 3706 3657 εἴτε

2124 3690 2420 3763 σφενδονᾷν
2448 3709 2465 3724 ο
2516 3692 2655 3747 ἀλλὰ
2704 3694 2800 3748 καὶ
2859 3693 2918 3747 ἓν
2969 3694 3165 3765 βάνδον
3226 3696 3367 3767 μετὰ
3422 3697 3603 3751 αὐτῶν
3650 3696 3710 3750 τδ

2123 3783 2343 3853 ὀφεῖλον
2402 3784 2698 3856 βιγλεὸειν,
2749 3785 2979 3851 καὶτὰς
3033 3787 3244 3856 πόρτας
3288 3787 3383 3841 τοῦ
3439 3789 3708 3857 φοσσάτου

2122 3875 2445 3944 φυλάττειν,
2474 3878 2644 3947 ἤγουν
2670 3876 2769 3930 τοῦ
2807 3878 3261 3949 πσριφραγμένου
3294 3879 3583 3946 ἀπλίκτου,
3610 3881 3706 3939 καὶ

2124 3969 2371 4040 ἄρχοντα
2400 3969 2457 4022 δὲ
2486 3970 2762 4040 χρήσιμον
2789 3970 2885 4024 τοῦ
2915 3970 3042 4025 ὅλου
3063 3971 3312 4027 τοιούτω
3342 3973 3635 4043 φοσσάτου.

2204 4060 2285 4116 ιδ’.
2326 4061 2615 4131 Μηδέποτε
2645 4062 2867 4116 τοῦλδον
2898 4062 2992 4116 ἐπὶ
3022 4064 3389 4135 παρατάξεως
3413 4064 3701 4134 περίφερε,

2128 4154 2177 4207 εἰ
2238 4152 2462 4207 δυνατόν
2528 4152 2680 4205 ἐστι⁹
2750 4151 2847 4206 καὶ
2915 4153 3024 4224 γὰρ
3073 4154 3291 4224 ἕτοιμον
3345 4156 3457 4219 τοῖς
3498 4154 3709 4225 ἐχθροῖς

2132 4242 2331 4315 βρῶμα
2361 4243 2595 4313 γίνεται,
2624 4241 2721 4309 ἐὰν
2748 4245 2807 4297 ἐν
2836 4243 2986 4315 μάχῃ
3010 4244 3238 4316 εὑρεθῇ.

2201 4425 2286 4474 ιε’.
2323 4417 2449 4473 Ἐὰν
2481 4418 2687 4488 μέντοι,
2715 4418 2791 4484 ὡς
2821 4420 2989 4486 εἰκὸς,
3025 4421 3434 4491 ὁδοιποροῦντός
3466 4438 3562 4474 σου
3593 4421 3713 4475 d66-

2126 4520 2295 4581 κητος
2325 4509 2614 4574 ιπέλσυσις
2655 4509 2806 4580 παρὰ
2842 4510 2950 4564 τῶν
3010 4511 3220 4581 ἐχθρῶν
3247 4512 3494 4582 γένηται,
3525 4512 3617 4567 καὶ
3649 4513 3711 4567 οὐ

2127 4600 2339 4673 φθάσῃς
2372 4601 2706 4655 ἀπλικεῦσαι
2752 4603 2846 4656 καὶ
2885 4604 3294 4673 ἀσφαλίσασθαι
3351 4604 3413 4657 τὸ
3468 4605 3711 4669 τοῦλδον,

2125 4694 2251 4747 τότε
2293 4691 2430 4763 φέρε
2476 4693 2611 4747 αὐτὸ
2661 4694 2805 4748 κατὰ
2860 4694 2958 4748 τσῦ
2996 4694 3175 4763 δεξιοῦ
3213 4695 3414 4766 μέρους
3448 4697 3513 4759 ὲκ
3570 4698 3713 4749 πλα-

2124 4785 2244 4855 γίου
2268 4786 2373 4855 τῆς
2401 4785 2664 4857 δευτέρας
2694 4788 3078 4859 παρατάξεως,
3110 4789 3206 4841 καὶ
3243 4791 3363 4843 ἐκεῖ
3392 4790 3583 4853 τάσσε,
3617 4790 3714 4844 καὶ

2120 4876 2233 4948 ave)
2259 4875 2511 4946 δεύτερον
2542 4876 2732 4947 βάνδον
2784 4880 2850 4931 ὲκ
2881 4878 2991 4932 τῶν
3023 4878 3303 4949 περισσῶν
3327 4880 3408 4942 εἰς
3452 4894 3713 4949 παραφυ-

2120 4970 2297 5040 λακὴν
2335 4969 2503 5023 αὐτοῦ
2536 4970 2791 5041 ἀφόριζε.

2193 5061 2292 5128 ις’.
2335 5062 2466 5118 Ἐὰν
2501 5063 2560 5117 δὲ
2587 5064 2662 5135 μὴ
2693 5063 2907 5135 ἔτυχον,
2945 5064 3022 5129 ὡς
3052 5066 3294 5137 εἴρηται,
3329 5066 3711 5138 προαποθέμε-

2121 5172 2201 5210 vat
2232 5154 2427 5227 χόρτον
2462 5156 2559 5209 καὶ
2587 5158 2647 5209 ὲν
2698 5157 2838 5228 αὐτῇ
2868 5158 2936 5227 τῇ
2969 5157 3067 5211 τοῦ
3094 5157 3338 5228 πολέμου
3361 5157 3569 5230 ἡμέρᾳ,
3603 5159 3713 5212 τῶν

2122 5246 2302 5302 ἄλλων
2346 5247 2580 5303 ὁπλιτῶν
2633 5249 2729 5302 ἐπὶ
2769 5250 2869 5318 τὴν
2904 5248 3212 5320 παράταξιν
3267 5250 3590 5317 κινούντων,
3638 5253 3710 5305 τὰ

2122 5339 2465 5411 παλλικάρια
2494 5339 2603 5394 τῶν
2636 5341 2986 5412 στρατιωτῶν
3012 5342 3107 5394 καὶ
3156 5342 3267 5395 τῶν
3309 5344 3589 5414 ἀρχόντων
3622 5344 3710 5397 ἵνα

2124 5432 2457 5502 ὲξὲρχωνται
2487 5432 2567 5494 είς
2617 5432 2679 5485 τὸ
2713 5433 2877 5504 μέρος
2899 5433 2959 5486 τὸ
3012 5434 3187 5486 ὀπίσω
3213 5433 3314 5503 τῆς
3344 5434 3710 5504 παρατάξεως

2127 5524 2222 5579 τοῦ
2254 5526 2375 5580 ὅλου
2431 5524 2664 5597 στρατοῦ
2699 5526 2838 5597 μετά
2890 5525 3087 5595 ὀλίγων
3120 5526 3459 5599 βιγλατόρων
3510 5528 3576 5581 ὲκ
3608 5525 3707 5579 τοῦ

2130 5617 2229 5688 τῆς
2281 5617 2638 5688 παρατάξεως
2678 5608 2900 5688 ,μέρους
2968 5616 3563 5687 καταλιμπανομὲνων,
3615 5600 3717 5668 καί

2129 5709 2424 5777 συνάγουσι
2452 5709 2544 5764 τὸν
2588 5707 2863 5780 ἀρκοῦντα
2899 5708 3117 5780 χόρτον,
3149 5709 3203 5761 ὲν
3254 5711 3365 5779 ὅσῳ
3396 5710 3423 5761 ὁ
3471 5707 3712 5778 πόλεμος
