4074 6222
484 284 599 353 855

1767 275 1961 337 LEON
1971 277 1998 335 ί
2007 276 2046 336 S
2077 277 2205 336 I'Hl
2216 276 2505 337 LOSOPH
2517 276 2542 336 ῐ

3650 273 3781 341 856

493 392 779 466 cognosci.
833 391 991 459 Quod
1046 389 1096 447 si
1163 390 1279 443 ﬁeri
1336 392 1526 444 statim
1582 386 1756 457 possit
1800 386 1951 457 quod
2007 386 2078 440 ab

2197 388 2216 457 ἦ
2245 387 2329 443 δεῖ
2357 386 2563 458 ταύτην
2593 385 2912 457 μανθάνειν.
2957 386 3069 441 Καὶ
3095 385 3193 441 tam
3227 383 3290 438 τδ
3322 370 3781 456 ’προτεινόμενον

486 485 741 541 hostibus
778 482 1130 553 proponitur,
1153 494 1263 536 non
1300 478 1607 544 differatur,
1633 477 1731 534 sed
1773 476 1966 534 sedqu
1998 477 2081 533 vel

480 574 864 649 jurejurando,
910 574 995 630 vel
1049 573 1160 628 alio
1203 572 1462 643 quopiam
1512 580 1672 643 paeto
1725 571 2078 640 transigatur.

488 670 587 725 Sin
673 666 1048 738 perniciosum
1126 675 1183 721 et
1240 664 1312 719 ad
1389 671 1769 734 contemptum
1821 663 2080 732 alicujus,

487 770 581 816 aut
649 759 921 814 universae
986 756 1362 813 multitudinis
1427 757 1821 812 contumeliam
1889 755 2079 819 fuerit,

486 853 604 907 haec
656 860 820 921 atque
859 850 969 904 illis
1026 849 1254 904 duriora
1294 849 1349 903 in
1398 848 1596 918 vulgus
1648 856 1897 904 nostrum
1948 847 2081 903 etle-

487 938 655 997 renda
692 948 840 1004 sunt,
873 948 933 994 ut
961 938 1244 993 exercitus
1295 939 1372 992 ita
1430 939 1766 1004 concitatus,
1800 952 1864 994 ac
1895 952 2084 993 neces-

486 1033 652 1088 sitate
714 1031 1059 1102 compulsus,
1107 1029 1472 1099 impetuosius
1534 1029 1829 1085 adversum
1893 1031 2081 1087 hostes

490 1122 774 1194 procedat,
844 1134 1008 1193 atque
1050 1122 1395 1176 obedientior
1438 1121 1713 1191 prmfectis
1766 1122 1883 1177 suis
1941 1123 2013 1177 sit
2060 1142 2074 1178 :

488 1224 695 1285 quanto
734 1216 893 1269 enim
940 1215 1114 1282 major
1166 1213 1404 1266 tardatio
1469 1211 1656 1275 fuerit,
1708 1223 1856 1267 tanto
1913 1214 2081 1283 magis

492 1308 738 1377 superati
790 1308 993 1361 milites
1020 1305 1499 1361 formidolosiores
1533 1312 1716 1371 erunt,
1753 1314 1807 1360 et
1838 1305 2081 1359 victores

492 1402 817 1456 audaciores
868 1401 1160 1455 exsistent.

561 1494 652 1549 2|.
694 1492 1024 1563 Priusquam
1069 1502 1250 1545 autem
1285 1492 1603 1546 universum
1660 1492 1831 1547 robur
1860 1498 2080 1545 tuorum

490 1586 768 1648 considat,
805 1584 1135 1638 adhortandi
1170 1585 1265 1638 tibi
1312 1601 1405 1654 per
1438 1585 1809 1647 turmarchas,
1848 1599 1944 1652 per
1983 1582 2081 1636 de-

2184 482 2429 553 παρευθὺ
2473 483 2723 552 γίνεσθαι
2777 482 3025 545 δύναται,
3064 480 3140 552 μὴ
3178 478 3600 547 ἀναϐάλλεσθαι,
3628 480 3786 535 ἀλλὰ.

2183 574 2448 644 πράττειν
2479 575 2614 629 αὐτὸ
2650 573 2912 644 ἀσφαλῶς
2945 572 3013 627 δι’
3051 569 3332 641 ὀψίδων,ἢ
3386 569 3578 640 ὅρκου.
3612 569 3677 621 Εἰ
3714 569 3783 622 δὲ

2182 666 2478 732 ἑπισλαὸίς
2508 669 2678 734 ἐστιν,
2711 669 2807 723 καὶ
2843 666 2911 720 δι’
2938 665 3231 737 ὑπέρθεσίν
3263 652 3409 727 τινος
3432 665 3527 717 καὶ
3556 663 3784 734 χαύνω-

2185 777 2272 814 σιν
2328 760 2426 815 τοῦ
2474 761 2634 830 ὄχλου
2679 759 2924 829 λέγεται,
2960 758 3032 813 τὰ
3086 758 3307 813 ἐναντία
3358 757 3442 811 δεῖ
3505 755 3780 827 φημίζειν

2186 853 2529 925 σκληρότερα
2550 853 2661 906 τῶν
2683 852 3143 924 προτεινομένων,
3174 852 3262 904 ῖνα
3290 849 3549 921 μᾶλλοννό
3596 866 3779 920 στρα-

2183 948 2275 1010 τὸς
2300 948 2439 1017 πρὸς
2464 946 2635 1017 ὀργὴν
2665 946 3078 1015 διανιστάμενος
3121 946 3188 1015 τῇ
3220 943 3439 1015 ἀνάγκῃ
3470 942 3779 1013 ἰσχυροτέψ

2186 1059 2296 1113 ρως
2334 1043 2449 1103 τοῖς
2484 1040 2706 1111 ἐχθροῖς
2750 1041 3158 1109 ἀντικαταστῇ,
3205 1038 3301 1091 καὶ
3353 1037 3434 1089 ἔτι
3485 1036 3779 1105 πειθήνιος

2182 1134 2261 1204 τῷ
2300 1136 2524 1205 ἄρχοντι
2554 1134 2783 1204 γένηται
2809 1149 2824 1165 ’
2876 1134 3002 1186 ὅσον
3055 1134 3164 1201 γὰρ
3220 1129 3494 1201 βραδύτης
3532 1128 3777 1195 γίνεται,

2181 1225 2436 1280 τοσοῦτον
2478 1229 2527 1279 οἱ
2573 1226 2901 1296 ἡττηθέντες
2950 1225 3245 1295 δειλότεροι
3299 1222 3559 1291 γίνονται,
3595 1220 3694 1274 καὶ
3722 1226 3775 1271 δ

2183 1320 2507 1388 νικήσαντες
2532 1317 2950 1390 τολμηρότεροι.

2254 1508 2363 1563 κα’.
2427 1508 2629 1579 Πρὶνῆ
2677 1504 2771 1560 οὖν
2824 1506 2905 1569 είς
2957 1504 3166 1558 τέλειον
3202 1502 3273 1555 τὰ
3317 1502 3645 1572 φρονήματα
3675 1516 3782 1551 κα-

2181 1603 2485 1685 ταττὲσωσι,
2512 1602 2619 1670 χρή
2675 1617 2757 1665 σε,
2807 1593 2853 1651 ὦ
2885 1596 3182 1668 στρατηγὲ,
3215 1594 3305 1649 διά
3330 1611 3389 1645 τε
3432 1592 3541 1645 τῶν
3573 1590 3778 1659 ἀρχόν·

494 1690 688 1739 canos,
737 1673 1060 1743 quintanus,
1094 1673 1296 1727 milites
1330 1672 1406 1727 tui
1453 1681 1607 1735 sunt,
1642 1687 2081 1727 commemoran-

512 1769 731 1788 I____-.__-_
789 1775 863 1788 -..ι
917 1766 1021 1788 IIII-
1095 1781 1200 1788 ...ιη
1237 1781 1350 1788 --αλ
1396 1765 1500 1788 2......
1535 1774 1748 1788 a-.........
1776 1763 2000 1788 2-..--.1...
2026 1779 2085 1788 ,Α

2197 1676 2297 1747 των
2323 1692 2432 1747 τῶν
2458 1691 2777 1761 ταγμάτων,
2800 1691 2895 1743 καὶ
2923 1690 3033 1742 τῶν
3060 1688 3365 1757 δεκάρχων,
3392 1687 3487 1739 καὶ
3521 1686 3777 1752 πεντάρα

492 1769 736 1836 dumquc
783 1775 866 1821 est
917 1766 1045 1830 illis,
1095 1781 1203 1819 non
1232 1781 1353 1821 esse
1391 1765 1504 1835 jam
1535 1774 1750 1834 tempus
1776 1763 2002 1834 ignavia:
2024 1779 2088 1819 ac

495 1858 790 1920 socordiae,
844 1855 941 1910 sed
995 1855 1421 1925 impressionum
1472 1862 1638 1923 atque
1702 1854 2085 1908 incursionuin

496 1950 552 2005 in
594 1951 782 2004 hostes
808 1948 1210 2010 faciendarum,
1240 1956 1294 2003 et
1316 1963 1437 2017 quae
1462 1944 1647 2001 clades
1668 1956 1830 2014 atque
1857 1945 2088 2000 ollensio

494 2051 623 2097 ante
650 2049 871 2107 accepta
912 2040 1038 2104 fuit,
1081 2054 1142 2093 ea
1184 2039 1298 2106 jam
1335 2038 1539 2091 virtute
1579 2051 1644 2091 ac
1683 2038 1850 2091 rebus
1893 2052 2089 2106 geren-

496 2135 582 2187 dis
630 2133 860 2187 delenda
891 2140 1059 2201 atque
1101 2127 1448 2184 obliteranda
1497 2138 1604 2183 est.
1654 2126 1781 2182 llam
1813 2136 1979 2198 atque
2010 2127 2081 2183 iis

497 2222 697 2278 similia
738 2222 849 2276 illis
898 2220 1179 2273 narranda
1215 2228 1368 2274 sunt.

564 2313 656 2367 22.
699 2311 757 2367 Si
803 2327 927 2382 spes
959 2313 1147 2381 aliqua
1202 2321 1288 2365 est
1333 2311 1457 2367 acie
1503 2311 1776 2366 instructa
1830 2313 2087 2383 praelium

496 2404 809 2475 recuperari
850 2419 1036 2474 posse,
1091 2404 1193 2457 hac
1252 2403 1339 2456 via
1370 2417 1535 2474 quam
1583 2419 1749 2475 supra
1796 2404 1909 2458 disi
1963 2419 2089 2474 pro-

496 2498 747 2553 cedatur.
804 2498 900 2550 Sin
957 2497 1061 2551 hoc
1105 2495 1270 2549 modo
1321 2510 1433 2549 non
1476 2497 1817 2565 proﬁciatur,
1869 2510 1967 2564 pro
1998 2510 2092 2564 pe-

499 2591 797 2647 riculorum
846 2589 1057 2644 ratione
1119 2589 1392 2670 optimam
1443 2588 1548 2643 sibi
1603 2589 1747 2642 viam
1779 2588 2089 2658 conquiret.

572 2766 664 2821 25.
710 2765 767 2818 Si
816 2764 1091 2831 peditatus
1123 2762 1364 2817 hostium
1398 2762 1603 2826 vincat,
1660 2778 1784 2815 cum
1817 2762 1973 2832 equis
2001 2778 2091 2817 or-

503 2858 690 2911 dinate
728 2855 1100 2910 discessiones
1128 2864 1291 2924 atque
1316 2854 1747 2925 demigrationes
1779 2871 1843 2909 ex
1878 2870 1943 2909 eo
1973 2856 2093 2909 loco

510 2947 660 3014 ﬁant,
704 2955 872 3017 atque
914 2947 990 3001 ita
1035 2956 1419 3016 permaneant.

579 3148 673 3202 24.
715 3147 812 3201 Sin
846 3146 1061 3217 equites
1102 3145 1325 3210 fuerint,
1368 3145 1643 3214 superﬂua
1674 3157 1726 3201 et
1756 3146 1942 3217 gravia
1974 3154 2089 3199 tum

503 3237 781 3307 iumenta,
814 3246 925 3290 tuin
948 3237 1054 3290 alia
1072 3251 1416 3306 quiscunque
1442 3238 1909 3305 praetermittenda
1938 3247 2090 3303 sunt,

510 3329 831 3398 peditesque
850 3327 1249 3391 constituendi,
1268 3334 1323 3381 et
1346 3327 1466 3381 sine
1484 3328 1752 3394 iumentis
1781 3328 2093 3398 equitibus-

508 3434 619 3490 que
657 3418 949 3474 universos
976 3420 1029 3473 in
1067 3418 1205 3473 duas
1233 3420 1531 3489 phalanges
1559 3422 1679 3473 sive
1713 3419 1882 3485 acies,
1922 3430 2016 3474 aut
2038 3419 2093 3474 in

510 3526 677 3567 uuam
717 3510 1045 3582 quadratam
1099 3512 1391 3581 oblongam
1444 3512 1677 3566 formam
1713 3511 1992 3575 inslrues,
2038 3512 2094 3567 in

510 3603 693 3659 medio
739 3604 988 3675 jumenta
1020 3612 1189 3673 atque
1236 3604 1626 3674 impedimenta
1678 3620 1891 3677 ponast,
1940 3616 2095 3659 extra

512 3700 626 3750 tunc
660 3696 858 3751 milites
901 3696 956 3750 in
991 3697 1137 3763 acie,
1186 3696 1647 3766 quemadmodum
1703 3696 2093 3767 praediximus,

511 3798 676 3857 atque
707 3791 848 3843 ultra
882 3804 978 3845 eos
1014 3791 1329 3860 sagittarios
1364 3808 1378 3843 :
1415 3800 1581 3861 atque
1607 3790 1683 3845 ita
1726 3791 2097 3848 discessiones

513 3881 1057 3953 dcuiigrationesque
1089 3892 1208 3938 tuto
1237 3882 1431 3939 facies.
2037 3940 2044 3947 ,

588 3974 681 4028 ‘25.
724 3973 964 4029 Rursum
992 3977 1040 4032 si
1075 3990 1336 4046 prospere
1359 3977 1426 4031 ad
1456 3976 1744 4032 victoriam
1777 3976 1978 4032 bellum
2009 3976 2098 4031 in-

516 4065 707 4129 clinet,
747 4077 804 4121 et
843 4066 952 4121 Deo
998 4067 1114 4136 jam
1146 4069 1383 4139 pr0pitio
1418 4070 1595 4125 victor
1622 4070 1810 4125 evadis
1836 4107 1854 4133 ,
1884 4084 1953 4123 ne
1984 4069 2100 4123 sola

518 4158 847 4228 depulsione
878 4157 1121 4213 hostium
1150 4168 1447 4215 contentus
1491 4162 1592 4227 sis,
1622 4160 1780 4230 quasi
1814 4161 2102 4231 imperitus

517 4240 611 4319 Qui
647 4258 894 4319 tempore
939 4248 1020 4303 uti
1070 4250 1294 4306 nescit:
1331 4267 1511 4322 neque
1560 4255 1928 4321 importunum
1968 4250 2101 4305 illud

518 4342 732 4407 audias,
756 4340 949 4405 Vince,
983 4341 1081 4398 sed
1106 4358 1173 4398 ne
1213 4342 1377 4399 nimia
1406 4344 1595 4399 vincas
1628 4360 1642 4398 :
1682 4360 1773 4408 ne,
1812 4343 1862 4401 si
1892 4344 2103 4399 lubrico

2191 1802 2303 1855 χων
2330 1782 2743 1855 προτρέψασθαι
2794 1783 2887 1836 τὸν
2911 1780 3164 1850 στρατὸν,
3196 1778 3291 1833 καὶ
3323 1779 3517 1834 είττεῖν,
3555 1775 3635 1837 ὡς
3669 1775 3779 1826 οὐκ

2190 1879 2305 1931 εστι
2332 1878 2520 1947 καιρὸς
2545 1876 2834 1939 δειλιάσαι,
2864 1875 3003 1929 ἀλλά
3051 1873 3363 1944 ὁρμηθῆναι
3392 1869 3595 1941 μᾶλλον
3629 1869 3778 1921 κατὰ

2188 1970 2299 2023 τῶν
2326 1969 2559 2039 ἐχθρῶν,
2608 1968 2705 2021 καὶ
2742 1968 2804 2021 τὸ
2833 1967 3125 2037 γενόμενον
3172 1964 3324 2035 παρά
3349 1980 3513 2015 τινων
3544 1959 3780 2029 σφάλμα

2191 2063 2452 2132 ἀνδρείως
2492 2058 2958 2115 ἀνακαλέσασθαι.
3014 2057 3201 2111 Ταῦτα
3257 2058 3353 2109 καὶ
3387 2054 3457 2108 τὰ
3492 2055 3664 2123 ὅμοια
3691 2051 3779 2104 δεῖ

2193 2174 2254 2210 σε
2286 2155 2633 2225 διαλαλῆσαι.

2262 2327 2366 2399 κβ’.
2402 2328 2513 2382 Καὶ
2535 2328 2585 2381 εί
2618 2328 2717 2400 μέν
2765 2329 2912 2382 ἔστιν
2957 2327 3113 2392 ἐλπὶς
3153 2343 3248 2379 του
3272 2335 3362 2379 at:
3385 2323 3489 2394 τῆς
3520 2322 3777 2390 παρατά-

2194 2420 2327 2484 ξεως
2361 2420 2629 2489 δημοσίας
2649 2420 2749 2490 τὴν
2784 2419 2965 2489 μάχην
2991 2416 3457 2479 ἀνακαλέσασθαι,
3481 2417 3549 2485 τῇ
3592 2430 3777 2483 προειο

2195 2510 2408 2581 ρημένῃ
2452 2509 2662 2579 μεθόδῳ
2693 2510 2792 2579 τῆς
2845 2510 3053 2574 τάξεως
3095 2509 3300 2578 χρήσῃ.
3326 2507 3388 2558 Εἰ
3417 2504 3475 2557 δὲ
3522 2501 3775 2555 τοῦτοού

2193 2598 2481 2669 προϐαίνει
2509 2639 2524 2664 ,
2572 2598 2652 2651 δεῖ
2692 2599 3082 2669 συμφερόντως
3136 2598 3243 2650 τῶν
3285 2594 3549 2649 κινδύνων
3600 2608 3773 2646 κατα-

2190 2692 2416 2762 τολμᾷν.

2265 2786 2371 2853 κγ’.
2404 2786 2509 2839 Καὶ
2530 2786 2580 2838 εί
2617 2784 2717 2855 μὲν
2756 2782 2913 2848 πεζοί
2940 2785 3078 2837 εἰσιν
3113 2784 3163 2837 oi
3195 2782 3523 2850 νικήσαντες
3551 2778 3773 2850 ἐχθροὶ,

2195 2878 2520 2941 σπουδάζειν
2580 2877 2721 2948 μετά
2751 2877 2860 2929 τῶν
2904 2878 3088 2929 ἵππων
3122 2875 3403 2936 εὐτάκτως
3432 2873 3532 2935 τάς
3559 2873 3779 2939 ἀναχω-

2198 2971 2383 3038 ρήσεις
2436 2970 2554 3039 ἦτοι
2627 2967 2988 3038 μεταστάσεις
3060 2965 3154 3019 τοῦ
3215 2966 3489 3034 φοσσάτου
3559 2962 3779 3019 ἐκείνου

2119 3077 2164 3139 C
2198 3062 2457 3130 ἀσφαλῶς
2487 3061 2780 3125 ποιεῖσθαι,
2819 3063 2915 3114 καὶ
2956 3060 3030 3129 μὴ
3061 3059 3379 3128 ἀναμένειν.

2266 3152 2363 3209 κδ’.
2386 3153 2449 3207 El
2465 3154 2521 3206 δὲ
2545 3154 2900 3223 καῦαλλάριοι
2916 3146 3072 3216 ὦσιν,
3094 3151 3330 3222 μάλιστα
3352 3150 3461 3203 τῶν
3498 3148 3789 3219 περισσῶν

2194 3246 2290 3299 καὶ
2308 3244 2624 3314 βαρυτέρων
2652 3244 2863 3312 ἀλόγων
2891 3245 2985 3297 καὶ
3015 3243 3359 3314 πραγμάτων
3386 3242 3467 3294 δεῖ
3505 3257 3777 3312 περιφρο-

2194 3339 2326 3402 νεῖν,
2366 3337 2460 3389 καὶ
2483 3336 2621 3406 πεζῇ
2646 3336 3031 3400 καθίστασθαι,
3063 3336 3158 3388 καὶ
3188 3335 3315 3387 ἄνευ
3350 3333 3548 3399 ὀλίγων
3565 3331 3777 3385 καδαλ-

2195 3425 2397 3498 λαρίων
2432 3427 2640 3488 πάντας
2666 3424 2746 3487 είς
2765 3423 2858 3477 δύο
2888 3424 3174 3490 φάλαγγας
3204 3423 3325 3493 ἦτοι
3343 3421 3528 3486 τάξεις
3546 3461 3561 3483 ,
3601 3419 3634 3489 ἢ
3678 3418 3778 3471 καὶ

2196 3518 2275 3581 εἰς
2298 3517 2355 3570 ἓν
2383 3519 2727 3587 τετράγωνον
2741 3514 2984 3569 πλινθίου
3015 3515 3201 3584 σχῆμα
3227 3510 3655 3582 παρατάξεσθαι,
3680 3509 3781 3562 καὶ

2200 3608 2362 3681 μέσον
2400 3611 2499 3679 μὲν
2529 3609 2599 3663 τὰ
2621 3608 2790 3676 άλογα
2820 3606 2854 3678 ἦ
2881 3607 2942 3660 τὸ
2971 3606 3189 3660 τοῡλδον
3222 3605 3434 3675 φέρειν,
3472 3603 3673 3667 ἔξωθεν
3713 3601 3780 3654 δὲ

2197 3701 2343 3772 ἔχειν
2365 3700 2491 3764 τοὺς
2519 3700 2878 3772 στρατιώτας,
2904 3701 2981 3763 ὼς
3008 3698 3248 3770 εἴρηται,
3272 3698 3331 3750 ὲν
3348 3696 3523 3762 τάξει,
3543 3694 3637 3747 καὶ
3649 3693 3781 3755 τοὺς

2197 3795 2419 3861 τοξότας
2468 3794 2741 3865 ἐξωτέρω,
2772 3795 2868 3847 καὶ
2914 3785 3087 3856 οὕτως
3114 3794 3213 3855 τὰς
3266 3788 3628 3861 μεταστάσεις
3679 3786 3785 3841 καὶ

2200 3888 2579 3959 ἀναχωρήσεις
2612 3887 2885 3940 ποιεῖσθαι
2917 3883 3200 3954 ἀσφαλῶς.

2272 3978 2349 4034 κε’
2370 4019 2384 4034 .
2418 3979 2588 4035 Πάλιν
2624 3978 2682 4031 δὲ
2712 3978 2808 4030 ὲάν
2837 3976 3028 4036 αῖσίως
3057 3975 3126 4028 τὰ
3153 3974 3249 4028 τοῦ
3293 3972 3527 4043 πολέμου
3556 3968 3785 4039 ἐξέλθῃ,

2201 4072 2295 4127 καὶ
2343 4069 2478 4125 Θεοῦ
2516 4068 2837 4141 βοηθοῦντος
2865 4068 3096 4140 ἄρξηται
3122 4067 3156 4136 ἡ
3181 4067 3329 4136 νίκη,
3360 4065 3419 4117 οὗ
3455 4064 3537 4117 δεῖ
3569 4061 3787 4132 ὠθήσεε

2203 4163 2299 4217 καὶ
2360 4161 2499 4235 μόνῃ
2530 4159 2822 4228 ἀρκεῖσθαι
2858 4158 2934 4221 ὡς
2988 4155 3390 4225 ἀπειροκάλους
3450 4152 3530 4223 μὴ
3566 4152 3782 4214 είδότας

2202 4254 2510 4326 χρήσασθαι
2535 4252 2613 4324 τῷ
2638 4251 2838 4322 καιρῷ,
2869 4249 3007 4305 ἀλλά
3032 4248 3279 4319 ἀκαίρως
3308 4244 3531 4300 ἀκούειν
3558 4240 3783 4311 φιλοῦν·

2204 4366 2299 4412 τας
2324 4349 2407 4411 τὸ,
2438 4346 2604 4413 Νίκα,
2635 4346 2730 4401 καὶ
2762 4343 2837 4416 μὴ
2864 4341 3155 4414 ὑπερνίκα,
3184 4340 3276 4394 καὶ
3302 4338 3603 4399 ἐνδιδόντας
3639 4351 3788 4405 σφα-

522 4444 765 4503 tempore
791 4432 994 4499 cedas,
1038 4433 1278 4502 majores
1313 4432 1411 4489 tibi
1442 4434 1725 4491 molestias
1761 4434 2092 4498 accumules,

2202 4440 2375 4512 λερῶς
2429 4440 2525 4493 καὶ
2583 4437 2803 4508 μείζονα
2851 4436 2941 4490 διά
2986 4434 3087 4504 τῆς
3140 4433 3399 4495 ἰνδόσεως
3437 4428 3532 4485 τοῦ
3584 4426 3787 4497 καιροῦ

519 4533 574 4579 et
599 4525 871 4580 incertum
906 4540 1090 4580 rerum
1112 4526 1440 4582 .futurarum
1472 4535 1727 4584 eventum
1759 4528 1977 4595 reddas,
2003 4531 2099 4584 sed

517 4618 805 4675 eversione
880 4618 1123 4675 hostium
1191 4620 1445 4676 absoluta
1528 4621 1791 4677 utendum
1872 4622 2099 4676 omnino

519 4719 628 4766 est.

593 4801 683 4858 26.
730 4801 788 4857 Si
832 4802 899 4857 ad
936 4803 1178 4874 aliquam
1214 4804 1577 4860 munitionem
1611 4804 1788 4860 hostis
1815 4805 2097 4876 confugit,

520 4897 608 4954 vel
640 4896 688 4951 vi
721 4907 777 4953 et
802 4912 992 4961 manu,
1026 4897 1115 4951 vel
1142 4895 1266 4952 aliis
1296 4896 1585 4966 quibusvis
1622 4895 1837 4962 formis,
1862 4895 2102 4952 homini-

524 4991 631 5046 bus
668 4996 723 5043 et
749 4987 1043 5059 jumentis,
1077 4988 1353 5044 instructa
1392 4986 1511 5042 acie
1550 4987 1605 5041 in
1645 5001 1892 5043 summas
1930 5002 2107 5058 angu-

526 5084 663 5139 stias
696 5081 1033 5137 coercendus
1061 5088 1145 5136 est
1173 5122 1189 5147 ,
1238 5080 1327 5136 vel
1359 5081 1465 5135 alia
1498 5082 1693 5151 quavis
1729 5081 2110 5139 consentiente

524 5186 691 5247 atque
745 5172 944 5229 idonea
996 5173 1259 5239 utilitate,
1313 5173 1620 5243 uSquedum
1663 5172 1903 5243 perfecte
1956 5172 2108 5227 illum

526 5266 788 5323 everteris
824 5284 837 5321 :
879 5282 1059 5338 neque
1110 5276 1226 5321 tum
1276 5265 1566 5338 defatigari
1608 5275 1844 5339 oportet.
1886 5265 2108 5335 quando

530 5358 752 5428 paulum
792 5356 947 5411 illum
985 5358 1254 5427 repuleris
1288 5376 1304 5413 :
1340 5375 1518 5428 neque
1559 5359 1638 5415 rei
1681 5359 1952 5415 universa:
1988 5358 2108 5413 exi-

532 5457 649 5504 tum
690 5457 916 5521 propter
944 5448 1198 5521 exiguam
1246 5452 1484 5523 amplius
1516 5452 1767 5507 laborum
1790 5451 2107 5522 patientiam

531 5540 770 5610 obiicere
799 5541 990 5608 debes,
1020 5552 1145 5613 post
1180 5552 1367 5602 tantos
1400 5545 1619 5601 labores
1658 5551 1827 5615 atque
1855 5542 2109 5609 sudores,

532 5635 655 5696 post
696 5637 847 5683 tanta
873 5630 1000 5685 belli
1033 5633 1275 5700 pericula
1307 5652 1319 5688 ε
1362 5634 1621 5706 quoniam
1647 5642 1703 5691 et
1744 5636 1798 5689 in
1820 5635 2113 5705 venatione

531 5718 675 5792 quod
700 5734 838 5791 pene
865 5720 1118 5783 cﬂcctum
1143 5732 1246 5791 est,
1274 5724 1502 5800 perinde
1526 5734 1611 5783 cst
1632 5741 1694 5782 ac
1725 5726 1772 5784 si
1802 5726 1939 5782 nihil
1969 5735 2137 5784 esset.

2206 4534 2453 4605 κάματον
2499 4529 2960 4601 ὲπισωρεύοντας,
2989 4526 3085 4582 καὶ
3121 4525 3314 4595 ἄδηλον
3349 4523 3449 4593 τὴν
3483 4521 3787 4592 μέλλουσαν

2205 4625 2430 4679 ἔκϐασιν
2482 4624 2693 4686 ἑαυτοῖς
2728 4618 3258 4683 κατασκευάζοντας,
3293 4614 3430 4670 ἀλλά
3468 4613 3551 4668 δεῖ
3588 4616 3657 4683 τῇ
3684 4610 3785 4666 τοῦ

2205 4717 2403 4790 ἐχθροῦ
2441 4716 2623 4787 τελείᾳ
2655 4712 2950 4769 καταλύσει
2978 4711 3280 4780 ἐπιμένειν.

2277 4807 2396 4874 κς·⁹.
2429 4809 2492 4862 El
2517 4808 2575 4861 δδ
2604 4810 2662 4861 ὲν
2706 4804 3026 4876 ὀχυρώματι
3082 4799 3428 4871 καταφεύγῃ,
3459 4795 3784 4859 σπουδάζειν

2203 4904 2237 4975 ἢ
2269 4901 2414 4974 χειρὶ
2444 4900 2477 4972 ἢ
2511 4900 2601 4953 διὰ
2620 4899 2728 4952 τῶν
2764 4898 3062 4951 λειπόντων
3095 4893 3256 4948 εἰδῶν
3295 4894 3411 4955 τοῖς
3445 4888 3780 4961 ἀνθρώποις,

2204 4995 2240 5064 ἢ
2277 4995 2389 5057 τοῖς
2411 4991 2649 5061 ἀλόγοις,
2680 4990 2769 5044 διά
2790 4986 3195 5063 παραφυλακῆς
3232 4984 3588 5053 στενοχωρεῖν
3617 4980 3787 5033 αὐτὸν

2210 5088 2374 5158 μέχρι
2407 5084 2618 5148 τελείας
2665 5082 2832 5138 αὑτοῦ
2866 5078 3236 5140 καταλύσεως,
3270 5071 3623 5147 ἢὲπωφελῶν
3650 5071 3787 5140 ἡμῖν

2208 5179 2507 5249 γινομένων
2536 5174 2865 5245 συμφώνων,
2902 5174 2995 5225 καὶ
3037 5170 3171 5241 μηδὶ
3215 5166 3502 5221 ἐκλύεσθαι
3524 5166 3592 5234 τῇ
3628 5162 3783 5231 ὀλίγῃ

2210 5269 2435 5338 ὡθήσει,
2473 5266 2607 5337 μηδὲ
2656 5263 2881 5333 ἀμελεῖν
2900 5264 2998 5331 τῆς
3019 5258 3114 5313 τοῦ
3148 5258 3476 5328 πράγματος
3505 5254 3783 5314 ἐκϐάσεως

2206 5361 2272 5416 δι’
2300 5360 2489 5429 ὀλίγην
2519 5356 2818 5429 καρτερίαν
2852 5352 2993 5425 μετά
3017 5350 3274 5406 τοσοῦτον
3322 5349 3504 5408 πόνον,
3541 5348 3635 5398 καὶ
3682 5342 3784 5395 κά·

2214 5469 2381 5523 ματον
2411 5451 2505 5505 καὶ
2536 5450 2675 5522 μεεά
2714 5446 2968 5501 τοσοῦτον
2992 5447 3057 5499 ὲκ
3093 5441 3188 5496 τοῦ
3225 5441 3463 5510 πολέμου
3491 5438 3736 5491 κίνδυνον
3765 5450 3787 5467 ο

2211 5544 2336 5599 ἐπεὶ
2370 5543 2465 5599 καὶ
2493 5544 2587 5597 ἐπὶ
2609 5540 2704 5597 τοῦ
2745 5540 3009 5613 κυνηγίου
3043 5537 3106 5593 τὸ
3131 5534 3283 5605 παρά
3314 5533 3511 5605 μικρὸν
3547 5529 3670 5586 ἀντὶ
3692 5525 3788 5582 τοῦ

2219 5634 2448 5707 μηδενός
2479 5636 2591 5689 ἐστι
2604 5672 2617 5689 .
