4074 6222
284 326 389 395 857

1317 312 1653 381 TACTICA.
1681 339 1751 353 ··-
1778 312 2287 376 CONSTITUTIO
2320 313 2471 376 XIV.

3458 312 3565 376 858

353 436 460 505 κζ’.
489 436 649 509 Μὴτε
691 434 799 507 μὴν
832 430 1187 505 περιφρονεῖν
1226 429 1329 500 τῆς
1358 430 1469 482 τῶν
1522 425 1872 500 στρατιωτῶν

2045 425 2142 482 27.
2203 424 2437 480 Militum
2493 432 2715 478 tuorum
2768 420 2983 479 ordinis
3035 422 3389 479 conservatio
3435 435 3566 495 post

283 532 543 599 εὐταξίας
580 528 691 585 ἀπδ
710 529 812 599 τῆς
840 526 1001 597 νίκης
1033 524 1290 595 μάλιστα,
1322 522 1456 577 ἀλλά
1498 520 1875 590 συντεταγμέ-

286 642 412 689 νους
448 621 690 687 διώκειν,
724 618 824 674 καὶ
877 617 1016 688 μετὰ
1072 615 1387 685 ἐπιστήμης
1434 614 1532 666 καὶ
1576 609 1877 681 ·νουνεχίας

288 712 699 771 ἐπισκοποῦντα
730 711 821 764 τὸν
849 708 1154 780 στρατηγὸν
1205 706 1275 759 τὰ
1331 704 1541 758 δέοντα.
1578 703 1691 757 Οὐκ
1718 701 1880 772 ἀρκεῖ

285 810 397 880 γὰρ
425 806 656 876 δύναμις
692 802 828 875 μόνη
855 803 936 864 είς
974 799 1274 868 ἀσφάλειαν
1308 798 1446 851 ἰδίαν
1474 797 1508 867 ἣ
1536 794 1741 866 βλάϐην
1770 792 1878 846 τῶν

286 898 524 973 ἐχθρῶν,
576 896 714 951 ἀλλά
768 892 909 964 μετά
964 893 1065 961 τὴν
1095 889 1231 944 Θεοῦ
1290 888 1548 960 βοήθειαν
1574 887 1671 940 καὶ
1720 884 1873 957 ήτοῦ

288 988 597 1065 στρατηγοῦ
626 987 892 1057 διοίκησις
919 982 1196 1051 ἀναγκαία
1244 982 1341 1033 καὶ
1375 979 1568 1050 πρώτη
1592 976 1876 1047 τυγχάνει.

358 1255 466 1330 κη’.
495 1256 716 1327 Πρέπον
737 1271 795 1307 σε
822 1245 1001 1319 abi/,6
1020 1247 1315 1320 πρατηγέ,
1336 1249 1449 1311 τοῖς
1469 1264 1528 1299 τε
1553 1247 1768 1317 καιροῖς
1786 1243 1880 1298 καὶ

288 1354 401 1415 τοῖς
433 1351 619 1411 τόποις
675 1346 954 1419 ἁρμοδίως
1002 1341 1307 1414 κεχρῆσθαι
1342 1356 1356 1371 ο
1391 1342 1487 1395 καὶ
1508 1341 1605 1392 ἐάν
1644 1337 1879 1408 δοκιμά-

292 1461 392 1520 οῃς
416 1444 511 1500 τοῦ
545 1444 767 1506 πάντως
816 1438 1073 1510 γενέσθαι
1112 1437 1351 1505 πόλεμον
1398 1435 1679 1506 δημόσιον,
1703 1432 1880 1485 πάντα

292 1538 611 1608 σκοπήσεις,
643 1535 737 1589 καὶ
758 1533 922 1585 τόπον
936 1529 1244 1599 ἐπιτήδειον
1272 1525 1480 1596 γυμνόν
1512 1541 1570 1577 τε
1596 1523 1689 1576 καὶ
1738 1522 1881 1592 ὀμα-

289 1629 384 1683 λὺν
408 1630 495 1683 διὰ
523 1628 650 1692 τοὺς
672 1624 1040 1696 κονταράτους
1068 1622 1167 1690 (4).
1196 1620 1307 1673 Καὶ
1345 1617 1422 1690 μὴ
1454 1617 1614 1687 μόνον
1632 1616 1701 1669 τά
1729 1614 1881 1679 δεξιά

291 1719 386 1771 καὶ
413 1716 680 1789 ἀριστερά
714 1716 809 1769 καὶ
842 1712 1067 1766 ὀπίσθια
1095 1709 1238 1781 μέρη
1272 1708 1608 1779 προερευνᾷν
1657 1705 1741 1758 δεῖ
1786 1704 1880 1757 καὶ

1981 519 2273 575 victoriam
2316 515 2639 587 negligenda
2684 516 2785 572 tibi
2821 530 2933 572 non
2980 524 3099 584 est,
3136 518 3231 573 sed
3276 518 3566 573 instructis

1980 610 2157 681 copiis
2194 625 2321 665 cum
2363 609 2599 666 scientia
2655 618 2709 664 et
2758 609 3064 664 attentione
3110 609 3334 662 militari
3368 623 3565 679 prose-

1980 711 2225 773 quantur
2253 701 2484 767 hostes,
2534 701 2945 772 imperatorque
2981 700 3100 770 ipse
3150 699 3397 753 attendat
3437 700 3568 755 dili-

1979 801 2173 866 genter
2196 793 2330 864 quid
2363 795 2507 848 facto
2536 808 2676 862 opus
2707 793 2800 848 sit.
2842 791 3032 862 Neque
3054 791 3201 846 enim
3246 790 3314 844 ad
3351 791 3567 845 incolu—

1983 886 2225 941 mitatem
2256 895 2519 951 vestram,
2564 885 2619 939 in
2659 882 3016 953 hostiumque
3049 881 3348 953 perniciem
3379 891 3570 951 poten-

1980 979 2057 1033 tia
2090 980 2206 1034 sola
2234 979 2400 1045 valet,
2433 978 2530 1033 sed
2561 978 2864 1034 secundum
2898 974 2991 1030 Dei
3023 974 3438 1045 benignitatem,
3466 972 3569 1026 im-

1981 1072 2257 1143 peratoria
2303 1087 2368 1126 ac
2410 1072 2646 1142 diligens
2680 1084 2865 1124 rerum
2915 1067 3345 1132 administratio,
3382 1065 3571 1136 preci.

1983 1176 2190 1231 pua-ac
2220 1177 2435 1217 summe
2467 1160 2779 1216 necessaria
2808 1167 2914 1216 est.

2053 1252 2145 1308 28.
2200 1251 2569 1323 Temporibus
2629 1266 2694 1305 ac
2718 1250 2857 1305 locis
2917 1249 3112 1304 idonee
3174 1246 3573 1316 commodeque

1987 1346 2189 1403 utaris.
2238 1344 2295 1399 Si
2335 1345 2540 1401 bellum
2579 1342 2862 1414 publicum
2898 1340 3144 1396 futurum
3172 1338 3521 1411 perspexeris
3552 1380 3570 1407 ,

1983 1439 2168 1495 omnia
2199 1439 2321 1493 loca
2353 1436 2742 1508 perlustrabis,
2776 1434 2924 1488 nuda
2972 1442 3141 1504 atque
3168 1434 3419 1504 exposita
3451 1433 3571 1486 loca

1983 1529 2220 1588 hastatis
2251 1529 2366 1586 tuis
2397 1530 2587 1600 eliges.
2622 1528 2811 1598 Neque
2840 1527 3018 1581 solum
3052 1527 3258 1581 dextrae
3304 1526 3574 1580 sinistrae.

1981 1642 2090 1697 que
2114 1625 2308 1695 positae
2329 1632 2519 1695 partes
2548 1621 2961 1693 perscrutanda:
2990 1630 3117 1675 sunt
3147 1621 3293 1675 omni
3326 1635 3389 1674 ex
3419 1626 3575 1691 parte

1985 1714 2120 1770 aciei
2153 1728 2332 1785 usque
2365 1714 2431 1769 ad
2466 1714 2597 1769 belli
2628 1712 2812 1780 linem,
2846 1713 2942 1767 sed
2968 1719 3023 1767 et
3062 1711 3293 1766 ﬁnitima
3326 1713 3445 1767 loca
3473 1727 3573 1767 ex-

289 1813 400 1866 διπὸ
420 1810 514 1864 δύο
550 1811 646 1863 καὶ
667 1809 835 1880 τριῶν
887 1803 1114 1877 ἡμερῶν
1153 1803 1253 1872 τῆς
1312 1798 1676 1870 παρατάξεως
1710 1797 1874 1869 μέχρι

1990 1807 2247 1877 plor’auda
2296 1814 2429 1863 sunt
2457 1844 2474 1873 ,
2516 1822 2585 1862 ne
2619 1807 2808 1874 fossae,
2843 1806 2927 1861 vel
2962 1805 3248 1863 naturales
3280 1807 3364 1861 vel
3399 1805 3575 1860 artiﬁ-

288 1904 386 1957 τοῦ
417 1904 651 1973 πέρατος
673 1899 769 1953 τοῦ
797 1899 1059 1969 πολέμου,
1093 1895 1232 1950 ἀλλά
1270 1895 1367 1947 καὶ
1392 1892 1517 1955 τοὺς
1551 1889 1877 1963 περικειμέο

282 2014 416 2060 νους
442 1998 644 2058 τόπους
677 1992 958 2064 ψηλαφᾷν,
983 1990 1197 2059 μήποτε
1233 1985 1428 2039 λάκκοι
1467 1982 1627 2047 είσὶν,
1656 1981 1691 2051 ἢ
1718 1980 1880 2033 αὐτο-

293 2091 467 2159 φυεῖς,
491 2088 525 2159 ἢ
553 2083 954 2157 ὀρωρυγμένοι,
983 2082 1016 2151 ἢ
1043 2079 1192 2142 δόλος
1235 2094 1320 2141 τις
1350 2074 1511 2138 ἄλλος
1565 2073 1876 2145 πρόκειται.

362 2178 466 2234 κθ’.
495 2181 654 2233 Κατὰ
686 2178 742 2230 δὲ
771 2177 870 2246 τὴν
890 2174 988 2228 τοῦ
1026 2171 1265 2241 πολέμου
1299 2168 1534 2240 ἡμέραν,
1564 2166 1640 2230 ὡς
1660 2166 1774 2220 ἀνω
1802 2163 1879 2217 si-

293 2286 487 2341 πομεν,
510 2269 619 2322 τῶν
667 2266 869 2338 βιγλῶν
930 2261 1417 2337 προεξερχομένων
1468 2259 1586 2329 ἃμα
1618 2256 1766 2329 πρωῒ
1796 2257 1879 2319 είς

292 2362 538 2429 τέσσαρα
576 2360 719 2431 μέρη
766 2357 862 2411 τοῦ
897 2356 1065 2408 τόπου
1105 2354 1233 2406 ἔνθα
1281 2353 1315 2421 ή
1368 2349 1614 2421 συμϐολὴ
1669 2349 1877 2417 γίνεται

290 2449 402 2503 ἀπὸ
434 2450 527 2501 δύο
556 2449 650 2502 καὶ
698 2446 866 2518 τριῶν
908 2444 1101 2515 μιλίων
1153 2446 1211 2496 ἐν
1234 2440 1450 2503 διπλαῖς
1484 2440 1697 2509 βίγλαις
1736 2454 1878 2507 παρ·

292 2542 577 2611 ἀγγέλλειν
629 2540 833 2603 αὐτοὺς
862 2541 937 2610 μὴ
977 2539 1139 2608 μόνον
1183 2535 1322 2607 πρὸς
1377 2534 1478 2604 τὴν
1509 2532 1618 2585 τῶν
1661 2529 1876 2600 ἐχθρῶν

296 2634 508 2703 κίνησιν
528 2633 864 2686 ἀποϐλέπειν
892 2631 985 2683 καὶ
1013 2628 1260 2700 μηνύειν,
1294 2626 1431 2680 ἀλλά
1464 2625 1558 2677 καὶ
1584 2622 1719 2693 πρὸς
1750 2622 1878 2685 τοὺς

296 2726 547 2789 θέλοντας
573 2724 913 2796 προσρυῆναι
935 2723 1037 2793 (5),
1060 2722 1137 2784 ὼς
1159 2720 1326 2784 εἰκὸς,
1352 2721 1464 2780 τοῖς
1491 2715 1704 2787 ἐχθροῖς
1742 2715 1879 2767 ἀπο⁴

297 2820 518 2870 σκοπεῖν
544 2817 637 2871 καὶ
662 2817 907 2885 συνέχειν
934 2813 1155 2876 αὐτούς.
1189 2810 1470 2865 Ἐντεῦθεν
1491 2809 1599 2879 γάρ
1634 2807 1727 2860 κοιλ⁸
1755 2807 1881 2864 τοὺς

297 2908 707 2979 ἀποφεύγοντας
734 2910 798 2961 ἐκ
828 2906 919 2960 τοῦ
959 2903 1192 2976 στρατοῦ
1231 2903 1430 2974 ῥᾳδίως
1460 2901 1751 2962 κωλύουσι,
1784 2901 1880 2953 καλ⁸

297 3003 425 3064 τοὺς
469 3004 533 3054 ἐκ
584 3000 695 3053 τῶν
729 2998 941 3070 ἐχθρῶν
992 2995 1350 3067 βουλομένους
1394 2992 1754 3062 προσρυῆναι,
1786 2991 1882 3042 καὶ

300 3091 747 3163 ἐπιφερομένους,
778 3088 854 3152 ὡς
896 3087 1063 3150 εἰκὸς,
1098 3086 1198 3158 ἤδη
1231 3082 1384 3146 τινὰς
1422 3081 1559 3152 μετὰ
1584 3077 1883 3147 ἀσφαλείας

1985 1901 2151 1957 ciosa:
2179 1900 2315 1967 sint,
2346 1900 2432 1956 vel
2459 1900 2620 1957 dolus
2651 1899 2852 1971 aliquis
2891 1898 3078 1954 lateat.

2055 2184 2147 2240 29.
2191 2184 2315 2255 ipso
2348 2182 2479 2239 belli
2508 2183 2631 2249 die,
2666 2179 3128 2252 quemadmodum
3175 2178 3533 2250 praediximus
3555 2216 3576 2245 ,

1986 2277 2238 2333 excubiis
2271 2277 2438 2332 simul
2471 2291 2596 2331 cum
2641 2276 2816 2346 prima
2866 2274 2991 2329 luce
3036 2272 3090 2327 in
3121 2281 3358 2342 quatuor
3389 2280 3578 2340 partes

1987 2370 2136 2426 illius
2163 2370 2269 2425 loci
2301 2370 2393 2424 ubi
2421 2366 2759 2423 conflictatio
2790 2366 2974 2421 futura
3000 2372 3085 2420 est
3105 2364 3318 2430 divisis,
3348 2371 3443 2418 aut
3466 2362 3578 2417 duo

1988 2471 2083 2517 aut
2114 2462 2219 2517 tria
2259 2462 2624 2517 circumcirca
2680 2459 2953 2522 milliaria,
3004 2457 3315 2528 praecipies,
3357 2463 3418 2510 ut
3465 2470 3576 2515 non

1988 2552 2150 2606 modo
2187 2560 2372 2605 motus
2407 2549 2648 2603 hostium
2685 2549 2979 2604 advertant
3029 2555 3086 2600 et
3116 2546 3451 2615 signiﬁcent,
3481 2543 3578 2599 sed

1986 2645 2152 2700 etiam
2198 2660 2293 2700 eos
2334 2644 2431 2713 qui
2483 2643 2552 2697 ab
2613 2641 2869 2696 hostibus
2920 2641 3160 2697 deiicere
3206 2639 3401 2694 volunt
3454 2653 3579 2706 per-

1988 2738 2250 2802 lustrent,
2287 2744 2341 2790 et
2372 2735 2514 2804 apud
2544 2749 2603 2789 sc
2634 2734 2935 2788 detineant.
2970 2731 3084 2787 lloc
3116 2733 3278 2786 modo
3310 2731 3454 2786 enim
3486 2744 3582 2785 eos

1986 2827 2079 2897 qui
2106 2826 2174 2880 ab
2196 2826 2439 2881 exercitu
2471 2832 2663 2879 nostro
2695 2822 2987 2893 aufugiunt
3007 2822 3166 2878 facile
3188 2820 3578 2890 prohibt-bunt.

1988 2927 2042 2973 et
2071 2932 2167 2972 eos
2198 2916 2290 2986 qui
2333 2916 2400 2969 ab
2445 2915 2687 2970 inimicis
2715 2915 2903 2968 volunt
2927 2915 2991 2968 ad
3025 2931 3126 2970 nos
3166 2914 3418 2977 deiicere,
3455 2928 3580 2967 eum

1989 3007 2139 3061 omni
2172 3007 2552 3060 incolumitate
2583 3007 2651 3059 ab
2687 3006 2922 3058 aliorum
2956 3006 3292 3059 contumelia
3330 3005 3579 3074 integros

1990 3097 2432 3157 conservahunt,
2471 3110 2538 3148 ne
2568 3110 2600 3148 a
2647 3093 2982 3163 quibusdam
3034 3094 3194 3147 malis
3224 3093 3359 3147 viris
3387 3095 3581 3163 exagi-

302 3184 675 3253 ὑποδέχονται,
712 3183 793 3244 εἰς
826 3180 886 3233 τὸ
938 3179 1012 3250 μὴ
1058 3174 1467 3246 ἐπηρεάζεσθαι
1499 3172 1697 3233 αὐτοὺς
1732 3168 1884 3238 παρά

1990 3196 2171 3242 tentur
2202 3208 2214 3243 :
2249 3187 2394 3258 quod
2426 3189 2525 3242 abs
2550 3197 2603 3243 te
2634 3202 2760 3258 erga
2790 3202 2885 3242 eos
2908 3228 2922 3252 ,
2959 3187 3053 3257 qui
3097 3187 3162 3241 ad
3198 3198 3419 3241 nostras
3457 3204 3582 3256 pur-

300 3292 460 3328 τινων
487 3273 675 3328 κακῶν
700 3270 1023 3342 ἀνθρώπων,
1055 3271 1195 3338 ὅπερ
1223 3269 1317 3321 καὶ
1345 3266 1432 3320 ἀεί
1456 3283 1515 3318 σε
1547 3264 1652 3336 χρὴ
1699 3279 1885 3333 παραι-

301 3366 590 3437 φυλάττειν
616 3366 696 3429 είς
732 3364 859 3426 τοὺς
879 3361 1331 3433 προσφεύγοντας
1364 3356 1502 3427 μετά
1545 3373 1705 3409 τινων
1747 3369 1887 3422 πρα-

301 3455 526 3527 γμάτων
541 3457 607 3525 τῇ
623 3453 870 3524 ἡμετέρᾳ
883 3450 1130 3519 πολιτείᾳ
1146 3448 1217 3510 ὡς
1244 3449 1539 3513 ἀναγκαῖον
1554 3444 1887 3497 καὶδίκαιον.

368 3545 431 3601 λ’.
460 3547 524 3599 Ei
562 3545 620 3598 δὲ
660 3545 801 3597 κατὰ
836 3542 904 3595 τὰ
950 3540 1262 3610 ἔμπροσθεν
1318 3537 1462 3606 μέρη
1496 3534 1593 3603 τῆς
1629 3532 1878 3602 παρατά-

303 3636 438 3704 ξεως
462 3636 803 3709 βιγλεόοντες
828 3633 955 3703 ἄχρι
1005 3632 1123 3693 ἐνὸς
1184 3626 1570 3697 σαγιττοόὀλου
1630 3624 1729 3691 τῆς
1778 3620 1886 3673 τῶν

303 3730 516 3801 ἐχθρῶν
532 3727 913 3799 παρατάξεως,
938 3722 1249 3795 ἔμπροσθεν
1272 3723 1372 3791 τῆς
1396 3719 1532 3780 ἰδίας
1563 3734 1627 3769 πε
1638 3712 1885 3787 ριπατεί-

301 3839 483 3875 τωσαν
509 3818 1013 3889 καὶόδηγείτωσαν,
1054 3818 1273 3886 μήπως,
1303 3812 1380 3876 ὡς
1409 3811 1651 3882 εἴρηται,
1688 3806 1889 3876 φόσσαι

302 3913 476 3983 ἧγουν
502 3908 789 3981 ὀρύγματά
816 3910 977 3972 εἰσιν,
1009 3907 1042 3978 ἢ
1074 3906 1260 3977 ἕτερος
1287 3904 1437 3966 δόλος
1467 3899 1889 3974 [με]μελέτηται

304 4004 458 4073 παρά
484 4004 594 4058 τῶν
632 4002 843 4074 ἐχθρῶν
880 4017 895 4032 ·
929 4000 1026 4054 καὶ
1060 3997 1408 4053 ἀναστέλλειν
1461 3995 1590 4058 τοὺς
1620 3992 1783 4055 ίδίους
1812 3991 1892 4054 είς

306 4094 367 4147 τὸ
398 4094 474 4166 μὴ
502 4094 781 4164 ἀδοκήτως
814 4090 1171 4162 περιπίπτειν
1196 4128 1209 4142 .

318 4210 325 4213 -
376 4184 481 4240 λα’.
521 4185 610 4240 Ἐν
654 4186 765 4257 γὰρ
812 4187 925 4249 τοῖς
952 4182 1274 4251 ἀναγκαίοις
1314 4181 1503 4243 τόποις
1531 4178 1626 4232 καὶ
1680 4174 1893 4244 καιροῖς

311 4278 387 4349 μὴ
415 4276 596 4349 μόνον,
627 4278 704 4343 ὡς
745 4277 984 4348 εἴρηται,
1017 4276 1196 4338 ἁπλᾶς
1221 4273 1410 4344 βίγλας
1468 4268 1612 4325 κατὰ
1637 4266 1749 4321 τῶν
1795 4264 1894 4317 αὑ-

304 4372 413 4426 τῶν
442 4372 626 4426 τόπων
651 4370 944 4436 ποιεῖσθαι,
978 4369 1223 4423 ἀλλὰκαὶ
1252 4366 1466 4430 διπλᾶς·
1496 4364 1585 4416 ἵνα
1603 4363 1703 4430 τῆς
1743 4358 1890 4429 μιᾶς,

305 4464 566 4531 ὼςείκὸς,
601 4462 1007 4533 λανθανομένης
1037 4459 1136 4531 τὴν
1173 4460 1367 4529 ἑτέραν
1406 4455 1483 4527 μὴ
1521 4453 1771 4523 διαλάθῃ.

378 4555 478 4628 λβ⁹.
509 4526 619 4612 ιιάι
670 4556 769 4609 ἐὰν
817 4526 1034 4623 ἐτοιμός
1065 4526 1214 4604 ἐστιν
1326 4548 1497 4612 τάξις,
1522 4547 1616 4599 καὶ
1658 4547 1685 4599 ὀ
1728 4548 1891 4611 τόπος
1918 4526 1972 4585 Ῑ)

304 4645 633 4715 ἐπιτήδειος,
672 4643 747 4715 μὴ
775 4642 1064 4713 ἀναμένειν
1088 4640 1215 4701 τοὺς
1260 4636 1487 4706 ἐχθροὺς
1534 4637 1593 4689 ἐν
1634 4638 1701 4708 τῇ
1755 4653 1895 4708 συμ-

264 4732 270 4738 ’
309 4734 461 4806 ϐολῇ,
498 4736 585 4790 ἵνα
616 4736 692 4806 μὴ
720 4734 1047 4799 κανονίζωσι
1070 4731 1165 4787 καλ⁸
1206 4727 1538 4801 μεθοδεύωσι
1584 4728 1686 4800 τὴν
1714 4729 1890 4795 τάξιν,

306 4824 446 4897 ἀλλά
473 4825 735 4895 ἀσφαλῶς
774 4828 954 4899 ὀρμᾷν
994 4825 1091 4880 καὶ
1129 4820 1466 4877 ἐπιτίθεσθαι
1494 4823 1609 4884 τοῖς
1655 4822 1891 4894 ἐχθροῖς.

376 4915 481 4986 λγ’.
522 4918 649 4971 Ἐὰν
676 4917 733 4970 δὲ
763 4917 1060 4988 ὑπέρθεσιν
1081 4913 1293 4986 ἔχῃ,ὡς
1325 4912 1496 4976 είκός,
1518 4913 1590 4967 τά
1618 4913 1723 4983 τῆς
1755 4930 1897 4984 συμ-

309 5009 475 5079 ϐολῆς
507 5009 597 5065 διά
621 5025 773 5072 τινας
795 5008 1049 5075 εὐλόγους
1069 5006 1272 5071 αἰτίας,
1292 5004 1595 5073 ἀναγκαῖόν
1619 5005 1769 5058 ἐστιν
1796 5005 1896 5073 τὴν

306 5101 571 5173 δευτέραν
600 5100 837 5173 μάλιστα
858 5099 1011 5166 τάξιν
1041 5099 1101 5152 ἐν
1126 5099 1252 5159 ταῖς
1284 5096 1705 5167 εὑρισκομέναις
1739 5094 1896 5157 ὕλαις

305 5194 342 5265 ἢ
393 5195 508 5258 τοῖς
566 5193 899 5264 κοιλοτέροις
945 5190 1134 5254 τόποις
1189 5188 1415 5243 ὀπισθεν
1464 5187 1731 5258 κρύπτειν
1756 5203 1774 5219 ·
1806 5188 1895 5242 ἵνα

313 5286 393 5360 μὴ
424 5287 531 5359 πρὸ
560 5285 757 5341 πολλοῦ
796 5287 910 5349 τοῖς
943 5283 1157 5354 ἐχθροῖς
1202 5280 1447 5352 ἀκαίρως
1480 5279 1894 5351 προφαινομένη

308 5378 451 5453 αὐτὴ
488 5378 865 5451 μεθοδεύηται.
909 5376 1005 5430 καὶ
1034 5372 1455 5443 ἐπιϐουλεύηται
1507 5370 1613 5423 ὑπὸ
1645 5371 1895 5440 ἐγκρυμ-

310 5472 522 5543 μάτων,
543 5473 575 5543 ἦ
593 5472 691 5527 καὶ
715 5470 819 5524 ὑπὸ
841 5469 1017 5525 ἄλλων
1043 5468 1412 5538 ἐγχειρήσεων
1432 5461 1887 5533 κατασοφίξηται.

380 5563 475 5621 λό’.
520 5565 673 5619 Ἐπεὶ
697 5563 757 5617 δέ
781 5562 910 5634 περὶ⁸
943 5559 1145 5632 βιγλῶν
1178 5555 1695 5629 ἐμνημονεύσαμεν,
1721 5554 1803 5607 δεῖ
1833 5571 1894 5608 σε

1992 3288 2072 3333 tes
2104 3277 2447 3349 profugiunt,
2482 3278 2645 3349 quasi
2676 3276 2890 3347 justum
2927 3286 2982 3332 et
3025 3277 3407 3332 necessarium
3441 3291 3581 3331 con-

1991 3381 2265 3428 servetur.

2062 3550 2151 3604 30.
2194 3549 2327 3615 Quae
2375 3549 2431 3602 in
2478 3547 2758 3604 anteriore
2800 3557 2957 3618 parte
3009 3547 3290 3603 exercitus
3334 3546 3584 3603 excubiae

1994 3650 2144 3705 sunt,
2173 3653 2300 3695 ante
2331 3655 2486 3695 suam
2520 3649 2757 3710 partem,
2781 3641 3092 3710 usquedum
3130 3640 3274 3693 intra
3305 3640 3469 3694 unius
3495 3655 3586 3694 sae

1993 3735 2142 3805 gittae
2191 3733 2404 3802 jactum
2463 3733 2717 3787 venerint
2763 3732 2900 3788 aciei
2955 3732 3219 3799 hostium,
3260 3733 3582 3788 ambulent.

1992 3840 2226 3895 eamque
2253 3825 2495 3890 ducant,
2526 3840 2596 3879 ne
2630 3823 2794 3880 fossae
2839 3826 2963 3880 ullae
3003 3840 3067 3880 ac
3092 3826 3249 3881 lacus
3286 3824 3455 3890 ﬂant,
3489 3834 3585 3881 aut

1993 3917 2151 3973 dolos
2179 3918 2327 3974 ullus
2358 3929 2648 3988 susceptus
2680 3918 2775 3983 sit,
2802 3933 3046 3989 suosque
3078 3927 3190 3972 tum
3226 3904 3579 3987 admoneant,

1996 4028 2064 4068 ne
2099 4012 2166 4068 de
2198 4011 2501 4084 improviso
2535 4012 2590 4066 in
2617 4012 2839 4084 aliquod
2873 4011 3078 4067 malum
3107 4011 3349 4068 veniant.

2067 4195 2157 4249 5i.
2194 4192 2538 4250 Necessariis
2584 4193 2719 4248 locis
2771 4206 2835 4246 ac
2880 4191 3227 4262 temporibus
3271 4207 3377 4246 non
3424 4190 3585 4246 modo

1997 4286 2298 4356 simplices,
2353 4300 2545 4341 verum
2607 4285 2773 4339 etiam
2824 4282 3077 4352 duplices
3132 4284 3333 4352 vigiliae
3376 4283 3586 4337 eonsti-
3690 4298 3695 4305 λ

1999 4378 2214 4433 tuenda:
2248 4386 2401 4441 sunt,
2438 4387 2496 4432 ut
2525 4376 2573 4431 si
2607 4375 2743 4449 quid
2777 4374 3011 4430 alteram
3052 4376 3239 4442 lateat,
3268 4374 3460 4431 ambas
3503 4375 3579 4430 la-

1998 4478 2115 4525 tere
2149 4484 2258 4524 non
2298 4472 2495 4538 possit.

2073 4565 2161 4619 5i.
2210 4562 2266 4617 Si
2310 4564 2584 4618 instructa
2614 4561 2795 4627 acies,
2830 4561 2878 4618 si
2925 4562 3084 4617 locus
3114 4560 3347 4615 idoneus
3380 4559 3544 4614 fuerit
3566 4600 3582 4623 ,

2001 4671 2071 4713 ne
2096 4662 2421 4727 exepcctent
2452 4655 2583 4710 dum
2611 4656 2802 4712 hostes
2830 4670 2926 4711 eos
2951 4653 3237 4716 invadant,
3274 4660 3335 4709 ut
3366 4667 3435 4707 ne
3465 4666 3583 4705 ma-

2003 4750 2115 4803 lum
2152 4746 2375 4818 aliquod
2400 4762 2464 4802 ac
2492 4746 2680 4802 dolum
2721 4747 3132 4813 machinentttr,
3168 4744 3264 4801 sed
3293 4744 3585 4802 confestim

1996 4838 2058 4893 in
2097 4851 2195 4893 eos
2222 4837 2372 4892 omni
2403 4837 2610 4909 impetu
2636 4848 2702 4894 ac
2736 4837 3057 4894 incursione
3086 4837 3355 4893 ruentium
3386 4845 3494 4893 est.

2063 4932 2155 4987 33.
2198 4929 2254 4985 Si
2280 4930 2475 4986 dilatio
2497 4930 2681 5002 aliqua
2716 4929 3150 4987 conﬂictationis
3175 4929 3469 4993 habeatur,
3496 4941 3593 4985 se;

1992 5023 2175 5079 cunda
2218 5024 2371 5079 acies
2420 5022 2475 5077 iu
2515 5023 2653 5080 locis
2688 5023 2989 5079 condensis
3038 5022 3374 5093 silvosisque
3424 5030 3589 5094 atque

1994 5114 2376 5187 asperioribus
2407 5115 2741 5172 occultanda
2769 5123 2877 5182 est,
2911 5123 2971 5169 ut
3013 5131 3083 5169 ne
3113 5113 3161 5169 si
3198 5113 3387 5169 hostes
3426 5114 3589 5185 longo

1995 5216 2125 5265 ante
2154 5216 2400 5279 tempore
2421 5224 2541 5265 eam
2564 5208 3076 5273 animadverterint,
3103 5207 3323 5264 insidiis
3349 5208 3585 5279 aliisque

2003 5301 2384 5359 molitionibus
2415 5299 2607 5358 multis
2641 5307 2898 5373 appetant
2931 5309 3095 5372 atque
3128 5299 3412 5357 invadam.

2076 5548 2167 5606 '54.
2214 5545 2487 5615 Quoniam
2525 5548 2597 5604 de
2642 5544 2899 5603 excubiis
2940 5545 3276 5602 mentionem
3329 5542 3583 5610 fecimus,

1862 5644 2099 5704 NOT/E.
3166 5672 3171 5673 ν

376 5746 459 5821 (4)
488 5750 928 5822 Κονταράτους.
951 5747 1333 5813 Scribebatur,
1356 5742 1674 5815 κοντάρους.

2090 5737 2169 5809 (5)
2204 5733 2604 5805 Hpbtrpm'irat.
2640 5736 3017 5802 Scribebatur,
3058 5735 3196 5806 πρὸς
3232 5733 3452 5807 ῥυῆναι.
