4074 6222
479 288 590 354 803

1745 277 2022 341 LEONIS
2055 275 2519 340 PHILOSOPHI

3633 274 3760 344 86L

479 398 674 465 fossis,
710 403 765 452 et
788 395 929 467 palis
955 390 1283 464 suscipitur,
1313 388 1360 444 si
1392 388 1520 460 quis
1560 388 1771 444 ferreos
1799 389 2059 455 tribulos,

2175 387 2262 442 καὶ
2298 389 2432 442 ἄνευ
2475 384 2815 458 ὀρύγματος,
2863 386 2896 457 ἢ
2951 384 3162 449 πάλων,
3195 361 3292 438 ἐάν
3333 397 3420 450 τις
3460 389 3762 459 τριϐόλους

482 494 538 549 id
559 501 670 556 est,
695 490 933 546 murices
961 487 1029 541 ad
1061 498 1275 556 tempus
1301 484 1538 539 vinculis
1574 483 1909 538 constrictos
1937 497 2064 552 pro-

479 587 658 658 jiciat,
682 585 776 656 qui
803 589 925 652 post
944 594 1103 634 usum
1128 578 1405 647 expletum
1429 574 1678 629 contrahi
1698 574 1751 627 in
1781 588 1841 630 se
1868 574 2062 628 iterum

485 677 740 748 possint,
774 672 841 726 ad
888 668 1234 724 latitudinem
1267 666 1404 720 aciei
1441 664 1763 731 instructae;
1794 663 1848 718 in
1881 662 2062 718 medio

483 777 720 838 quatuor
774 769 869 815 aut
919 758 1167 829 quinque
1206 756 1472 812 transitus
1502 756 1798 826 relinquito
1843 763 2061 810 centum

483 859 681 927 pedum
714 851 1027 917 latitudine,
1061 849 1154 919 qui
1189 846 1457 902 exercitui
1491 846 1760 902 bellaturo
1781 846 1897 902 noti
1931 845 2061 910 sint,

483 947 650 1003 ramis
679 944 914 1014 magnis,
943 950 1037 995 aut
1067 943 1350 998 hastarum
1380 940 1702 1010 cuspidibus
1733 937 2065 1010 peregrinis,

481 1050 576 1094 aut
609 1049 768 1093 terra:
799 1036 1092 1107 aggeribus
1119 1034 1188 1088 ad
1229 1032 1452 1088 modum
1482 1032 1723 1096 tumuli,
1760 1038 1856 1085 aut
1881 1028 2067 1085 acervi

482 1131 726 1198 lapidum
753 1127 1076 1190 cumulatis,
1109 1136 1201 1178 aut
1225 1125 1349 1180 aliis
1376 1124 1727 1179 evidentibus
1756 1123 1932 1193 signis
1955 1137 2065 1178 non

482 1227 550 1278 ad
584 1224 828 1287 initium,
855 1222 972 1277 sive
999 1221 1235 1274 frontem
1267 1217 1626 1288 longitudinis
1662 1218 1858 1273 horum
1892 1215 2070 1270 tribu-

484 1319 661 1372 lorum
699 1315 914 1384 positis,
941 1313 1035 1368 sed
1069 1313 1138 1366 ad
1179 1311 1387 1365 exitum
1421 1308 1727 1362 altitudinis
1755 1307 1822 1360 ad
1852 1316 2066 1360 utram-

2171 482 2398 551 σιδηρᾶς
2441 480 2780 550 ἀσυμφανῶς
2812 478 2946 552 ῥίψῃ
2991 478 3131 549 πρὸς
3160 477 3312 549 ὤραν
3343 481 3402 533 ἐν
3444 483 3765 553 σφηκὼμα-

2171 591 2256 626 σιν
2290 576 2368 644 (7)
2415 573 2821 641 ἁποδεδεμένας
2858 573 2937 636 είς
2975 573 3038 625 τὸ
3076 572 3314 642 ἑτοίμως
3363 575 3766 631 συστέλλεσθαι

2173 668 2313 740 μετά
2336 669 2436 738 τὴν
2452 669 2663 739 χρείαν,
2698 668 2977 722 τουτέστιν
3006 668 3102 722 ἐπὶ
3125 667 3326 732 πλάτος
3353 669 3452 739 μὲν
3477 677 3520 740 ρ’
3549 671 3762 737 ποδῶν,

2170 761 2266 812 καὶ
2291 759 2431 830 πρὸς
2457 759 2632 830 μῆκος
2653 759 2712 812 δέ
2737 759 2876 830 πρὸς
2899 760 2961 812 τὸ
2989 761 3090 830 τῆς
3131 760 3496 830 παρατάξεως
3529 760 3769 831 διάστη-

2174 867 2289 921 μα·
2333 852 2390 904 ἐν
2418 851 2496 921 τῷ
2555 849 2706 920 μέσῳ
2758 851 2816 904 δέ
2868 851 3142 922 τέσσαρας
3186 851 3219 922 ἦ
3262 852 3426 904 πέντε
3481 854 3767 924 παρόδους

2173 942 2473 1014 καταλείπῃ
2510 943 2618 996 ἀπὸ
2644 943 2974 1013 τριακοσίων
2999 943 3179 996 ποδῶν
3224 943 3427 1006 πλάτος
3472 945 3766 1015 ἐγνωσμέ-

2171 1049 2268 1096 νας
2311 1033 2389 1102 τῷ
2423 1031 2789 1102 συμϐάλλοντι
2845 1032 3082 1104 στρατῷ,
3139 1031 3237 1087 καὶ
3295 1037 3765 1104 σεσημειωμένας

2173 1122 2285 1176 ἀπὸ
2334 1121 2546 1176 κλάδων
2588 1121 2862 1190 μεγάλων,
2893 1121 2927 1191 ἢ
2973 1123 3278 1191 κονταρίων
3321 1123 3564 1192 κεφαλὰς
3609 1124 3770 1188 ξενο-

2173 1213 2406 1280 πρεπεῖς
2451 1211 2705 1280 ἐχόντων,
2751 1210 2785 1280 ἢ
2818 1210 2921 1280 γῆς
2967 1210 3248 1265 ἀναϐολῶν
3288 1210 3365 1275 ὡς
3413 1213 3685 1282 τυμῦίων,
3727 1214 3764 1282 ἢ

2173 1301 2338 1356 λίθων
2384 1302 2815 1373 ἀποτιθεμένων,
2845 1302 2878 1372 ἢ
2913 1302 3102 1373 ἕτερον
3133 1302 3360 1372 εὔδηλον
3390 1307 3636 1373 σημεῖον,
3695 1306 3764 1358 οὐ

494 1422 603 1476 que
625 1421 778 1459 oram
810 1405 1079 1458 transitus
1111 1401 1306 1455 notati.
1336 1398 1754 1454 Conflictatione
1773 1397 1886 1466 jam
1914 1397 2067 1451 iuceo

2178 1394 2341 1463 μόνον
2369 1395 2491 1447 κατ’
2518 1394 2691 1455 αὐτάς
2718 1393 2820 1455 τὰς
2848 1393 3047 1462 ἀρχὰς,
3079 1395 3199 1464 ἦτοι
3221 1395 3332 1446 τῶν
3368 1393 3636 1464 μετώπων
3659 1395 3765 1449 τοῦ

482 1509 576 1569 pta
603 1499 789 1567 fugam
824 1497 1088 1551 simulent
1111 1531 1126 1557 ,
1159 1502 1214 1548 et
1253 1493 1345 1546 ubi
1379 1491 1493 1546 haec
1538 1497 1669 1544 nota
1705 1489 1865 1557 signa
1903 1501 2067 1541 exer-

483 1593 630 1647 citus
661 1589 984 1652 transierit,
1031 1586 1356 1642 auferantur
1396 1599 1458 1639 ea
1488 1622 1505 1646 ,
1552 1591 1647 1635 aut
1676 1579 2010 1650 dejiciantur
2037 1591 2068 1629 a

2177 1574 2414 1637 πλάτους
2450 1573 2581 1643 παρ’
2622 1573 2865 1645 ἑκάτερα
2887 1574 2998 1627 τῶν
3032 1576 3304 1645 παρόδων,
3329 1575 3470 1628 ῶστε
3500 1577 3597 1645 τῆς
3623 1594 3769 1645 συμο

482 1683 654 1738 certis
677 1680 1006 1751 quibusdam
1038 1676 1318 1746 equitibus
1350 1672 1418 1727 ad
1463 1673 1568 1726 hoc
1596 1669 1949 1734 constitutis;
1983 1668 2070 1722 in-

2179 1665 2347 1736 σολῆς
2389 1665 2691 1736 γενομένης
2727 1666 3171 1736 σχηματίσασθαι
3209 1667 3437 1738 τροπὴν,
3483 1669 3581 1720 καὶ
3621 1668 3769 1738 μετὰ

484 1775 640 1829 sidia:
690 1783 803 1826 tum
838 1771 964 1824 hinc
1002 1778 1166 1837 atque
1198 1767 1352 1820 illinc
1393 1771 1628 1832 utroque
1658 1777 1725 1815 ex
1757 1760 1931 1814 latere
1975 1758 2071 1813 ad-

2175 1757 2231 1810 τὸ
2254 1756 2546 1827 παρελθεῖν
2579 1756 2670 1810 διὰ
2695 1757 2804 1810 τῶν
2832 1755 3090 1811 τοιούτων
3115 1758 3482 1828 ἐγνωσμένων
3505 1760 3762 1829 παρόδων

2179 1483 2390 1553 μήκους
2415 1481 2702 1552 τριϐόλων,
2735 1482 2872 1536 ἀλλά
2895 1483 2990 1535 καὶ
3011 1482 3155 1535 κατά
3179 1481 3274 1536 τοῦ
3294 1482 3493 1552 βάθους
3520 1485 3640 1553 ἦτοι
3662 1485 3764 1538 τοῦ
3875 1510 3892 1526 ο

485 1881 682 1921 versus
713 1863 902 1918 hostes
944 1860 1159 1915 irruant
1183 1899 1197 1923 ,
1228 1857 1321 1912 ubi
1364 1856 1477 1925 jam
1515 1856 1571 1907 in
1602 1853 1706 1908 hos
1732 1851 1966 1906 tribulos
1996 1850 2072 1904 ir-

483 1956 732 2020 ruerint,
795 1967 898 2007 nec
937 1961 1250 2006 autrorsum
1301 1950 1396 2000 aut
1440 1951 1743 2000 retrorsum
1771 1939 2072 2012 procedere

486 2056 745 2120 possunt.

2174 1848 2266 1901 τὸν
2309 1848 2542 1920 στρατὸν
2588 1847 2912 1919 ἐπαίρεσθαι
2950 1848 3020 1901 τὰ
3052 1849 3277 1902 τοιαῦτα
3328 1852 3532 1920 σημεῖα
3557 1890 3572 1913 ,
3636 1850 3762 1921 ἢτοι

2177 1940 2654 2012 καταστρέφεσθαι
2683 1940 2838 2012 παρὰ
2874 1941 2980 1995 τῶν
3016 1943 3096 2006 είς
3147 1941 3306 1996 τοῦτο
3349 1942 3767 2013 ἀφοριξομένων

2178 2032 2585 2104 καϐαλλαρίων,
2623 2027 2721 2086 εἷθ’
2753 2031 2928 2095 οὓτως
2975 2031 3074 2102 τὴν
3124 2032 3349 2103 ἐνέδραν
3383 2035 3447 2085 ἐκ
3501 2033 3612 2085 τῶν
3667 2033 3765 2086 δύο

486 2142 732 2210 πλαγίων
781 2134 1175 2207 ὐπεξέρχεσθαι
1229 2132 1380 2188 ἐνθεν
1435 2129 1692 2194 κάκεῖθεν
1745 2126 1889 2182 κατὰ
1939 2125 2051 2180 τῶν
2081 2123 2294 2196 ἐχθρῶν
2329 2126 2778 2196 περιπιπτόντων
2827 2125 2944 2188 τοῖς
2985 2123 3278 2194 τριόόλοις,
3339 2126 3430 2177 καὶ
3500 2125 3562 2177 οὐ
3604 2126 3770 2178 δυνα-

488 2236 664 2306 μένων
695 2230 814 2284 οὐδὲ
843 2229 1032 2298 πρόσω
1055 2225 1178 2278 οὐδὲ
1202 2223 1427 2278 ὄπισθεν
1457 2222 1695 2283 εὐκόλως
1721 2221 1750 2273 ὐ
1761 2221 2056 2290 ποχωρεῖν.

553 2326 642 2380 ιιι.
686 2323 811 2378 llaec
845 2321 962 2376 fieri
995 2320 1116 2376 sine
1142 2318 1364 2373 tribulis
1388 2316 1579 2372 eodem
1620 2313 1786 2370 modo
1815 2318 2066 2382 possunt,

485 2420 532 2474 si
565 2419 691 2489 quis
727 2414 992 2470 rotundas
1026 2411 1292 2482 quasdam
1335 2409 1514 2465 fossas
1551 2409 1700 2461 varie
1745 2406 2065 2475 dispersas,

485 2525 625 2579 quas
671 2506 882 2575 antiqui
935 2502 1308 2573 hippoclastas
1350 2497 1728 2560 nominabant,
1782 2494 1951 2548 ducat
1999 2491 2068 2545 ad

485 2599 728 2669 spatium
767 2595 956 2657 unius,
989 2593 1057 2646 ad
1094 2591 1441 2645 altitudinem
1473 2589 1708 2643 duorum
1762 2593 1859 2640 aut
1897 2584 2066 2638 trium

488 2691 712 2760 pedum,
750 2694 844 2740 aut
877 2691 1071 2738 acutos
1098 2681 1252 2750 palos
1277 2679 1476 2748 deligat
1505 2680 1561 2732 in
1589 2678 1732 2742 illis;
1760 2677 1858 2730 has
1887 2675 2068 2729 diver-

481 2795 604 2843 sas,
637 2784 696 2833 et.
734 2778 1005 2831 distantes
1034 2789 1063 2825 a
1093 2788 1152 2827 se
1185 2771 1347 2824 trium
1392 2770 1589 2839 pedum
1635 2769 1786 2823 omni
1823 2783 1888 2823 ex
1922 2773 2075 2836 parte

490 2873 802 2934 intervallo,
831 2871 1006 2925 fodies
1039 2868 1106 2922 ad
1141 2866 1379 2921 universi
1409 2865 1571 2934 Spatii
1607 2864 1953 2918 latitudinem
1979 2878 2074 2932 pe-

490 2971 619 3024 dum
652 2975 871 3022 centum
903 2961 1324 3034 quinquaginta,
1351 2957 1420 3012 ad
1465 2956 1864 3028 longitudinem
1909 2956 2077 3010 totius

490 3060 632 3115 aciei
667 3056 962 3113 intervalli.
1003 3055 1118 3110 Hoc
1153 3051 1409 3106 confecto
1441 3048 1665 3119 quando
1691 3047 1759 3102 ad
1789 3047 2076 3102 conflicta-

2249 2312 2368 2369 rrg'.
2412 2303 2477 2358 Τί
2510 2303 2756 2373 γίνεσθαι
2791 2304 2848 2357 δέ
2885 2303 3107 2357 δύναται
3135 2303 3230 2356 καὶ
3258 2302 3400 2357 κατά
3437 2302 3530 2355 τὸν
3574 2303 3763 2372 ὅμοιον

2173 2398 2376 2466 τρόπον
2408 2395 2504 2449 καὶ
2537 2394 2667 2448 ἄνευ
2709 2395 2996 2465 τριϐόλων,
3026 2395 3122 2449 ἐάν
3148 2411 3232 2457 τις
3265 2394 3575 2463 στρογγύλα
3630 2395 3762 2462 ὀρύ-

2173 2505 2382 2558 γματα,
2411 2487 2446 2540 ἂ
2476 2487 2664 2555 ἔλεγον
2691 2489 2738 2540 οἱ
2769 2485 3122 2557 παλαιότεροι
3153 2486 3551 2548 ίπποκλάστας,
3587 2485 3763 2558 ὀρύξῃ

2175 2579 2551 2650 διεσπαρμένα
2599 2577 2708 2631 ἀπὸ
2753 2577 2871 2641 ἐνὸς
2920 2578 3080 2640 ποδὸς
3124 2579 3184 2630 τὸ
3231 2577 3507 2648 διάστημα
3549 2578 3759 2647 ἔχοντα,

2174 2671 2269 2724 καὶ
2310 2671 2476 2739 βάθος
2524 2670 2618 2723 δύο
2661 2670 2694 2738 ἦ
2744 2670 2915 2740 τριῶν
2971 2669 3170 2734 ποδῶν,
3216 2671 3311 2722 καὶ
3361 2671 3566 2733 πάλους
3617 2672 3759 2734 ὀξεῖς

2171 2761 2392 2833 ἐμπήξῃ
2436 2763 2493 2814 ἐν
2541 2762 2744 2824 αὐτοῖς.
2778 2759 2962 2813 Ταῦτα
2994 2761 3050 2814 δὲ
3087 2762 3522 2833 παρηλλαγμένα
3574 2764 3757 2834 ὀρύξει

2173 2854 2267 2906 καὶ
2308 2852 2382 2922 μὴ
2429 2852 2516 2904 ἐπ’
2574 2852 2812 2916 εὐθείας,
2845 2852 2878 2923 ἢ
2914 2853 3022 2906 ἀπὸ
3065 2854 3234 2923 τριῶν
3285 2855 3467 2908 ποδῶν
3513 2856 3758 2925 ἀλλήλων

2173 2945 2316 2998 κατὰ
2354 2945 2423 2997 τὰ
2450 2945 2697 3016 τέσσαρα
2731 2949 2872 3016 μέρη
2906 2947 3320 3017 ἀφεστηκότων,
3353 2948 3444 3000 ἐπὶ
3469 2948 3670 3011 πλάτος
3701 2948 3757 3001 δὲ

2174 3039 2341 3102 πόδας
2381 3045 2478 3109 ρν’,
2517 3039 2692 3109 μῆκος
2715 3040 2772 3092 δέ
2805 3040 2914 3110 πρὸ
2942 3041 3040 3111 τῆς
3069 3042 3430 3111 παρατάξεως
3459 3041 3756 3112 διάστημα.

491 3154 696 3206 tionem
723 3157 945 3204 ventum
971 3155 1074 3214 est,
1096 3161 1195 3216 par
1215 3151 1321 3210 est,
1354 3153 1409 3198 ut
1433 3143 1609 3212 prima
1635 3142 1784 3197 acies
1815 3141 1883 3199 ad
1914 3141 2071 3195 unius

2180 3131 2290 3182 Καὶ
2319 3130 2517 3184 τούτου
2561 3131 2860 3200 γενομένου
2915 3133 2974 3185 ἐν
3002 3135 3068 3203 τῇ
3119 3133 3386 3203 συμϐολῇ,
3419 3135 3545 3186 όταν
3593 3135 3692 3204 μὲν
3725 3135 3759 3205 η

489 3242 744 3298 milliaris
784 3240 1020 3310 spatium
1064 3246 1192 3291 ante
1221 3250 1344 3290 eum
1377 3235 1560 3288 locum
1603 3233 1908 3287 instruatur
1933 3270 1947 3294 ,
1981 3246 2071 3285 se-

491 3335 673 3390 cunda
711 3342 837 3403 post
867 3331 1186 3385 universum
1211 3327 1560 3382 intervallum
1584 3324 1802 3380 duobus
1839 3333 1936 3376 aut
1972 3321 2072 3375 tri-

2179 3222 2372 3294 πρώτη
2405 3224 2557 3289 τάξις
2589 3224 3143 3294 προπαρατάσσηται,
3173 3227 3389 3296 πρέπον
3432 3227 3514 3279 ῖνα
3546 3228 3624 3288 ὡς
3649 3228 3759 3294 πρὸ

2179 3314 2296 3376 ἐνὸς
2331 3314 2506 3384 μιλίου
2540 3314 2632 3367 τοῦ
2663 3315 2910 3368 τοιούτου
2943 3317 3279 3386 σοφίσματος
3303 3318 3489 3388 ἠαύτῇ
3519 3319 3758 3382 ἵσταται,

491 3427 596 3482 hus
627 3425 839 3495 sagittae
885 3421 1127 3492 jactihus
1169 3419 1240 3473 ab
1266 3432 1330 3472 co
1376 3418 1496 3471 loco
1533 3414 1710 3481 absit,
1755 3425 1814 3468 ut
1857 3413 1902 3468 si
1934 3425 2071 3481 opus

2179 3413 2211 3480 ἡ
2247 3411 2304 3462 δέ
2325 3408 2558 3479 δευτέρα
2585 3408 2812 3462 ὄπισθεν
2840 3410 3012 3462 αὐτοῦ
3032 3410 3102 3463 διῖ
3123 3411 3245 3462 ὅλου
3275 3411 3370 3464 τοῦ
3398 3412 3761 3482 διαστήματος

492 3516 682 3581 fuerit,
716 3523 769 3570 et
793 3514 888 3583 qui
915 3527 946 3567 e
981 3511 1157 3582 prima
1181 3507 1298 3562 acie
1327 3506 1380 3560 in
1412 3505 1592 3575 fugam
1626 3501 1767 3556 versi
1807 3507 1956 3563 sunt,
1987 3514 2071 3553 se-

2183 3504 2262 3565 είς
2291 3502 2360 3554 τὰ
2390 3500 2670 3570 λείμματα
2694 3500 2805 3554 τῶν
2835 3502 3164 3571 ὀρυγμάτων
3188 3503 3264 3567 ὼς
3283 3504 3392 3557 ἀπὸ
3412 3505 3510 3557 δύο
3532 3505 3565 3576 ἢ
3596 3506 3760 3575 τριῶν

491 3624 626 3665 cure
650 3623 746 3679 per
763 3621 828 3661 ea
858 3606 976 3659 loca
995 3601 1250 3666 evadant,
1268 3597 1476 3653 eisdem
1508 3593 1810 3649 intervallis
1832 3589 2071 3646 secunda

2183 3589 2583 3658 σαγιττοόόλων
2629 3590 2883 3644 ὄπισθεν·
2921 3591 3009 3644 ἵνα
3049 3593 3144 3646 ἐὰν
3183 3594 3342 3664 χρεία
3389 3594 3636 3665 γένηται,
3670 3596 3761 3648 καὶ

493 3699 642 3754 acies
689 3697 810 3752 sine
845 3692 1153 3748 offensione
1190 3695 1437 3743 transeat
1462 3724 1478 3751 ,
1510 3694 1675 3754 atque
1711 3683 1849 3736 adeo
1886 3681 2071 3736 hostes

2175 3683 2225 3736 οἱ
2252 3683 2580 3753 τρεπόμενοι
2617 3685 2716 3753 τῆς
2743 3685 2968 3755 πρώτης
3010 3685 3101 3738 διὰ
3137 3689 3248 3739 τῶν
3277 3688 3577 3742 ἀκινδύνων
3624 3707 3762 3756 παρ-

493 3791 738 3846 ίηνεάει,
1993 3792 2000 3796 ’
2175 3773 2466 3843 έρχωνται,
2500 3774 2594 3827 καὶ
2637 3773 2738 3845 τὴν
2780 3774 3038 3846 δευτέραν
3070 3777 3246 3842 τάξιν,
3275 3777 3370 3829 ἐὰν
3420 3778 3582 3848 χρεία
3619 3779 3760 3830 ἐστὶν

494 3882 780 3938 ἐπιθέσθαι
810 3882 922 3942 τοῖς
951 3877 1166 3948 ἐχθροῖς
1199 3873 1290 3926 διὰ
1316 3871 1428 3925 τῶν
1453 3867 1632 3922 αὐτῶν
1695 3865 1973 3936 εὐκαίρων
2020 3863 2430 3935 διαλειμμάτων
2471 3865 2746 3936 εὐκαίρων
2775 3866 3156 3938 διερχομένην,
3210 3870 3306 3922 καὶ
3356 3868 3762 3938 ἀνεμποδίστως

494 3980 668 4042 οὕτως
699 3973 1043 4029 ἐπιτίθεσθαι
1071 3972 1182 4033 τοῖς
1212 3966 1447 4038 ἐχθροῖς.

567 4071 659 4124 47.
689 4065 920 4134 Quando
953 4078 1060 4118 non
1094 4070 1220 4114 ante
1250 4057 1501 4112 fraudem
1537 4055 1680 4108 hanc
1720 4056 2071 4122 apparatam,

2255 4047 2360 4119 μζ.
2395 4049 2566 4102 Ὅταν
2599 4048 2657 4101 δὲ
2683 4048 2745 4100 οὐ
2787 4048 2895 4117 πρὸ
2923 4048 3018 4101 τοῦ
3057 4049 3392 4119 σοφίσματος
3438 4051 3469 4120 ἡ
3507 4048 3761 4117 παράτα-

498 4161 593 4217 sed
626 4167 752 4230 post
797 4171 920 4212 eam
955 4154 1105 4209 acies
1136 4150 1428 4206 instruitur
1454 4188 1468 4213 ,
1503 4156 1616 4200 tres
1643 4143 1856 4215 sagittae
1899 4142 2071 4212 jactus

2181 4143 2261 4207 ξις
2284 4141 2511 4210 γένηται
2537 4141 2709 4203 πᾶσα,
2742 4139 2878 4192 ἀλλὰ
2898 4139 3122 4193 ὄπισθεν
3151 4140 3341 4207 αὐτοῦ,
3374 4141 3488 4193 δέον
3520 4139 3626 4193 ἀπὸ
3650 4140 3761 4192 τῶν

497 4255 566 4308 ah
607 4229 674 4308 eo
708 4251 832 4304 loco
861 4247 1007 4302 acies
1048 4245 1352 4300 instruatur
1381 4259 1394 4295 :
1435 4247 1489 4296 et
1531 4235 1748 4308 quando
1780 4234 1967 4288 hostes
1996 4232 2071 4286 vel

2179 4233 2347 4304 τριῶν
2377 4230 2774 4299 σαγιττοὸόλων
2809 4231 3001 4284 τούτου
3047 4231 3273 4284 ὄπισθεν
3320 4233 3420 4301 τὴν
3453 4229 3761 4300 παράταξιν

496 4344 844 4408 transierint,
871 4340 954 4395 vel
984 4340 1041 4393 iu
1076 4338 1197 4392 loco
1232 4333 1443 4389 fraudis
1478 4330 1683 4387 molitm
1712 4326 1940 4391 fuerint,
1984 4339 2071 4378 oc-

2181 4324 2457 4387 ἴστασθαι,
2485 4323 2576 4376 καὶ
2610 4325 2737 4378 ὅταν
2771 4325 2820 4376 οἱ
2859 4323 3044 4394 ἐχθροὶ
3076 4324 3418 4392 παρέλθωσιν
3453 4323 3485 4393 ἢ
3523 4323 3762 4376 καταλά-

495 4445 728 4492 currant
754 4436 864 4490 illis
901 4433 1115 4497 nostri,
1147 4437 1206 4483 ut
1241 4443 1342 4498 pro
1373 4425 1655 4480 celeritate
1684 4419 1808 4489 rqui
1861 4418 2071 4472 illorum

2188 4417 2326 4471 6ωσι
2355 4417 2416 4469 τὸ
2443 4417 2712 4486 σόφισμα,
2740 4415 2861 4468 τότε
2897 4415 3250 4478 ὑπαντιάζειν
3279 4416 3482 4478 αὐτοῖς,
3518 4415 3603 4466 ῖνα
3628 4414 3763 4482 φλά·

500 4528 796 4585 Ιωὰοηιιπ.
835 4526 980 4580 Loca
1025 4529 1207 4577 autem
1237 4520 1396 4574 istius
1427 4515 1637 4572 fraudis
1662 4520 1988 4584 opportuna,
2026 4517 2071 4563 et

2189 4528 2358 4564 σωσιν
2374 4511 2424 4563 οἱ
2450 4511 2608 4563 ἵπποι
2630 4510 2808 4562 αὐτῶν
2828 4509 3160 4578 ἐμπεσόντες
3187 4507 3575 4578 ἀφανισθῆναι.
3602 4507 3762 4559 Ἀλλὰ

495 4625 706 4694 integra
761 4619 826 4674 ad
867 4613 1299 4678 transeundum,
1341 4611 1448 4665 lata
1500 4607 1791 4664 admodum
1840 4602 2071 4673 relinqui

2186 4601 2308 4654 τότε
2343 4601 2404 4653 οὐ
2435 4601 2541 4670 χρὴ
2594 4599 2729 4652 πολὺ
2781 4599 2992 4653 πλατέα
3039 4600 3108 4652 τά
3146 4597 3381 4667 εὐκαιρα
3431 4597 3606 4667 χωρία
3666 4595 3760 4649 τοῦ

495 4677 863 4783 non'oportet,
889 4716 947 4761 ut
972 4723 1040 4761 ne
1065 4719 1296 4774 magnus
1319 4701 1562 4756 hostium
1588 4710 1856 4753 numerus
1881 4707 2071 4748 secure

2185 4691 2518 4762 σοφίσματος
2547 4690 3004 4760 καταλιμπάνειν,
3028 4690 3159 4744 ὅταν
3191 4691 3223 4759 ἡ
3251 4689 3560 4758 παράταξις
3586 4689 3762 4746 ὀπίσω

492 4822 603 4863 non
635 4804 838 4859 acriter
877 4798 1182 4855 adoriatur.

560 4985 650 5040 48.
694 4982 789 5037 lite
831 4994 1014 5036 rerum
1057 4971 1443 5046 aggressiones
1489 4978 1654 5037 atque
1703 4964 1814 5018 doli
1855 4963 2074 5019 clamet

490 5096 521 5134 a
554 5077 749 5151 paucis
781 5072 1140 5140 fidelibusque
1170 5062 1489 5119 hominibus
1529 5059 1613 5114 vel
1651 5057 1770 5128 ipso
1803 5056 1892 5110 die
1922 5055 2070 5120 belli,

489 5148 576 5228 vel
616 5183 727 5224 uno
771 5173 902 5221 ante
944 5164 1056 5228 die,
1080 5159 1149 5216 ad
1177 5167 1462 5227 vesperam
1494 5151 1578 5207 vel
1624 5159 1790 5204 noctu
1823 5148 1976 5210 flant,
2006 5159 2072 5201 eo

490 5265 608 5334 ipso
658 5257 782 5315 loco
835 5271 946 5336 quo
1002 5255 1201 5309 bellum
1244 5252 1632 5318 exspectatur,
1674 5242 1861 5311 ibique
1889 5239 2075 5294 hostes

491 5333 822 5426 pmstolari.
864 5333 948 5403 Ad
989 5348 1092 5402 hoc
1137 5354 1356 5413 tempus
1401 5347 1582 5394 autem
1636 5333 1965 5406 quibusdam
2007 5345 2075 5385 ex

492 5425 738 5502 exercitu
781 5442 1126 5500 muniantur.
1159 5436 1434 5507 prmeipue
1462 5439 1645 5486 autem
1676 5425 1977 5498 signiferis,
2016 5432 2074 5476 ut

494 5538 674 5594 sciant
725 5552 788 5594 se
833 5530 1108 5591 asservari
1146 5545 1162 5584 :
1202 5535 1259 5584 et
1302 5533 1425 5598 post
1466 5521 1647 5580 banda
1691 5518 1907 5576 densati
1958 5530 2076 5570 am-

2185 4782 2364 4838 αὐτῶν
2398 4783 2575 4846 ἐστιν,
2623 4781 2763 4834 ὥστε
2815 4781 2890 4852 μὴ
2929 4783 3056 4844 τοὺς
3094 4782 3326 4845 πολλοὺς
3373 4780 3482 4834 τῶν
3549 4778 3761 4849 ἐχθρῶν

2184 4872 2587 4946 παροδεύοντας
2607 4871 2908 4934 ἀκινδύνως
2945 4872 3046 4942 τῆς
3078 4873 3258 4942 μάχης
3289 4869 3722 4942 προσάπτεσθαι.

2255 4964 2368 5036 μη’.
2396 4964 2477 5018 Τὰ
2504 4963 2562 5017 δὲ
2584 4963 2810 5018 τοιαῦτα
2838 4964 3219 5034 ἐγχειρήματα
3242 4965 3410 5033 ἤγουν
3427 4962 3758 5031 σοφίσματα,

2180 5056 2557 5120 λανθανόντως
2581 5073 2642 5110 σε
2681 5056 2764 5109 δεῖ
2791 5056 2989 5117 ποιεῖν,
3038 5049 3082 5108 ὦ
3122 5055 3420 5124 στρατηγὲ,
3454 5054 3519 5106 δι’
3563 5053 3759 5121 ὀλίγων

2179 5148 2275 5202 καὶ
2321 5147 2528 5201 πιστῶν
2574 5145 2898 5217 ἀνθρώπων,
2933 5146 2966 5215 ἢ
3002 5146 3058 5197 ἐν
3089 5146 3226 5215 αὐτῇ
3275 5148 3342 5214 τῇ
3376 5143 3473 5196 τοῦ
3519 5143 3757 5211 πολέμου

2178 5239 2384 5310 ἡμέρᾳ,
2415 5239 2448 5310 ἢ
2479 5239 2587 5310 πρὸ
2629 5240 2757 5308 μιᾶς
2783 5235 2950 5291 αὐτοῦ
2975 5237 3194 5308 ἡμέρας
3229 5236 3358 5306 περὶ
3393 5237 3496 5298 τάς
3524 5233 3759 5296 δειλινὰς

2179 5332 2344 5386 αὑτοῦ
2380 5330 2554 5401 ῶρας,
2583 5331 2616 5401 ἢ
2655 5330 2872 5394 νυκτὸς,
2917 5331 2974 5382 ἐν
3001 5328 3196 5396 ἐκείνῳ
3223 5326 3471 5398 δηλονότι
3503 5325 3581 5396 τῷ
3607 5325 3758 5392 τόπῳ

2180 5426 2238 5477 ἐν
2269 5419 2314 5492 ᾧ
2357 5426 2390 5495 ἡ
2430 5424 2577 5495 μάχη
2632 5423 3024 5494 προσδοκᾶται,
3093 5422 3316 5475 κάκεῖσε
3355 5418 3485 5482 τοὺς
3533 5415 3759 5487 ἐχθροὺς

2179 5515 2494 5586 ἀναμένειν,
2524 5513 2781 5585 καὶπρὸς
2809 5513 2960 5583 ὥραν
2985 5512 3209 5584 θαρρεῖν
3232 5512 3344 5574 τοῖς
3374 5508 3468 5563 τοῦ
3501 5503 3759 5580 στρατοῦ,

2041 5606 2273 5663 lVOT/E.

562 5723 640 5796 (7)
683 5722 785 5777 Ἐν
803 5722 1222 5790 σφηκώμασιν.
1260 5711 1636 5774 Scribebatur,
1663 5708 1720 5761 ἐν
1751 5704 2144 5777 ἀφηκώμασιν.
