4074 6222
462 216 564 285 891

466 436 637 475 unum
671 420 723 475 in
754 422 940 491 plures
970 429 1154 490 partes
1184 421 1464 483 diviseris.
1499 432 1553 476 et
1597 440 2045 494 unamquamque

470 523 679 579 partem
734 512 1150 580 praeparaveris,
1191 519 1250 565 ut
1303 513 1487 568 scalas
1541 514 1607 567 ad
1664 530 1856 570 muros
1890 515 2046 568 adhi-

468 601 653 662 beant,
687 602 892 669 optime
918 600 1152 666 feceris;
1195 601 1436 672 undique
1467 603 1611 656 enim
1645 618 1768 657 cum
1804 603 2045 673 irruptio

468 688 521 741 in
549 688 805 742 obsessos
835 690 943 750 fiat,
1010 689 1064 741 in
1127 705 1379 760 magnam
1444 690 1780 745 anxietatem
1833 693 2045 746 animo-

469 795 697 849 rumque
736 781 1207 848 perturbationem
1245 784 1648 852 conjiciuntur,
1683 792 1911 851 tumque
1945 800 2045 853 po-

466 873 739 925 tissimum
771 889 897 925 cum
932 883 1129 940 pneter
1158 876 1335 929 scalas
1368 876 1503 929 alias
1565 892 1786 945 quoque
1833 875 2042 930 machi-

466 958 719 1017 nationes
746 964 1092 1030 adhibueris,
1137 976 1197 1018 ut
1232 968 1453 1031 arietes,
1482 968 1814 1032 testudines,
1838 976 2042 1032 turres,

462 1065 516 1108 et
546 1055 591 1109 si
634 1055 779 1124 quod
818 1067 1079 1119 praeterea
1115 1057 1466 1113 obsidionale
1495 1059 1925 1113 instrumentum
1961 1059 2046 1112 fu—

462 1148 571 1200 erit
633 1148 724 1200 :si
790 1148 933 1201 enim
995 1149 1160 1202 simul
1218 1148 1654 1204 machinationes
1706 1149 2042 1219 adjunxeris,

464 1248 518 1292 et
562 1241 745 1293 scalas
781 1256 1002 1309 quoque
1035 1241 1101 1293 ad
1162 1257 1351 1293 muros
1408 1242 1730 1305 adduxeris,
1782 1241 1932 1295 omni
1978 1256 2044 1295 ex

465 1342 641 1402 parte,
676 1334 768 1402 qui
806 1333 956 1385 intus
1007 1332 1221 1385 obsessi
1276 1340 1404 1385 sunt
1464 1334 1942 1396 sollicitahuntur;
1998 1331 2043 1385 si

464 1410 612 1477 enim
656 1426 1000 1494 reliquorum
1049 1439 1335 1475 murorum
1389 1433 1573 1494 partes
1626 1425 1922 1495 negligant.
1988 1431 2047 1478 et

466 1516 731 1571 adversas
798 1516 1239 1571 machinationes
1309 1530 1369 1569 se
1407 1524 1550 1569 totos
1602 1519 1913 1579 conferant,
1950 1514 2046 1583 qui

470 1604 651 1657 scalas
680 1602 967 1666 adhibent,
1006 1601 1221 1655 nemine
1258 1602 1528 1655 violenter
1560 1602 1913 1670 impediente,
1962 1604 2045 1656 fa-

1733 220 2008 281 LEONIS
2037 220 2499 281 PHILOSOPHI

544 329 629 384 19.
661 327 719 381 Si
751 328 1057 383 exercitum
1087 338 1237 382 tuum
1296 327 1493 384 fortem
1546 330 1753 398 adhuc,
1810 344 1863 385 et
1905 344 2047 388 strc—
2079 339 2125 395 Α

3647 228 3798 289 σίζυὲ

2229 331 2313 386 ιϐ’.
2356 332 2484 385 Ἐὰν
2552 331 2610 385 δὲ
2664 333 3037 405 ἀνδρειότερον
3091 337 3432 408 διακείμενος
3471 340 3791 412 κελευσῃς

2153 424 2570 495 διαμερισθῆναι
2623 427 2704 489 είς
2755 426 2923 495 πολλὰ
2979 430 3121 499 μέρη
3183 432 3274 483 τὸν
3345 435 3622 503 στρατον.
3670 438 3788 489 καὶ

2153 515 2383 569 ἕκαστον
2436 516 2603 586 μέρος
2649 521 2983 590 προσφέρειν
3035 522 3243 586 σκάλας
3284 526 3365 587 είς
3414 525 3480 578 τὸ
3537 530 3780 596 τεῖχος,

2155 610 2399 675 κρεῖττον
2416 610 2682 678 ποιήσεις·
2712 614 2769 663 ἐν
2787 610 2972 681 κύκλῳ
2997 614 3104 684 γὰρ
3122 616 3412 687 γινομένης
3441 618 3545 687 τῆς
3577 634 3782 687 apoc-

2154 699 2315 767 ϐολῆς
2335 700 2472 770 ὁμοῦ
2498 704 2576 765 εἰς
2603 702 2916 772 ἀμηχανίαν
2944 707 3039 757 καὶ
3084 707 3376 778 ὀλιγωρίαν
3412 711 3466 764 al
3515 712 3779 781 πολιορ-

2154 792 2407 862 κούμενοι
2445 794 2832 863 ἐμπεσοῦνται.
2863 797 3115 852 Μάλιστα
3137 800 3266 852 ὅταν
3291 802 3427 870 μετά
3452 803 3569 855 τῶν
3616 821 3772 856 m-

2152 880 2260 932 λῶν
2314 881 2407 935 καὶ
2455 883 2523 934 τὰ
2572 882 2737 952 ἕτερα
2784 888 3154 957 μηχανήμανα
3199 891 3581 963 προσϐάλλῃς,
3641 888 3775 947 οἷον

2153 973 2365 1042 κριοὺς.
2404 973 2435 1042 ἣ
2464 973 2724 1043 χελώνας,
2757 975 2789 1044 ἢ
2824 976 3090 1046 πύργους,
3128 980 3160 1050 ἦ
3211 980 3401 1051 ἕτερόν
3428 1001 3484 1037 τι
3518 985 3775 1055 πολιορ-

2154 1064 2377 1132 κητικδν
2408 1065 2657 1134 ὄργανον.
2678 1067 2801 1121 Ἐὰν
2840 1071 2946 1138 γὰρ
2977 1071 3112 1141 ὁμοῦ
3138 1074 3230 1126 καὶ
3262 1074 3330 1126 τὰ
3362 1078 3588 1148 μηχανή
3601 1095 3773 1146 ματα

2154 1155 2491 1225 προσφέρῃς,
2522 1157 2618 1209 καὶ
2660 1158 2758 1220 τὰς
2808 1160 3011 1223 σκάλας
3043 1165 3118 1225 εἰς
3178 1166 3353 1234 τεῖχος
3404 1169 3765 1240 ἐπιστήσῃς,

2152 1247 2238 1299 διὰ
2265 1248 2477 1300 πολλῶν
2508 1250 2693 1318 μερῶν
2730 1256 3266 1326 συνταραχθήσονται
3301 1259 3349 1311 οἱ
3376 1262 3553 1324 ἐντός.
3602 1263 3680 1315 Εἰ
3703 1281 3767 1317 τε

2153 1339 2262 1407 γάρ
2286 1338 2663 1409 ἀμελήσαντες
2712 1344 2820 1395 τῶν
2868 1344 3045 1399 ἄλλων
3087 1348 3270 1419 μερῶν
3294 1350 3391 1403 τοῦ
3420 1353 3655 1423 τείχους
3682 1358 3769 1419 εἰς

2153 1435 2250 1496 τὰς
2276 1436 2753 1506 προσϐαλλομένας
2808 1442 3056 1509 μηχανὰς
3083 1443 3473 1514 ἀντιμάχονται
3493 1449 3762 1512 πάντως,

2152 1526 2200 1577 οί
2228 1526 2324 1589 τὰς
2358 1528 2564 1591 σκάλας
2604 1531 3007 1600 προσφέροντες
3048 1534 3276 1603 μηδενὸς
3324 1538 3766 1603 ἀποκωλύοντος

2156 1614 2344 1684 βιαίως
2378 1618 2614 1679 εὐκόλως
2647 1618 2743 1672 ἐπὶ
2768 1619 2829 1671 τὸ
2869 1622 3051 1690 τεῖχος
3104 1622 3467 1694 ἀναϐήσονται
3493 1644 3509 1657 ο
3546 1626 3666 1680 κᾶν
3700 1644 3765 1680 τε

466 1694 573 1746 cile
620 1709 839 1747 murum
876 1693 1253 1748 conscendent
1302 1695 1438 1748 :sin
1490 1694 1555 1746 ad
1611 1695 1793 1748 scalas
1842 1694 2049 1747 n.arhi-

2163 1704 2541 1776 5ιαμερίζωσιν
2594 1710 2822 1773 ἑαυτοὺς
2865 1712 3007 1765 κατά
3054 1713 3163 1765 τῶν
3192 1719 3617 1787 προσφερόντων
3652 1719 3766 1782 τὰς

468 1785 834 1854 nationesque
874 1785 1246 1855 impediendas
1298 1802 1357 1840 se
1405 1786 1715 1851 diviserint,
1774 1795 1887 1839 tum
1949 1786 2043 1854 qui

468 1874 835 1937 obsidionalia
871 1876 1237 1930 instrumenta
1271 1876 1558 1944 adhibent,
1593 1880 2044 1950 iinpetuosiores,

468 1972 519 2016 et
562 1966 1003 2021 vehementiores
1029 1968 1271 2021 insnltus
1333 1970 1561 2033 facient,
1596 1986 1774 2039 neque
1833 1970 2044 2025 obsessi

470 2069 729 2127 poterunt
771 2070 1061 2133 utrumque
1096 2062 1357 2131 impetum
1397 2064 1559 2117 facile
1594 2062 1898 2119 declinare.

539 2255 628 2309 20.
682 2254 812 2321 Qum
866 2256 1176 2313 firmissima
1230 2274 1374 2328 saepe
1409 2257 1661 2312 videntur
1707 2259 1848 2325 loca,
1898 2268 1951 2312 et
1982 2258 2049 2313 ad

469 2350 794 2417 εεινίρηιίιιιιι
848 2352 1185 2413 dillicillima,
1241 2368 1435 2420 magna
1469 2368 1636 2420 Sicpc.
1670 2362 1731 2406 ut
1762 2352 2054 2421 capiantur

464 2440 708 2495 subsidia
760 2442 1007 2498 afferent.
1050 2442 1184 2497 Nam
1221 2462 1311 2514 qni
1350 2445 1567 2499 obsessi
1624 2453 1779 2507 sunt,
1828 2454 2051 2514 propter

466 2531 775 2599 Opinionem
807 2533 1098 2602 quamdam
1135 2534 1410 2589 firmitatis
1457 2549 1523 2587 ac
1571 2534 1910 2596 stabilitatis.
1947 2536 2051 2589 lni-

462 2618 707 2689 jusmodi
736 2623 849 2674 loca
886 2622 1007 2675 sine
1034 2624 1142 2675 ulla
1177 2627 1429 2677 custodia
1450 2625 1787 2693 relinquunt.
1808 2624 1889 2678 Tu
1925 2641 2053 2679 vero

469 2712 690 2765 solertia
716 2720 829 2771 tua,
874 2712 1255 2781 lahoriosaque
1287 2713 1555 2766 industria
1594 2715 1905 2782 hujusmoili
1935 2718 2050 2771 loca

469 2799 934 2864 animadvertens,
968 2801 1429 2855 machinationem
1475 2812 1526 2857 et
1571 2804 1867 2857 artitieium
1895 2804 2055 2860 facile

472 2891 719 2945 invenies
750 2891 815 2943 ad
859 2892 1168 2959 hujusmodi
1221 2894 1337 2946 loca
1378 2895 1621 2962 neglecta
1652 2897 1936 2964 capienda,
1971 2897 2055 2951 vel

473 2982 638 3037 scalis
673 2982 1037 3052 quibusdam,
1077 2983 1159 3038 vel
1197 2984 1378 3053 aliqua
1424 2987 1657 3038 violenta
1700 2988 2049 3051 ascensione,

2149 1799 2374 1864 σκάλας,
2409 1802 2531 1854 τότε
2568 1804 2616 1855 oi
2665 1803 2764 1866 τάς
2810 1805 3057 1874 μηχανὰς
3106 1808 3475 1876 προσάγοντες
3501 1810 3621 1862 τῶν
3656 1811 3764 1881 ὀρ-

2150 1894 2331 1960 γάνων
2367 1896 2731 1965 σφοδροτέρας
2782 1897 2966 1961 αὐτοῖς
3023 1900 3292 1970 ποιήσωσι
3322 1898 3422 1963 τάς
3454 1901 3763 1965 ἐπιθέσεις

2151 1984 2247 2037 mi.
2277 1985 2340 2036 οὐ
2359 1985 2679 2056 δυνήσονται
2698 1986 2765 2039 τὰ
2796 1988 3168 2058 ἐπιφερόμενα
3195 1990 3343 2042 κακά
3370 1990 3457 2043 διὰ
3476 1991 3589 2044 τῶν
3635 1993 3762 2061 ἀμ-

2154 2074 2397 2143 φοτέρων
2424 2076 2532 2127 τῶν
2572 2077 2887 2147 προσϐολῶν
2921 2078 3390 2151 ἀποκρούσασθαι.

2223 2259 2292 2309 κ’.
2337 2253 2601 2317 Πολλάκις
2630 2255 2687 2309 δὲ
2717 2257 2811 2309 ἐπὶ
2837 2256 2940 2325 τῆς
2967 2257 3287 2327 πολιορκίας
3310 2261 3359 2313 οἱ
3384 2260 3752 2330 νομιζόμενοι

2154 2346 2491 2417 όχυρὼτατοι
2522 2349 2616 2400 καὶ
2646 2349 2993 2418 ἀνεπινόητοι
3027 2351 3163 2420 πρὸς
3190 2350 3392 2405 ἅλωσιν
3421 2353 3576 2405 τόποι
3605 2354 3756 2423 μᾶλ-

2157 2438 2249 2491 λον
2280 2439 2534 2510 ἀφορμάς
2564 2457 2647 2492 σοι
2678 2440 3007 2511 παρέξουσιν
3035 2441 3291 2505 ἁλώσεως
3310 2459 3324 2474 ο
3373 2443 3423 2495 οἱ
3452 2444 3561 2512 γὰρ
3591 2445 3756 2508 ἐντὸς

2158 2528 2248 2582 διὰ
2294 2528 2392 2600 τὴν
2435 2529 2701 2583 δοκοῦσαν
2739 2531 3041 2603 ὀχυρότητα
3084 2534 3210 2594 τοὺς
3242 2532 3513 2597 τοιούτους
3539 2533 3757 2597 τόπους

2159 2616 2506 2685 ἀφυλάκτους
2552 2619 3074 2690 καταλιμπάτουσιν.
3128 2620 3199 2673 Σὺ
3235 2621 3322 2685 δὲ,
3369 2621 3459 2675 διὰ
3508 2622 3608 2690 τῆς
3639 2623 3753 2690 σῆς

2160 2707 2403 2769 ἐπινοίας
2455 2708 2551 2759 καὶ
2592 2710 2693 2773 τῆς
2733 2708 2995 2762 ἐπιπόνου
3023 2709 3285 2778 ἐργασίας
3313 2710 3440 2771 τοὺς
3470 2710 3751 2772 τοιούτους

2161 2797 2463 2860 κατανοῶν,
2479 2798 2618 2866 τάχα
2643 2799 2889 2869 μηχανὴν
2916 2799 3173 2869 εὑρήσεις
3196 2799 3525 2853 καταλαϐεῖν
3542 2802 3753 2863 αὐτοὺς

2163 2888 2508 2955 ἀφυλάκτους
2558 2890 2751 2953 ὄντας,
2801 2892 2834 2961 ἢ
2881 2890 2969 2943 διὰ
3004 2890 3217 2943 σκαλῶν
3248 2891 3668 2956 ἀναϐαινόντων,
3706 2894 3748 2962 ἧ

2161 2978 2247 3030 διά
2282 2995 2424 3041 τινος
2462 2979 2640 3047 βιαίας
2671 2980 2989 3043 ἀναϐάσεως
3019 2980 3297 3051 εύτόλμων
3323 2982 3531 3052 ἀνδρῶν
3559 2984 3747 3049 ἐπατ-

474 3074 779 3127 audacibus
797 3074 927 3128 viris
954 3089 1019 3127 eo
1050 3075 1519 3142 pervenientibus,
1538 3083 1589 3128 et
1618 3092 1905 3145 innuerum
1926 3093 2054 3147 pro-

2165 3068 2351 3134 γελίας
2395 3068 2673 3120 λαϐόντων
2701 3069 2924 3138 δωρεῶν
2960 3072 3055 3123 καὶ
3083 3071 3280 3140 τιμῶν.
3326 3072 3604 3125 Ἐντεῦθεν
3629 3074 3749 3143 γὰρ

474 3166 738 3219 missione
766 3165 831 3217 ad
868 3165 920 3218 id
959 3165 1268 3219 faciendum
1315 3170 1630 3235 protractis.
1666 3168 1769 3222 Ubi
1814 3169 1959 3222 enim
1988 3169 2057 3222 de

474 3258 774 3326 improviso
805 3268 1039 3311 cernunt
1068 3259 1193 3311 talia
1227 3260 1342 3311 loca
1374 3269 1635 3328 occupata
1663 3274 1807 3317 esse.
1840 3260 2055 3314 animos

472 3350 583 3417 jam
620 3349 919 3413 dimittent,
960 3358 1015 3403 et
1054 3350 1222 3403 armis
1254 3349 1484 3418 abiectis
1509 3390 1523 3411 ,
1561 3351 1643 3404 vel
1687 3351 1918 3405 salutem
1962 3366 2057 3421 pe-

476 3450 613 3503 tent.
670 3444 753 3497 vel
805 3444 1059 3513 protinus
1100 3446 1461 3513 periinentur.
1508 3443 1612 3511 Qui
1659 3447 1804 3500 enim
1838 3462 1933 3515 per
1960 3448 2057 3501 has

469 3517 819 3601 idilhcultates
871 3537 1115 3590 locorum
1168 3552 1383 3590 murum
1433 3539 1915 3597 conscenderunt.
1974 3538 2057 3591 vel

479 3629 609 3681 tuba
652 3637 871 3692 canent,
919 3637 973 3683 et
1018 3640 1281 3685 terrorem
1328 3631 1628 3682 inaximum
1659 3629 1901 3683 obsessis
1953 3629 2057 3683 hoc

479 3722 790 3777 videntibus
844 3722 1111 3786 afferent,
1172 3724 1253 3778 vel
1312 3733 1598 3791 postquam
1648 3723 1879 3792 ingressi
1930 3731 2061 3779 sunt

478 3811 841 3876 descendent,
897 3824 1197 3882 portasque
1253 3814 1542 3876 militibus,
1597 3815 1688 3883 qui
1739 3814 1873 3869 foris
1933 3822 2061 3869 sunt

480 3901 751 3968 aperient.
788 3902 872 3955 vel
907 3903 1029 3957 aliis
1065 3901 1395 3971 quibusdam
1433 3903 1848 3970 molitionibus,
1889 3915 1947 3958 ut
1979 3904 2061 3959 ci-

480 3994 645 4054 vitas,
672 4002 765 4046 ant
795 3994 1083 4049 castellum
1114 3994 1369 4063 rapiatur
1395 3995 1652 4051 ellicient.

550 4085 643 4140 2|.
673 4084 729 4141 Si
764 4087 984 4151 civitas,
1010 4097 1106 4141 aut
1136 4087 1442 4151 castellum,
1489 4102 1746 4157 magnum
1771 4104 2059 4145 numerum

479 4182 727 4240 virorum
770 4180 1046 4245 habuerit,
1077 4181 1428 4251 audeantque
1470 4180 1548 4233 illi
1586 4181 1653 4235 iis
1684 4181 1776 4250 qui
1828 4182 2062 4252 ingressi

474 4284 611 4339 sunt
648 4274 866 4329 obviam
922 4272 1025 4335 ire,
1078 4280 1133 4326 et
1167 4285 1487 4333 occurrere,
1517 4270 1713 4323 altiora
1755 4276 1921 4340 atque
1955 4273 2066 4326 edi-

2163 3160 2228 3213 ὲκ
2274 3159 2370 3212 τοῦ
2416 3160 2837 3231 ἀπροσδοκήτου
2887 3160 3267 3233 θεωρήσαντες
3317 3165 3367 3217 oi
3414 3164 3561 3227 ἐντὸς
3608 3166 3749 3227 τοὺς

2162 3249 2438 3311 τοιούτους
2466 3250 2663 3313 τόπους
2692 3251 3141 3321 καταληφθέντας
3171 3254 3604 3318 ἀποπαύσονται,
3640 3256 3747 3309 καὶ

2163 3341 2303 3394 ὅπλα
2339 3340 2628 3411 ῥίψαντες,
2678 3342 2710 3410 ἢ
2751 3344 3041 3414 αίτήσουσι
3075 3346 3175 3413 τὴν
3208 3346 3500 3414 σωτηρίαν,
3532 3346 3567 3417 ἢ
3596 3348 3747 3399 κατὰ

2165 3433 2365 3503 κράτος
2391 3433 2875 3503 διαφθαρήσονται.
2909 3437 2972 3489 Οί
3000 3435 3108 3506 γὰρ
3134 3437 3435 3501 ἀναϐάντες
3459 3440 3537 3501 εἰς
3556 3439 3613 3491 τὸ
3634 3440 3748 3491 τεῖ-

2165 3541 2259 3594 χος
2287 3523 2375 3577 διὰ.
2390 3524 2492 3593 τῆς
2516 3524 2836 3596 δυσχερείας
2859 3528 3075 3599 ἐκείνης
3105 3528 3138 3598 ἢ
3172 3528 3515 3590 σαλπίσουσι,
3535 3532 3625 3583 καὶ
3650 3530 3747 3598 φό-

2166 3615 2259 3668 ϐον
2290 3616 2653 3687 ἑμποιήσουσι
2685 3615 2946 3686 μέγιστον
2974 3618 3286 3687 ὀραθίντες,
3320 3620 3353 3689 ἢ
3384 3620 3743 3692 διαδραμοῦν-

2163 3723 2255 3760 ται
2306 3708 2445 3761 κατά
2489 3708 2551 3761 τὸ
2595 3709 2891 3772 εἰσελθεῖν,
2943 3712 3041 3764 καὶ
3080 3710 3181 3775 τὰς
3208 3712 3417 3783 πόρτας
3442 3712 3743 3778 ἀνοίξουσιν

2163 3799 2212 3851 εί
2259 3798 2411 3869 τύχοι
2454 3803 2567 3863 τοῖς
2605 3800 2712 3865 ἔξω
2751 3801 3134 3872 στρατιώταις,
3165 3804 3199 3874 ἢ
3229 3804 3318 3857 διό.
3345 3822 3511 3858 τινων
3538 3804 3737 3873 ἑτέρων

2165 3889 2418 3943 ἐπινοιῶν
2450 3889 2549 3960 τὴν
2579 3889 2781 3945 ἅλωσιν
2810 3890 2910 3960 τῆς
2938 3891 3149 3956 πόλεως
3186 3888 3218 3959 ἢ
3246 3892 3339 3945 τοῦ
3365 3895 3598 3963 κάστρου
3620 3892 3737 3946 διά-

2166 3980 2444 4049 θήσουσιν.

2238 4078 2343 4128 κα’.
2384 4072 2447 4125 Εί
2475 4072 2531 4126 δὲ
2564 4073 2625 4126 τὸ
2651 4072 2887 4142 κάστρον
2917 4075 2950 4145 ἢ
2982 4076 3013 4144 ή
3042 4074 3195 4137 πόλις
3225 4074 3429 4144 πλῆθος
3450 4075 3560 4146 ἔχει
3584 4074 3736 4133 λαοῦ.

2166 4163 2266 4217 xui.
2290 4163 2543 4234 δύναμιν,
2576 4165 2670 4219 καὶ
2692 4165 2967 4233 τολμῶσιν
2988 4166 3413 4229 ὑπαντιάζοντες
3437 4166 3738 4235 ἀμύνασθαι

2167 4257 2293 4317 τοὺς
2321 4255 2690 4319 εἰσελθόντας,
2727 4256 2807 4310 δεῖ
2850 4258 3049 4320 αὐτοὺς
3089 4258 3217 4322 τοὺς
3247 4258 3623 4327 ύψηλωτέρους
3646 4258 3740 4312 τό-

476 4368 622 4430 μου
672 4368 793 4420 loca
836 4366 1232 4427 conscendant,
1262 4364 1346 4416 vel
1392 4376 1573 4415 arcem
1612 4360 1784 4430 ipsam
1819 4362 2056 4421 civitatis

2169 4364 2305 4410 πους
2354 4347 2720 4412 καταλαϐεῖν,
2773 4349 2807 4419 ἢ
2855 4350 2927 4402 τά
2986 4349 3134 4420 ἄκρα
3201 4351 3302 4419 τῆς
3364 4351 3598 4414 πόλεως.
3645 4356 3739 4405 καὶ

474 4468 773 4530 occupent,
808 4456 1045 4528 indeque
1076 4467 1488 4528 propugnantes
1509 4491 1525 4517 ,
1557 4454 1659 4510 hos
1686 4455 1781 4525 qui
1825 4456 2060 4527 ingressi

480 4563 615 4615 sicut
644 4554 844 4607 iterum
880 4551 1168 4619 repellant.
1682 4594 1685 4595 ν

557 4644 648 4711 ξιξ.
696 4641 1135 4707 Prmlamabunt
1181 4640 1392 4702 statim,
1426 4646 1486 4693 nt
1527 4654 1687 4694 nemo
1733 4653 2063 4709 quemquam

482 4754 638 4805 arma
679 4754 795 4801 non
838 4736 1136 4801 habentem
1176 4733 1493 4795 interﬁciat.
1538 4734 1632 4788 sed
1665 4736 1815 4788 solos
1844 4746 1940 4787 eos
1970 4732 2062 4803 qui

486 4846 639 4885 arma
666 4836 910 4897 gestam.
932 4826 1088 4891 Hane
1120 4836 1303 4881 autem
1328 4840 1439 4880 rem
1473 4826 1690 4878 illorum
1728 4826 1911 4894 lingua
1940 4839 2069 4893 pro-

484 4919 757 4983 clamabis
793 4934 809 4973 :
851 4919 950 4973 hoc
1000 4919 1152 4981 enim
1198 4917 1421 4981 audito,
1476 4914 1860 4984 unusquisque
1904 4914 2068 4970 saluti

487 5026 603 5068 suae
628 5008 947 5070 consulens,
977 5009 1030 5065 in
1063 5008 1185 5079 ipso
1213 5007 1470 5070 terroris.
1498 5004 1839 5076 periculique
1863 5013 2069 5073 puncto

490 5118 643 5161 arma
674 5102 957 5175 abjicient.
984 5100 1187 5157 Horum
1211 5100 1590 5156 resistentium
1622 5112 1886 5153 numerus
1940 5111 2068 5153 cum

492 5199 786 5262 minuitur,
817 5196 1142 5252 obsessores
1175 5196 1398 5250 omnino
1432 5195 1672 5249 victores
1699 5198 1865 5247 erunt
1901 5208 1917 5246 :
1969 5191 2068 5247 ob-

493 5292 632 5347 sessi
658 5302 835 5345 autem
866 5288 934 5343 ad
964 5288 1107 5343 hunc
1140 5289 1356 5343 modum
1382 5285 1691 5356 intercepti,
1728 5283 1819 5339 ubi
1851 5297 2094 5354 parvatn

496 5385 691 5438 salutis
724 5399 878 5455 spem
912 5382 1177 5452 reliquam
1224 5382 1485 5444 habeant,
1514 5379 1787 5450 supplices
1814 5378 2073 5433 obsesso-

502 5486 623 5526 rum
649 5476 939 5531 confestim
972 5475 1129 5528 fiunt.

572 5562 665 5615 25.
690 5565 747 5616 Si
778 5565 1037 5619 diuturna
1072 5562 1238 5616 fuerit
1264 5561 1501 5625 obsidio,
1535 5569 1589 5617 et
1619 5560 1889 5631 quosdam
1925 5566 2078 5613 extra

504 5652 780 5721 civitatem
816 5653 1025 5729 ceperis
1075 5652 1328 5706 florentes
1358 5657 1516 5705 actate
1550 5649 1801 5720 juvenes,
1836 5645 1979 5715 apud
2005 5652 2078 5711 te,

2171 4436 2383 4492 ἐκεῖθεν
2439 4437 2816 4508 πολεμοῦντας
2883 4440 3133 4495 κακῶσαι
3186 4442 3315 4504 τοὺς
3363 4441 3424 4493 ἐν
3474 4444 3539 4513 τῇ
3591 4443 3736 4495 πόλει

2169 4529 2415 4592 ἁλόντας.

2239 4621 2347 4691 κβ’.
2403 4620 2717 4691 Κηρύξουσι
2757 4622 2816 4676 δὲ
2857 4623 3010 4690 τότε,
3066 4624 3153 4677 ἵνα
3205 4623 3393 4694 μηδεὶς
3439 4623 3616 4694 κτείνῃ
3648 4623 3737 4677 τὸν

2160 4714 2250 4787 μὴ
2295 4714 2490 4785 ἔχοντα
2538 4714 2708 4769 ὁπλον
2726 4754 2742 4781 ,
2796 4716 2992 4784 μόνους
3020 4714 3077 4768 δὲ
3107 4715 3340 4769 κτείνειν
3370 4715 3500 4777 τοὺς
3519 4716 3585 4768 τὰ
3605 4714 3737 4769 ὅπλα

2172 4808 2461 4879 φέροντας.
2519 4805 2741 4877 Ταύτην
2784 4806 2843 4860 δὲ
2888 4807 2990 4878 τὴν
3034 4807 3221 4877 φωνὴν
3266 4805 3627 4877 κηρύττεσθαι
3668 4808 3735 4879 τῇ

2169 4903 2280 4956 τῶν
2305 4901 2539 4955 πολιτῶν
2562 4900 2827 4973 διαλέκτῳ
2853 4902 3086 4966 ἕκαστος
3110 4903 3220 4973 γὰρ
3244 4903 3507 4967 ἀκούσας,
3534 4902 3620 4955 καὶ
3639 4902 3734 4970 τῆς
3774 4908 3783 4975 ξ

2173 4994 2315 5059 ίδίας
2356 4993 2753 5067 προνοούμενος
2794 4993 3070 5065 σωτηρίας
3090 5033 3105 5056 ,
3159 4994 3218 5045 ὲν
3249 4995 3317 5064 τῇ
3346 4994 3500 5064 ἀκμῇ
3529 4991 3617 5045 τοῦ
3640 4993 3732 5061 φό-
3775 4986 3778 4999 ’

2171 5086 2270 5141 ϐου
2319 5087 2614 5159 ἀπορρίψει
2659 5086 2729 5140 ea:
2764 5085 2934 5152 ὅπλα,
2980 5085 3076 5138 καὶ
3106 5085 3604 5155 ἀντιπολεμούντιιη
3631 5084 3734 5138 όλι-

2172 5180 2456 5251 γουμένων
2489 5181 2633 5234 κατά
2659 5179 2859 5251 κράτος
2890 5178 2941 5230 οί
2965 5176 3385 5248 πολιορκοῦντες
3413 5178 3730 5247 νικήσουσιν.

2176 5275 2240 5326 Ui.
2267 5272 2376 5343 γάρ
2406 5271 2875 5343 πολιορκούμενοι,
2910 5271 3006 5325 καὶ
3034 5269 3207 5334 οὕτως
3230 5270 3596 5340 ἁλισκόμενοι,
3618 5271 3735 5322 ὅταν

2178 5362 2383 5434 μικρὰν
2402 5362 2591 5417 ἐλπίδα
2618 5360 2721 5431 τῆς
2744 5362 3019 5434 σωτηρίας
3048 5361 3311 5427 λάϐωσιν,
3339 5360 3549 5414 οἰκέται
3569 5359 3734 5412 λοιπὸν

2174 5456 2299 5511 ἀντὶ
2328 5453 2606 5524 πολεμίων
2633 5453 2895 5523 γίνονται.

2252 5542 2361 5612 κγ’.
2401 5544 2464 5597 El
2495 5545 2553 5597 δὲ
2568 5545 2779 5615 χρόνιος
2807 5545 3033 5616 γένηται
3066 5546 3099 5616 ἡ
3132 5545 3418 5617 πολιορκία
3452 5543 3544 5597 καὶ
3570 5540 3735 5613 συμϐῇ

2190 5636 2471 5695 συλλαϐεῖν
2499 5638 2557 5693 σέ
2588 5655 2739 5702 τινας
2771 5637 2875 5703 ἔξω
2904 5639 3004 5710 τῆς
3028 5639 3260 5706 πόλεως,
3296 5639 3422 5701 τοὺς
3455 5636 3551 5706 μὲν
3572 5632 3730 5700 ἀκμά-
