4074 6222
318 315 424 378 893

1400 306 1729 366 TACTICA.
1772 327 1836 338 -ο
1865 301 2368 361 CONSTITUTIO
2397 302 2514 362 XV.

3465 299 3568 363 89L

321 419 514 482 ζοντας
547 421 665 481 ταῖς
699 418 935 488 ἡλικίαις
963 417 1262 484 νεωτέρους
1294 417 1367 480 ὼς
1395 418 1460 469 ἂν
1487 415 1650 484 βούλῃ
1682 415 1897 484 κάτεχε.

2015 413 2463 482 quemadmodmu
2500 415 3003 468 commodissimum
3039 415 3333 477 videbitur,
3371 419 3562 470 retine.

318 507 526 561 Γύναια
574 508 631 560 δὲ
678 509 769 559 καὶ
817 507 1074 576 παιδάρια
1111 507 1204 558 καὶ
1236 506 1495 574 γέροντας
1527 505 1622 556 καὶ
1648 503 1894 564 ἀσθενεῖς

319 600 642 669 ἀνθρώπους
670 597 966 667 ἀπόπεμπε
1008 596 1143 666 πρὸς
1172 595 1270 666 τὴν
1293 595 1447 647 πόλιν
1471 595 1671 648 αὐτῶν.
1709 593 1894 658 Οὕτως

321 690 429 758 γὰρ
474 690 508 759 ἡ
543 689 812 758 ἄχρηστος
853 686 1042 756 ἡλικία
1071 686 1290 748 καὶτὰς
1340 685 1895 755 τροφὰφδαπανήσει,

324 781 417 834 καὶ
446 780 573 841 τοὺς
600 778 1088 849 πολιορκουμένους
1121 777 1272 828 οὐδὲν
1297 771 1586 845 ὠφελήσει,
1617 775 1816 845 μᾶλλον
1840 775 1899 828 δὲ

325 871 420 923 καὶ¹
451 870 666 939 βλάψει.
713 868 838 921 Ἔτι
863 869 918 920 δὲ
950 869 1042 920 καὶ
1073 867 1481 936 φιλανθρωπίας
1512 867 1764 919 ὑπόνοιαν
1794 864 1899 918 δὼ-

327 978 441 1023 σεις
489 964 601 1023 τοῖς
649 961 836 1024 ἐντὸς,
889 958 1031 1010 ὥστε
1079 957 1416 1028 διαιρεθῆναι
1463 959 1532 1010 τὰ
1576 958 1902 1030 φρονήματα

325 1053 507 1104 αὐτῶν
531 1093 546 1115 ,
583 1051 678 1103 καὶ
707 1049 961 1120 ἀφορμὴν
990 1048 1243 1116 γενέσθαι
1270 1048 1519 1101 ἐντεῦθεν
1548 1049 1648 1117 τῆς
1679 1048 1814 1118 πρὸς
1842 1048 1902 1100 σὲ

325 1145 603 1213 ὑποταγῆς
634 1141 834 1195 αὐτῶν.

396 1233 491 1286 κδ’.
532 1231 749 1301 Ἐπειδὴ
773 1231 830 1282 δὲ
860 1229 1051 1283 εἴωθεν
1075 1223 1169 1282 καὶ
1193 1229 1427 1300 θόρυϐος
1443 1228 1687 1296 γίνεσθαι
1711 1230 1768 1281 ἐν
1786 1231 1904 1291 ταῖς

325 1323 663 1393 πολιορκίαις
700 1322 804 1373 ὑπὸ
836 1321 936 1390 τῆς
962 1321 1208 1391 κραυγῆς
1239 1320 1347 1372 τῶν
1373 1321 1696 1389 ἀνθρώπιον,
1728 1319 1762 1390 ἢ
1799 1319 1907 1372 ὑπὸ

326 1414 422 1467 τοῦ
469 1415 603 1484 ἤχου
650 1413 760 1465 τῶν
807 1413 1188 1483 σκουταρίων,
1226 1411 1313 1464 ἵνα
1366 1413 1438 1482 μὴ
1474 1411 1767 1481 βαροῦνται
1812 1413 1907 1466 καὶ

329 1505 664 1574 ἐνοχλοῦνται
688 1506 736 1557 οί
761 1506 854 1556 τοῦ
886 1503 1117 1572 στρατοῦ
1149 1502 1348 1564 πάντες
1377 1502 1540 1571 ὁμοῦ,
1559 1502 1675 1555 δέον
1709 1519 1769 1554 σε
1799 1502 1908 1554 ἀπὸ

329 1596 446 1658 ne;
497 1596 530 1666 ἢ
581 1595 836 1665 δευτέρου
885 1594 1059 1663 μιλίου
1103 1595 1278 1646 ποιεῖν
1311 1592 1510 1657 αὐτοὺς
1543 1593 1908 1662 ἀπληκτεύειν

328 1685 422 1738 τοῦ
454 1686 833 1756 ὀχυρώματος,
865 1685 1061 1738 ὁπόθεν
1095 1685 1195 1737 οὐκ
1229 1684 1548 1748 ἐξακούεται
1588 1686 1616 1738 ὁ
1639 1681 1770 1755 ἦχος
1798 1685 1907 1738 τῶν

331 1775 700 1846 θορυϐούντων
725 1776 850 1837 τοὺς
872 1774 1380 1844 πολιορκουμένους.

399 1866 498 1922 κε’.
552 1868 647 1935 Μὴ
678 1866 1036 1928 ἐπικινδύνως
1062 1867 1118 1919 δὲ
1156 1867 1251 1919 καὶ
1277 1866 1535 1930 ἀσκόπως
1563 1866 1910 1937 προστάσσῃς

330 1959 600 2012 ποιεῖσθαι
650 1959 751 2020 τὰς
797 1957 1100 2028 προσϐολὰς
1121 1995 1138 2021 ,
1173 1957 1260 2009 ἴνα
1295 1958 1370 2027 μή
1401 1974 1566 2010 τινων
1591 1958 1909 2012 διαπιπτόν-

332 2068 438 2102 των
479 2049 572 2102 καὶ
613 2051 663 2100 οἱ
701 2049 794 2100 τοῦ
830 2048 1064 2118 στρατοῦ
1095 2047 1462 2114 δειλιάσωσιν,
1494 2050 1588 2102 καὶ
1616 2050 1666 2102 οἱ
1693 2049 1912 2119 πολιορο

333 2143 587 2212 κούμενοι
633 2140 1024 2211 προθυμότεροι
1060 2138 1324 2207 γένωνται
1369 2139 1547 2208 (τοῦτο
1576 2139 1682 2211 γὰρ
1711 2141 1912 2194 πολλά-

335 2250 422 2296 κις
447 2232 762 2303 ἀνέγνωμεν
786 2232 1123 2302 γενόμενον),
1139 2231 1233 2282 καὶ
1261 2233 1289 2283 ό
1316 2230 1582 2301 κρείττων
1607 2232 1715 2286 τῶν
1735 2233 1911 2287 ἄλλων

335 2324 674 2396 στρατιώτης
725 2325 830 2376 ὑπὸ
867 2323 1125 2392 γυναικὸς
1171 2320 1316 2376 οὕτω
1350 2325 1504 2394 τύχοι
1534 2327 1628 2378 καὶ
1653 2324 1912 2389 ἀσθενοῦς

333 2417 369 2487 ἢ
407 2416 494 2470 διὰ
521 2417 669 2470 λίθου
697 2416 984 2488 βληθέντος
1029 2415 1063 2486 ἢ
1109 2415 1355 2486 κεράμου
1395 2417 1428 2486 ἢ
1465 2418 1554 2471 διὰ
1584 2417 1743 2484 ξύλου
1774 2437 1911 2474 κατ-

335 2506 644 2575 ενεχθέντος
674 2505 906 2576 πληγεὶς
930 2505 1198 2559 ἀπώλετο.

405 2603 524 2660 κς’.
571 2597 695 2649 Ἐὰν
733 2596 791 2650 δὲ
839 2595 1012 2666 μικρὰ
1037 2595 1368 2667 ὀχυρώματα
1394 2595 1780 2667 παρακαθίσοι,
1819 2599 1914 2652 καὶ

339 2688 666 2760 ἐπιζήμιον,
713 2689 746 2760 ἢ
794 2688 1133 2743 ἐπικίνδυνον
1181 2692 1410 2762 νομίζης
1451 2692 1550 2761 τὴν
1587 2692 1911 2762 προσϐολὴν,

341 2780 438 2832 καὶ
463 2775 611 2842 οἶδας
657 2782 740 2833 ὅτι
777 2779 902 2833 οὔτε
931 2781 1039 2834 τῶν
1063 2783 1385 2851 ἐπιτηδείων
1414 2783 1712 2847 λείπονται,
1751 2785 1914 2836 σποῦ·-

335 2872 468 2936 δαζε
515 2872 605 2926 διὰ
645 2871 889 2943 θορύϐων
917 2875 1100 2936 αὐτοῖς
1130 2875 1224 2927 καὶ
1253 2877 1310 2927 ὲν
1342 2876 1526 2946 ἡμέρᾳ
1556 2877 1652 2929 καὶ
1678 2878 1737 2930 ὲν
1759 2879 1914 2930 νυκτὶ

332 2963 616 3030 ἐνοχλείνλ
670 2963 758 3016 ἵνα
803 2965 869 3033 τῇ
914 2964 1132 3034 όχλήσει
1166 2965 1528 3033 ἀποκάμωσιν
1559 2965 1732 3032 ὀλίγοι
1762 2966 1914 3029 ὅντες

343 3055 480 3125 πρὸς
511 3054 717 3125 πλῆθος
760 3055 903 3110 κατά
939 3054 1186 3126 διαδοχὴν
1215 3055 1510 3119 ἀνενδότως
1535 3057 1718 3119 αὐτοῖς
1747 3073 1915 3126 προσ-

335 3149 648 3212 ϐἀλλοντος.

417 3241 518 3304 κζ’.
562 3243 624 3293 El
649 3242 706 3294 δὲ
729 3244 827 3296 καὶ
863 3241 914 3295 οι
941 3235 1078 3296 οἶκοί
1104 3240 1243 3294 εἰσιν
1272 3240 1334 3293 ἐν
1359 3236 1436 3308 τῷ
1462 3236 1707 3309 φρουρίῳ
1731 3237 1920 3308 ἐπιτή-

339 3331 478 3382 δειοι
522 3332 662 3402 πρὸς
705 3333 770 3385 τὸ
799 3333 1000 3403 καῆναι
1032 3332 1133 3402 ,διὰ
1163 3331 1460 3403 πυρφόρων
1493 3329 1764 3398 σαγιττῶν
1793 3346 1919 3382 συν-

343 3421 490 3490 εχῶν
540 3422 630 3474 διὰ
682 3423 890 3476 πολλῶν
933 3422 1114 3475 τόπων
1157 3423 1360 3490 ἀνέμου
1406 3420 1647 3489 μάλιστα
1690 3417 1920 3490 σφοδροῦ

351 3513 693 3581 κινουμένου,
726 3513 914 3581 πέμπε
948 3514 1045 3564 καὶ
1074 3509 1364 3580 ἐμπύριξε,
1394 3509 1530 3578 ὓλην
1557 3508 1728 3574 πυρὸς
1753 3523 1923 3575 προοι-

340 3603 562 3671 δεσμῶν
593 3607 661 3673 τῇ
695 3605 928 3672 σαγίττῃ
953 3601 1041 3654 διὰ
1067 3603 1172 3652 τῶν
1198 3598 1538 3668 πετροϐόλων
1570 3594 1922 3666 μαγγανικῶν

346 3693 457 3745 τῶν
485 3693 794 3763 λεγομένων
825 3691 1156 3768 ἀλακατίων.
1184 3689 1217 3759 ἢ
1247 3688 1552 3758 τετραρέων
1575 3685 1684 3739 τῶν
1707 3684 1923 3755 πετρῶν

349 3785 523 3851 πυρὸς
553 3801 620 3837 πε
630 3785 732 3856 πλη
743 3785 1000 3855 ρωμένων
1027 3782 1094 3835 δι’
1116 3780 1272 3850 ῦλης,
1298 3781 1393 3832 καὶ
1415 3777 1756 3848 βαλλομένων
1779 3774 1926 3828 κατὰ

348 3873 463 3936 τῶν
505 3875 904 3947 εὐεμπρήστων
949 3872 1145 3926 οἴκων·
1209 3871 1304 3924 καὶ
1349 3871 1408 3920 ἐν
1447 3867 1558 3938 ὃσῳ
1599 3868 1679 3928 εἰς
1708 3865 1806 3935 τὴν
1829 3865 1922 3920 τοῦ

356 3963 528 4034 πυρὸς
578 3965 928 4034 ἀσχολοῦνται
971 3963 1157 4016 σϐέσιν
1202 3960 1406 4022 σκάλας
1455 3961 1536 4021 εἰς
1577 3957 1702 4020 τοὺς
1741 3958 1924 4010 ἐπιδε-

353 4045 619 4124 χομένους
663 4057 860 4120 τόπους
904 4055 1062 4124 ἰστᾷν
1099 4053 1194 4106 καὶ
1221 4051 1286 4104 δι’
1309 4050 1492 4104 αὐτῶν
1517 4047 1776 4118 ἀσφαλῶς
1798 4050 1924 4102 ἑπι-

351 4146 561 4199 ϐαίνειν
592 4129 798 4202 κέλευε.
1873 4160 1876 4162 ⁷

430 4243 539 4306 κη’.
591 4239 713 4292 Εἰσὶ
752 4240 810 4294 δὲ
855 4240 932 4302 ὡς
973 4239 1178 4292 ἐπίπαν
1207 4238 1266 4291 ὲν
1294 4237 1413 4298 ταῖς
1440 4233 1780 4307 πολιορκίαις
1808 4233 1923 4304 εἴδη

349 4331 767 4402 μηχανημάτων
812 4331 1204 4401 πολιορκητικὰ
1239 4329 1491 4398 διάφορα,
1528 4328 1629 4380 ὅσα
1656 4326 1710 4378 οἱ
1731 4341 1790 4378 τε
1821 4342 1927 4379 πα-

1937 1772 1984 1829 Β

2002 505 2252 558 Feminas
2280 515 2482 568 autem,
2517 521 2734 574 pueros,
2781 523 2940 560 senes
2965 517 3018 560 et
3047 509 3292 561 inlirmos
3320 509 3568 565 homines

2000 596 2068 651 ad
2125 598 2400 651 civitatem
2450 597 2648 651 iterum
2703 598 2966 651 remittes.
2998 597 3072 651 Ita
3105 599 3218 664 ιιι-ι,
3266 607 3326 652 ιιι
3359 600 3568 655 inutilis

2004 687 2116 741 haec
2146 695 2301 750 atlas,
2331 698 2383 742 et
2416 688 2673 741 alimenta
2721 688 2961 744 civitatis
2993 691 3266 754 absumat,
3294 699 3350 745 et
3377 693 3574 745 obses-

2001 793 2094 836 sos
2143 781 2279 834 nihil
2314 780 2552 848 adjuvet,
2587 779 2697 834 imo
2736 782 2916 851 potius
2965 783 3138 846 lmdet,
3174 792 3226 838 et
3257 785 3570 853 opinionem

2003 871 2357 926 humanitatis
2383 872 2580 928 animis
2603 887 2814 936 eorum,
2842 874 2933 943 qui
2966 874 3286 929 obsidentur
3307 918 3321 940 ,
3355 877 3572 938 aﬂ'eres,

2007 972 2063 1014 ιιι
2105 973 2314 1018 mentes
2356 979 2568 1029 eorum,
2619 974 2674 1020 et
2727 968 3012 1021 sententiae
3057 966 3466 1031 distrahantur,
3521 979 3574 1023 et

2001 1055 2352 1107 occasionem
2385 1055 2623 1124 aliquam
2658 1056 2952 1113 deditionis
2988 1057 3202 1112 facilius
3233 1071 3500 1128 quaerant.

2076 1224 2168 1280 Si.
2199 1225 2666 1290 Quemadmodum
2698 1229 2752 1283 in
2795 1230 3048 1285 omnibus
3083 1231 3462 1286 obsidionibus
3493 1233 3574 1285 in-

2008 1329 2140 1383 gens
2171 1318 2310 1369 solet
2343 1332 2464 1371 esse
2487 1321 2754 1374 tumultus
2793 1332 2909 1373 tum
2939 1323 3360 1376 vociferantium
3398 1325 3578 1376 humi.

2006 1420 2162 1471 ιιιιιιι,
2197 1414 2311 1459 tum
2353 1411 2766 1476 personan'tiuut
2813 1421 3114 1475 scutorum,
3161 1424 3219 1466 ut
3261 1430 3328 1468 ne
3383 1414 3482 1466 hac
3518 1431 3578 1468 re

2008 1497 2284 1552 exercitus
2315 1507 2442 1552 tuus
2482 1503 2848 1570 perturbetur,
2879 1517 2988 1556 uno
3033 1512 3127 1556 aut
3161 1505 3334 1558 altero
3357 1506 3576 1558 tnilliari

2010 1591 2078 1643 ab
2097 1605 2162 1643 eo
2193 1592 2314 1644 loco
2337 1602 2520 1646 castra
2549 1603 2767 1648 tuorum
2797 1609 3086 1664 ponantur,
3111 1614 3221 1668 quo
3246 1599 3332 1653 hic
3361 1601 3580 1654 sonitus

2012 1682 2462 1739 tumultuantium
2490 1685 2736 1740 exaudiri
2769 1704 2874 1742 non
2919 1692 3115 1759 possit.

2078 1856 2168 1911 25.
2210 1856 2289 1913 Ne
2337 1862 2643 1929 periculose
2685 1873 2739 1917 et
2801 1866 3204 1925 inconsiderate
3247 1871 3582 1942 irruptiones

2013 1948 2153 2003 ullas
2184 1950 2301 2004 ﬁeri
2337 1954 2642 2019 permittas,
2676 1972 2742 2012 ue
2777 1960 2824 2012 si
2858 1959 3024 2030 aliqui
3058 1978 3120 2016 ex
3165 1967 3274 2020 tuis
3304 1969 3580 2031 occidant,

2011 2040 2286 2094 exercitus
2336 2053 2459 2097 tuus
2504 2044 2679 2100 fracto
2711 2051 2883 2119 magis
2913 2053 3098 2107 animo
3130 2057 3222 2119 sit,
3267 2067 3320 2111 et
3368 2060 3578 2115 obsessi

2009 2131 2186 2186 multo
2247 2133 2541 2190 alacriores
2587 2139 2722 2204 sint,
2754 2143 2900 2210 quod
2954 2159 3196 2216 perstepe
3237 2165 3341 2204 usu
3395 2157 3582 2207 venire

2013 2225 2295 2282 videmus:
2319 2227 2634 2298 frequenter
2657 2234 2800 2289 enim
2833 2244 3089 2294 strenuus
3119 2241 3274 2296 miles
3297 2257 3326 2295 a
3352 2244 3584 2299 mullera

2009 2315 2259 2382 fortuita,
2296 2330 2456 2387 atque
2484 2323 2710 2386 imbelli,
2755 2336 2851 2380 aut
2885 2328 3065 2397 lapide
3095 2331 3282 2398 aliquo
3309 2333 3580 2402 conjecto,

2014 2418 2108 2462 aut
2131 2419 2270 2465 testa
2317 2411 2585 2477 immissa,
2615 2424 2710 2468 aut
2738 2416 2886 2487 ligno
2924 2421 3110 2491 aliquo
3135 2423 3316 2479 delato
3355 2441 3582 2496 percus-

2014 2513 2110 2554 sus
2143 2499 2505 2573 inueriniitur.

2082 2589 2174 2642 26.
2205 2589 2260 2642 Si
2286 2606 2457 2659 parva
2493 2593 2740 2662 quadam
2791 2599 3013 2653 castella
3067 2602 3342 2671 obsideas,
3386 2615 3441 2661 et
3491 2607 3588 2662 da-

2016 2695 2261 2734 mnosam
2289 2683 2766 2754 periculosamque
2797 2689 3136 2746 invasionetn
3165 2704 3322 2762 putes
3361 2712 3503 2764 esse,
3531 2708 3589 2754 et

2012 2771 2273 2840 intelligis
2307 2781 2612 2828 commeatu
2669 2792 2765 2832 eos
2797 2793 2905 2833 non
2952 2796 3133 2849 egere,
3191 2789 3480 2852 contende,
3529 2798 3588 2843 ut

2017 2859 2139 2914 illos
2169 2860 2287 2915 dies
2339 2871 2638 2932 noctesque
2670 2867 2879 2932 turbes,
2919 2878 2977 2922 nt
3008 2873 3111 2924 hac
3157 2876 3598 2942 perturbatione,

2011 2951 2111 3020 qui
2157 2951 2368 3008 obsessi
2407 2956 2564 3023 pauci
2605 2968 2738 3010 sunt
2781 2972 3041 3028 perpetuo
3091 2962 3410 3034 fatigentur,
3465 2972 3587 3024 uni-

2019 3054 2179 3094 verso
2206 3043 2448 3096 exercitu
2498 3053 2693 3098 nostro
2721 3047 3010 3102 adversum
3043 3051 3166 3103 illos
3204 3055 3325 3108 sine
3361 3059 3480 3122 ulla
3515 3059 3593 3113 iu-

2022 3133 2363 3186 termissione
2396 3135 2647 3199 alternis,
2679 3146 2735 3191 et
2764 3138 3005 3193 vicissim
3045 3141 3369 3198 dimicante.

2089 3221 2178 3275 27.
2211 3224 2268 3277 Si
2289 3224 2434 3279 aedes
2473 3225 2529 3278 in
2561 3228 2789 3282 castello
2817 3229 2884 3283 ad
2915 3231 3347 3287 comburendum
3382 3235 3592 3292 idonea:

2021 3309 2243 3378 fuerint,
2293 3315 2508 3384 sagittis
2554 3317 2801 3386 igniferis
2845 3334 2941 3387 per
2979 3323 3149 3375 multa
3181 3331 3234 3377 ct
3290 3327 3439 3379 varia
3473 3329 3587 3383 loca

2022 3407 2250 3473 sparsis,
2277 3406 2440 3475 idque
2465 3409 2806 3476 potissimum
2834 3420 2996 3464 vento
3020 3412 3224 3483 ingenti
3253 3417 3589 3486 aliquollan-

2025 3501 2096 3557 te,
2148 3496 2423 3550 incendes.
2463 3497 2605 3550 Saxa
2652 3499 2816 3552 etiam
2865 3502 3128 3570 quadrata
3176 3509 3296 3574 igne
3331 3509 3508 3576 plena,
3536 3521 3590 3564 et

2025 3584 2344 3652 manganica
2409 3587 2663 3652 alacatia,
2730 3605 2852 3658 qua:
2907 3607 3038 3646 saxa
3100 3599 3382 3660 emittunt,
3429 3607 3593 3669 atque

2025 3673 2250 3742 ejiciant
2299 3675 2606 3744 adhibebis,
2640 3690 2694 3734 et
2746 3683 2800 3737 in
2847 3685 3017 3748 agiles,
3054 3702 3176 3756 quae
3217 3689 3374 3744 facile
3401 3692 3592 3746 incen-

2024 3765 2173 3820 dium
2206 3770 2480 3839 recipiunt
2495 3771 2780 3840 conjicics,
2809 3784 2865 3830 et
2893 3775 3023 3830 dum
3057 3779 3134 3832 illi
3163 3781 3217 3834 in
3241 3781 3596 3853 exstinguen-

2024 3858 2095 3913 do
2127 3861 2250 3930 igne
2275 3862 2523 3932 occupati
2555 3865 2688 3932 sint,
2721 3868 2898 3922 scalas
2925 3878 2982 3923 tu
3016 3873 3227 3926 interea
3257 3874 3504 3931 admove'
3539 3885 3595 3930 et

2026 3951 2228 4008 milites
2254 3952 2446 4022 jubeto
2475 3969 2567 4011 cas
2594 3958 2855 4015 audacter
2884 3963 3276 4019 conscendere.

2095 4222 2186 4278 28.
2245 4219 2382 4278 Sunt
2414 4233 2593 4281 autem
2637 4225 2697 4281 in
2725 4227 3110 4287 obsidionibus
3145 4234 3361 4292 diversa
3389 4237 3597 4298 instra.

2027 4322 2206 4366 menta
2243 4313 2626 4378 obsidionalia,
2658 4330 2781 4384 quae.
2816 4325 2928 4384 tum
2955 4319 3318 4388 antiquiores,
3360 4333 3478 4378 tum
3511 4340 3602 4384 re.

351 4422 498 4476 λαιοὶ
536 4424 831 4495 στρατηγοὶ
874 4423 970 4475 καὶ
1009 4424 1060 4474 οξ
1097 4419 1280 4492 μικρῴ
1309 4419 1416 4488 πρὸ
1443 4418 1601 4489 ἡμῶν
1623 4416 1914 4486 ὲπενόησαι

2030 4405 2301 4458 centiores
2341 4405 2510 4472 paulo
2554 4413 2683 4459 ante
2729 4421 2831 4462 nos
2870 4410 3278 4477 excogitarunt,
3330 4426 3435 4480 pro
3495 4416 3601 4472 lori

351 4513 497 4574 κατά
525 4513 751 4584 δύναμιν
780 4514 1032 4578 ἕκαστος,
1067 4514 1159 4567 καὶ
1187 4511 1287 4580 τὴν
1313 4509 1585 4564 καλοῦσαν
1608 4509 1703 4563 τοῦ
1728 4510 1923 4581 καιροῦ

352 4607 449 4657 καὶ
500 4605 593 4658 τοῦ
641 4591 807 4658 τόπου
853 4604 1065 4676 χρείαν.
1113 4603 1187 4655 Οὐ
1217 4603 1325 4673 γὰρ
1357 4601 1453 4656 νῦν
1484 4601 1806 4669 ἐπιλέγειν
1839 4599 1925 4655 διὰ

355 4699 526 4751 ποίων
546 4697 795 4767 ὀργάνων
816 4696 1220 4766 πολιορκήσεις,
1238 4694 1372 4748 ἀλλὰ
1395 4691 1487 4747 τοῦ
1505 4691 1698 4764 καιροῦ
1719 4693 1752 4761 ἡ
1769 4691 1926 4764 χρεία

352 4789 554 4852 διδάξει
586 4805 646 4841 σε
680 4789 906 4841 ἕκαστα.

326 4929 330 4932 .
425 4880 530 4934 κθ’.
587 4882 698 4935 Καὶ
746 4881 856 4952 γὰρ
901 4882 1009 4933 εισι
1056 4880 1150 4932 καὶ
1179 4879 1236 4931 οἱ
1269 4876 1552 4947 λεγόμενοι
1583 4875 1729 4946 κριοὶ
1757 4877 1824 4931 δι’
1851 4869 1926 4931 ὧν

351 4971 424 5024 τὰ
451 4971 603 5041 τείχη
629 4971 938 5042 κρουόμενα
967 4971 1330 5041 συντρίϐεται.

426 5055 493 5108 λ’.
532 5057 651 5114 Εἰσὶ
677 5057 734 5109 δὲ
763 5058 856 5108 καὶ
874 5056 1070 5129 πύργοι
1099 5057 1207 5109 ἀπὸ
1229 5056 1404 5122 ξύλων
1434 5054 1800 5125 συγκείμενοι,
1831 5053 1927 5105 καὶ

355 5144 446 5199 διὰ
475 5133 693 5218 βυρσῶν
722 5148 756 5217 ἢ
781 5147 973 5216 ἑτέρας
1002 5147 1132 5216 ὕλης
1162 5148 1580 5216 ἐπιοκεπόμενοι
1601 5186 1617 5210 ,
1665 5145 1804 5209 ὥστε
1837 5145 1925 5198 διὰ

358 5237 529 5309 πυρὸς
564 5238 640 5309 μὴ
704 5237 1019 5307 φθείρεσθαι
1043 5253 1055 5264 ·
1107 5238 1298 5299 οἵτινες
1335 5239 1428 5289 καὶ
1457 5237 1545 5291 διὰ
1573 5237 1781 5309 τροχῶν
1812 5239 1925 5300 τοῖς

354 5329 562 5400 τείχεσι
625 5327 1058 5400 προσφερόμενοι
1118 5326 1227 5380 ἀπὸ
1276 5325 1444 5395 ὕψους
1495 5327 1762 5398 μάχονται
1815 5328 1926 5391 τοῖς

356 5423 418 5475 ἐν
445 5422 522 5493 τῷ
547 5421 736 5492 τείχει.
944 5467 948 5470 .

353 5583 356 5586 ἢ
428 5513 528 5567 λα’.
556 5513 664 5566 Καὶ
698 5510 926 5582 χελῶναι
949 5511 1007 5564 δὲ
1044 5509 1479 5581 προσφερόμεναι
1508 5508 1584 5580 τῷ
1611 5507 1799 5580 τείχει,
1835 5508 1930 5561 κα)⁸

357 5604 426 5659 τὰ
455 5604 682 5674 θεμέλια
710 5602 866 5672 ἐξορύ
875 5620 998 5656 σσου
1007 5621 1118 5658 σαι.

430 5697 530 5768 λβ’.
575 5699 681 5752 Καὶ
715 5697 907 5751 σκάλαι
941 5696 1180 5750 σύνθετοι
1216 5696 1248 5765 ἢ
1282 5695 1616 5748 ὲπιτεθεῖται
1643 5693 1716 5763 τῷ
1740 5692 1923 5761 τείχει,

2029 4497 2400 4565 temporisque
2419 4498 2852 4567 Opportunitatc.
2887 4497 3074 4570 Neque
3101 4503 3250 4555 enim
3277 4519 3423 4556 nunc
3457 4514 3599 4559 tem-

2027 4601 2131 4655 pus
2179 4595 2266 4641 est
2310 4600 2787 4655 commemorare,
2839 4593 3046 4662 quibus
3100 4594 3602 4650 machinationibus

2028 4680 2329 4748 obsidebis,
2359 4680 2456 4735 sed
2487 4683 2750 4754 temporis
2779 4686 3144 4741 commoditas
3181 4687 3397 4754 singula
3423 4696 3474 4741 te
3500 4687 3599 4740 do-

2023 4774 2197 4828 eebit.
2587 4839 2590 4842 ,

2097 4866 2187 4919 29.
2229 4865 2370 4934 Sunt
2419 4865 2564 4922 enim
2608 4869 2834 4935 arietes,
2883 4870 3083 4940 quibus
3132 4870 3368 4924 admotis
3398 4871 3597 4924 munda

2021 4965 2380 5026 rumpuntur.

2099 5049 2189 5104 50.
2227 5049 2367 5104 Sunt
2395 5059 2449 5104 et
2487 5059 2667 5106 turres
2703 5051 2916 5121 lignezr,
2949 5051 3180 5121 pellibus
3211 5053 3429 5122 aliaque
3478 5069 3595 5106 ma-

2031 5140 2167 5193 teria
2194 5152 2366 5204 tectaz,
2395 5153 2456 5196 ut
2485 5143 2610 5212 igne
2639 5143 2860 5196 minime
2883 5143 3200 5213 deﬂagreut,
3227 5161 3348 5213 qua:
3374 5155 3422 5198 et
3459 5147 3598 5200 rotis

2025 5229 2274 5285 adductae
2305 5235 2370 5286 ad
2402 5249 2612 5297 muros,
2642 5235 2889 5288 homines
2914 5249 2978 5288 ex
3007 5236 3117 5288 alto
3143 5251 3266 5289 eum
3295 5236 3385 5300 iis,
3417 5252 3508 5308 qui
3541 5239 3598 5301 in

2028 5333 2190 5374 muro
2215 5331 2342 5374 sunt
2370 5330 2676 5393 pugnantes
2705 5322 2960 5376 habeant.

2099 5496 2187 5552 5i.
2223 5496 2548 5554 Tcstudines
2581 5513 2797 5569 quoque
2829 5498 2894 5552 ad
2927 5515 3143 5555 murum
3175 5499 3447 5570 adjuncta:
3473 5498 3592 5554 fun-

2029 5595 2280 5652 damenta
2305 5593 2424 5662 ejus
2453 5601 2726 5646 evertunt.

2099 5685 2186 5738 5'2.
2241 5684 2414 5739 Scala:
2451 5684 2913 5754 qttoquejttiiet:t-,
2945 5684 3024 5743 rel
3054 5683 3118 5738 ad
3167 5697 3382 5742 murum
3423 5681 3591 5738 addu-
