4074 6222
330 299 441 363 897
1416 300 1749 363 TACTICA.
1788 321 1858 333 --
1890 295 2399 361 CONSTITUTIO
2422 301 2544 362 XV.

3470 300 3577 363 898

319 408 607 479 ὑποταγὴν
657 408 766 461 τῶν
820 406 1358 478 ἀντικαθισταμένων
1413 409 1663 479 ἐπιζητεῖ
1692 445 1709 471 ,
1762 404 1899 460 ἀλλὰ

2015 406 2241 461 hostium
2288 408 2685 477 subjectionem
2728 402 2947 479 qumril,
2995 408 3089 467 sed
3151 408 3339 479 gloriae
3383 419 3584 465 nostra!

318 502 485 570 δόξης
520 500 620 571 μὲν
650 499 789 562 ίδίας
818 499 910 552 καὶ
938 498 1126 569 τιμῆς,
1160 499 1436 569 σωτηρίας
1463 499 1519 551 δὲ
1552 498 1651 551 xui.
1684 497 1900 566 εὑεργε·

321 597 448 657 σίας
484 594 582 646 σὺν
613 589 896 660 ἐλευθερίᾳ
924 590 1033 643 τῶν
1069 590 1327 660 ὑπηκόων
1355 590 1547 661 αὑτῆς.

394 684 468 757 μ’.
498 682 685 747 Οὕτως
732 676 825 736 οὖν
868 682 1112 751 εὐμενῶς
1152 684 1266 750 τοῖς
1313 680 1774 752 προσερχομένοις
1820 694 1902 731 σοι

322 778 422 831 καὶ
454 772 917 842 ὑποτασσομένοις
945 773 1307 843 διακείμενος,
1338 772 1405 825 δι’
1435 772 1617 826 αὑτῶν
1654 769 1748 823 καὶ
1776 770 1902 831 τοὺς

326 869 494 940 μήπω
523 863 928 937 προσελθόντας
957 862 1237 936 οίκειὼσῃ.
1306 865 1352 916 Η
1383 863 1491 933 γάρ
1512 860 1898 933 τεθηριωμένη

322 961 420 1015 καὶ
442 957 653 1028 ἀπηνὴς
671 957 765 1009 καὶ
786 955 915 1019 τοὺς
945 954 1472 1026 ὑπο[τε]ταγμένους
1489 955 1568 1017 είς
1593 952 1902 1023 μετάμελον

325 1052 505 1122 φέρει,
535 1049 783 1112 καὶτοὺς
826 1047 992 1118 μήπω
1044 1046 1414 1115 ὑποταγέντας
1455 1044 1771 1099 ἀναστέλλει
1808 1044 1904 1098 καὶ

329 1141 532 1213 μᾶλλον
570 1137 1016 1211 προθυμοτέρους
1063 1139 1210 1190 ποιεῖ
1256 1135 1592 1190 κινδυνεύειν
1619 1134 1763 1204 ὑπὲρ
1803 1134 1903 1202 τῆς

323 1233 530 1296 οίκείας
561 1228 853 1300 σωτηρίας,
888 1228 921 1301 ἢ
954 1227 1061 1281 ὑπὸ
1096 1228 1284 1298 χεῖρας
1312 1225 1556 1280 τοιούτου
1594 1222 1902 1295 στρατηγοῦ

326 1319 570 1391 ἀπηνοῦς
609 1316 903 1387 ἐμπίπτειν
933 1357 949 1381 ,
990 1315 1084 1369 καὶ
1114 1316 1559 1386 ταλαιπωρήσεις
1595 1313 1904 1381 πολιορκῶν

326 1412 459 1473 ίσως
502 1408 598 1463 καὶ
650 1407 814 1479 μηδὲν
853 1405 1052 1460 ἀνύων.
1104 1405 1168 1459 Εί
1201 1406 1259 1459 δὲ
1304 1406 1510 1474 ἀγαθόν
1540 1421 1601 1458 σε
1660 1404 1905 1474 μάθωσιν

327 1501 478 1565 ὄντα,
514 1497 724 1569 ταχέως
751 1496 1043 1553 ἐνδώσουσι
1070 1500 1137 1569 τῇ
1170 1498 1439 1567 ὑποταγῇ.

403 1676 510 1751 μα’.
548 1678 660 1748 Τῆς
679 1677 788 1749 γάρ
818 1676 1091 1748 βασιλείας
1121 1674 1278 1747 ήμῶν
1310 1672 1370 1729 τδ
1396 1674 1624 1746 εὑμενὲς
1652 1674 1747 1728 καὶ
1768 1690 1903 1745 χρη-⁸

2004 498 2339 570 honorisque
2385 514 2573 565 causa,
2619 509 2672 556 et
2711 502 2911 556 salutis
2974 502 3479 573 beneﬁcentiaeque,
3532 510 3586 557 et

2003 589 2279 646 libertatis
2312 591 2682 659 subiectorum
2712 593 2909 662 gratia.

2072 682 2160 737 40.
2194 681 2496 738 Benevolus
2518 683 2685 751 igitur
2714 684 3000 752 subjectis,
3031 693 3194 756 atque
3217 686 3447 757 imperio
3476 695 3572 743 tuo

2002 772 2319 841 parentibus
2352 773 2399 828 si
2449 772 2641 839 fueris,
2672 775 2810 829 alios
2841 790 3058 846 quoque
3098 778 3194 832 tibi
3223 785 3281 832 ut
3329 795 3389 835 se
3443 782 3576 834 sub-

1998 862 2195 931 jiciant
2225 863 2571 921 conciliabis.
2608 865 2879 920 Eﬁ‘eratus
2911 867 3056 920 enim
3089 870 3325 933 animus,
3364 879 3419 925 et
3447 886 3575 925 cru-

2003 952 2162 1017 delis,
2198 954 2474 1023 subjectos
2506 956 2599 1010 tibi
2643 956 2697 1009 in
2732 972 2983 1026 magnam
3031 960 3368 1025 maestitiam,
3402 964 3582 1031 poeni-

2005 1046 2339 1116 tentiamque
2366 1037 2745 1116 'subjectionis
2798 1064 2912 1103 sua:
2957 1049 3205 1112 adducit,
3250 1060 3303 1105 et
3336 1066 3452 1117 eos,
3486 1053 3581 1123 qui

2005 1134 2246 1189 nondum
2281 1143 2375 1189 tuo
2415 1136 2644 1206 imperio
2688 1138 2920 1208 subjecti
2951 1148 3102 1202 sunt,
3142 1138 3249 1193 alio
3294 1149 3584 1209 avorat,ct

2006 1226 2305 1280 alacriores
2337 1228 2403 1281 ad
2447 1228 2867 1298 periclitandum
2924 1231 2990 1284 de
3042 1244 3139 1284 sua
3189 1232 3365 1287 salute
3416 1233 3580 1297 facit.

2006 1318 2189 1387 potius
2231 1334 2395 1388 quam
2452 1320 2506 1374 in
2556 1336 2754 1376 manus
2804 1329 2913 1375 tant
2950 1321 3191 1378 crudelis
3233 1324 3584 1393 imperatoris

2005 1409 2271 1475 veniant;
2299 1420 2352 1465 et
2387 1411 2616 1465 multum
2657 1411 2963 1466 obsidendo
2988 1412 3285 1478 laborabis,
3327 1424 3491 1485 atque
3516 1416 3583 1470 ad

2014 1510 2320 1556 extremum
2361 1501 2499 1555 nihil
2532 1503 2811 1572 proﬁcies.
2844 1504 2940 1558 Sin
2974 1505 3178 1560 bonum
3213 1512 3266 1561 te
3295 1507 3583 1563 intellexe-

2006 1591 2117 1645 rint
2138 1608 2284 1659 esse,
2316 1592 2479 1652 facile
2512 1608 2572 1648 se
2600 1594 2694 1651 tibi
2728 1594 2948 1649 dedent.

2074 1683 2165 1738 41.
2222 1682 2506 1740 Rectionis
2554 1693 2756 1740 nostra:
2799 1685 3215 1756 benignitatem,
3281 1686 3583 1742 bonitatem

333 1748 475 1835 στδν,
512 1769 606 1823 καὶ
643 1748 917 1839 εἰρηνικὸν
951 1768 1257 1838 ἀγαπώσης
1286 1766 1420 1837 πρὸς
1458 1767 1583 1830 τοὺς
1629 1764 1901 1833 ὑπηκόους

2015 1786 2059 1831 et
2096 1792 2307 1846 pacem,
2341 1776 2589 1834 laudabis
2623 1779 2764 1849 apud
2799 1748 3039 1849 eos,'qui
3080 1794 3175 1849 per
3202 1748 3257 1834 te
3282 1780 3384 1834 sub
3410 1779 3587 1848 impe-

329 1861 562 1931 όπηνίκα
588 1860 676 1914 διὰ
710 1859 803 1912 σοῦ
852 1860 989 1930 πρὸς
1044 1860 1194 1929 ἡμᾶς
1234 1858 1623 1928 προσχωρῆσαι
1667 1855 1903 1928 βουληθῇ

332 1955 366 2027 ἢ
400 1954 571 2018 πόλις,
606 1953 640 2026 ἢ
671 1952 948 2024 φρούριον,
978 1954 1012 2024 ἢ
1041 1952 1215 2017 ἔθνος,
1249 1953 1360 2013 τοῖς
1389 1951 1487 2021 τῆς
1515 1949 1789 2021 ἡμετέρας
1811 1948 1904 2001 εὑ-

334 2043 552 2115 μενείας
590 2042 918 2113 σπλάγχνοις
968 2060 1031 2096 σε
1066 2042 1148 2096 δεῖ
1193 2042 1427 2112 ἀφορᾷν,
1477 2039 1573 2093 καὶ
1616 2041 1714 2102 τὰς
1746 2038 1905 2109 ήμῶν

333 2134 620 2203 εὐμενείας
651 2133 745 2187 καὶ
777 2132 1076 2203 σωτηρίους
1117 2131 1395 2194 κελεύσεις
1424 2129 1555 2200 περὶ
1600 2127 1781 2183 αὑτῶν
1817 2128 1905 2182 δέ-

331 2223 520 2295 χεσθαι
554 2226 649 2279 καὶ
676 2227 920 2296 κρατεῖν.

404 2315 513 2387 μβ’.
550 2314 664 2371 Οὑκ
697 2316 825 2371 ἄνευ
869 2315 927 2369 δὲ
962 2314 1166 2369 σκοποῦ
1192 2313 1398 2385 νομίζω
1435 2313 1529 2367 καὶ
1574 2310 1734 2365 τοῦτο
1766 2310 1907 2363 ὥστε

334 2410 621 2478 γινώσκειν
670 2426 728 2462 σε
782 2406 1030 2479 ἀκριϐῶς
1073 2408 1259 2478 ὥσπερ
1289 2405 1386 2470 τὰς
1437 2405 1699 2477 ἡμερινὰς
1737 2403 1906 2473 ὧρας.

332 2500 503 2563 οὑτως
535 2500 630 2554 καὶ
674 2500 771 2563 τὰς
800 2499 1121 2571 νυκτερινὰς
1172 2498 1260 2552 διὰ
1291 2499 1389 2568 τῆς
1420 2497 1529 2551 τῶν
1568 2495 1909 2565 φαινομένων

336 2593 583 2665 ἀστέρων
629 2592 726 2645 καὶ
781 2592 880 2663 τῆς
933 2592 1159 2661 σελήνης
1192 2591 1479 2661 κινήσεων,
1508 2589 1595 2641 ἵνα
1641 2589 1697 2639 ὲν
1737 2585 1912 2657 καιρῷ

337 2684 683 2755 ὑποσχέσεως
710 2682 859 2755 ῶρας
898 2686 932 2757 ἢ
968 2683 1117 2755 παρά
1157 2683 1416 2754 προδότου
1462 2679 1908 2755 προτεινομένης.

335 2777 371 2849 ᾗ
413 2777 563 2847 παρὰ
600 2776 694 2829 σοῦ
740 2776 904 2829 αὑτοῦ
938 2774 1352 2849 ὲπινοουμένης,
1382 2774 1415 2844 ἢ
1451 2772 1508 2825 ἐν
1539 2769 1847 2839 πολιορκίᾳ,
1877 2769 1911 2839 ἢ

264 2886 268 2891 θ
338 2846 396 2921 έν
435 2846 710 2941 ὁδοιπορίᾳ
749 2846 1004 2937 ἀσφαλὴς·
1046 2867 1174 2937 περὶ
1212 2866 1273 2918 τὸ
1311 2864 1558 2933 σύνθημα
1588 2861 1683 2915 τοῦ
1718 2858 1912 2931 καιροῦ

337 2960 372 3032 ᾗ
402 2959 494 3012 τὸν
517 2958 744 3029 ὁρισμὸν
774 2957 1046 3031 ὑπάρχης.
1084 2957 1158 3009 Τὸ
1187 2955 1296 3025 γὰρ
1324 2953 1622 3023 ταχύτερον
1650 2953 1683 3023 ἢ
1711 2950 1913 3021 βραδύ-

2006 1871 2151 1925 rium
2182 1878 2433 1927 nostrum
2467 1872 2716 1937 veniunt,
2745 1872 2862 1928 sive
2891 1873 3110 1938 civitas,
3140 1872 3255 1928 sive
3276 1872 3585 1937 castellum,

2006 1966 2124 2020 sive
2157 1966 2310 2020 natio
2333 1965 2518 2034 aliqua
2554 1966 2738 2030 fuerit,
2783 1974 2837 2021 et
2883 1967 2936 2021 in
2985 1966 3354 2023 miserationis
3386 1975 3590 2021 nostrae

2010 2058 2221 2114 viscera
2251 2057 2573 2122 intueberis,
2623 2066 2682 2112 ut
2725 2059 2876 2113 mitia
2913 2059 3285 2131 salutariaque
3331 2058 3590 2113 mandata

2010 2156 2201 2202 nostra
2248 2148 2513 2219 recipiant
2547 2157 2709 2219 atque
2743 2149 3056 2206 observent.

2080 2326 2169 2380 42.
2211 2324 2328 2380 Non
2356 2326 2476 2382 sine
2509 2339 2675 2382 causa
2704 2325 2812 2380 hoc
2844 2325 2946 2380 abs
2976 2330 3027 2379 te
3059 2323 3455 2379 elaborandum
3479 2331 3591 2391 est,

2013 2426 2071 2471 ιιι
2092 2415 2554 2487 quemadmodum
2577 2414 2761 2471 divina
2786 2413 3151 2484 tempora,sic
3172 2413 3335 2470 etiam
3367 2421 3592 2469 noctur-

2014 2523 2080 2562 na
2120 2509 2294 2579 spatia
2325 2522 2594 2578 agnoscas
2619 2521 2688 2561 ex
2718 2506 2861 2561 lunae
2900 2506 3296 2575 stellarumque
3325 2515 3500 2569 motu,
3530 2514 3590 2559 ut

2013 2600 2079 2654 ad
2103 2600 2251 2654 hora:
2276 2599 2565 2668 promissae
2587 2605 2807 2667 tempus
2832 2597 2947 2651 sive
2971 2611 2999 2649 a
3024 2595 3304 2665 proditore
3323 2596 3588 2666 positum,

2014 2692 2130 2746 sive
2162 2706 2191 2745 a
2224 2693 2401 2762 teipso
2437 2690 2805 2760 excogitatum
2846 2690 2932 2743 vel
2971 2689 3026 2742 in
3068 2688 3376 2751 obsidione,
3415 2688 3501 2743 vel
3537 2690 3591 2742 in

2014 2783 2232 2847 itinere,
2295 2790 2482 2837 certus
2534 2781 2601 2835 de
2644 2790 2810 2851 pacto
2867 2780 3201 2849 deﬁnitaque
3244 2788 3485 2848 tempore
3526 2794 3594 2833 eo

2013 2878 2320 2945 pervenias.
2379 2873 2515 2928 Nam
2561 2872 2645 2927 vel
2689 2871 2947 2937 celerius,
3004 2869 3088 2924 vel
3137 2868 3346 2923 tardius
3411 2867 3597 2938 aliquo

2018 2963 2323 3032 pervenire,
2360 2976 2525 3031 quam
2566 2960 2929 3015 constitutum
2958 2969 3062 3023 est,
3085 2959 3427 3029 propositum
3468 2974 3595 3030 per-

337 3067 495 3114 τερον
520 3050 778 3113 πολλάκις
806 3048 1030 3119 φθάνειν
1062 3047 1161 3117 τῆς
1195 3044 1468 3114 συνταγῆς
1498 3044 1531 3115 ἢ
1562 3044 1656 3097 τοῦ
1682 3042 1910 3113 ὁρισμοῦ

2017 3069 2161 3125 saepe
2190 3064 2439 3108 nostrum
2465 3052 2799 3107 intervertit.

338 3143 618 3213 ἄπρακτον
650 3138 875 3209 εποίησε
907 3137 968 3192 τὸ
996 3137 1352 3208 προκείμενον
1381 3136 1561 3206 ἔργον.

412 3232 520 3305 μγ¹.
565 3230 949 3302 Ἐξερχόμενος
985 3230 1042 3284 δὲ
1092 3229 1232 3283 κατά
1280 3228 1382 3298 τῆς
1429 3224 1765 3298 πολιορκίας,
1799 3224 1909 3278 εἴτε

339 3326 427 3380 διὰ
455 3323 714 3397 προδότου
768 3323 877 3376 εἴτε
910 3321 1085 3385 άλλως
1117 3338 1256 3387 πως,
1300 3321 1458 3384 ὅσους
1490 3318 1633 3373 κατά
1658 3318 1758 3388 την
1794 3317 1911 3371 ὁδὸν

342 3416 686 3485 ὑπαντήσεις,
715 3410 1059 3480 ωλλάμὸανε
1112 3410 1320 3473 πάντας
1368 3410 1456 3463 διά
1494 3426 1656 3462 τινων
1706 3407 1910 3461 κα6αλ-

338 3506 541 3577 λαρίων
580 3501 1171 3576 προαποστελλομένων
1221 3502 1310 3553 ἐπ’
1349 3499 1500 3570 αὑτῷ
1526 3499 1723 3568 τούτῳο
1761 3498 1795 3568 ἢ
1822 3495 1911 3549 διὰ

340 3600 447 3653 τῶν
488 3598 626 3671 μετά
678 3594 773 3651 σοῦ
825 3593 1194 3667 στρατιωτῶν,
1221 3593 1307 3646 ἵνα
1355 3593 1430 3663 μὴ
1475 3592 1543 3645 δι’
1585 3590 1766 3644 αὑτῶν
1814 3590 1913 3641 ὲπο

342 3685 553 3748 ἑλευσίς
589 3701 685 3737 σου
721 3683 957 3754 μηνυθῇ·
991 3681 1061 3735 τά
1096 3681 1205 3752 γὰρ
1238 3679 1464 3734 τοιαῦτα
1493 3678 1637 3734 κατά
1665 3676 1772 3731 τῶν
1811 3693 1912 3730 πο-

340 3778 544 3848 λεμίων
599 3775 737 3848 ἔργα
790 3772 1072 3843 αἰφνιδίως
1120 3771 1226 3845 χρὴ
1258 3769 1504 3840 γίνεσθαι
1560 3768 1657 3823 καὶ
1712 3767 1913 3821 ἀνυπο-

344 3871 570 3940 νοήτως.
982 3852 985 3853 ν

415 3960 519 4032 με.
543 3962 713 4016 Ὅταν
734 3961 842 4033 γὰρ
870 3959 1288 4033 ἀπροσδοκήτως
1307 3955 1513 4030 ἐπέλθῃ
1536 3956 1677 4009 κατὰ
1705 3952 1916 4025 ἐχθρῶν

350 4052 683 4121 στράτευμα,
722 4050 827 4105 κᾶν
848 4048 1173 4120 όλιγώτερόν
1205 4049 1321 4100 ἐστι
1344 4047 1452 4101 τῶν
1484 4045 1781 4114 πολεμίων,
1829 4043 1916 4096 διὰ

346 4141 444 4211 τὴν
490 4141 823 4210 ἀνυφόρατον
884 4140 1182 4210 ἐπιδρομὴν
1236 4136 1528 4207 ἐκπλήττει
1576 4135 1702 4196 τοὺς
1760 4134 1914 4186 ἔναν-

349 4231 528 4297 τίους,
562 4230 665 4284 κάν
699 4232 792 4285 καὶ
821 4231 1126 4303 κρείττονάς
1163 4231 1298 4284 είσιν
1327 4229 1544 4282 ἐκεῖνοι·
1582 4231 1675 4279 καὶ
1704 4226 1768 4277 ὲκ
1794 4222 1916 4277 τού·-

346 4340 442 4378 του
479 4322 569 4377 διὰ
596 4321 805 4376 πολλῶν
832 4321 1078 4391 ἐκφοϐῶν
1110 4320 1307 4382 αὑτοὺς
1336 4317 1559 4372 δύνασαι
1594 4313 1790 4386 μᾶλλον
1810 4312 1918 4381 πρὸ

2080 3230 2171 3287 45.
2210 3228 2292 3283 Ad
2325 3227 2670 3285 obsidionem
2712 3240 2970 3298 egressus
3013 3225 3095 3281 vel
3135 3240 3235 3296 pro
3287 3224 3595 3294 proditore,

2013 3322 2095 3379 vel
2124 3336 2225 3393 pro
2258 3320 2364 3374 alia
2394 3318 2594 3389 quavis
2633 3318 2875 3381 ratione,
2906 3330 3045 3387 quos
3078 3317 3133 3369 in
3164 3316 3251 3370 via
3277 3314 3594 3380 odenderis,

2012 3428 2205 3468 omnes
2232 3411 2559 3482 quibusdam
2585 3408 2869 3479 equitibus
2900 3407 2965 3465 ad
2996 3407 3100 3461 hoc
3122 3407 3425 3477 praemissis
3451 3408 3595 3460 anti-

2013 3502 2156 3571 cipa,
2186 3502 2268 3556 vel
2299 3517 2395 3572 per
2419 3498 2621 3555 milites
2647 3508 2771 3555 tuos
2793 3499 2898 3554 hoc
2933 3498 3124 3565 facias,
3147 3506 3207 3553 ut
3236 3513 3305 3553 ne
3333 3512 3430 3569 per
3470 3498 3594 3554 illos

2016 3592 2261 3647 incursio
2286 3600 2379 3647 tua
2418 3590 2701 3646 indicetur
2732 3608 2747 3656 ;
2790 3591 2919 3646 talia
2948 3591 3093 3647 enim
3125 3590 3323 3648 bellica
3370 3590 3595 3663 negotia

2014 3683 2200 3741 subito
2228 3692 2283 3739 et
2310 3682 2377 3739 de
2406 3682 2711 3754 improviso
2748 3680 2903 3739 ﬁant.

2086 3952 2177 4009 ﬂ.
2206 3951 2439 4018 Quando
2475 3951 2622 4006 enim
2656 3950 2724 4006 de
2757 3948 3059 4020 improviso
3102 3945 3369 4002 adversus
3407 3944 3597 4001 hostes

2018 4044 2130 4100 ruit
2178 4044 2475 4111 exercitus,
2523 4041 2779 4114 quamvis
2822 4041 3055 4112 exiguus
3100 4038 3194 4103 sit,
3234 4044 3290 4094 et
3343 4037 3594 4093 hostibus

2018 4139 2177 4209 longe
2228 4137 2432 4202 minor,
2477 4144 2659 4189 tamen
2692 4140 2917 4204 propter
2947 4146 3047 4188 nec
3076 4131 3356 4201 opinatam
3406 4128 3597 4182 incur-

2019 4230 2232 4282 sionem
2265 4227 2455 4281 hostes
2477 4223 2649 4278 multo
2677 4225 2842 4277 etiam
2871 4222 3060 4291 plures
3080 4220 3391 4289 perturbat,
3435 4225 3597 4286 atque

2020 4320 2178 4382 adeo,
2199 4318 2243 4373 si
2259 4317 2527 4388 pluribus,
2545 4328 2706 4385 quam
2725 4312 2913 4367 hostes
2934 4319 3061 4367 sunt
3084 4311 3206 4364 illos
3226 4309 3475 4372 invadas,
3495 4323 3597 4377 po-

346 4415 442 4469 τοῦ
486 4410 759 4488 θαρρῆσαι
792 4413 989 4476 αὑτοὺς
1024 4407 1407 4464 οἰκειώσασθαι
1449 4408 1528 4467 εἰς
1562 4403 1624 4456 τὸ
1671 4402 1762 4455 σδν
1791 4401 1911 4471 βού-

2024 4409 2158 4465 teris
2188 4418 2480 4479 antequam
2532 4404 2636 4477 ipsi
2667 4402 2950 4477 colligant,
2991 4402 3047 4458 in
3082 4408 3410 4472 potestatem
3446 4409 3597 4455 tuam

347 4509 522 4668 MSS.
584 4594 773 4659 Οὕτως
837 4591 932 4647 οὖν
968 4589 1186 4645 ὲπειδάν
1247 4588 1281 4659 ἢ
1332 4587 1523 4655 πόλιν,
1573 4588 1607 4660 η
1659 4585 1918 4657 κάστρον,

347 4693 383 4765 ἢ
445 4692 573 4745 ἀλλο
613 4706 668 4743 τι
722 4688 1018 4759 ὀχύρωμα
1055 4681 1377 4754 παραλάϐῃς
1404 4720 1419 4746 ,
1472 4681 1567 4734 καὶ
1624 4677 1765 4750 λάσῃ
1808 4676 1920 4730 πέ-

350 4798 453 4853 ρας
483 4778 513 4834 ό
543 4781 801 4851 πόλεμος,
856 4778 931 4849 μὴ
965 4776 1169 4847 γενήσῃ
1220 4774 1390 4845 βαρὺς
1432 4771 1521 4826 διὰ
1561 4771 1662 4842 τὴν
1711 4771 1921 4840 εὐπρα-

349 4872 477 4939 γίαν
528 4872 561 4943 ἢ
590 4872 703 4932 τοῖς
732 4868 1151 4938 δυστυχήσασιν,
1175 4865 1213 4937 ἢ
1243 4865 1356 4927 τοῖς
1401 4862 1518 4932 ἀμα
1551 4863 1634 4916 σοὶ
1683 4861 1920 4929 ἐκστρα-

347 4962 620 5017 τεύουσιν.
674 4959 825 5029 Μηδὲ
881 4958 1051 5027 τῦφον
1114 4955 1208 5009 καὶ
1267 4955 1533 5025 ἀπήνειαν
1577 4952 1917 5023 περιφέρῃς,

348 5054 485 5109 ἀλλὰ
517 5052 576 5105 εὑ
585 5049 770 5122 μενὴς,
807 5046 883 5109 ὡς
903 5046 1138 5115 εἴρηται,
1163 5045 1256 5098 καὶ
1275 5043 1676 5113 φιλάνθρωπος,
1711 5042 1805 5094 καὶ
1826 5057 1922 5092 τα-

348 5145 659 5215 πεινόφρων
687 5141 837 5211 γίνου
856 5156 872 5171 ο
903 5136 1285 5209 φιλάνθρωπος
1319 5135 1416 5205 μὲν
1452 5134 1585 5205 περὶ
1617 5133 1743 5195 τοὺς
1777 5131 1919 5185 ἁλω-

349 5236 540 5299 θέντας
566 5236 661 5289 καὶ
687 5233 1153 5303 δυστυχήσαντας,
1182 5227 1321 5282 ἀλλὰ
1357 5226 1453 5280 καὶ
1475 5225 1611 5296 πρὸς
1636 5224 1761 5287 τοὺς
1791 5223 1922 5294 μέλ-

347 5328 539 5391 λοντας
570 5326 652 5379 ἔτι
681 5324 832 5396 παρά
862 5321 957 5376 σοῦ
981 5324 1016 5397 ἢ
1045 5317 1401 5391 πολεμεῖσθαι
1430 5319 1464 5391 ἢ
1492 5312 1917 5387 πολιορκεῖσθαι.

348 5418 745 5490 Ταπεινόφρων
777 5416 836 5469 δὲ
860 5414 989 5485 περὶ
1012 5415 1139 5476 τοὺς
1169 5411 1398 5483 πλησίον
1431 5408 1527 5462 καὶ
1555 5407 1766 5477 φίλους,
1793 5406 1921 5468 τοὺς

352 5514 453 5583 μὲν
475 5511 584 5583 γὰρ
618 5508 846 5577 πλησίον
876 5507 970 5560 καὶ
1010 5505 1198 5576 φίλους
1229 5504 1290 5557 οὑ
1326 5501 1485 5574 μόνον
1514 5500 1593 5563 είς
1618 5497 1811 5568 φθόνον
1854 5496 1919 5549 οὑ

346 5604 612 5675 κινήσεις,
652 5601 788 5656 ἀλλά
820 5599 1008 5661 καλεῖς
1037 5596 1200 5666 ζῆλον
1227 5594 1335 5649 τῶν
1365 5593 1568 5663 ὁμοίων
1599 5607 1692 5644 σου
1723 5606 1924 5660 κατορ-

349 5693 619 5767 θωμάτων
649 5692 936 5761 διεγερεῖς,
978 5690 1107 5753 τοὺς
1147 5689 1206 5742 δὲ
1263 5683 1669 5759 πολιορκεῖσθαι
1700 5683 1919 5756 μέλλον-

631 5787 901 5847 Ριτιιοι..
930 5784 1045 5847 Gn.
1094 5780 1274 5844 CVII.

2025 4500 2208 4643 Ἵιὲ
2212 4512 2340 4643 1ἶ.Ιή
2370 4587 2644 4643 civitatem
2694 4593 2790 4641 aut
2839 4582 3161 4649 castellum,
3205 4590 3299 4637 aut
3350 4581 3594 4653 aliquam

2026 4680 2385 4736 munitionem
2436 4678 2672 4748 ceperis,
2702 4686 2758 4732 et
2793 4677 3000 4732 exitum
3059 4674 3187 4730 belli
3237 4673 3451 4730 felicem
3490 4672 3594 4726 ha-

2024 4769 2404 4835 bueris,nesis
2418 4776 2641 4839 propter
2670 4782 2757 4823 res
2788 4767 2924 4822 bene
2941 4765 3251 4836 gestas,‘vel
3281 4763 3595 4819 infortuna-
3710 4816 3713 4819 .

2024 4862 2095 4917 tis
2123 4860 2440 4916 hominibus
2470 4859 2673 4930 gravis,
2714 4858 2797 4913 vel
2826 4858 2956 4922 illis,
2986 4856 3081 4928 qui
3109 4856 3271 4912 simul
3308 4862 3485 4910 tecum
3524 4853 3595 4908 ad

2023 4955 2225 5027 bellum
2274 4951 2499 5023 profecti
2534 4959 2685 5007 sunt.
2728 4948 2918 5020 Neque
2955 4947 3125 5013 fastu,
3154 4955 3248 5001 aut
3281 4944 3599 5015 arrogantia

2024 5045 2291 5109 eﬁ‘eraris,
2336 5042 2430 5098 sed
2476 5041 2775 5104 humanus,
2807 5038 3080 5109 benignus
3138 5050 3204 5092 ac
3244 5037 3415 5092 comls
3438 5033 3538 5089 ﬁas
3575 5034 3599 5099 ;'

2026 5139 2302 5192 humanus
2330 5148 2459 5204 erga
2484 5133 2751 5202 captivos,
2778 5140 2942 5201 atque
2970 5128 3335 5185 infortunatos
3359 5133 3474 5180 tum
3499 5139 3598 5180 eos

2025 5229 2117 5300 qni
2152 5239 2299 5281 nunc
2331 5232 2483 5288 sunt,
2514 5230 2629 5276 tum
2658 5234 2754 5275 eos
2792 5233 3011 5290 quoque
3047 5217 3138 5289 qui
3170 5216 3270 5272 abs
3298 5224 3349 5271 te
3381 5223 3474 5269 aut
3499 5228 3601 5283 op-

2024 5314 2301 5390 pugnandi
2330 5321 2424 5369 aut
2446 5309 2732 5367 obsidendi
2765 5318 2893 5364 sunt
2926 5325 2943 5376 ;
2985 5307 3159 5363 comis
3194 5320 3324 5376 erga
3374 5302 3599 5375 prOpin-

2023 5424 2166 5482 quos
2195 5415 2250 5463 et
2278 5406 2506 5461 amicos.
2536 5401 2884 5473 Propinquos
2909 5400 3055 5456 enim
3078 5406 3134 5453 et
3158 5397 3365 5451 amicos
3388 5409 3498 5449 non
3530 5392 3600 5447 ad

2025 5481 2285 5556 invidiam
2337 5494 2608 5561 movebis,
2658 5491 2755 5549 sed
2795 5491 2863 5546 ad
2903 5488 3263 5546 imitationem
3292 5496 3348 5542 et
3372 5481 3601 5540 aemula-

2026 5591 2232 5646 tionem
2286 5601 2474 5644 rerum
2533 5592 2813 5656 gestarum
2872 5593 3093 5637 tuarum
3140 5577 3431 5636 excitabis.
3490 5572 3600 5629 Eos

2025 5697 2166 5755 quos
2205 5681 2538 5739 obsessurus
2570 5693 2651 5745 es,
2689 5674 3093 5734 obedientiores
3138 5670 3277 5738 tibi,
3315 5666 3603 5741 magisque
