4074 6222
451 260 561 326 899

1714 248 1987 310 LEONIS
2024 246 2452 309 PllILOSOPH
2460 249 2486 308 Ι

3635 243 3800 308 900

451 368 736 438 subjectos
764 361 1125 435 benignitatis
1156 368 1261 415 tuae
1286 356 1661 427 bonitatisque
1685 372 1781 427 spe
1814 355 2035 411 efﬁcies.

2163 373 2238 419 τας
2280 355 2553 419 εὐπειθεῖς
2582 354 2782 426 μᾶλλον
2806 353 2900 408 καὶ
2939 354 3405 423 ὑποταττομένους
3432 372 3516 407 σοι
3550 372 3800 427 παρα.-

454 460 581 515 ΙΙαιο
620 460 717 515 abs
756 468 807 512 te
842 454 1219 511 conservanda
1257 460 1407 518 sunt,
1450 452 1541 506 ubi
1592 452 1728 506 alios
1774 450 2036 507 invadens

457 554 714 610 obsidere
742 568 837 607 eos
862 552 1093 621 cogitas.

526 819 615 874 46.
672 816 751 881 Si,
793 816 941 886 quod
987 830 1129 886 saepe
1154 815 1446 886 contingit,
1480 814 1697 881 civitas,
1724 823 1817 870 aut
1843 814 2041 871 castel-

458 912 593 975 lum,
647 919 741 962 aut
783 908 894 962 ulla
939 907 1046 961 alia
1080 907 1315 962 munitio
1350 916 1441 961 tua
1481 905 1551 960 ab
1596 906 1850 962 hostibus
1893 905 2041 961 obsi-

457 998 634 1055 denda
667 1005 773 1063 est,
822 997 869 1052 si
919 997 1024 1053 hoc
1067 996 1280 1051 efﬁcere
1306 996 1625 1052 accessione
1651 1004 1741 1049 tua
1774 1002 1953 1066 potes,
1985 1002 2044 1051 ut

458 1089 675 1144 illorum
739 1089 997 1150 consilia,
1052 1096 1396 1153 conatusque
1449 1086 1651 1151 eleves,
1710 1084 1821 1141 Deo
1855 1086 2044 1157 gratia

460 1188 693 1251 agantur
726 1196 741 1245 ;
770 1178 853 1234 sin
888 1180 1097 1243 minus,
1131 1177 1393 1231 omnibus
1429 1178 1594 1232 rebus
1626 1190 1721 1231 eos
1749 1176 2043 1246 apparabis

462 1271 901 1341 atque-instrues
941 1269 1033 1340 qui
1065 1268 1354 1325 obsidendi
1381 1276 1532 1333 sunt,
1557 1267 1674 1324 sive
1702 1268 1820 1336 ipse
1854 1281 2044 1323 neces-

460 1363 626 1418 sitatc
665 1360 901 1429 quadam
930 1358 1221 1415 adfuturus
1256 1360 1356 1424 sis,
1400 1359 1517 1413 sive
1548 1357 1690 1412 alius
1718 1357 1990 1427 quispiam
2016 1372 2048 1413 e

461 1452 574 1507 tuis
611 1450 886 1521 praefectis
911 1450 1155 1523 prudens
1188 1458 1242 1504 et
1273 1451 1511 1521 peritus.

536 1659 626 1713 47.
679 1657 866 1713 Primo
905 1656 1070 1727 igitur
1117 1656 1298 1711 omnia
1349 1657 1413 1711 ad
1448 1666 1808 1713 commeatum
1852 1672 2047 1714 neces-

463 1752 609 1805 saria
660 1751 726 1807 iis
776 1750 870 1819 qui
917 1747 1206 1805 obsidione
1246 1749 1445 1805 inclusi
1500 1758 1651 1814 sunt,
1698 1752 2050 1820 praeparabit},

465 1846 613 1913 quod
637 1845 955 1899 satisfacere
980 1844 1089 1900 illis
1109 1859 1270 1899 omne
1291 1852 1507 1914 tempus
1524 1844 1831 1900 obsidionis
1861 1848 2053 1915 possit.

466 1938 776 2006 Praaparata
816 1936 929 2007 jam
978 1952 1165 1992 rerum
1216 1935 1659 1992 necessariarum
1695 1936 2054 2004 abundantia,

466 2030 777 2099 proximum
822 2038 928 2097 est,
966 2040 1026 2085 ut
1069 2029 1315 2084 inutilem
1351 2044 1566 2085 omnem
1604 2037 1841 2094 aetatem,
1866 2031 2057 2085 mulie-

472 2136 581 2183 res,
616 2134 798 2186 senes,
828 2119 1059 2186 debiles,
1086 2135 1309 2191 pueros,
1335 2126 1463 2175 ante
1489 2120 1730 2177 hostium
1764 2120 2054 2176 adventum

468 2229 498 2267 e
540 2212 849 2268 munitione
895 2212 1108 2281 ejicias,
1164 2221 1222 2267 ut
1256 2214 1485 2283 reliquis
1532 2214 1625 2283 qui
1659 2213 1868 2269 robusti
1898 2214 2057 2269 babi-

476 2302 672 2372 lesque
707 2311 837 2358 sunt
864 2303 1121 2359 alimenta
1147 2303 1457 2359 sufﬁciant:
1486 2311 1600 2358 tum
1626 2304 2060 2360 machinationes

468 2392 715 2462 quaedam
749 2394 815 2449 ad
846 2394 1218 2466 depulsionem
1267 2411 1662 2466 manganorum
1734 2411 1866 2452 saxa
1922 2411 2058 2450 con-

467 2486 794 2555 jicientium,
825 2487 895 2544 ab
928 2487 995 2544 iis
1019 2489 1115 2558 qui
1151 2487 1477 2544 obsidentur
1499 2488 1881 2559 comparandae
1910 2496 2057 2543 sunt.

544 2683 634 2738 48.
678 2684 1007 2754 Huiusmodi
1046 2686 1483 2756 conjectionibus
1512 2687 1854 2757 objiciuntur
1884 2687 2061 2742 cilicia

476 2774 773 2845 pendentia
814 2791 845 2831 e
880 2775 1065 2845 pinnis
1114 2787 1272 2832 extra
1308 2792 1518 2843 muros,
1569 2777 1652 2832 vel
1693 2778 1939 2843 sarcinae,
1982 2777 2065 2832 vel

478 2870 639 2925 l'nnes
689 2870 949 2935 contorti,
985 2870 1066 2925 vel
1111 2871 1340 2941 pontila,
1370 2873 1452 2926 vel
1490 2872 1633 2942 ligna
1678 2871 2063 2941 prominentia.

478 2966 571 3014 aut
606 2959 865 3014 lateribus
899 2975 1064 3030 agger
1092 2967 1218 3016 ante
1274 2962 1474 3032 pinnas
1499 2970 1836 3018 exstructus.
1862 2962 2063 3018 Aristi-

2143 452 2431 516 σκευάσεις
2468 451 2556 507 διὰ
2594 452 2691 522 τὴν
2737 448 3100 520 ἐλπιζομένην
3132 449 3283 520 παρὰ
3316 448 3411 502 σοῦ
3438 450 3798 520 εὐμένειαν

2144 547 2236 599 καὶ
2274 544 2604 614 ἀγαθότητα.
2641 540 2828 596 Ταῦτα
2864 542 2963 611 μὲν
3008 539 3505 610 παρακελευόμεθα
3538 557 3645 593 σοι
3668 580 3689 604 ,
3738 533 3798 593 ὦ

2145 636 2442 705 στρατηγὲ,
2501 633 2941 704 παραφυλάττειν
2969 671 2986 697 ,
3043 631 3174 686 ὅταν
3227 630 3393 694 αὐτὸς
3442 629 3799 699 πολεμίοις

2146 726 2398 781 ἑπελθὼν
2438 726 2745 796 πολιορκεῖν
2770 725 2838 777 τὰ
2868 724 3095 778 ἐκείνων
3120 722 3343 794 μέλλῃς.

2220 818 2339 890 pg“.
2378 820 2441 873 El
2469 819 2536 885 δ’,
2563 820 2705 888 ὅπερ
2726 817 2988 881 πολλάκις
3031 816 3345 886 συμϐαίνει,
3369 814 3533 877 πόλις
3576 816 3612 887 ἢ
3654 812 3794 866 κά-

2147 926 2331 979 στρον,
2365 910 2399 979 ἦ
2427 927 2480 963 τι
2507 909 2693 977 ἕτερον
2730 907 2995 978 ὀχύρωμα
3023 906 3129 960 ὑπὸ
3172 905 3234 958 σὲ
3269 905 3521 977 ὑπάρχον
3554 904 3792 973 μέλλει

2148 1000 2304 1070 παρὰ
2334 998 2609 1070 πολεμίοιν
2645 997 3073 1069 πολιορκεῖσθαι,
3125 999 3175 1051 εί
3215 997 3315 1067 μιν
3344 997 3583 1050 δύνασαι
3614 997 3791 1058 τοὺς

2149 1089 2554 1161 ἑπερχομένους
2591 1087 2960 1159 ἐπιτηδεῦσαι,
2992 1087 3087 1143 καὶ
3116 1088 3397 1157 ἄπρακτον
3431 1085 3628 1138 αὐτῶν
3668 1085 3787 1139 διὰ

2149 1181 2248 1250 τῆς
2280 1180 2377 1251 σῆς
2405 1178 2714 1250 προσϐολῆς
2764 1179 2863 1248 τὴν
2914 1177 3111 1248 βουλὴν
3152 1175 3458 1240 ἀποδεῖξαι,
3491 1174 3581 1246 τῷ
3624 1174 3786 1243 Θεῷ

2150 1272 2328 1344 χάρις·
2355 1271 2483 1325 εἰδὲ
2516 1271 2680 1342 μήγε,
2715 1269 2935 1334 πάντως
2966 1268 3409 1340 παρασκευάσεις
3436 1268 3575 1331 τοὺς
3615 1268 3783 1337 μέλ-

2151 1364 2362 1429 λοντας,
2395 1361 2818 1432 πολιορκεῖσθαι·
2842 1363 2950 1416 εῖτε
2979 1361 3140 1424 αὐτὸς
3173 1358 3387 1431 μέλλεις
3406 1359 3465 1425 ἐξ
3482 1359 3780 1429 ἀνάγκης

2150 1457 2297 1520 τινὸς
2330 1456 2448 1509 ἐκεῖ
2469 1457 2743 1525 παρεῖναι,
2776 1455 2885 1508 εῖτε
2926 1453 3114 1524 ἕτερός
3138 1470 3224 1517 τις
3262 1452 3372 1507 τῶν
3396 1453 3502 1507 ύπδ
3542 1452 3611 1506 σε
3652 1452 3780 1521 ἀρ·-

2153 1550 2356 1619 χόντων
2387 1549 2528 1620 ἀνὴρ
2557 1548 2841 1619 ἐλλόγιμος
2872 1550 2967 1601 καὶ
2997 1547 3281 1619 ἔμπειρος.

2230 1661 2337 1733 μζ’.
2385 1663 2607 1733 Πρῶτον
2648 1662 2747 1732 μὲν
2799 1663 3054 1716 ἁπάντων
3103 1660 3209 1731 χρὴ
3262 1660 3372 1712 τῶν
3413 1656 3770 1727 ἀναγκαίων

2157 1755 2237 1817 είς
2289 1753 2605 1824 άποτροφὴν
2657 1753 2939 1824 φροντίσαι
2986 1753 3095 1806 τῶν
3149 1751 3552 1820 ὲγκλειομένων
3615 1750 3768 1802 ὅσον

2156 1841 2304 1910 οἶδας
2334 1845 2427 1899 τὸν
2449 1845 2642 1917 ἐχθρὸν
2674 1846 2926 1915 ἐξαρκεῖν
2956 1844 3049 1897 ἐπὶ
3078 1845 3145 1916 τῇ
3185 1842 3472 1914 πολιορκίᾳ
3514 1842 3761 1913 χρόνον,

2156 1940 2250 1993 καὶ
2285 1940 2333 1992 εί
2370 1938 2470 2010 μὲν
2499 1938 2726 2009 εὐπορία
2752 1937 2870 1992 ἐστὶ
2897 1937 3165 2006 τοσαύτης
3181 1936 3516 2008 ἀποτροφῆς.
3554 1934 3767 1989 Ἐπεί-

2156 2050 2239 2085 τοι
2272 2050 2336 2101 γε
2364 2032 2461 2102 τὴν
2491 2032 2762 2104 ἄχρηστον
2802 2031 3018 2102 ἠλικίαν
3056 2030 3252 2083 ἔκϐαλε
3298 2033 3362 2083 ἐκ
3390 2029 3483 2082 τοῦ
3523 2028 3763 2100 ὀχυρώ-

2165 2141 2332 2194 ματος
2379 2123 2485 2192 πρὸ
2516 2124 2615 2192 τῆς
2645 2124 2753 2176 τῶν
2792 2123 3003 2193 ἐχθρῶν
3038 2123 3366 2193 παρουσίας·
3398 2118 3508 2174 οἷον
3540 2123 3759 2189 γυναῖ-

2161 2232 2285 2282 κας,
2325 2215 2611 2286 γέροντας,
2636 2215 2902 2281 ἀσθενεῖς,
2942 2213 3273 2277 καὶπαιδία,
3296 2214 3381 2266 ἵνα
3408 2214 3516 2276 τοῖς
3554 2214 3618 2266 ὲν
3647 2212 3756 2264 δυ-

2160 2308 2319 2378 νάμει
2353 2306 2501 2360 οὖσιν
2532 2307 2994 2378 ῆεύρισκομένοις
3021 2308 3054 2379 ἡ
3085 2306 3296 2377 δαπάνη
3320 2305 3617 2376 ἐξαρκέσῃ⁸
3646 2305 3757 2359 καὶ

2162 2400 2249 2452 ἵνα
2279 2402 2306 2453 ὁ
2347 2400 2555 2469 μέλλων
2598 2398 3002 2471 πολιορκεῖσθαι
3049 2398 3454 2470 προευτρεπίσῃ
3486 2400 3754 2469 μηχανή-

2165 2510 2309 2563 ματα
2339 2491 2691 2563 ἀντικείμενα
2723 2491 2859 2563 πρὸς
2889 2492 2985 2564 τὴν
3023 2492 3297 2564 ἀποσοὸὴν
3329 2491 3437 2546 τῶν
3472 2492 3755 2562 πετροϐόο

2164 2584 2270 2638 λων
2300 2584 2596 2657 μαγγάνων
2624 2584 2733 2638 τῶν
2759 2584 2989 2656 ἐχθρῶν.

2240 2680 2355 2753 μη’.
2393 2680 2751 2735 Ἀντίκεινται
2783 2680 2839 2734 δὲ
2874 2682 2994 2743 ταῖς
3015 2677 3291 2744 τοιαύταις
3322 2678 3503 2749 βολαῖς
3528 2677 3751 2731 κιλίκια.

2166 2772 2488 2843 κρεμάμενα
2515 2772 2713 2838 ἔξωθεν
2745 2770 2839 2824 τοῦ
2866 2771 3082 2841 τείχους
3113 2770 3253 2824 κατὰ
3280 2771 3406 2835 τοὺς
3438 2767 3748 2842 προμαχῶ-

2166 2865 2359 2937 νας,ἢ
2414 2864 2664 2934 σάρκινα,
2709 2864 2743 2935 ἢ
2812 2862 3021 2933 σχοινία
3075 2862 3357 2932 είλημένα,
3411 2864 3445 2935 ἢ
3491 2862 3744 2926 πόντιλα,

2167 2958 2283 3029 ἦτοι
2320 2956 2451 3022 ξύλα
2496 2954 2841 3026 κρεμάμενα,
2888 2954 2986 3010 καὶ
3029 2950 3247 3017 πλίνθος
3274 2953 3331 3006 δὲ
3364 2954 3420 3007 ἐν
3452 2954 3560 3017 τοῖς
3603 2970 3747 3023 προ-

478 3050 583 3106 bus
619 3058 799 3103 autem
828 3050 1043 3115 telaria,
1079 3058 1136 3106 et
1164 3052 1311 3107 sacci
1350 3053 1493 3123 pleni
1528 3052 1705 3123 palea,
1742 3060 1905 3123 atque
1936 3066 2059 3109 are-

2168 3047 2415 3119 μαχῶσιν
2470 3045 2894 3116 οίκοδομουμένη
2921 3086 2937 3113 ,
2994 3046 3088 3099 καὶ
3124 3044 3260 3116 πρὸς
3304 3045 3430 3107 τοὺς
3461 3043 3647 3114 κριοὺς
3679 3044 3744 3096 δὲ

478 3157 546 3196 na
579 3153 952 3213 opponuntur.

550 3326 645 3383 49.
685 3325 765 3381 Ad
800 3326 1105 3384 testudines
1138 3328 1407 3401 barpages
1442 3331 1777 3402 praeparandi
1829 3338 1977 3401 sunt,
2006 3332 2060 3387 id

480 3427 564 3472 est
619 3417 763 3486 ligna
817 3432 1014 3490 magna
1056 3418 1342 3489 cuspidata
1376 3421 1575 3491 picata,
1606 3429 1667 3476 ut
1703 3422 1788 3477 vel
1813 3432 2062 3478 avertant

479 3523 597 3571 eas,
631 3509 713 3564 vel
738 3510 919 3564 levent
954 3519 1007 3565 et
1032 3510 1242 3566 nudent
1276 3510 1566 3571 interiores
1609 3513 1899 3571 testudinis
1932 3529 2059 3584 par-

483 3607 587 3666 tes,
623 3608 677 3655 et
708 3599 764 3655 in
799 3600 922 3656 illos
953 3615 1018 3657 ex
1042 3603 1321 3673 superiore
1353 3604 1471 3659 loco
1514 3603 1748 3663 nudatos
1780 3604 2058 3659 invadant.

552 3806 644 3861 50.
696 3804 792 3859 Pix
830 3804 998 3871 adsit,
1026 3820 1133 3875 qua
1180 3806 1394 3861 nudatae
1424 3805 1728 3862 testudines
1754 3806 2062 3863 incendun-

484 3904 594 3959 tur,
619 3903 673 3949 et
719 3895 864 3965 ignis
902 3895 1217 3965 lapidesque
1256 3910 1453 3967 graves
1504 3897 1798 3953 acuminati
1840 3914 2062 3970 manga-

488 3984 574 4041 nis
622 3972 949 4053 quibusdam
1001 3999 1032 4039 e
1087 3985 1369 4054 superiore
1424 3985 1546 4041 loco
1590 3987 1674 4042 vel
1705 3985 1949 4054 funibus,
1978 3982 2064 4044 vel

486 4073 696 4129 catenis
759 4073 1019 4140 demissi,
1063 4084 1118 4130 et
1166 4074 1290 4131 aliis
1351 4074 1677 4146 quibusdam
1729 4077 2063 4147 ponderibus

488 4163 662 4219 altero
696 4164 751 4219 in
801 4163 923 4219 fine’
950 4164 1209 4236 mangani
1239 4164 1307 4221 ad
1338 4164 1707 4222 sublevandos
1735 4166 1934 4223 iterum
1978 4168 2063 4223 la-

487 4254 642 4329 pides
671 4255 887 4326 positis.

557 4348 647 4403 5i.
680 4348 761 4404 Ad
797 4359 975 4406 turres
1002 4351 1291 4419 abductas,
1318 4353 1498 4425 ignem
1525 4362 1578 4408 et
1610 4369 1741 4410 saxa
1788 4353 2063 4425 ejicientia
2099 4387 2146 4443 υ

488 4441 855 4497 instrumenta
890 4445 1105 4514 aptabis
1135 4463 1149 4499 :
1181 4445 1267 4501 sin
1332 4447 1437 4502 hoc
1473 4447 1635 4502 modo
1687 4462 1796 4502 non
1840 4445 2063 4515 profici-

490 4542 601 4597 tur,
630 4533 770 4590 alias
798 4520 980 4593 turres
1018 4537 1106 4592 vel
1138 4552 1204 4593 ex
1231 4538 1414 4610 lignis.
1468 4540 1552 4596 vel
1584 4555 1651 4596 ex
1678 4540 1787 4595 alia
1815 4539 2071 4610 quapiam

487 4624 719 4693 materia
746 4625 959 4699 erigere
1003 4641 1122 4695 eos,
1153 4630 1248 4698 qui
1282 4631 1432 4688 intus
1466 4631 1845 4698 includuntur,
1875 4633 2069 4688 adver.

488 4729 610 4785 sum
638 4730 759 4781 eos,
790 4716 886 4787 qui
936 4716 1077 4775 foris
1123 4718 1401 4787 obsident,
1455 4723 1536 4777 vel
1576 4722 1841 4779 adversus
1901 4736 2068 4792 quas-

486 4820 705 4874 cunque
745 4808 964 4865 illorum
996 4809 1455 4879 machinationes,
1493 4814 1631 4869 alias
1665 4829 1836 4871 novas
1876 4823 2068 4869 contra

487 4892 610 4951 illos
644 4896 824 4951 moliri
846 4907 1083 4968 oportet,
1110 4898 1572 4969 quemadmodum
1608 4901 1899 4972 diligenter
1943 4918 2068 4973 per-

488 4988 747 5045 tractanti
791 4990 978 5044 animo
1008 4988 1171 5045 facile
1199 4989 1350 5047 factu
1385 4989 1573 5047 fuerit.

560 5076 653 5132 52.
686 5075 893 5134 Turres
922 5081 1379 5153 propugnatrices
1419 5082 1663 5139 virorum
1709 5084 1936 5142 minime
1980 5102 2070 5142 re-

486 5174 603 5222 ctas
634 5182 757 5223 esse
788 5177 1024 5240 Oportet,
1062 5178 1121 5229 ut
1154 5173 1361 5230 milites
1404 5173 1577 5231 libere
1605 5191 1672 5232 ex
1708 5191 1777 5233 eo
1804 5177 1927 5235 loco
1966 5194 2069 5250 pu-

487 5270 659 5328 gnare
692 5261 927 5329 possint,
954 5272 1009 5319 et
1032 5278 1303 5337 mangana
1332 5264 1515 5323 facilia
1551 5281 1827 5340 ponantur
1850 5279 1905 5328 et
1935 5287 2069 5329 con-

487 5345 766 5418 ﬁciantur,

561 5436 651 5495 53.
688 5440 927 5501 Portula:
986 5453 1167 5504 autem
1224 5450 1538 5522 bujusmodi
1587 5454 1644 5509 in
1702 5457 1952 5513 turribus
2001 5458 2069 5514 ad

489 5525 632 5620 latus
666 5546 929 5606 angustat,
959 5538 1206 5596 dextram
1239 5543 1293 5595 in
1343 5552 1551 5612 partem
1603 5547 1937 5616 aperiantur,
1959 5565 2067 5620 qua

487 5616 729 5681 bostlum
777 5641 1046 5701 mangana
1093 5632 1443 5703 emittuntur,
1480 5644 1539 5691 ut
1573 5637 1781 5708 pedites
1811 5655 1841 5697 ο
1876 5616 2068 5712 portu-

2161 3138 2490 3191 ἀντίκεινται
2519 3137 2750 3207 τυλάρια
2795 3136 2892 3189 καὶ
2931 3136 3133 3189 σακκία
3173 3135 3411 3206 γέμοντα
3437 3135 3609 3205 ἄχυρα
3643 3135 3745 3186 καὶ

2161 3229 2408 3299 ψάμμον.

2237 3317 2345 3391 μθ’.
2382 3320 2526 3387 Πρὸς
2551 3320 2607 3373 δὲ
2636 3319 2734 3383 τὰς
2753 3318 2993 3389 χελώνας
3024 3318 3294 3391 ἅρπαγες,
3326 3320 3438 3390 licet
3479 3316 3606 3382 ξύλα
3637 3335 3735 3387 με-

2161 3414 2303 3484 γάλα
2329 3413 2516 3484 ἔχοντα
2541 3414 2668 3483 ξίφη
2687 3413 3195 3484 καὶὲμπισσόμενα,
3222 3411 3363 3465 ὥστε
3387 3413 3419 3484 ἢ
3444 3410 3738 3482 ὲκστρὲψαι

2163 3503 2351 3575 αὐτὴν,
2407 3503 2441 3577 ἢ
2495 3503 2847 3573 ἀναλωφῆσαι
2900 3505 2992 3555 καὶ
3022 3504 3306 3572 γυμνῶσαι
3366 3502 3490 3565 τοὺς
3541 3500 3739 3553 ἔσωθεν

2162 3596 2259 3667 τῆς
2291 3597 2544 3667 χελῶνος,
2582 3597 2678 3649 καὶ
2724 3592 2897 3659 οὕτως
2942 3595 3082 3649 κατὰ
3111 3593 3287 3649 αὐτῶν
3314 3593 3582 3663 ἐγχειρεῖν
3608 3592 3737 3647 ἄνω-

2165 3686 2279 3741 θεν.

2235 3776 2297 3831 ν’.
2333 3776 2493 3830 una
2546 3776 2641 3829 καὶ
2699 3775 2889 3842 πίσσα,
2940 3776 3006 3829 δι’
3040 3771 3108 3849 ἧς
3163 3774 3495 3845 κενουμένης
3526 3777 3735 3846 ἐμπρη-

2165 3868 2475 3939 σθήσονται,
2525 3870 2620 3923 καὶ
2668 3867 2779 3940 πῦρ
2850 3871 2921 3923 ἀὶ
2959 3869 3096 3922 λίθοι
3138 3868 3324 3940 βαρεῖς
3377 3869 3731 3937 κατάκεντροι

2164 3960 2275 4015 ἀπὸ
2322 3961 2616 4031 μαγγάνων
2658 3960 2812 4029 ἄφνω
2858 3960 3163 4032 χαλώμενυι
3215 3959 3302 4013 διὰ
3343 3960 3584 4029 σχοινίων
3612 3957 3730 4025 ἢτοι

2167 4051 2434 4117 ἁλύσεων,
2466 4052 2560 4107 καὶ
2590 4051 2752 4107 πάλιν
2778 4049 3164 4122 ἀνασπώμενοι
3198 4050 3265 4104 δι’
3298 4050 3497 4119 ἑτέρων
3524 4045 3729 4102 ἀντιϐα-

2167 4145 2449 4215 ρημάτων.

2239 4361 2341 4409 να’.
2372 4353 2513 4426 Πρὸς
2536 4353 2592 4408 δὲ
2610 4354 2735 4418 τοὺς
2765 4354 3141 4426 ἐπαγομένους
3180 4356 3426 4424 πύργους
3467 4351 3727 4424 πυροθόλα

2175 4445 2291 4516 εῖδη
2316 4446 2409 4499 καὶ
2434 4445 2774 4516 πετροϐόλοι,
2796 4447 2830 4515 ἢ
2853 4447 2901 4499 εί
2934 4446 3010 4516 μὴ
3036 4445 3193 4499 τοῦτο
3221 4446 3471 4516 emam.
3493 4442 3730 4512 άντιπύρ·

2172 4555 2304 4605 γους
2330 4537 2531 4608 ὁμοίως
2553 4538 2889 4608 οἰκοδομεῖνξ,
2931 4538 2962 4608 ἢ
3015 4537 3105 4591 διὰ
3147 4536 3340 4603 ξύλων,
3384 4536 3418 4606 ἢ
3457 4536 3526 4590 δι’
3555 4536 3731 4607 ἐτέρας

2174 4631 2306 4701 ὕλης
2357 4631 2485 4693 τοὺς
2529 4628 2733 4684 ἔσωθεν
2790 4628 2883 4683 τοῦ
2936 4628 3147 4699 τείχους
3172 4645 3185 4659 ·
3228 4629 3293 4684 ἄν
3346 4645 3427 4692 τις
3458 4627 3725 4696 ἐκείνωνῆ

2170 4722 2356 4786 ἁπλῶς
2384 4722 2458 4785 ὡς
2489 4722 2555 4776 ἂν
2581 4722 2805 4777 δυνατὸν
2833 4721 2968 4791 πρὸς
2991 4721 3090 4792 τὴν
3120 4721 3369 4792 μηχανὴν
3401 4720 3509 4772 τῶν
3550 4717 3725 4785 ἔξωθεν

2171 4813 2649 4884 ἀντιμηχανᾶσθαι
2694 4816 2822 4877 τοὺς
2877 4813 3101 4877 ἔσωθεν,
3156 4811 3339 4876 καθὼς
3368 4813 3426 4864 ὲν
3456 4810 3528 4880 τῷ
3559 4811 3724 4864 πλάτει

2175 4903 2313 4975 μετὰ
2339 4904 2533 4974 σχολῆς
2556 4904 2793 4974 ἐρευνῶν
2823 4904 3076 4975 εὑρήσεις
3110 4904 3247 4973 πρὸς
3299 4903 3539 4971 δκάστην
3570 4918 3723 4971 μηχα-

2172 4993 2267 5065 νὴν
2293 4994 2759 5065 ἀντεξευρημὲνα.

2242 5089 2339 5160 νβ’.
2375 5091 2699 5157 Ἀναγκαῖον
2728 5088 2785 5142 δέ
2806 5088 2923 5143 ἐστι
2946 5088 3074 5150 τοὺς
3102 5086 3347 5157 πύργους
3387 5087 3511 5149 τοὺς
3541 5085 3719 5156 ἐπιμά-

2171 5200 2300 5254 χους
2326 5180 2421 5236 τοῦ
2445 5181 2659 5252 τείχους
2693 5181 2953 5243 άσκεπεῖς
2987 5175 3151 5243 εἶναι,
3184 5178 3323 5232 ὥστε
3352 5178 3479 5240 τοὺς
3504 5175 3721 5246 μαχομέ-

2170 5291 2295 5337 νους
2328 5274 2621 5337 ἀκωλύτως
2642 5272 2852 5327 ἱκεῖθεν
2885 5272 3174 5343 μάχεσθαι,
3230 5271 3326 5323 καὶ
3375 5270 3445 5323 τὰ
3494 5268 3719 5337 μάγγανα

2169 5366 2416 5430 εὐκόπως
2442 5365 2685 5421 τίθεσθαι
2714 5365 2808 5419 καὶ
2840 5362 3253 5434 ἐξεργάζεσθαι.

2239 5458 2342 5527 νγ’.
2367 5460 2477 5513 Καὶ
2509 5458 2864 5530 παραπόρτια
2892 5459 2947 5513 δὲ
2972 5459 3030 5510 ἐν
3058 5461 3171 5520 τοῖς
3206 5457 3474 5517 τοιούτοις
3515 5452 3718 5524 πύργοις

2170 5554 2234 5606 ὲκ
2272 5549 2503 5618 πλαγίου
2533 5551 2695 5605 στενὰ
2720 5550 3034 5619 ἀνοίγεσθαι
3060 5549 3201 5605 κατὰ
3230 5548 3324 5603 τοῦ
3342 5545 3517 5613 δεξιοῦ
3547 5546 3717 5615 μέρους

2168 5642 2277 5697 τῶν
2307 5644 2736 5714 προσαγομένων
2787 5643 3086 5714 μαγγάνων
3139 5644 3205 5697 ὲκ
3230 5641 3340 5694 τῶν
3367 5636 3592 5709 ἐχθρῶν.
3618 5636 3715 5689 Ἴνσ
