4074 6222
354 353 452 418 901
1414 366 1747 428 TACTICA.
1793 393 1861 403 -
1894 367 2401 429 CONSTITUTIO
2432 371 2554 431 XV.
3517 378 3623 440 902

358 469 513 533 πεζοὶ
532 471 875 541 ἐξερχόμενοι
898 474 961 526 ὲκ
982 475 1090 529 τῶν
1112 479 1472 548 παραπυλῶν,
1499 482 1592 534 καὶ⁵
1620 482 1762 537 κατὰ
1784 482 1926 553 χεῖρα

2052 482 2120 539 lis
2148 491 2437 549 exeuntes,
2472 489 2527 538 et
2559 482 2732 538 scutis
2767 492 2889 552 apte
2929 498 2985 538 se
3009 490 3272 557 tegentes,
3329 490 3626 558 superiori-

352 560 627 630 ἁρμοδίως
654 563 764 624 τοῖς
799 566 1145 637 σκουταρίοις
1168 570 1522 641 σκεπόμενοι,
1560 573 1657 627 καὶ
1685 574 1791 628 ὑπὸ
1822 574 1926 629 τῶν

2036 575 2138 631 bus
2191 574 2366 645 adjuti
2427 589 2699 645 mangana
2766 576 3036 645 depellere
3085 578 3319 648 possint.
3376 580 3626 636 Habeant

353 650 563 704 ἄνωθεν
592 650 946 722 βοηθούμενοι
975 656 1229 713 δύνανται
1251 662 1540 717 ἀποσοϐεῖν
1560 664 1628 719 τὰ
1652 666 1927 736 μάγγανα.

358 742 542 811 Ἔχειν
568 742 624 795 δὲ
655 743 829 799 ταῦτα
856 746 1049 811 πύλας,
1077 749 1146 802 δι’
1175 743 1251 805 ὧν
1283 751 1402 806 δέον
1448 754 1842 823 ἀσφαλίζεσθαι
1874 758 1932 811 ὲν

353 833 552 905 καιρῷ,
583 836 676 888 καὶ
711 836 785 906 μὴ
820 838 1004 907 μένειν
1036 842 1381 911 ἡνεῳγμένα.

424 923 517 977 νδ¹.
561 926 909 998 Ἀποκρεμᾷν
939 929 995 983 δὲ
1032 932 1173 985 κατά
1222 932 1332 986 τῶν
1373 935 1752 1007 προμαχὼνων
1801 938 1932 1004 ξύλα

355 1013 528 1087 βαρέα
556 1017 716 1081 πάνυ,
752 1018 977 1089 κορμία,
1027 1023 1121 1075 καὶ
1183 1022 1384 1093 μύλους
1412 1025 1646 1091 λιθίνους
1670 1028 1757 1082 διὰ
1786 1046 1933 1100 σχοι-

357 1108 485 1160 νίων
513 1124 527 1138 ·
562 1108 653 1162 ἵνα
681 1109 775 1162 ἐὰν
822 1112 1145 1183 προσάψωσι
1198 1115 1403 1180 σκάλας
1444 1118 1524 1180 είς
1559 1118 1628 1172 τὰ
1648 1121 1801 1191 τείχη
1842 1139 1932 1175 κο-

355 1199 642 1268 πτομένων
661 1200 768 1254 τῶν
801 1202 1050 1272 σχοινίων
1084 1205 1419 1260 ἐπιπέσωσιν
1441 1208 1624 1263 ἐπάνω
1659 1210 1769 1265 τῶν
1798 1214 1931 1267 ἀνα-

354 1289 671 1354 ϐαινόντων,
712 1295 806 1346 καὶ
862 1294 1250 1368 διαφθείρωσιν
1302 1299 1522 1363 αύτούς.
1574 1300 1747 1355 Τοῦτο
1788 1302 1843 1357 δέ
1875 1308 1932 1358 ἐν

351 1383 539 1455 κύκλῳ
568 1384 659 1439 τοῦ
684 1386 896 1457 τείχους
942 1390 1194 1456 γενέσθαι
1238 1392 1554 1465 κελεύομεν,
1600 1396 1693 1450 καὶ
1730 1398 1931 1470 μηδένα

354 1476 562 1530 λείπειν
599 1480 993 1551 προμαχώνων,
1062 1485 1111 1537 εἰ
1163 1485 1410 1552 δυνατὸν,
1468 1489 1617 1553 ὅστις
1640 1492 1739 1545 οὐκ
1770 1491 1866 1566 ἔχῃ
1896 1494 1929 1564 ἢ

351 1565 497 1619 λίθον
535 1568 857 1640 βαρύτατον,
887 1572 1005 1642 ἦτοι
1041 1574 1229 1644 μύλον,
1284 1576 1316 1648 ἢ
1366 1577 1526 1645 ξύλον
1574 1582 1783 1652 μακρὸν
1837 1565 1931 1638 καὶ

357 1657 494 1729 βαρὺ
553 1661 717 1725 πάνυ,
754 1661 1055 1734 δυνάμενον
1090 1667 1378 1740 συντρίψαι
1426 1672 1520 1726 καὶ
1554 1672 1780 1740 σκάλαν,
1837 1677 1933 1730 καὶ

350 1750 475 1814 τοὺς
505 1752 591 1805 ἐπ’
622 1753 791 1823 αὐτῆς
810 1756 1217 1822 ἀναϐαίνοντας.

2034 677 2227 737 portas
2258 667 2425 722 etiam
2467 682 2606 737 quas
2631 675 2876 737 tempore
2899 668 3186 735 claudant,
3220 685 3397 740 neque
3421 683 3624 743 aperta:

2035 766 2311 815 maneant.

2120 954 2208 1011 54.
2238 954 2317 1009 Ad
2341 955 2548 1027 primas
2592 972 2869 1013 murorum
2897 969 3243 1031 apponantur
3270 962 3412 1034 ligna
3436 966 3622 1037 gravia

2035 1046 2351 1111 admodum,
2385 1048 2585 1114 trunci,
2623 1048 2832 1119 lapides
2862 1052 3120 1118 molares,
3155 1064 3213 1108 ut
3245 1054 3489 1122 funibus,
3520 1066 3617 1111 aut

2034 1134 2243 1191 catenis
2276 1136 2389 1191 haec
2421 1152 2658 1208 appensa
2694 1140 2748 1193 in
2776 1140 2965 1196 hostes
2999 1142 3367 1212 conjiciantur
3389 1184 3405 1212 ,
3440 1153 3495 1201 et
3523 1161 3621 1215 op-

2036 1226 2274 1296 primaut
2305 1226 2451 1283 illos.
2484 1228 2600 1283 Hoc
2627 1240 2808 1286 autem
2837 1231 3202 1290 circumcirca
3252 1251 3471 1291 murum
3504 1237 3619 1305 ﬁat,

2036 1334 2211 1389 neque
2254 1320 2422 1390 pinna
2470 1320 2579 1375 ulla
2610 1328 2989 1393 praetereatur,
3016 1328 3061 1381 si
3115 1325 3228 1382 ﬁeri
3263 1328 3461 1398 possit,
3501 1344 3621 1399 qna’.

2037 1425 2144 1464 non
2192 1410 2425 1481 lapidem
2459 1410 2694 1483 aliquem
2730 1429 3046 1485 pergravem
3078 1416 3337 1474 molarem
3395 1420 3617 1486 habeat,

2036 1503 2116 1558 vel
2141 1504 2345 1574 lignum
2374 1504 2590 1575 longum
2624 1511 2677 1560 et
2701 1521 2884 1576 grave,
2902 1508 3046 1577 quod
3079 1512 3416 1583 perfringere
3443 1513 3619 1568 valide

2036 1593 2234 1663 poterit
2299 1602 2409 1648 tum
2460 1594 2659 1660 scalas,
2713 1606 2825 1650 tum
2884 1595 3007 1654 illos
3063 1601 3156 1669 qui
3205 1616 3299 1661 eas
3354 1618 3621 1660 conscen-

2036 1680 2191 1737 dunt.

420 1848 513 1942 νεθ.
549 1843 668 1949 ῗίρὴ
689 1844 745 1898 δὲ
779 1846 873 1899 καὶ
896 1850 1266 1921 καταμερίσαι
1294 1853 1394 1925 τὴν
1425 1854 1676 1927 βοήθειαν
1704 1858 1773 1915 δι’
1805 1860 1926 1916 δλου

2103 1867 2191 1923 55.
2235 1868 2361 1924 llaec
2392 1878 2445 1925 et
2490 1871 2808 1942 huiusmodi
2839 1874 2959 1930 alite
3012 1891 3207 1947 graves
3240 1891 3330 1934 res
3363 1894 3459 1949 per
3494 1880 3618 1935 uui-

351 1928 447 1983 τοῦ
481 1930 714 2003 τείχους,
775 1937 870 1991 καὶ
900 1938 1045 2007 ἔχειν
1091 1940 1261 2012 ἀλλην
1281 1943 1511 2017 δύναμιν
1542 1948 1606 2002 ὲκ
1643 1953 1927 2022 περισσοῦ,

351 2022 460 2086 ἵνα,
486 2022 564 2095 τῷ
611 2025 849 2099 δεομένῳ
887 2028 1064 2102 μέρει,
1094 2032 1192 2086 ἐὰν
1219 2034 1382 2106 χρεία
1424 2038 1669 2110 γένηται,
1719 2020 1929 2115 βοηθῇ,

353 2117 447 2170 καὶ
480 2119 553 2190 μὴ
606 2121 1026 2191 ἀναγκάζωνται
1079 2128 1138 2180 ἐν
1169 2130 1346 2201 καιρῷ
1398 2132 1645 2205 ἀνάγκης
1668 2138 1732 2190 ὲκ
1762 2138 1929 2191 τόπου

351 2210 431 2273 είς
460 2210 625 2266 τόπον
661 2214 963 2287 διατρέχειν
1009 2219 1060 2273 οί
1103 2223 1241 2292 πρὸς
1270 2226 1673 2298 παραφυλακὴν
1702 2226 1796 2281 τοῦ
1823 2228 1933 2281 τεί-

350 2319 479 2370 χους
502 2305 854 2375 τεταγμένοι,
911 2309 1006 2362 καὶ
1062 2311 1126 2365 ἐκ
1159 2312 1349 2367 τούτου
1409 2317 1749 2386 γυμνοῦσθαι
1778 2337 1931 2385 τινας

349 2395 516 2448 αὐτοῦ
546 2395 768 2462 τόπους,
807 2400 946 2471 ὅπερ
978 2402 1126 2456 ἐστὶν
1157 2405 1517 2461 ἐπικίνδυνον.

420 2492 526 2551 νς’.
569 2487 696 2541 Ἐἀν
718 2488 774 2542 δὲ
799 2493 893 2543 καὶ
931 2490 1248 2563 διχοστασία
1268 2497 1385 2549 ἐστὶ
1413 2500 1563 2569 παρά
1592 2516 1756 2554 τινων
1784 2504 1843 2556 ὲν
1860 2504 1927 2575 τῇ

350 2576 531 2641 πόλει,
566 2577 600 2650 ἢ
640 2578 718 2650 τῷ
767 2580 1021 2653 κάστρῳ·
1055 2583 1224 2656 δέονῆ
1275 2588 1564 2654 κάκείνους
1615 2592 1929 2663 είρηνεῦσαι

352 2668 445 2721 καὶ
480 2670 743 2739 συμμίξαι
777 2672 833 2724 ὲν
863 2675 983 2737 ταῖς
1024 2673 1117 2728 τοῦ
1162 2675 1373 2747 τείχους
1423 2680 1781 2753 πεδατούραις
1803 2686 1930 2751 τοὺς

354 2760 691 2829 στρατιώτας
726 2764 811 2832 (ὲκ
840 2764 1033 2819 τούτου
1067 2768 1174 2838 γὰρ
1215 2769 1336 2823 οὐδὲ
1384 2770 1700 2845 εύκαιροῦσι
1741 2777 1929 2832 στάσιν

354 2849 646 2921 μελετῆσαι
690 2854 725 2925 ἢ
764 2856 904 2909 κατά
963 2856 1056 2910 τοῦ
1089 2858 1267 2913 κοινοῦ
1300 2859 1332 2931 ἦ
1386 2862 1507 2915 καθ’
1536 2865 1769 2932 ἑαυτῶν,
1794 2869 1931 2925 ἀλλὰ

350 2942 446 2994 καὶ
467 2940 750 3009 δοκοῦντες
780 2946 1027 3019 φυλακὴν
1050 2950 1150 3018 τῆς
1180 2949 1387 3015 πόλεως
1414 2955 1772 3027 πιστευθῆναι
1806 2960 1932 3029 ἐρυ-

351 3030 577 3105 θριῶσιν
598 3037 970 3109 νεωτερίσαι)·
998 3039 1146 3111 nam
1178 3042 1253 3113 μὴ
1283 3042 1463 3109 τοῦτο,
1491 3046 1710 3114 πάντως
1731 3050 1930 3113 αὐτοὺς

351 3127 748 3196 πρπξαγαγεῖν
769 3129 1024 3201 ἀλλαχοῦ,
1055 3131 1149 3186 καὶ
1191 3132 1358 3204 μηδὲν
1394 3134 1454 3202 ἐξ
1497 3136 1679 3192 αὐτῶν
1722 3138 1929 3211 ὑφορᾶ-

351 3216 476 3269 σθαι
505 3218 699 3272 παθεῖν
730 3220 972 3286 στάσεως
1002 3224 1061 3276 ὲν
1084 3226 1149 3295 τῇ
1194 3224 1504 3300 πολιορκίᾳ,
1537 3228 1679 3284 ἀλλά
1705 3231 1799 3285 καλ⁵
1823 3232 1925 3297 τὰς

349 3307 639 3376 προδοσίας
680 3309 987 3382 ὑφορᾶσθαι
1037 3315 1131 3368 καὶ
1161 3316 1593 3387 ἀσφαλίζεσθαι·
1652 3319 1794 3376 ὥστε
1848 3324 1925 3394 μὴ

346 3396 606 3481 δύνασθαί
635 3417 756 3453 τινα
788 3405 899 3466 τοῖς
931 3403 1210 3473 πολεμίοις
1239 3446 1254 3471 ,
1302 3408 1334 3477 ἢ
1382 3411 1636 3480 γράφειν,
1669 3412 1701 3481 ἢ
1728 3428 1924 3467 συντυ-

344 3492 461 3558 χεῖν
494 3470 650 3555 ἐκτὸς
677 3490 874 3563 βουλῆς
896 3492 990 3547 τοῦ
1016 3470 1448 3566 πεπιστευμένου
1482 3470 1579 3571 τὴν
1616 3470 1771 3555 πόλιν
1793 3503 1829 3573 ἢ
1863 3502 1926 3555 τὸ

346 3580 602 3652 κάστρον.

415 3760 512 3823 νζν.
545 3760 653 3814 Καὶ
676 3760 775 3825 τὰς
805 3761 981 3827 πύλας
1001 3763 1058 3816 δέ
1086 3763 1186 3833 τῆς
1213 3763 1420 3827 πόλεως
1449 3766 1658 3828 πιστοῖς
1695 3765 1922 3837 ἀνδράσι

346 3850 740 3923 παραδοθῆναι,
777 3854 871 3907 καὶ
922 3852 1045 3923 μηδ’
1094 3853 1231 3917 ὅλως
1286 3852 1556 3926 θαρρῆσαί
1613 3871 1769 3920 τινας
1816 3856 1924 3910 τῶν

348 3943 697 4013 στρατιωτῶν
738 3946 772 4016 ἦ
825 3944 1060 3999 πολιτῶν
1091 3947 1150 4001 ὲν
1190 3947 1304 4009 τοῖς
1357 3945 1661 4016 προοιμίοις
1690 3947 1924 4017 μάλιστα

345 4030 448 4101 τῆς
471 4032 788 4105 πολιορκίας
810 4034 1127 4108 ἐξὲρχεσθαι
1154 4034 1250 4089 τοῦ
1276 4034 1489 4105 τείχους
1513 4036 1608 4089 καὶ
1630 4036 1921 4107 μάχεσθαι,

348 4120 450 4174 κᾶν
481 4124 660 4194 συμϐῇ
694 4126 922 4190 πολλοὺς
956 4129 1049 4180 κα)⁵
1073 4126 1353 4197 γενναίους
1386 4129 1465 4190 είς
1493 4126 1745 4197 ἀνδρείαν
1783 4122 1923 4182 εῖναι

348 4212 475 4274 τοὺς
512 4214 1017 4286 ἐγκεκλεισμένους,
1050 4218 1146 4271 ἐὰν
1178 4219 1360 4289 μήπου
1400 4218 1590 4290 καιρὸς
1629 4217 1850 4288 γένηται
1887 4221 1920 4292 ἢ

351 4302 631 4371 μάγγανον
651 4306 902 4376 ἐνοχλοῦν
943 4310 1299 4375 ἐπικινδύνως
1331 4309 1409 4380 τῷ
1444 4309 1614 4381 τείχει
1653 4309 1924 4380 ἀποσοϐη-

349 4392 504 4464 θῆναι
560 4397 624 4449 ἐκ
657 4398 858 4469 χειρὸς,
906 4401 938 4470 ἦ
990 4418 1072 4463 τις
1115 4401 1277 4471 ἑτέρα
1324 4402 1485 4471 χρεία
1512 4402 1787 4469 ἀναγκαία
1829 4403 1922 4455 καὶ

2032 1973 2250 2015 versum
2353 1974 2571 2015 murum
2626 1962 2960 2029 dividantur,
3016 1967 3261 2038 aliasque
3320 1969 3509 2039 c0pias
3562 1971 3616 2025 in

2032 2060 2283 2122 promptu
2308 2052 2566 2117 habeant,
2606 2062 2667 2110 ut
2696 2054 2908 2111 afflicta;
2939 2058 3077 2129 parti
3115 2060 3290 2115 sicubi
3319 2076 3459 2132 opus
3495 2060 3617 2118 fue-

2044 2143 2112 2197 rit
2136 2154 2485 2209 succurrant,
2526 2155 2580 2202 et
2621 2163 2689 2203 ne
2739 2162 2768 2202 8
2818 2147 2943 2203 1000
2976 2150 3042 2205 ad
3093 2152 3271 2206 locum
3331 2167 3616 2209 murorum

2037 2233 2300 2289 custodes
2375 2245 2696 2301 excurrant,
2752 2236 2982 2307 locaque
3032 2239 3279 2309 quaedam
3343 2241 3623 2298 nudentur

2035 2321 2327 2390 praesidiis,
2370 2324 2516 2394 quod
2554 2325 2709 2379 valde
2746 2327 3118 2395 periculosum
3151 2336 3257 2384 est.

2099 2522 2188 2578 56.
2209 2521 2265 2577 Si
2294 2523 2562 2582 dissensio
2586 2526 2892 2598 aliquorum
2919 2530 2971 2584 in
3001 2530 3239 2597 civitate,
3269 2538 3362 2586 aut
3386 2531 3616 2588 castello

2032 2612 2216 2683 aliquo
2249 2614 2433 2679 fuerit,
2471 2616 2593 2673 illos
2656 2620 2966 2688 pacillcare,
3001 2630 3054 2675 et
3086 2621 3140 2677 in
3204 2621 3343 2677 muri
3392 2623 3620 2693 pedatu-

2033 2704 2109 2757 ris
2137 2718 2260 2757 cum
2292 2704 2504 2761 caeteris
2539 2706 2878 2777 conjungere
2909 2718 3127 2779 Oportet
3155 2728 3168 2765 :
3192 2694 3279 2765 ita
3312 2711 3401 2767 ﬁet
3430 2722 3488 2767 ut
3518 2728 3616 2769 ne-

2032 2807 2137 2863 que
2171 2792 2496 2849 seditionem
2552 2794 2757 2860 moliri,
2800 2794 2886 2850 vel
2940 2804 3137 2851 contra
3197 2798 3617 2869 rempublicam,

2032 2882 2115 2937 vel
2138 2892 2330 2937 contra
2351 2884 2563 2954 seipsos
2593 2883 2825 2955 possint.
2857 2885 2996 2940 Cum
3019 2887 3164 2943 enim
3198 2887 3451 2943 custodia
3482 2889 3616 2946 civi-

2034 2974 2165 3028 tatis
2197 2973 2305 3029 illis
2349 2974 2729 3030 commendata
2786 2976 2878 3040 sit,
2944 2977 3115 3033 rebus
3177 2980 3334 3035 novis
3398 2980 3620 3037 studere

2033 3064 2388 3118 erubescunt.
2445 3064 2541 3118 Sin
2578 3064 2679 3119 hoc
2710 3064 2827 3120 ﬁeri
2862 3074 3117 3136 nequeat,
3154 3068 3262 3122 alio
3312 3069 3620 3125 educantur

2038 3151 2163 3222 ipsi,
2201 3161 2256 3208 et
2287 3154 2660 3224 provideatur,
2686 3163 2747 3209 ut
2778 3170 2844 3210 ne
2865 3156 2997 3227 quid
3028 3157 3317 3215 seditionis
3342 3159 3444 3216 hoc
3467 3160 3615 3217 obsi-

2032 3243 2212 3301 dionis
2246 3255 2487 3315 tempore
2513 3262 2609 3315 per
2642 3247 2764 3303 illos
2795 3247 3122 3315 concitetur,
3152 3256 3246 3303 aut
3286 3250 3614 3320 proditionis

2030 3332 2233 3403 aliquid
2266 3333 2628 3402 suscipiatur,
2667 3341 2761 3387 aut
2809 3332 3061 3390 hostibus
3100 3335 3307 3403 aliquid
3366 3339 3613 3406 perscri-

2029 3422 2211 3490 batur,
2243 3433 2335 3480 aut
2374 3439 2498 3478 cum
2550 3423 2658 3478 illis
2694 3425 3155 3491 communicetur,
3192 3426 3299 3483 nisi
3334 3427 3448 3484 haec
3479 3444 3612 3485 con-

2028 3511 2174 3575 silio,
2209 3516 2264 3563 et
2314 3511 2611 3565 autoritate
2645 3519 2872 3567 senatus
2929 3516 3081 3579 ﬁant,
3130 3517 3215 3572 cui
3262 3517 3511 3574 custodia
3559 3528 3615 3576 et

2027 3613 2243 3656 summa
2277 3614 2459 3656 rerum
2483 3600 2587 3656 hoc
2613 3606 2730 3655 toto
2752 3600 3057 3660 obsidionis
3086 3611 3331 3676 tempore
3374 3622 3611 3665 concre-

2025 3691 2135 3745 dita
2159 3698 2265 3747 est.

2096 3779 2184 3835 57.
2223 3778 2461 3834 Portulte
2491 3777 2775 3834 civitatum
2816 3777 3068 3836 ﬁdelibus
3099 3780 3233 3837 viris
3263 3777 3613 3837 committan-

2028 3881 2118 3927 tur
2157 3887 2336 3943 neque
2364 3872 2539 3927 initiis
2572 3871 2883 3928 obsidionis
2912 3873 3150 3929 audeant
3192 3875 3289 3930 ulli
3324 3875 3407 3930 vel
3459 3874 3610 3930 mili-

2025 3971 2129 4029 tes,
2156 3963 2238 4018 vel
2258 3963 2406 4018 cives
2426 3962 2658 4019 ﬁdenter
2674 3971 2830 4019 extra
2852 3971 3039 4034 portas
3057 3962 3242 4034 egredi
3267 3970 3320 4017 et
3342 3975 3608 4033 pugnare,

2026 4051 2279 4121 quamvis
2337 4050 2492 4104 multi
2545 4065 2608 4106 ac
2640 4051 2855 4108 strenui
2896 4051 3051 4108 intus
3087 4050 3297 4107 obsessi
3327 4060 3491 4121 atque
3522 4050 3611 4105 in-

2025 4140 2162 4196 clusi
2190 4138 2413 4207 fuerint,
2436 4141 2544 4195 nisi
2597 4138 2647 4197 si
2693 4140 2876 4212 aliqua
2904 4140 3127 4197 occasio
3156 4139 3323 4197 fuerit
3351 4139 3609 4209 mangani

2025 4229 2326 4300 periculose
2363 4245 2393 4285 e
2442 4245 2601 4285 muro
2634 4230 3020 4285 conturbantis
3068 4230 3346 4294 servandi,
3372 4237 3468 4283 aut
3503 4227 3611 4282 alia

2023 4322 2229 4392 quaevis
2273 4323 2569 4378 necessitas
2618 4335 2739 4391 quae
2770 4321 2839 4375 ad
2884 4321 3196 4377 exeundum
3231 4329 3469 4387 urgeat;
3511 4318 3609 4374 sed

2025 4426 2216 4468 omnes
2242 4426 2306 4467 es
2337 4412 2719 4483 superioribus
2760 4412 2899 4469 locis
2929 4411 3247 4477 defendant,
3284 4418 3339 4467 et
3378 4424 3491 4466 non
3519 4409 3608 4465 fo-

349 4487 755 4556 κατεπείγουσα
774 4488 954 4556 τοῦτο,
976 4491 1115 4545 ἀλλά
1137 4491 1342 4553 πάντας
1361 4491 1568 4545 ἄνωθεν
1591 4491 1918 4561 ἀμύνασθαι,

2030 4504 2106 4559 ris
2136 4505 2512 4573 percutiantur
2547 4513 2643 4560 aut
2683 4505 3078 4581 periclitentur.

346 4579 439 4631 καὶ
475 4579 549 4650 μὴ
575 4580 773 4645 ἔξωθεν
802 4581 1162 4650 πληγοῦσθαι,
1192 4582 1225 4651 ἢ
1257 4581 1609 4637 κινδυνεύειν.

412 4677 515 4743 νηθ.
542 4674 606 4729 El
632 4674 742 4744 γάρ
766 4689 818 4727 τι
838 4673 1051 4728 τοιοῦτο
1078 4673 1301 4744 γένηται
1324 4712 1340 4737 ,
1390 4672 1500 4725 τῶν
1538 4673 1921 4748 δυνατωτέρων

344 4763 605 4835 ἀνδρῶνῆ
646 4766 1098 4837 ἀποθνησκόντων
1147 4766 1180 4837 ἢ
1216 4766 1629 4837 πληγουμένων,
1671 4769 1701 4821 ὁ
1737 4769 1920 4833 λοιπὸς

342 4853 498 4922 δχλος
554 4857 611 4908 ἐν
664 4857 928 4929 ὀλιγωρίᾳ
992 4858 1204 4927 γίνεται
1266 4858 1365 4912 καὶ
1417 4860 1745 4933 εὐχείρωτος
1806 4863 1919 4924 τοῖς

342 4946 575 5016 ἐχθροῖς.
931 4971 956 4992 ο

415 5034 511 5091 νϐ’.
544 5035 781 5107 Φανερὸν
806 5036 915 5109 γάρ
941 5035 1090 5091 ἐστιν
1117 5040 1200 5094 ὅτι
1230 5042 1335 5106 ἕως
1379 5042 1447 5096 ἀν
1496 5042 1548 5095 οἱ
1584 5041 1779 5113 ἄνδρες
1806 5040 1914 5094 σώ-

342 5126 526 5190 ζονται
555 5127 646 5181 καὶ
675 5128 739 5182 τὸ
760 5131 939 5200 τεῖχος
964 5131 1307 5198 συνίσταται,
1334 5132 1559 5187 ἐκείνων
1587 5133 1643 5186 δέ
1674 5131 1917 5203 προδιδοο

346 5219 545 5290 μένων,
579 5221 637 5274 τὸ
664 5222 983 5293 λειπόμενον
1016 5223 1331 5279 κινδυνεύει.

414 5310 474 5377 ξ’.
522 5311 648 5365 Ἐὰν
682 5313 740 5367 δέ
769 5315 1132 5386 προτείχισμα
1168 5316 1282 5388 εχει
1310 5317 1497 5388 ἕτερον
1522 5316 1556 5387 ἢ
1584 5316 1619 5386 ἡ
1658 5316 1843 5382 πόλις,
1882 5315 1915 5388 ἢ

340 5403 401 5457 τὸ
428 5404 714 5475 ὀχύρωμα,
776 5407 879 5461 οὐκ
926 5408 1126 5462 ἄτοπον
1160 5407 1351 5479 βίγλας
1375 5408 1436 5460 ἐν
1461 5404 1615 5476 αὐτῷ
1666 5406 1916 5475 γίνεσθαι

345 5494 570 5565 ἰσχυρὰς
604 5496 700 5549 καὶ
736 5497 1006 5567 ἀκριϐεῖς,
1044 5500 1138 5552 καὶ
1169 5498 1407 5569 μάλιστα
1454 5498 1535 5558 είς
1565 5498 1665 5559 τὰς
1693 5497 1913 5563 νύκτας,

340 5584 470 5639 ὅταν
490 5588 585 5640 καὶ
609 5588 979 5659 προσφεύγειν
1000 5589 1145 5653 τινες
1169 5591 1250 5654 είς
1272 5592 1399 5654 τοὺς
1423 5591 1652 5664 ἐχθροὺς
1681 5590 1915 5662 μελετῶ.

341 5693 447 5741 σιν,
478 5679 573 5732 καὶ
602 5679 889 5735 ἐπιϐουλαὶ
916 5680 1188 5753 λαθραίως
1247 5682 1388 5737 κατὰ
1429 5684 1526 5738 τοῦ
1556 5684 1768 5755 τείχους
1820 5683 1915 5737 δύο

337 5784 523 5823 νανται
554 5770 821 5838 γίνεσθαι.

2095 4678 2183 4737 58.
2221 4677 2277 4734 Si
2300 4680 2447 4735 enim
2503 4680 2610 4737 tale
2642 4680 2849 4751 aliquid
2890 4680 3013 4746 ﬁat,
3070 4677 3335 4734 inferiore
3369 4692 3435 4734 ex
3485 4677 3607 4733 loco

2021 4774 2153 4827 viris
2175 4775 2262 4828 vel
2303 4771 2626 4839 interfectis,
2662 4774 2746 4831 vel
2784 4773 3089 4829 vulneratis
3115 4811 3131 4838 ,
3186 4772 3393 4843 reliqua
3443 4770 3604 4825 turba

2020 4867 2205 4918 animo
2253 4862 2537 4920 debilitata
2571 4863 2733 4921 facile
2777 4863 3029 4935 superari
3081 4863 3153 4918 ab
3205 4861 3446 4918 inimicis
3503 4873 3604 4931 po-

2021 4960 2150 5008 test.

2089 5043 2178 5099 59.
2206 5042 2558 5101 Manifestum
2593 5052 2679 5100 est
2707 5043 2854 5098 enim
2884 5040 3030 5112 quod
3073 5039 3322 5111 quandlu
3349 5037 3453 5093 viri
3481 5051 3602 5094 ser-

2017 5146 2236 5199 vantur,
2265 5149 2459 5191 murus
2492 5137 2707 5204 integer
2732 5132 2993 5189 consistit
3019 5149 3034 5187 :
3072 5132 3179 5188 illis
3202 5132 3317 5202 jam
3346 5128 3599 5201 proditis,

2019 5226 2228 5296 reliqua
2249 5227 2408 5282 turba
2436 5226 2492 5281 in
2535 5225 2781 5297 periculo
2800 5232 2903 5280 est.

2105 5314 2194 5369 60.
2225 5313 2284 5369 Si
2312 5316 2460 5371 enim
2516 5314 2987 5387 propugnaculum
3038 5312 3189 5369 aliud
3251 5311 3470 5380 habeat,
3513 5311 3601 5367 vel

2021 5406 2278 5472 munitio,
2310 5405 2460 5462 haud
2493 5404 2793 5461 absurdum
2815 5404 2979 5460 fuerit
3008 5404 3278 5459 excubias
3318 5403 3393 5459 ibi
3421 5401 3598 5459 fortes

2018 5505 2075 5555 et
2099 5504 2388 5554 accuratas
2410 5497 2704 5561 collocare,
2756 5503 3035 5566 noctuque
3065 5494 3438 5565 potissimum,
3469 5506 3596 5548 cum

2018 5591 2102 5647 vel
2130 5587 2355 5660 quidam
2380 5586 2618 5643 deﬁcere
2648 5584 2720 5641 ad
2750 5587 2935 5641 hostes
2979 5582 3260 5651 studeant,
3319 5582 3407 5640 vel
3445 5579 3583 5639 insi.

2017 5682 2120 5736 dia:
2162 5680 2477 5736 clanculum
2507 5677 2680 5734 muris
2720 5676 2858 5735 strui
2897 5674 3132 5746 possint.
