4074 6222
536 297 643 361 903

1740 307 2013 369 LEONIS
2051 310 2151 371 ΡΗ
2160 311 2509 378 lLOSOPHI

3700 324 3817 387 θοι

609 415 702 469 6i.
748 414 1136 486 Conjectiones
1176 416 1525 488 sagittarum,
1559 425 1654 472 aut
1712 419 1976 490 lapidum,
2032 436 2076 476 οι

2180 424 2203 481 L
2297 429 2394 492 ξα’.
2439 432 2597 487 Ἀλλά
2622 434 2712 487 καὶ
2742 437 2808 489 τά
2839 437 3209 509 ἀκοντίσματα
3239 439 3271 513 ἢ
3312 441 3399 496 διὰ
3430 442 3599 508 τόξων
3634 444 3670 515 ἢ
3719 446 3812 500 διὰ

542 507 797 571 telorum,
864 509 1100 563 inaniter
1146 517 1200 563 et
1261 518 1465 565 temere
1502 526 1531 564 e
1563 526 1721 565 muro
1768 527 1909 581 saepe
1944 512 2071 566 fiant
2106 520 2121 555 ι

539 613 604 652 ex
639 615 707 653 eo
751 599 897 653 enim
923 600 1007 654 flet
1044 607 1100 653 ut
1131 599 1319 656 hostes
1365 615 1425 657 se
1473 601 1680 671 despici
1737 604 2123 673 contemnique

538 698 724 758 putent
753 691 907 759 quasi
938 691 1164 746 intertes
1192 701 1355 762 atque
1376 692 1577 763 ignavi.

607 780 696 834 62.
740 780 834 835 Sin
862 797 927 836 ex
972 785 1212 839 cisterna
1269 799 1467 854 aquam
1516 785 1755 842 habeant
1801 788 2115 857 potabilem,

533 883 641 921 non
677 885 741 925 ex
776 868 923 925 fonte
956 872 1139 941 aliquo
1163 873 1372 943 jugem,
1403 883 1497 928 aut
1532 891 1598 929 ex
1654 876 1867 946 piscina
1931 877 2117 945 quoti-

530 958 691 1013 diana
733 961 1095 1017 exhaustioue
1141 964 1498 1031 minuentem,
1535 966 1807 1020 dividatur
1831 981 1970 1037 aqua
2002 980 2120 1020 om-

531 1050 691 1105 nibus
753 1054 1067 1123 provisione
1123 1056 1391 1123 quadam,
1447 1072 1624 1127 neque
1650 1058 1827 1127 quivis
1859 1056 2116 1113 fortuitus

529 1150 850 1210 potestatem
875 1145 1072 1200 habeat
1100 1162 1196 1216 pro
1226 1148 1492 1201 arbitratu
1521 1164 1620 1203 suo
1649 1164 1769 1203 eam
1801 1149 2111 1212 absumere,

601 1235 689 1291 65.
741 1236 796 1291 ln
836 1239 1045 1309 reliquo
1092 1251 1399 1297 commeatu
1449 1244 1704 1299 similiter
1753 1246 1935 1299 omnia
1988 1262 2112 1300 cum

527 1323 905 1382 moderatione
935 1328 1364 1395 distribuantur,
1396 1344 1453 1386 ut
1483 1342 1536 1387 et
1560 1335 1815 1390 omnibus
1847 1337 1984 1392 satis
2013 1337 2109 1401 sit,

526 1422 579 1468 et
608 1416 821 1471 obsessi
866 1417 1008 1472 firmi
1048 1418 1328 1490 fortesque
1366 1424 1767 1478 custodiantur.

597 1506 684 1559 64.
712 1505 973 1563 Excubite
1025 1510 1317 1579 diligenter
1348 1520 1399 1566 et
1432 1524 1692 1569 accurate
1738 1517 2105 1572 custodiatur.

523 1597 855 1653 Observetur
878 1600 1042 1654 etiam
1069 1602 1320 1656 custodia
1353 1604 1602 1671 quaedam
1650 1617 2012 1677 commeatus,
2046 1616 2107 1663 ut

523 1704 590 1743 ne
627 1688 786 1746 facile
820 1706 849 1744 a
884 1693 1078 1762 quovis
1112 1695 1326 1762 plebeio
1355 1695 1673 1766 decipiatur.

604 1888 695 1942 65.
733 1888 1027 1946 Praefectus
1078 1892 1371 1964 diligenter
1420 1896 1802 1952 adhortatione
1837 1912 1936 1952 sua
1967 1898 2091 1953 reli-

521 1994 659 2049 quos
711 1980 861 2037 intus
891 1982 1149 2039 obsessos
1180 1987 1405 2051 animet,
1435 1996 1487 2040 et
1521 1988 1818 2043 alacriores
1849 1989 1914 2042 ad
1955 1991 2093 2059 peri-

515 2072 644 2125 cula
679 2070 1005 2142 laboresque
1052 2076 1405 2133 sustinendos
1463 2078 1649 2141 faciat,
1683 2078 1861 2133 donec
1890 2081 1971 2135 vel
1997 2096 2091 2135 co-

510 2160 625 2227 piis
654 2162 765 2218 tuis
794 2163 1037 2231 impulsi,
1064 2167 1144 2220 vel
1174 2166 1276 2220 alia
1299 2168 1554 2237 quapiam
1598 2168 1664 2223 de
1697 2184 1863 2223 causa
1896 2172 2084 2224 conci-

518 2249 614 2303 tati
660 2250 846 2308 hostes
903 2255 973 2310 ab
1022 2255 1312 2311 obsidione
1359 2256 1664 2313 discedant.
1734 2257 2086 2316 lncursiones

513 2359 735 2415 quoque
768 2357 1001 2415 quantas
1026 2348 1294 2403 maximas
1326 2358 1507 2419 potest
1542 2350 1837 2420 imperator
1897 2353 1949 2405 in
1983 2353 2084 2407 ob-

511 2449 756 2492 sessores
786 2436 1345 2511 faciat,vdiversisque
1393 2451 1657 2511 quantum
1707 2450 1892 2512 potest
1948 2443 2086 2497 irru-

512 2527 796 2596 ptionib‘us
851 2529 1075 2583 invadat
1125 2547 1138 2583 :
1179 2538 1532 2600 tumoresque
1561 2532 1862 2603 dispergat,
1913 2533 2081 2586 alium

512 2618 809 2670 maximum
861 2619 1162 2673 exercitum
1231 2619 1527 2674 adventare
1582 2631 1686 2676 :et
1740 2638 2082 2694 qutccunque

512 2707 641 2761 talia
688 2708 1120 2776 perterrefacere
1148 2709 1337 2764 hostes
1363 2721 1619 2780 possunt.

583 2799 669 2853 66.
708 2800 836 2854 Haec
858 2815 979 2869 quae
1014 2815 1040 2852 a
1072 2815 1158 2853 me
1184 2810 1607 2855 commemorata
1634 2810 1785 2869 sunt,
1819 2792 2079 2861 obsessus

514 2888 695 2956 faciat,
730 2901 785 2946 et
822 2891 927 2943 alia
968 2891 1213 2961 quazdam
1249 2891 1513 2949 adversus
1548 2894 1791 2964 singulas
1813 2896 2072 2952 obsessu-

511 2998 630 3038 rum
695 2983 1125 3037 machinationes
1176 2985 1524 3054 praeparabit,
1568 2996 1621 3040 et
1670 2987 1734 3041 ad
1788 2989 2076 3058 praedictas

2226 519 2408 590 λίθων,
2458 525 2490 594 ἢ
2534 525 2620 578 διὰ
2658 526 3078 602 τοξοϐολιστρῶν
3108 532 3183 603 μὴ
3211 535 3455 603 ἀκαίρως
3488 537 3589 589 καὶ
3619 537 3811 608 μάτην

2224 612 2285 664 ἐκ
2315 612 2407 666 τοῦ
2441 615 2650 686 τείχους
2690 621 2881 684 ποιεῖν,
2907 620 2999 672 καὶ
3031 622 3093 673 ἐκ
3115 622 3307 675 τούτου
3343 624 3422 687 είς
3449 628 3812 697 καταφρόνη-

2225 721 2308 757 σιν
2338 704 2581 773 γίνεσθαι
2613 709 2751 762 αὐτὰ
2785 712 2895 773 τοῖς
2929 712 3191 776 ἐναντίοις
3219 713 3294 776 ῶς
3328 715 3403 784 μὴ
3440 717 3806 786 ἐνεργοῦντα.

2292 798 2387 869 ξβέ.
2407 798 2530 853 Ἐἀν
2548 799 2604 853 δέ
2625 801 2731 854 ἀπὸ
2756 802 3074 873 κινστέρνας
3097 803 3257 874 ἔχωσι
3282 805 3343 857 τὸ
3369 807 3601 875 πόσιμον
3626 807 3805 877 ὓδωρ,

2221 892 2315 944 καὶ
2346 892 2445 945 οὐκ
2472 893 2579 946 ἀπὸ
2602 894 2783 963 πηγῆς
2813 894 3179 963 ἀδιαλείπτου,
3213 896 3245 965 ἢ
3279 897 3387 949 ἀπὸ
3420 898 3661 970 πλεθροῦ
3692 899 3805 950 diu-

2220 984 2505 1055 γούμενον,
2529 987 2587 1040 τὸ
2611 986 2753 1058 ὕδωρ
2776 987 2958 1060 μέτρῳ
2988 988 3094 1042 τινὶ
3129 991 3222 1044 καὶ
3259 990 3518 1061 διοικήσει
3543 991 3803 1058 γίνεσθαι

2218 1075 2315 1147 τὴν
2347 1075 2624 1146 διανομὴν,
2661 1078 2756 1130 καὶ
2782 1078 2856 1149 μὴ
2884 1078 3029 1149 ἔχειν
3055 1077 3142 1133 ἐπ’
3170 1080 3418 1147 ἐξουσίας
3444 1080 3537 1134 τὸν
3567 1080 3801 1133 θέλοντα

2217 1169 2290 1234 ὡς
2321 1169 2545 1239 ἀρέσκει
2579 1169 2728 1240 αὐτῷ
2764 1170 3029 1242 δαπανᾷν.

2287 1258 2386 1326 Er.
2436 1260 2667 1329 Ὁμοίως
2694 1260 2787 1313 καὶ
2819 1262 2910 1313 ἐπὶ
2957 1261 3055 1330 τῆς
3095 1261 3261 1332 ἄλλης
3304 1261 3547 1331 δαπάνης
3572 1262 3795 1331 συμμέ-

2213 1367 2355 1421 τρως
2380 1351 2594 1405 ἅπαντα
2622 1351 2888 1420 γίνεσθαι,
2920 1351 3007 1406 ἵνα
3037 1355 3130 1406 καὶ
3160 1354 3323 1425 ἀρκῇ,
3356 1354 3448 1408 καὶ
3476 1354 3795 1424 εὐρώστους

2212 1445 2335 1507 τοὺς
2364 1444 2851 1515 πολιορκουμένους
2884 1446 3147 1517 φυλάττῃ.

2283 1534 2374 1602 ξδ’.
2416 1538 2527 1602 Τάς
2556 1537 2611 1591 δέ
2643 1537 2831 1607 βίγλας
2852 1538 3125 1609 ἐπιμελῶς
3172 1539 3314 1592 κατά
3345 1539 3597 1611 διαδοχὴν
3634 1541 3792 1607 γίνε-

2211 1628 2355 1693 σθαι,
2399 1627 2492 1681 καὶ
2520 1626 2754 1697 μάλιστα
2790 1628 2847 1681 ἐν
2871 1630 2987 1691 ταῖς
3020 1626 3158 1692 νυξί.
3206 1628 3293 1681 Ἑν
3316 1627 3693 1700 παραφυλακῇ
3731 1629 3791 1681 δέ

2130 1747 2178 1809 Β
2208 1720 2490 1790 τηρεῖσθαι
2532 1722 2624 1774 καὶ
2657 1721 2755 1790 τὴν
2782 1721 3046 1791 δαπάνην,
3083 1722 3161 1786 είς
3189 1720 3249 1775 τὸ
3286 1720 3361 1792 μὴ
3396 1722 3634 1786 εὐκόλως

2201 1811 2309 1866 τῶν
2328 1813 2597 1882 τυχόντων
2623 1811 3039 1883 διαρπάζεσθαι.

2267 1901 2357 1966 ξε’.
2386 1905 2677 1972 Παραινείν
2703 1902 2759 1956 δὲ
2788 1903 3173 1974 συνεχέστερον
3201 1903 3293 1957 τὸν
3314 1903 3621 1973 κρατοῦντα
3643 1904 3784 1969 τοὺς

2194 1995 2342 2058 ἐντὸς
2364 1995 2450 2048 διὰ
2488 1985 2680 2062 λόγων,
2719 1995 2815 2048 καὶ
2855 1996 3281 2065 προθυμοποιεῖν
3336 1998 3473 2066 πρὸς
3501 1997 3601 2066 τὴν
3636 1997 3786 2050 ὑπο·

2193 2087 2383 2156 μονὴν,
2418 2086 2522 2149 ἓως
2554 2086 2663 2139 εἴτε
2693 2087 2781 2141 διά
2810 2087 2907 2156 τῆς
2944 2089 3042 2158 σῆς
3072 2088 3374 2157 δυνάμεως,
3414 2090 3520 2141 εἴτε
3551 2089 3621 2142 δι’
3650 2088 3783 2140 ἑτέ-

2192 2197 2292 2252 ρας
2316 2178 2495 2241 αίτίας
2524 2181 2552 2232 ὁ
2583 2180 2771 2252 καιρὸς
2806 2178 2904 2249 τῆς
2940 2180 3340 2250 ἀναχωρήσεως
3372 2181 3479 2234 τῶν
3529 2181 3775 2253 ἐχθρῶν.

2201 2268 2528 2341 Ἐπιδρομάς
2567 2271 2621 2324 δὲ
2644 2273 2814 2324 ποιεῖν
2838 2270 2928 2323 τὸν
2962 2270 3265 2341 στρατηγὸν
3310 2272 3433 2325 ὅσον
3470 2271 3774 2342 ήδύναμις

2187 2362 2400 2432 ἀπαντᾷ
2440 2362 2578 2415 κατά
2600 2362 2707 2415 τῶν
2738 2362 3167 2431 πολιορκούντων
3193 2361 3282 2415 διά
3306 2380 3465 2414 τινων
3485 2362 3773 2433 διαφόρων

2186 2453 2501 2523 προσϐολῶν
2535 2454 2629 2507 καὶ
2656 2454 2867 2523 φήμης,
2895 2454 2969 2516 ὼς
2997 2455 3184 2523 ἐτέρου
3220 2454 3473 2507 πλείστου
3524 2453 3771 2523 στρατοῦ

2184 2546 2580 2617 ἐπερχομένου,
2635 2548 2731 2601 καὶ⁵
2773 2549 2873 2602 ὅσα
2930 2547 3107 2619 θροεῖν
3156 2548 3379 2602 δύναται
3421 2549 3545 2611 τοὺς
3600 2549 3771 2602 πολε-

2187 2641 2365 2712 μίους.

2252 2821 2360 2886 Eg’.
2395 2817 2579 2874 Ταῦτα
2637 2820 2736 2892 μὲν
2765 2817 2858 2875 οὖν
2908 2820 3367 2891 πολιορκούμενος
3413 2820 3624 2891 ποιήσει
3650 2820 3761 2874 ὅσα

2182 2930 2274 2983 μοι
2302 2913 2681 2983 εῖρηται,.καὶ
2735 2912 2898 2982 ἐτερα
2929 2912 2988 2964 δέ
3035 2929 3154 2965 τινα
3206 2913 3627 2982 προσεπινοήσει
3680 2913 3762 2965 τὰ

2180 3004 2397 3057 ἐναντία
2435 3002 2571 3074 πρὸς
2600 3003 2829 3057 ἕκαστον
2869 3004 2975 3057 τῶν
3007 3003 3157 3075 παρά
3205 3002 3299 3057 τοῦ
3339 3002 3758 3075 πολιορκοῦντος

502 3072 751 3128 hostium
807 3073 1244 3129 machinationes
1279 3091 1409 3131 suas
1445 3076 1733 3141 adhibens,
1786 3081 2076 3137 confestim

2185 3072 2613 3167 μηχανωμένων,
2644 3096 2738 3150 καὶ
2757 3096 2883 3165 παρ’
2912 3097 2944 3165 ὴ
2953 3095 3066 3166 μῶν
3088 3072 3393 3166 εἰρημένων
3414 3072 3755 3163 ἔμπροσθεν,

508 3165 769 3236 intelliget
806 3168 1262 3235 quemadmodum
1307 3169 1597 3226 adversum
1659 3172 1907 3244 singulas
1962 3188 2077 3227 ina—

506 3258 849 3315 cbinatinnes
884 3275 1127 3334 pugnare
1164 3264 1357 3331 possit.

575 3436 664 3491 67.
715 3436 832 3493 Non
883 3440 1294 3509 praetermittam
1325 3441 1427 3497 hoc
1475 3442 1617 3511 loco,
1652 3443 1793 3513 quod
1828 3444 1958 3499 mihi
1992 3445 2076 3500 in-

507 3529 742 3599 quirenti
784 3531 1073 3602 diligenter
1100 3534 1402 3604 cognitum,
1434 3543 1600 3606 atque
1662 3537 1944 3593 inventum
1991 3545 2075 3593 est

510 3620 865 3692 (quanquam
924 3622 1027 3678 hoc
1074 3631 1321 3695 tempore
1373 3626 1599 3681 minime
1656 3630 1914 3683 usitatum
1966 3629 2075 3685 fre—

504 3721 936 3782 quentatumque
964 3714 1075 3783 sit)
1107 3715 1380 3784 quomodo
1410 3718 1743 3782 clanculum,
1773 3728 1827 3774 et
1878 3721 2074 3777 celeri-

504 3811 588 3858 ter
612 3805 969 3859 munitionem
1020 3807 1257 3877 aliquam
1300 3816 1582 3866 exstruere
1609 3811 1663 3865 in
1686 3812 1926 3867 hostium
1958 3812 2070 3867 flui-

502 3893 607 3947 bus
637 3894 933 3963 imperator
954 3898 1147 3964 possit.
1175 3898 1624 3955 Considerandus
1652 3904 1885 3970 primum
1916 3906 2066 3961 locus

503 3984 703 4054 aliquis
757 3984 966 4052 ﬁrmus,
1013 3991 1107 4056 qui
1154 3989 1364 4053 decem,
1398 4002 1491 4047 aut
1537 3993 1823 4050 duodecim
1873 3995 2067 4052 diebus

501 4077 658 4133 arido
688 4077 831 4149 ligno
876 4079 1175 4149 circumjici
1208 4082 1400 4151 possit,
1440 4085 1485 4139 si
1513 4087 1731 4154 quando
1749 4089 1932 4156 gravis
1965 4089 2067 4143 ali-

502 4187 609 4241 qua
638 4173 884 4228 incursio
911 4173 1151 4230 hostium
1187 4175 1410 4232 timetur
1443 4196 1455 4231 :
1489 4178 1685 4235 deinde
1713 4181 1759 4237 si
1784 4181 2065 4238 abundan-

501 4264 573 4317 tia
609 4265 789 4333 aliqua
821 4264 1114 4334 lignorum,
1162 4266 1421 4337 lapidum,
1452 4268 1685 4325 laterum
1722 4271 1774 4326 in
1807 4284 2058 4344 promptu

2179 3187 2470 3248 ἀντιτιθεὶς
2509 3186 2736 3249 ἐκείνοις
2762 3186 2829 3239 τά
2861 3185 2969 3241 ἴδια
2997 3187 3061 3239 ἐκ
3098 3185 3188 3239 τοῦ
3218 3186 3483 3239 ἐναντίου.
3508 3185 3755 3237 Αὐτόθεν

2177 3279 2285 3350 γὰρ
2318 3281 2594 3349 ἐπινοήσει
2630 3278 2746 3342 πῶς
2778 3279 2858 3332 δεῖ
2884 3280 3098 3350 ἑκάστῳ
3128 3279 3237 3333 τῶν
3266 3278 3620 3349 ἐπαγομένων
3650 3279 3753 3332 ἀν·

2175 3371 2521 3441 τιμάχεσθαι.

2248 3460 2343 3526 5?.
2396 3462 2470 3514 Οὺ
2520 3460 2841 3531 παραλείψω
2876 3461 2934 3515 δέ
2989 3462 3081 3517 καὶ
3129 3462 3267 3533 ὅπερ
3314 3480 3403 3533 μοι
3454 3461 3750 3532 ἐρευνῶντι

2175 3551 2402 3623 εὓρηται
2426 3554 2517 3606 καὶ
2541 3554 2897 3620 ἀνέγνωσται,
2919 3556 2965 3606 εί
2989 3554 3081 3607 καὶ
3102 3553 3176 3625 μὴ
3191 3554 3283 3606 νῦν
3303 3557 3420 3606 ἐστι
3445 3554 3753 3623 περισπού-

2174 3647 2389 3711 δαστον,
2415 3644 2657 3716 περὶτοῦ
2682 3646 2799 3708 πῶς
2827 3646 3048 3700 δυνατὸν
3094 3646 3369 3717 λαθραίως
3408 3646 3495 3700 διά
3540 3647 3750 3715 τάχους

2173 3738 2379 3803 κτίζειν
2406 3738 2664 3809 φρούριον
2697 3738 2787 3791 τὸν
2832 3737 3153 3807 βουλόμενον
3185 3738 3487 3809 στρατηγὸν
3518 3740 3575 3792 ἐν
3619 3738 3753 3807 μεθο

2171 3831 2303 3901 ορίῳ
2333 3829 2604 3899 πολεμίων
2630 3829 2862 3897 ἀλλαχοῦ
2886 3846 2988 3882 που
3004 3829 3332 3883 λανθάνοντα
3351 3831 3475 3892 τοὺς
3492 3830 3749 3900 ἐχθρούς.

2171 3923 2443 3993 Πρότερον
2472 3921 2569 3990 μὲν
2600 3921 2708 3992 γάρ
2740 3920 2822 3972 δεῖ
2849 3936 2907 3972 σε
2937 3924 3353 3991 κατασκοπῆσαι
3402 3922 3565 3974 τόπον
3611 3922 3749 3990 ὀχυο

2172 4013 2285 4083 ρδν,
2323 4012 2618 4082 δυνάμενον
2650 4011 2738 4065 διὰ
2758 4010 2940 4081 δέκαῆ
2967 4010 3172 4065 δώδεκα
3196 4012 3418 4082 ἡμερῶν
3442 4011 3526 4065 διὰ
3560 4011 3746 4080 ξηρᾶς

2168 4105 2302 4173 ὕλης
2327 4103 2719 4175 περιϐληθῆναι
2740 4104 2798 4155 ἐν
2821 4103 2997 4174 καιρῷ
3020 4104 3278 4174 ἐπιφόϐου
3306 4104 3598 4175 προσϐολῆς
3618 4102 3742 4156 τῶν

2166 4197 2463 4268 πολεμίων,
2490 4196 2585 4249 καὶ
2603 4196 2697 4249 ἐάν
2726 4196 2863 4249 είσιν
2886 4195 3008 4249 ὗλαι
3038 4196 3263 4265 πλησίον
3289 4197 3462 4260 λίθου,
3485 4196 3517 4266 ἢ
3551 4195 3740 4260 ξύλου,

2166 4294 2199 4363 ἢ
2231 4288 2454 4343 πλίνθου
2484 4286 2727 4358 ἑτοίμης,
2773 4288 2869 4341 καὶ
2913 4287 3059 4341 ἔστιν
3092 4286 3268 4358 ὕδωρ,
3312 4288 3345 4359 ἢ
3380 4287 3741 4358 ἐπινοηθῆναι

492 4356 590 4419 sit,
615 4362 670 4410 et
702 4356 747 4410 si
789 4371 929 4426 aqua
958 4356 1055 4423 ibi,
1086 4358 1169 4414 vel
1196 4368 1391 4429 praesto
1422 4360 1514 4423 sit,
1548 4361 1628 4417 vel
1654 4366 1832 4431 parari
1863 4366 2054 4436 possit.
2089 4400 2136 4456 Β
2162 4356 2405 4439 δρνατάν,

574 4445 663 4515 68,
701 4445 924 4502 Parabis
963 4448 1202 4505 artifices
1242 4450 1488 4520 idoneos,
1543 4464 1749 4523 portas,
1801 4466 1854 4513 et
1902 4474 2058 4515 man-

493 4547 632 4601 gana
659 4547 967 4600 murorum,
998 4544 1052 4591 et
1080 4538 1332 4605 praesidia
1371 4539 1564 4595 idonea
1602 4544 1845 4613 peditum
1877 4560 2059 4601 arma-

496 4632 676 4680 torum
738 4635 1110 4690 strenuorum,
1146 4627 1647 4703 praefectorumque
1703 4635 2055 4705 prudentum,

493 4731 559 4772 ac
588 4718 852 4774 nobilium
889 4737 902 4773 :
946 4734 1207 4775 curruum
1246 4737 1467 4794 quoque
1522 4727 1767 4784 subsidia
1800 4732 1956 4799 quasi
1991 4731 2059 4786 ad

476 4807 765 4864 fossatum
801 4809 1184 4867 instruendum
1242 4821 1302 4867 et
1342 4814 1666 4872 firmandum
1720 4837 1732 4872 :
1780 4836 2056 4879 commea-

490 4908 605 4956 tum
655 4910 918 4971 praeterea
949 4905 1111 4959 trium
1142 4913 1237 4961 aut
1287 4918 1520 4977 quatuor
1571 4913 1861 4978 mensium,
1894 4918 1975 4972 vel
2009 4918 2056 4974 si

489 5008 631 5064 opus
661 4994 732 5049 sit
771 4994 1039 5051 universae
1071 4999 1319 5054 astatis:
1354 5008 1542 5070 pastus
1600 5003 1806 5060 vicinos
1834 5023 1897 5062 ac
1937 5008 2057 5064 fini-

490 5086 654 5143 timos
681 5102 874 5145 omnes
909 5089 1224 5147 incendens.
1256 5091 1353 5147 Sin
1390 5094 1457 5148 ad
1489 5095 1921 5155 comburendum
1950 5102 2054 5157 dif-

491 5177 661 5233 ficiles
711 5177 952 5244 fuerint,
1003 5183 1295 5239 absumant
1326 5187 1634 5254 universos,
1692 5206 2054 5264 rumoresque

486 5266 789 5340 disperges,
814 5272 952 5328 velle
983 5281 1035 5330 te
1065 5276 1173 5331 alio
1209 5277 1263 5333 in
1306 5278 1425 5334 loco
1455 5278 1825 5339 incursionem
1854 5289 2053 5343 adver-

478 5376 584 5417 sus
624 5362 810 5419 hostes
833 5363 1037 5429 facere,
1068 5376 1121 5423 et
1147 5370 1397 5436 praesidia
1421 5374 1670 5442 quaedam
1702 5376 1769 5431 ad
1814 5392 1938 5433 eum
1975 5380 2054 5434 lo-

478 5462 609 5537 cum
640 5452 707 5506 de
727 5467 835 5522 quo
862 5469 1051 5510 rumor
1077 5464 1162 5513 est
1196 5459 1402 5524 mittes.
1426 5469 1485 5516 ut
1509 5464 1580 5518 ibi
1612 5472 1665 5519 te
1687 5468 2052 5537 exspectando

484 5536 673 5595 hostes
700 5554 991 5609 vexentur.
1032 5556 1254 5618 tumque
1286 5553 1473 5608 subito
1506 5565 1635 5612 ante
1689 5536 1834 5617 diem
1872 5577 2041 5617 unum

503 5627 774 5687 animabis
803 5649 899 5692 eos
929 5638 1026 5705 qui
1068 5638 1126 5693 in
1172 5638 1312 5696 hanc
1344 5643 1702 5703 munitionem
1747 5649 2047 5721 ingressuri

2239 4474 2341 4540 ξη’.
2377 4473 2487 4527 Καὶ
2510 4473 3036 4544 προπαρασκευάσαι
3074 4471 3325 4540 τεχνίτας
3359 4468 3606 4533 ἱκανοὺς,
3640 4468 3740 4522 καὶ

2169 4564 2394 4635 πόρτας,
2426 4564 2520 4617 καὶ
2549 4566 2805 4632 μάγγανα
2842 4562 3078 4631 τείχους,
3124 4561 3219 4615 καὶ
3252 4560 3502 4631 βοήθειαν
3530 4557 3739 4627 ἀρκοῦ-

2167 4672 2268 4709 σαν
2325 4654 2506 4719 πεζῶν
2535 4655 2775 4709 ἐνόπλων
2823 4654 2919 4708 καὶ
2967 4652 3228 4721 γενναίων
3274 4655 3412 4723 μετά
3455 4654 3740 4723 ἀρχόντων

2167 4746 2447 4817 φρονίμων
2487 4747 2585 4801 καὶ
2636 4745 2909 4816 εὐψύχων,
2958 4745 3076 4815 ἅμα
3116 4749 3211 4800 καὶ
3266 4745 3513 4816 ἁμαξῶν,
3555 4746 3632 4808 ὡς
3652 4746 3739 4810 είς

2164 4838 2435 4906 φοσσάτου
2474 4837 2628 4902 τάξιν
2664 4837 2760 4892 καὶ
2799 4838 3095 4905 ἀσφάλειαν
3144 4837 3326 4891 αὐτῶν
3360 4838 3454 4891 καὶ
3486 4836 3737 4907 δαπάνην

2161 4926 2327 4999 τριῶν
2356 4927 2388 4997 ἦ
2413 4927 2696 4997 τεσσάρων
2723 4926 2927 4997 μηνῶν.
2970 4926 3079 4979 Καὶ
3110 4928 3157 4985 εί
3184 4928 3374 4996 καιρός
3401 4930 3516 4981 ἐστι
3540 4924 3734 4997 θέρους

2163 5020 2444 5090 ἐμπρῆσαι
2470 5019 2568 5083 τὰς
2603 5019 2801 5089 βοσκὰς
2823 5019 2921 5082 τάς
2962 5020 3185 5089 πλησίον
3224 5018 3317 5073 τοῦ
3355 5021 3553 5074 τόπουο
3586 5022 3635 5073 εί
3674 5020 3732 5072 δὲ

2161 5112 2363 5181 καῆναι
2388 5111 2853 5182 δυσχερεῖςείσιν,
2887 5110 3340 5181 καταδαπανῆσαι
3390 5112 3582 5175 αὑτὰς,
3632 5114 3731 5167 καὶ

2159 5201 2486 5272 διαφημίσαι
2535 5202 2611 5265 ὡς
2663 5203 2720 5255 ἐν
2767 5201 2939 5272 ἐτέρῳ
2983 5202 3133 5272 τόπῳ
3169 5202 3413 5273 ποιήσεις
3447 5204 3588 5259 κατὰ
3619 5205 3729 5257 τῶν

2158 5292 2370 5362 ἐχθρῶν
2401 5293 2714 5347 ἐπέλευσινο
2760 5294 2857 5349 καὶ
2912 5294 3151 5363 πέμψεις
3201 5294 3453 5364 βοήθειαν
3509 5296 3727 5367 ἀσφαλῆ

2158 5384 2300 5437 κατά
2328 5383 2424 5437 τοῦ
2450 5384 2821 5454 φημιζομένω
2847 5386 3035 5450 τόπου,
3064 5385 3151 5440 ἵνα
3177 5386 3297 5439 ἐκεῖ
3320 5377 3727 5455 προσδοκῶντες

2158 5473 2532 5541 περισπῶνται
2563 5475 2612 5527 οἱ
2651 5475 2858 5545 ἐχθροὶ,
2902 5475 2998 5529 καὶ⁵
3028 5476 3148 5528 τότε
3196 5476 3304 5547 πρὸ
3354 5478 3482 5545 μιᾶς
3512 5476 3729 5547 ἡμέρας

2157 5559 2422 5633 θαῤῥήσει
2458 5567 2570 5629 τοῖς
2602 5564 2904 5634 ὀφείλουσιν
2934 5566 3194 5620 εἰσελθεῖν
3218 5569 3277 5621 ἐν
3304 5568 3382 5639 τῷ
3413 5568 3582 5637 τόπῳ,
3632 5570 3729 5622 καὶ

2156 5657 2278 5712 τινα
2307 5655 2406 5728 μὲν
2437 5655 2586 5727 δῶρα
2614 5656 2793 5713 δοῦναι
2816 5660 2893 5724 είς
2924 5659 3238 5732 προτροπὴν
3260 5659 3459 5727 αὐτῶν,
3496 5659 3618 5713 τινὰ
3668 5660 3727 5713 δὲ
3835 5687 3839 5691 ·
