4074 6222
300 368 407 432 905

1386 362 1721 423 TACTICA.
1746 385 1817 396 -
1846 356 2350 421 CONSTITUTIO
2381 360 2500 421 XV.

3474 350 3583 419 906

305 474 401 539 xui
425 479 881 551 ἐπαγγέλλεσθαι,
904 478 998 534 xui
1028 476 1290 547 αἰφνίδιον
1316 477 1375 531 tv
1404 477 1579 548 ἑτέρῳ
1602 477 1753 547 τόπῳ
1772 477 1882 529 τῶν
1911 480 1927 533 ὲ

2026 482 2134 540 int,
2173 483 2228 529 et
2301 474 2550 544 quaedam
2608 469 2752 525 dona
2809 466 2915 524 illis
2969 468 3035 522 ad
3075 465 3432 538 impellendos
3486 481 3582 522 eos

306 576 517 649 ἐχθρῶν
570 572 985 644 ἀσχολουμένων
1046 573 1186 643 μετά
1239 571 1442 634 παντὸς
1497 569 1593 624 τοῦ
1657 567 1889 640 στρατοῦ

310 669 539 737 ὲπιστῇς
564 664 641 736 τῷ
672 664 966 735 ὡρισμένῳ
994 681 1077 717 σοι
1113 663 1285 733 τόπῳ,
1317 664 1411 716 xui
1452 663 1673 732 στήσεις
1709 661 1900 730 βίγλας

312 756 594 826 ἀσφαλεῖς,
624 755 718 809 xui.
737 754 787 807 οἱ
817 754 974 819 πεζοὶ
991 754 1408 823 ἀπληκεύσουσι
1440 752 1625 823 κύκλῳ
1648 751 1744 805 τοῦ
1769 753 1901 822 ὀχυ-

316 852 589 924 ρώματος,
614 848 710 901 xui
737 847 943 917 τάφρον
975 846 1281 918 βαθυτάτην
1308 846 1556 917 ποιήσεις
1577 884 1593 912 ,
1639 845 1689 897 εί
1722 842 1903 897 ἑπιδέ-

315 960 470 1015 χεται
496 944 524 994 ὀ
554 941 737 1003 τόπος.

388 1115 486 1183 ἔθ’.
513 1115 621 1168 Καὶ
645 1115 694 1168 εί
722 1114 821 1184 μὲν
850 1113 1074 1186 ideoqu
1105 1113 1322 1175 πλίνθος
1348 1113 1907 1184 εὖρίσκεται.οίκοδο-

324 1209 493 1278 μῆσαι
518 1204 681 1275 ξηρὸν
710 1204 810 1267 δεῖ,
845 1204 940 1256 καὶ
979 1203 1140 1273 δῆσαι
1166 1202 1255 1257 διὰ
1298 1202 1472 1269 ξύλων
1502 1204 1762 1274 ἀσφαλῶς
1813 1205 1909 1259 xui

323 1298 590 1369 συνεχῶς’
621 1298 671 1350 εί
705 1295 762 1349 δὲ
795 1294 927 1359 ξύλα
955 1294 1114 1365 μόνον
1146 1295 1279 1361 elui,
1311 1295 1381 1349 δι’
1421 1295 1605 1349 αὐτῶν
1650 1295 1910 1349 ἀποκλεί-

323 1408 414 1445 σαι
438 1390 616 1458 ὀλίγον
650 1388 745 1442 xui
777 1387 972 1458 ὀχυρὸν
998 1386 1172 1440 τόπον
1197 1386 1293 1440 xui
1327 1386 1401 1457 μὴ
1439 1387 1613 1457 μέγαν
1639 1387 1799 1450 τέως.

393 1488 455 1536 o'.
483 1480 637 1535 Μετά
661 1479 718 1532 δὲ
748 1478 807 1531 τὸ
840 1477 1270 1548 ἀποκλεισθῆναι
1318 1479 1484 1532 αὐτὸν
1516 1477 1655 1532 κατὰ
1704 1478 1796 1530 τὸν
1820 1478 1910 1531 λε-

324 1572 521 1644 χθέντα
541 1571 705 1624 τόπον
738 1568 873 1638 (20),
910 1570 959 1622 εί
992 1569 1092 1638 μὲν
1119 1569 1438 1640 ὁρμήσωσιν
1469 1569 1518 1621 οἱ
1557 1568 1747 1639 ἐχθροὶ
1770 1569 1913 1623 κατά

324 1664 418 1721 τοῦ
448 1664 637 1727 τόπου,
674 1663 770 1717 xui
795 1660 943 1726 οἶδας
966 1662 1048 1715 ὅτι
1078 1661 1138 1713 οὺ
1161 1660 1385 1714 δύνασαι
1412 1660 1550 1731 πρὸς
1578 1661 1758 1731 μάχην
1789 1662 1915 1715 ἀντ-

326 1760 489 1830 έχειν,
526 1758 647 1811 τότε
674 1756 1053 1827 ἀναχωρήσεις
1089 1754 1198 1825 πρὸ
1240 1756 1339 1826 τῆς
1382 1754 1686 1824 παρουσίας
1711 1754 1911 1820 αὐτῶν,

326 1850 641 1905 καταλιπὼν
690 1847 893 1901 ἔσωθεν
938 1849 1066 1911 τοὺς
1123 1849 1367 1913 ἱκανοὺς,
1413 1848 1509 1900 xui
1542 1848 1913 1917 ἀπληκεύσεις

329 1940 555 2011 πλησίον
582 1938 857 2003 τοσοῦτον,
890 1938 1032 1992 ὥστε
1070 1940 1208 2009 μήτε
1243 1939 1412 2006 ἐγγὺς
1441 1938 1550 1991 τῶν
1595 1936 1805 2008 ἐχθρῶν
1839 1935 1916 1991 εἴ-

328 2050 439 2097 ναι,
486 2032 580 2086 xui
613 2030 1028 2101 ἀναγκασθῆναι
1087 2030 1435 2100 πολεμῆσαι,
1499 2032 1639 2099 μήτε
1676 2030 1916 2099 μήκοθεν

332 2124 438 2179 τῶν
478 2126 535 2177 tv
560 2122 637 2195 τῷ
667 2122 1007 2195 ὀχυρώματι,
1026 2123 1114 2175 ἵνα
1147 2123 1223 2193 μὴ
1243 2122 1633 2193 εὐκαιροῦντες
1666 2124 1714 2176 oi
1733 2122 1918 2193 ἐχθροὶ

333 2215 578 2288 σφοδρῶς
615 2216 920 2270 ἐπίκεινται
948 2218 1062 2280 τοῖς
1088 2214 1312 2270 ἔσωθεν.

402 2404 501 2451 ou’.
528 2396 730 2459 Δώσεις
758 2394 815 2449 δὲ
847 2396 1073 2465 σημεῖον
1100 2397 1209 2458 τοῖς
1241 2395 1298 2448 tv
1327 2395 1497 2466 αὐτῷ,
1530 2396 1583 2450 τί
1623 2397 1723 2467 μὲν
1766 2400 1824 2451 tv
1852 2401 1919 2469 τῇ

335 2486 605 2557 ἠμέρᾳ,τί
636 2485 692 2538 δὲ
715 2486 773 2538 ἐν
809 2488 875 2556 τῇ
900 2486 1056 2539 νυκτὶ
1081 2484 1355 2553 ὀφείλουσι
1391 2489 1584 2547 ποιεῖν.
1623 2486 1693 2539 δι’
1724 2483 1785 2541 οὗ
1816 2506 1921 2557 φα-

344 2579 501 2649 νερὸν
532 2579 685 2632 ἔσται
719 2596 824 2642 σοι,
852 2580 909 2633 tv
941 2579 1070 2648 ποίᾳ
1094 2578 1231 2632 είσίν
1258 2578 1308 2631 oi
1338 2578 1787 2643 ἀποκλεισθέντες
1822 2599 1921 2635 xu-

338 2673 599 2725 ταστάσει
615 2711 628 2726 .

409 2760 507 2831 οβ’.
541 2760 603 2815 Et
632 2761 687 2814 δὲ
716 2760 941 2815 δυνατὸν
974 2759 1063 2813 διά
1098 2759 1332 2828 πεζικῆς
1361 2759 1542 2831 μάχης
1581 2761 1925 2832 ἀποσοσηθῆ-

341 2870 430 2906 ναι
448 2855 569 2917 τοὺς
593 2852 842 2925 ἐχθροὺς,
856 2853 953 2906 ὲὰν
972 2853 1081 2923 ἄρα
1098 2853 1533 2922 περίστασις,,ὡς
1553 2853 1721 2918 εἰκὸς,
1740 2856 1921 2927 animi)

342 2945 452 3006 τοῖς
482 2944 540 2997 tv
566 2943 643 3015 τῷ
677 2943 941 3016 φρουρίῳ,
964 2944 1087 2997 οὐδὲ
1110 2944 1269 2996 τοῦτο
1297 2944 1379 2996 δεῖ
1404 2944 1812 3013 ὑπερτίθεσθαι,
1839 2948 1928 3001 ἵνα

346 3036 421 3106 μὴ
448 3034 650 3088 ἔσωθεν
682 3034 1093 3089 κινδυνεύωσιν.

413 3121 511 3191 ογ’.
547 3124 715 3177 Ὅταν
744 3125 799 3178 δὲ
829 3124 983 3177 ἄδεια
1008 3125 1270 3195 γένηται,
1323 3124 1525 3188 εὐθέως
1566 3125 1706 3179 κατά
1749 3126 1929 3194 ὀλίγον
1957 3156 2001 3214 c

344 3210 710 3282 ἀποτειχίζειν
748 3212 852 3283 χρὴ
899 3214 960 3266 τὸ
1016 3213 1390 3285 προσ-ποιητὸν
1437 3215 1781 3286 οἰκοδόμημα
1835 3216 1929 3271 xui

347 3307 406 3359 tv
446 3307 633 3377 χωρίῳ
662 3305 867 3377 ξσχυρῷ
899 3306 1103 3371 κτίζειν
1143 3307 1277 3360 αὐτὸ
1305 3309 1397 3361 xui
1424 3308 1792 3379 ὀχυροποιεῖν,
1833 3312 1929 3364 xui

345 3400 452 3452 τῶν
478 3399 789 3466 ἀναγκαίων
822 3402 881 3454 ἐν
911 3400 1060 3469 αὐτῷ
1092 3400 1422 3469 φροντίζειν.

416 3490 507 3543 οδ¹.
547 3488 789 3543 Γίνονται
817 3490 874 3542 δὲ
913 3491 968 3542 αἱ
1001 3489 1251 3542 τοιαῦται
1276 3490 1617 3561 ἐγχειρήσεις
1655 3492 1933 3561 ἁρμοδίως

349 3576 494 3631 κατά
524 3578 924 3650 καϐαλλαρικοῦ
952 3578 1065 3648 κει)
1092 3578 1301 3642 ἔθνους,
1337 3578 1465 3648 περὶ
1489 3579 1579 3632 τὸν
1626 3579 1861 3643 Ἰούλιον,
1894 3580 1928 3650 ἢ

349 3667 736 3739 Αῠγουστον,ἢ
768 3668 1139 3739 Σεπτέμὸριον
1172 3670 1336 3738 μῆνα,
1371 3668 1501 3721 ὅταν
1532 3669 1565 3739 ὴ
1602 3667 1800 3738 βοτάνη
1836 3668 1929 3720 εὐ-

350 3760 556 3830 καίρως
588 3758 955 3832 ξηραινομένη
990 3759 1082 3813 xui
1118 3758 1271 3812 ἔσται
1303 3759 1439 3830 (22),
1470 3760 1564 3813 καὶ
1585 3762 1634 3813 oi
1660 3759 1932 3815 καὸαλλάο

353 3867 459 3921 ριοι
488 3850 592 3905 τῶν
622 3850 833 3923 ἐχθρῶν
857 3850 1167 3905 στενοῦνται
1192 3850 1571 3922 παρακαθίσαι
1599 3850 1791 3923 χρόνον
1814 3852 1932 3905 ἱκα-

349 3938 462 3995 νόν.

423 4036 517 4082 οε’.
553 4030 613 4083 Εἰ
635 4031 691 4084 δὲ
719 4032 937 4100 ἀπόρως
962 4032 1100 4103 πρὸς
1127 4031 1187 4085 τὸ
1223 4032 1367 4103 ὕδωρ
1393 4034 1420 4086 ό
1444 4033 1604 4097 τόπος
1633 4034 1765 4105 ἔχει,
1796 4036 1932 4106 μηδὲ

357 4118 553 4187 βρυτοῦ
577 4120 634 4173 tv
658 4120 807 4190 αὐτῷ
843 4120 1019 4185 ὄντος,
1049 4122 1171 4191 μηδ’
1204 4123 1261 4175 tv
1291 4122 1566 4193 ὀρύγματι
1608 4124 1933 4194 εὑρισκομέ-

351 4226 468 4274 νου,
490 4210 571 4265 δεῖ
591 4213 623 4283 ἢ
660 4212 850 4277 πίθους
872 4214 1251 4285 ὀστρακίνους,
1275 4215 1308 4287 ἦ
1339 4214 1562 4286 βουττία
1590 4216 1773 4270 τέλεια
1796 4233 1931 4287 προ-

356 4304 736 4373 ευτρεπίζειν,
792 4307 886 4361 xui
914 4307 1163 4377 γεμίζειν
1191 4306 1407 4374 ὓδατος,
1444 4308 1538 4361 καὶ
1572 4308 1846 4378 κόχλακας
1876 4311 1935 4362 tv

356 4395 507 4467 αὐτῷ
539 4398 839 4470 ποταμίους
883 4401 1116 4470 ῥίπτειν,
1150 4401 1228 4463 εἰς
1250 4400 1311 4452 τὸ
1365 4400 1705 4469 αὑταρκέσαι
1770 4401 1934 4472 μέχρι
1961 4378 2013 4439 D

356 4488 460 4559 τῆς
484 4489 580 4545 τοῦ
619 4492 914 4563 χειμῶνος,
948 4491 1042 4545 xui
1069 4490 1264 4561 φθάσει
1290 4492 1381 4545 xui
1415 4492 1709 4562 κινστέρνα
1736 4493 1939 4547 οἰκοδο-

361 4582 619 4652 μηθῆναι.
647 4584 742 4636 xui
767 4583 995 4654 ὄμϐριον
1029 4582 1387 4649 ὑποδέξασθαι
1415 4582 1581 4653 ὕδωρ.

429 4683 536 4739 ος.
566 4676 682 4729 Ἵνα
706 4676 763 4729 δὲ
802 4676 898 4747 μὴ,
926 4677 1002 4739 ὡς
1029 4676 1199 4739 είκὸς,
1241 4674 1343 4747 bin
1388 4673 1647 4743 ἀκίνητον
1693 4676 1853 4746 μένον
1878 4676 1939 4729 τὸ

362 4766 506 4836 ὕδωρ
532 4770 588 4821 tv
614 4771 724 4832 τοῖς
757 4770 1020 4837 ἀγγείοις,
1046 4768 1143 4822 xui
1166 4768 1347 4838 δοχεῖα
1388 4766 1565 4837 μικρά
1595 4768 1712 4822 δέον
1744 4770 1935 4831 αὐτοῖς

362 4857 780 4924 παρατίθεσθαι,
815 4859 899 4911 ἵνα
925 4859 1064 4912 κατά
1083 4857 1263 4926 ὀλίγον
1293 4857 1601 4922 ἀποστάζον
1626 4858 1689 4911 τὸ
1715 4858 1860 4927 ὕδωρ
1879 4860 1939 4911 tv

358 4946 543 5010 αὐτοῖς
600 4949 813 5017 κίνησιν
841 4948 1089 5017 δέχεται·
1119 4950 1237 5017 ἅμα
1266 4948 1323 5001 Et
1362 4948 1457 5002 τοῦ
1490 4948 1836 5019 πληροῦσθαι
1872 4950 1940 5004 τὰ

356 5038 538 5110 δοχεῖα
572 5038 734 5093 πάλιν
755 5039 1126 5109 ἀποκνοῦμεν
1149 5044 1258 5104 τοῖς
1283 5041 1461 5104 πίθοις
1483 5041 1516 5111 ἢ
1542 5044 1651 5105 τοῖς
1674 5041 1940 5110 βουττίοις

357 5132 538 5199 τοῦτο,
570 5132 658 5185 ἵνα
698 5132 785 5186 διὰ
836 5133 935 5203 τῆς
979 5134 1244 5205 κινήσεως
1273 5133 1480 5204 ταύτης
1522 5132 1844 5203 διαπνέηται
1878 5133 1938 5187 τὸ

360 5224 506 5293 ὕδωρ
532 5226 625 5278 καὶ
657 5225 731 5297 μὴ
764 5226 1111 5296 ἀφανίζηται.

429 5314 527 5380 οζ¹.
565 5317 853 5389 Χρήσιμον
895 5318 952 5371 δέ
992 5320 1107 5371 ἐστι
1156 5321 1249 5372 xui
1279 5319 1342 5372 τὸ
1394 5318 1614 5380 σανίδας
1644 5334 1932 5388 προπαρα-

360 5408 628 5461 σκευάσαι
655 5410 987 5480 παχυτέρας,
1016 5411 1111 5464 xui
1157 5412 1214 5464 tv
1241 5411 1619 5481 κατορύγματι
1648 5409 1931 5480 συμπῆξαι

362 5496 530 5561 αὑτάς
552 5497 628 5561 ὡς
657 5499 753 5551 ἐπὶ
781 5499 1033 5571 σαρπίου,
1062 5498 1156 5553 xui
1180 5500 1268 5553 διὰ
1297 5499 1500 5569 πίσσης
1532 5499 1627 5551 xui.
1663 5498 1934 5552 στυππίου

2000 567 2182 632 dabis,
2211 564 2463 636 quaedam
2496 578 2623 619 vero
2653 562 2817 618 etiam
2876 568 3138 632 praeterea
3174 561 3483 630 promittes.
3518 574 3584 615 ac

2003 658 2190 713 subito
2242 656 2496 711 hostibus
2535 655 2650 724 jam
2688 653 2796 707 alio
2832 653 2888 707 in
2932 652 3053 707 loco
3094 653 3406 721 occupatis,
3459 653 3585 706 uul-

2004 764 2169 804 verso
2199 763 2324 803 cum
2358 746 2601 801 exercitu
2637 744 2704 798 ad
2729 744 2953 799 definita
3011 742 3128 798 loca
3162 743 3472 811 pervenies,
3532 750 3588 798 et

2007 840 2274 896 excubias
2323 846 2473 893 tutas
2508 836 2827 900 collocabis,
2884 845 2936 891 et
2968 834 3178 904 pedites
3231 832 3588 888 circumcirca

2002 928 2364 985 munitionem
2399 926 2663 991 instrues,
2692 932 2748 980 et
2771 923 2979 980 fossam
3028 921 3385 985 altissimam,
3432 922 3480 975 si
3532 920 3589 975 id

2004 1021 2159 1076 locus
2190 1019 2465 1087 admittat,
2509 1017 2702 1072 facies.

2076 1112 2167 1168 69.
2225 1110 2282 1166 Si
2342 1110 2575 1180 lapides,
2608 1115 2701 1163 aut
2755 1108 2952 1162 lateres
3013 1106 3099 1161 ibi
3136 1104 3361 1168 fuerint,
3408 1104 3592 1158 locum

2023 1208 2237 1262 aridum
2295 1204 2686 1268 exadificabis,
2766 1203 3036 1273 lignisque
3086 1207 3205 1255 tuto
3255 1214 3318 1253 ac
3372 1198 3596 1252 assidue

2013 1298 2250 1369 illigabis
2300 1316 2314 1352 :
2379 1297 2463 1351 sin
2522 1296 2668 1366 ligna
2706 1295 2884 1349 solum
2953 1292 3176 1357 fuerint,
3230 1287 3599 1345 includeudus

2011 1392 2166 1447 locus
2201 1390 2364 1461 lignis
2421 1395 2505 1443 est
2546 1386 2979 1456 ﬁrmandusque.

2085 1484 2172 1539 70.
2208 1481 2308 1537 Ubi
2339 1480 2427 1535 hic
2457 1480 2611 1535 locus
2641 1480 2705 1533 ad
2740 1478 3063 1550 prtedictum
3097 1477 3320 1533 modum
3350 1478 3597 1533 inclusus

2017 1575 2207 1641 fuerit,
2257 1574 2559 1642 hostesque
2611 1586 2734 1626 eum
2799 1571 2979 1625 locum
3017 1570 3359 1636 adoriantur,
3421 1586 3600 1639 neque

2025 1668 2242 1723 illorum
2312 1667 2575 1735 impetum
2635 1664 2909 1719 sustinere
2969 1673 3144 1732 potes,
3212 1672 3337 1718 ante
3391 1664 3601 1717 adven-

2026 1768 2143 1814 tum
2213 1758 2459 1813 hostium
2526 1757 2800 1821 disccdes,
2889 1755 3142 1810 homines
3200 1756 3336 1809 satis
3398 1755 3601 1809 multos

2019 1860 2182 1919 atque
2236 1849 2466 1905 idoneos
2497 1848 2571 1904 ibi
2610 1848 2930 1916 relinquens
2974 1864 2987 1898 :
3033 1847 3119 1901 vel
3147 1860 3314 1917 prope
3345 1862 3469 1900 eum
3520 1847 3605 1901 lo-

2020 1958 2142 1999 cum
2203 1951 2386 1997 castra
2449 1956 2640 2011 pones,
2706 1948 2763 1994 ut
2820 1955 3000 2010 neque
3070 1954 3241 2009 prope
3306 1952 3430 1992 cum
3500 1938 3604 1998 sis.

2024 2036 2261 2108 praeliari
2324 2049 2451 2088 cum
2518 2033 2766 2087 hostibus
2829 2031 3105 2101 cogaris:
3157 2045 3337 2099 neque
3384 2029 3611 2100 longius

2026 2130 2095 2186 de
2167 2128 2475 2183 munitione
2537 2125 2812 2190 discedas,
2880 2133 2940 2179 ut
3002 2139 3071 2179 ne
3136 2124 3608 2193 opportunitatem

2020 2222 2205 2277 hostes
2264 2220 2410 2274 nacti
2466 2217 2820 2274 vehementer
2860 2216 3111 2272 inclusos
3162 2215 3267 2271 hac
3295 2215 3611 2271 munitione

2024 2312 2313 2369 invadant.

2094 2406 2181 2459 7i.
2226 2404 2456 2476 Signum
2487 2401 2710 2473 aliquod
2775 2402 2885 2458 illis
2950 2409 3163 2457 certum
3202 2401 3477 2458 interdum
3516 2401 3611 2457 da-

2025 2499 2131 2562 bis,
2200 2505 2367 2565 atque
2426 2497 2576 2551 aliud
2639 2505 2848 2551 certum
2904 2504 3095 2561 noctu,
3156 2510 3265 2565 quo
3327 2494 3609 2566 cognitum

2026 2589 2121 2643 tibi
2173 2588 2280 2643 erit
2332 2602 2569 2657 quoniam
2629 2586 2683 2640 in
2746 2594 2891 2641 statu
2921 2587 3054 2641 sint.

2097 2765 2185 2818 72.
2240 2764 2299 2819 Si
2345 2765 2585 2835 pedestri
2638 2765 2827 2834 prmlio
2866 2764 3054 2834 repelli
3105 2766 3311 2821 milites
3358 2772 3616 2837 possunt,

2027 2858 2122 2913 ubi
2165 2858 2347 2928 aliqua
2407 2858 2659 2912 molestia
2720 2858 2968 2913 inclusos
3005 2857 3356 2921 circumstat,
3411 2872 3479 2911 ne
3514 2856 3619 2913 hoc

2027 2947 2247 3017 quidem
2278 2947 2802 3017 praetermittendum
2831 2957 2937 3013 est,
2994 2954 3051 3001 ut
3081 2963 3149 3003 ne
3174 2948 3229 3002 in
3265 2946 3487 3018 aliquod
3524 2963 3620 3017 pe-

2028 3037 2267 3092 riculum
2306 3036 2549 3090 veniant.

2107 3129 2197 3184 73.
2256 3126 2361 3183 Ubi
2418 3128 2601 3198 aliqua
2663 3127 2935 3182 securitas
2986 3125 3101 3194 jam
3173 3133 3283 3190 est,
3357 3128 3619 3196 paulatim

2032 3220 2303 3278 aediﬁcare
2346 3229 2562 3292 oportet
2596 3230 2910 3289 susceptam
2942 3218 3331 3279 munitionem,
3376 3217 3622 3273 firmamv

2030 3330 2137 3386 que
2184 3329 2305 3371 eam
2369 3329 2433 3369 ac
2486 3315 2769 3369 robustam
2813 3310 3033 3365 facere:
3093 3309 3451 3381 omniumque
3514 3326 3616 3368 ne-

2031 3405 2396 3462 cessariarum
2429 3417 2613 3458 rerum
2641 3416 2835 3456 curam
2870 3398 3178 3469 suscipere.

2106 3496 2193 3547 74.
2237 3492 2568 3562 liujusmodi
2607 3505 2789 3545 rerum
2832 3491 3223 3560 aggressiones
3295 3491 3495 3545 idonee
3520 3491 3621 3545 ad-

2032 3598 2229 3638 versus
2278 3588 2562 3652 equestres
2588 3579 2802 3650 copias,
2858 3578 3031 3645 Julio,
3061 3580 3332 3650 Augusto,
3393 3589 3488 3635 aut
3517 3580 3619 3635 Se-

2033 3673 2269 3746 ptembri
2304 3687 2494 3729 mense
2524 3672 2936 3743 suscipiuntur,
2977 3671 3202 3742 quando
3234 3673 3407 3727 herba
3436 3674 3620 3729 omnis

2033 3766 2275 3823 arefacta
2331 3773 2642 3836 exustaque
2692 3773 2799 3829 est,
2830 3766 3163 3837 equitesque
3211 3766 3453 3823 hostium
3502 3768 3621 3824 iul—-

2034 3859 2325 3931 pediantur
2381 3858 2475 3913 diu
2512 3858 2566 3913 in
2593 3872 2663 3913 eo
2716 3859 2838 3913 loco
2896 3858 3231 3915 consistere.

2105 4040 2195 4095 75.
2236 4038 2295 4095 Si
2340 4038 2592 4095 defectus
2644 4037 2735 4093 hic
2795 4038 2953 4093 locus
3001 4052 3143 4108 aqua
3201 4038 3392 4108 fuerit,
3443 4055 3621 4111 neque

2036 4143 2233 4187 natura
2295 4133 2368 4189 ibi
2419 4134 2510 4199 sit,
2568 4149 2747 4203 neque
2798 4133 2853 4187 in
2913 4133 3061 4189 fossa
3114 4134 3224 4188 ulla
3285 4134 3627 4200 inveniatur,

2033 4226 2119 4281 vel
2154 4226 2302 4282 dolia
2334 4232 2596 4292 testacea,
2630 4227 2714 4281 vel
2754 4225 2930 4281 buttia
2989 4226 3201 4296 integra
3254 4242 3470 4296 parare,
3535 4236 3621 4283 at-

2037 4335 2144 4388 que
2190 4334 2333 4391 aqua
2386 4320 2629 4390 explere,
2681 4325 2737 4374 et
2785 4318 3099 4375 colchlaces
3147 4318 3439 4374 ﬂuviatiles
3486 4335 3621 4375 con-

2035 4410 2227 4480 jicere,
2271 4427 2395 4482 quae
2446 4412 2557 4466 illis
2588 4411 2655 4466 ad
2701 4410 2994 4465 hibernum
3045 4418 3262 4480 tempus
3318 4409 3614 4479 sufficiant,

2037 4504 2402 4574 cisternaeque
2446 4502 2786 4559 aedificentur
2820 4504 2886 4558 ad
2933 4517 3131 4574 aquam
3176 4502 3415 4574 pluviam
3466 4504 3620 4559 exci‘

2039 4598 2316 4668 piendam.

2108 4690 2197 4743 76.
2239 4689 2307 4745 Ut
2360 4703 2429 4742 ne
2480 4703 2620 4759 aqua
2659 4689 2808 4745 oleat
2865 4689 3095 4744 immota
3139 4697 3317 4752 stans,
3374 4686 3479 4742 sub
3520 4703 3619 4741 va-

2038 4782 2119 4837 sis
2171 4780 2517 4852 receptacula
2570 4782 2818 4850 quaedam
2874 4788 3170 4851 ponantur,
3232 4789 3293 4834 ut
3356 4781 3619 4851 paulatim

2046 4872 2292 4927 deﬂuens
2353 4887 2494 4942 aqua
2550 4882 2756 4927 motum
2816 4873 3054 4941 capiat:
3108 4870 3201 4926 ubi
3238 4877 3423 4928 autem
3467 4887 3618 4928 com-

2048 4964 2189 5033 pleta
2231 4964 2345 5018 haec
2386 4964 2729 5032 receptacula
2811 4963 3033 5027 fuerint,
3102 4976 3295 5019 rursus
3361 4963 3414 5017 in
3474 4963 3620 5018 dolia

2045 5060 2099 5104 et
2131 5050 2307 5104 buttia
2342 5049 2723 5113 infundantur,
2761 5058 2826 5103 ut
2861 5049 2964 5105 hoc
3005 5059 3157 5104 motu
3198 5066 3340 5121 aqua
3395 5052 3623 5121 perﬂata

2048 5137 2272 5193 minime
2311 5148 2725 5207 corrumpatur.

2113 5313 2203 5368 77.
2236 5313 2378 5369 Utile
2403 5319 2584 5369 autem
2616 5312 2780 5368 fuerit
2802 5326 3016 5370 asseres
3046 5328 3357 5384 praeparare
3379 5316 3630 5371 crassiov

2043 5421 2155 5472 res,
2186 5414 2242 5461 et
2292 5406 2348 5461 iu
2398 5404 2545 5460 fossa
2570 5419 2667 5461 eos
2710 5406 3063 5475 conjungere,
3094 5413 3207 5461 tum
3233 5408 3439 5477 sarpio,
3476 5407 3619 5477 pice.

2045 5507 2265 5570 stuppa,
2320 5498 2617 5568 iuncturas
2644 5512 2837 5553 omnes
2892 5496 3113 5554 ﬁrmare
3168 5500 3452 5570 nodosque
3494 5499 3619 5555 ido-

1869 5608 2101 5669 ΝΟΤᾸΞ.

434 5707 548 5776 (eo)
584 5708 793 5765 Τόπον.
829 5705 1043 5767 Scribe,
1072 5706 1294 5776 τρόπον.
1356 5666 1359 5669 ’

433 5773 545 5849 (2|)
577 5777 1053 5848 Καϐαλληρικςῦ.
1090 5774 1300 5838 Scribe,
1348 5773 1673 5845 κακαρικοῡ.

2121 5703 2235 5777 (2‘2)
2279 5706 2386 5761 Καί
2418 5705 2610 5761 ἔσται.
2641 5702 2852 5773 Scribe,
2894 5703 3130 5761 καίεται.
