4074 6222
481 311 588 378 ωγ

1659 308 1856 372 LEON
1864 310 1937 371 lS
1963 309 2093 370 PH]
2104 310 2423 373 LOSOPHI

3648 313 3762 380 938

483 438 587 480 nee
650 428 858 491 aptare,
918 429 1032 475 tum
1086 418 1282 476 ordine
1328 421 1568 490 quodam
1619 420 1895 479 cisternas
1940 436 2055 477 me-

2174 425 2667 494 ιατασφαλίσασθαι
2702 424 2799 490 τὰς
2822 425 3034 495 ζεύξει(
3071 422 3190 500 ἦτοι
3222 428 3351 493 τοὺς
3389 430 3607 501 ἀρμοῦς
3650 432 3763 483 αὺ-

483 514 701 567 diocres
753 524 1017 581 apparare
1066 509 1255 580 viginti
1301 525 1552 575 numero,
1610 509 1799 566 decem
1853 509 2054 579 pedum

484 601 798 666 latitudine,
862 600 1153 656 altitudine
1220 608 1403 656 autem
1486 608 1633 667 octo,
1700 610 1797 657 aut
1845 602 2057 666 decem,

486 698 665 752 donec
721 707 912 748 omnes
967 694 1219 747 cisternae
1286 694 1354 748 ad
1422 708 1623 762 aquam
1691 708 1909 749 omnem
1962 708 2058 748 ca-

485 785 740 855 piendam
785 784 993 840 habiles
1027 783 1247 841 fuerint.
1277 784 1335 839 ln
1381 784 1680 855 majoribus
1719 786 1865 840 enim
1912 784 2061 841 vasis

488 877 697 939 diutius
750 890 894 946 aqua
948 887 1251 947 permanet.
1284 865 1557 933 Transtra
1594 886 1779 934 autem
1805 877 2059 949 quaedam

488 969 666 1039 lignea
698 970 994 1039 trabesque
1024 967 1091 1024 ad
1114 970 1450 1028 continenda
1479 971 1650 1030 latera
1679 972 2051 1027 cisternarum

489 1056 875 1122 adhibeantur,
916 1066 977 1113 ut
1004 1073 1073 1114 ne
1098 1072 1253 1128 aqua:
1290 1059 1645 1115 multitudine
1695 1059 1931 1129 disrupti
1968 1075 2060 1116 as-

486 1167 644 1209 seres
668 1151 977 1219 discedant,
1034 1167 1287 1224 aquaque
1341 1154 1523 1211 omnis
1591 1152 1928 1211 effundatur.

562 1428 652 1484 78.
691 1426 881 1499 Itaque
962 1427 1127 1497 igitur
1164 1427 1233 1482 de
1268 1428 1370 1483 hac
1408 1442 1469 1483 re
1520 1428 1679 1484 nobis
1713 1428 1921 1486 dictum
1969 1429 2062 1492 sit,

490 1526 550 1573 ut
602 1529 849 1589 tempore
902 1518 1005 1574 hoc
1060 1517 1407 1573 desiderante
1464 1519 1776 1587 hujusmodi
1829 1534 2063 1590 appara-

490 1620 605 1663 tum
665 1609 718 1664 in
797 1617 1055 1680 promptu
1108 1609 1333 1667 habeas.
1406 1610 1483 1665 De
1544 1610 1835 1667 obsidione
1899 1610 2068 1680 igitur

491 1699 724 1772 aliisque
774 1702 938 1757 rebus
979 1702 1093 1756 haec
1145 1700 1257 1756 sint
1312 1701 1471 1758 satis.

946 1791 1415 1850 CONSTITUTIO
1466 1791 1607 1849 XVI.

826 1884 903 1939 De
933 1885 1324 1940 incursionibus
1367 1896 1483 1954 post
1517 1885 1733 1940 bellum.

566 1980 618 2031 Ι.
660 1975 855 2032 Restat
904 1976 1014 2046 jam
1052 1984 1113 2031 ut
1139 1991 1261 2046 quae
1293 1984 1417 2045 post
1466 1978 1674 2031 exitum
1709 1976 1835 2037 belli
1881 1976 2067 2033 futura

494 2078 645 2131 sunt,
682 2068 954 2124 dicamus.
1003 2067 1060 2123 Si
1114 2068 1261 2122 enim
1308 2068 1611 2123 exercitum
1661 2068 1800 2125 bene
1860 2069 2070 2122 instru-

493 2162 663 2226 xeris,
717 2159 827 2215 Deo
870 2158 1107 2230 propitio
1160 2172 1452 2228 speramus
1516 2158 1806 2215 victoriam
1872 2174 2071 2216 conse-

492 2261 766 2308 euturam.

557 2343 614 2397 2.
677 2344 757 2398 Ac
819 2344 1058 2414 primum
1119 2342 1310 2415 gratiae
1386 2341 1624 2398 Domino
1691 2351 1882 2397 nostro
1941 2341 2068 2398 Jesn

490 2436 710 2492 Christo
767 2437 1008 2507 agendae,
1053 2434 1137 2491 vel
1177 2446 1307 2492 ante
1359 2435 1650 2489 victoriam
1685 2434 1810 2489 belli
1861 2434 2067 2503 aliquid

489 2527 640 2597 pium
685 2525 1142 2599 promittendum,
1204 2522 1352 2595 quod
1414 2524 1747 2595 promissum
1780 2531 1906 2593 post
1941 2522 2070 2578 belli

490 2618 701 2673 exitum
748 2617 1069 2672 faciendum
1120 2617 1214 2671 sit.

558 2712 613 2767 5.
652 2709 861 2766 Deinde
918 2706 1380 2777 perscrutaberis,
1415 2705 1512 2775 qui
1564 2720 1625 2761 se
1651 2705 1707 2760 in
1738 2705 1883 2761 bello
1924 2714 2067 2761 stre-

490 2815 600 2858 nue
659 2799 956 2871 gesserint,
1026 2798 1249 2869 illisque
1314 2796 1545 2853 idoneos
1600 2796 1842 2851 honores
1898 2797 2065 2852 habe-

490 2892 602 2957 bis,
648 2891 877 2961 ignavos
922 2899 1108 2945 autem
1157 2903 1268 2963 quo
1317 2902 1419 2959 par
1468 2895 1553 2945 est
1599 2886 1875 2958 supplicio
1929 2902 2066 2943 con-

493 2981 762 3051 stringes.

560 3076 616 3130 4.
666 3073 935 3131 Strenuus
988 3071 1138 3129 viros
1206 3070 1276 3128 iis
1323 3073 1649 3129 muneribus
1724 3072 2062 3133 honorabis:

492 3170 738 3239 integras
800 3173 1135 3232 armaturas,
1189 3166 1236 3222 si
1298 3181 1420 3237 quae
1472 3167 1639 3222 clara:
1708 3167 2069 3236 illustresque

491 3260 714 3326 fuerint,
758 3273 823 3315 ac
848 3258 914 3315 de
953 3256 1167 3315 bellicis
1196 3258 1393 3328 spoliis
1434 3273 1557 3328 qua:
1591 3256 1882 3314 commoda
1913 3267 2069 3324 sunt,

493 3354 603 3409 illis
645 3350 827 3415 dabis,
886 3350 1304 3421 honoribusque
1350 3366 1452 3422 pro
1500 3350 1768 3421 dignitate
1819 3365 1887 3406 es
1912 3362 2071 3419 aequo

492 3461 557 3503 ac
604 3445 750 3500 bono
815 3457 1281 3514 unumquemque,
1339 3451 1400 3498 ut
1440 3441 1701 3497 cohortes
1755 3440 2067 3502 milliarias,

494 3539 784 3600 cohortes,
836 3536 1147 3599 centurias,
1199 3535 1554 3606 reliquasque
1603 3545 1898 3592 consuetas
1968 3532 2074 3589 sub

494 3630 836 3693 dominatum
874 3636 1028 3686 tuum
1063 3628 1346 3699 subiectas
1379 3627 1783 3685 multitudines.
1821 3624 2073 3681 Plebeios

500 3725 726 3790 milites,
784 3724 879 3793 qui
937 3723 1155 3779 strenui
1218 3720 1439 3787 fuerint,
1500 3720 1811 3777 minoribus
1873 3718 2069 3787 donis;

494 3815 781 3885 prastectos
819 3823 1003 3869 autem
1054 3812 1357 3883 majoribus
1405 3811 1741 3871 honorabis:
1796 3813 1873 3869 ita
1926 3814 2073 3869 enim

496 3906 589 3961 ﬁet
639 3914 699 3958 ut
733 3905 931 3973 majori
988 3903 1323 3972 fortiorique
1380 3904 1567 3958 animo
1602 3903 1712 3959 sint
1762 3903 1857 3974 qui
1911 3903 2076 3959 dimi-

496 3998 721 4061 cabant,
773 3996 820 4055 si
871 4009 938 4052 ea
983 4010 1108 4065 quae
1166 3993 1396 4065 cupiunt
1428 3994 1483 4051 in
1522 3995 1716 4066 primis
1768 4009 2074 4067 assequan-

497 4095 610 4144 Illl'.

566 4180 622 4237 5.
657 4176 763 4235 Ubi
787 4177 934 4237 enim
984 4178 1223 4237 honores
1254 4186 1307 4234 et
1335 4177 1560 4249 praemia
1588 4175 1860 4234 habentur
1887 4178 2074 4244 bonis,

497 4271 765 4343 supplicia
815 4278 871 4327 et
917 4284 1095 4341 prunas
1157 4268 1461 4326 aﬂ'eruntur
1507 4269 1689 4335 malis,
1750 4270 1825 4327 ibi
1878 4269 2075 4326 bonam

498 4375 652 4435 spem
712 4359 934 4417 habebit
987 4361 1295 4417 exercitus:
1353 4359 1483 4416 mall
1539 4358 1685 4415 enim
1766 4359 1823 4415 in
1888 4357 2079 4415 formi-

2158 517 2277 582 τοῦ,
2306 518 2401 571 καὶ
2429 518 2488 573 ὲν
2515 518 2667 583 τάξει
2700 519 2919 590 ξυλίνης
2942 521 3264 593 κινστέρνης
3289 523 3613 593 συμμέτρου
3650 544 3760 579 κα-

2159 612 2516 674 τασκευάσαι,
2550 613 2661 665 εἴτε
2699 614 2847 683 μίαν,
2874 613 2984 666 εἴτε
3006 614 3241 679 πλείους,
3292 616 3523 685 ἑχούσοις
3570 620 3758 672 εἴκοσι

2159 703 2252 756 ἐπὶ
2284 703 2418 757 δέκα
2445 703 2609 767 πόδας
2645 706 2703 757 τὸ
2732 704 2955 771 πλάτος,
2994 708 3055 758 τὸ
3079 706 3135 759 δὲ
3165 705 3298 776 ὕψος
3326 707 3470 761 ὀκτὼ
3505 710 3539 780 ἢ
3586 710 3757 776 δέκα,

2163 794 2354 866 μέχρις
2403 789 2465 847 οὗ
2489 797 2780 867 ὲγχόρηγοι
2813 798 2870 851 αί
2919 798 3229 869 κινστὲρναι
3265 802 3551 869 γένωνται⁸
3584 804 3763 873 δῆλον

2160 888 2267 958 γάρ
2292 890 2437 941 ἔστιν
2464 889 2536 953 ὡς
2563 892 2620 943 ὲν
2655 893 2767 953 τοῖς
2816 891 3152 961 μειζοτέροις
3195 892 3441 961 ἀγγείοις
3490 878 3666 948 πλέον
3695 896 3763 948 τὸ

2163 974 2307 1048 ὕδωρ
2348 976 2610 1047 διαμένει.
2660 979 2901 1049 Κατόχια
2926 980 2983 1033 δὲ
3025 979 3209 1045 ξύλινα
3238 982 3297 1034 ὲν
3338 982 3415 1053 τῷ
3457 984 3615 1055 μέσῳ
3641 986 3761 1039 τῶν

2162 1067 2494 1137 κινστερνῶν
2525 1061 2639 1121 οἷον
2665 1067 2995 1138 συνδέσμους
3018 1068 3093 1130 ὡς
3125 1070 3405 1139 τραπεζὲα
3432 1069 3517 1123 δεῖ
3549 1070 3759 1140 βάλλε-

2166 1158 2292 1212 σθαι
2329 1161 2423 1213 καὶ
2478 1160 2698 1223 σανίδας
2737 1159 2987 1229 παχείας,
3044 1160 3131 1213 ἵνα
3171 1161 3246 1232 μὴ
3294 1162 3371 1232 τῷ
3428 1163 3630 1233 πλήθει
3659 1164 3763 1217 τοῦ

2166 1247 2355 1309 ὓδατος
2379 1247 2694 1319 βιαζόμεναι
2716 1248 2772 1303 αί
2791 1249 3000 1311 σανίδες
3018 1250 3380 1320 στρέφωνται,
3403 1254 3577 1306 καὶτὸ
3604 1253 3763 1325 ὕδωρ

2164 1340 2526 1397 ἀπολλύωσιν.

2235 1446 2334 1508 οη’.
2372 1436 2532 1491 Οὕτω
2564 1437 2662 1507 μὲν
2686 1435 2779 1491 οὖν
2814 1438 2909 1492 καὶ
2934 1438 3064 1508 περὶ
3090 1437 3283 1490 τούτου
3310 1438 3570 1508 εἰρήσθω,
3598 1439 3764 1501 ὅπως

2167 1528 2301 1583 ποτὲ
2326 1529 2517 1601 καιροῦ
2546 1528 2838 1592 καλοῦντος
2866 1530 2995 1601 ἔχῃς
3024 1529 3089 1582 δι’
3123 1528 3343 1599 ἑτοίμου
3374 1530 3465 1582 καί¹
3504 1529 3608 1600 τὴν
3638 1547 3766 1583 τοι-

2167 1623 2339 1693 αὐτην
2366 1620 2631 1686 διάταξιν.
2656 1621 2905 1675 Τοσαῦτα
2931 1621 3031 1691 μέν
3061 1638 3141 1675 σοι
3170 1621 3265 1675 καὶ
3293 1621 3421 1691 περί
3446 1638 3504 1674 τε
3533 1621 3769 1693 πολιορ-

2171 1717 2295 1780 κίας
2323 1718 2418 1770 καὶ
2447 1716 2554 1768 τῶν
2582 1715 2757 1770 ἀλλων
2784 1714 3045 1783 εἰρήσθω.

2661 1804 2972 1861 unum
2996 1807 3091 1873 lC,"
3125 1806 3261 1874 (es).

2493 1900 2632 1968 Περί
2668 1897 2785 1952 τῶν
2816 1898 2965 1967 μετὰ
2994 1898 3103 1951 τὸν
3131 1900 3417 1967 πόλεμον.

2244 1992 2309 2046 α’.
2357 1992 2585 2061 Ἐφεξῆς
2617 1992 2673 2044 δὲ
2698 1991 2901 2044 τούτων
2922 1991 3018 2044 καὶ
3048 1992 3148 2044 ὃσα
3179 1990 3319 2061 μετά
3364 1992 3464 2059 τὴν
3504 1990 3763 2059 πολέμου

2174 2084 2397 2139 ἔκϐασιν
2444 2084 2561 2137 δέον
2612 2082 2857 2151 γίνεσθαι
2907 2083 3119 2153 ῥητέον.
3172 2082 3283 2136 Καὶ
3310 2082 3420 2154 γὰρ
3450 2082 3543 2135 ὲάν
3568 2082 3768 2145 καλῶς

2171 2177 2405 2248 ὲκτάξῃς
2433 2175 2494 2229 τὸ
2544 2175 2877 2246 στράτευμα,
2915 2172 3053 2243 μετά
3092 2172 3193 2243 τῆς
3210 2170 3306 2226 τοῦ
3330 2170 3465 2224 Θεοῦ
3495 2169 3767 2240 βοηθείας

2170 2267 2462 2337 ἐλπίζομεν
2492 2264 2587 2320 καὶ
2616 2267 2713 2335 τὴν
2741 2264 2897 2335 νίκην
2923 2262 3278 2334 παρέσεσθαι.

2244 2359 2308 2429 β’.
2335 2358 2445 2412 Καὶ
2465 2357 2680 2427 πρῶτον
2702 2356 2798 2426 μὶν
2822 2354 3121 2418 ἀποδώσεις
3144 2355 3333 2426 Κυρίῳ
3357 2353 3432 2425 τῷ
3452 2350 3569 2421 Θεῷ
3590 2352 3765 2423 ήμῶν

2184 2450 2360 2521 Ἰησοῦ
2387 2449 2609 2521 Χριστῷ
2637 2450 2737 2518 τὴν
2770 2448 3140 2518 εὐχαριστίαν,
3176 2450 3270 2503 καὶ
3308 2449 3408 2502 εῐτι
3438 2446 3767 2517 ἑπηγγείλω

2171 2542 2279 2614 πρὸ
2301 2544 2400 2612 τῆς
2432 2541 2589 2611 νίκης
2611 2540 2705 2594 τοῦ
2732 2540 2970 2609 πολέμου
3005 2539 3274 2593 ἀποδώσει
3307 2538 3443 2610 μετά
3464 2538 3565 2609 τὴν
3594 2538 3765 2607 νίκην

2171 2632 2544 2703 χαριστήριον,
2580 2630 2653 2700 μή
2683 2629 2965 2700 ἀμελήσῃς
2993 2628 3307 2684 ἀποδοῦναι.

2241 2730 2313 2791 γ’.
2348 2724 2460 2777 Καὶ
2490 2720 2590 2776 εἷθ’
2621 2722 2796 2787 οὕτως
2825 2723 3212 2794 ἀνερευνήσεις
3231 2724 3360 2786 τοὺς
3390 2723 3758 2797 ἀριστεύσαν-

2170 2832 2267 2879 τας
2288 2816 2347 2869 ὲν
2385 2817 2493 2878 τοῖς
2522 2816 2624 2883 τῆς
2654 2813 2833 2885 μάχης
2857 2813 3140 2878 κινδύνοις,
3166 2814 3261 2867 καὶ
3284 2796 3507 2879 τούτους
3534 2816 3766 2887 ἀνευρί-

2174 2923 2319 2961 σκων
2338 2906 2568 2977 τίμησον
2591 2906 2658 2959 αύ
2668 2905 2789 2969 τοὺς
2810 2905 3040 2976 δωρεαῖς
3062 2904 3157 2958 καὶ
3183 2908 3371 2975 τιμαῖς
3394 2908 3513 2971 ταῖς
3535 2907 3765 2977 ἑκάστῳ

2172 3000 2531 3069 πρεπούσαις’
2551 3000 2675 3061 τοὺς
2696 2998 2752 3052 δὲ
2782 2998 2985 3063 κακοὺς
3012 2997 3281 3066 φανέντας
3310 2997 3528 3063 κόλαζε.

2244 3095 2306 3151 δ’.
2341 3095 2603 3163 Τιμήσεις
2622 3092 2678 3146 δὲ
2709 3093 2835 3156 τοὺς
2858 3092 3287 3163 ἀριστεύσαντας
3314 3093 3541 3165 δωρεαῖς
3570 3092 3766 3147 τοιαύ-

2176 3205 2318 3250 ταις,
2347 3180 2460 3239 οἷον
2488 3184 2789 3249 πανοπλίας
2822 3184 3108 3249 ιπιδώσεις
3136 3184 3399 3255 τερπνὰς,
3437 3184 3531 3237 καὶ
3556 3185 3623 3238 τὰ
3645 3186 3763 3238 ἀπὸ

2172 3280 2268 3335 τοῦ
2294 3280 2531 3351 πολέμου
2564 3277 2874 3350 συνηγμένα
2898 3278 3069 3333 σκύλα
3110 3279 3387 3350 διανεμεῖς
3430 3279 3642 3341 αὐτοῖς·
3672 3295 3764 3330 τι-

2178 3372 2371 3441 μήσεις
2398 3370 2454 3423 δὲ
2484 3371 2578 3423 xal.
2600 3371 2677 3432 είς
2706 3367 2992 3439 ἀξιώματα
3012 3368 3133 3423 κατ’
3154 3367 3451 3436 ἀναλογίαν
3478 3366 3763 3437 ἁρμοδίως

2172 3460 2422 3525 ἕκαστον,
2459 3453 2570 3513 οἷον
2602 3461 2682 3516 είς
2709 3458 3124 3529 δρουγγαρίους,
3153 3461 3230 3522 είς
3257 3458 3445 3528 βάνδα,
3482 3460 3562 3523 είς
3595 3475 3765 3510 κεντ-

2175 3552 2411 3622 αρχίας,
2449 3551 2541 3605 καὶ
2600 3552 2679 3614 είς
2734 3549 2832 3613 τὰς
2881 3549 3048 3614 ἄλλας
3098 3550 3350 3621 συνήθεις
3396 3549 3501 3602 ὑπὸ
3527 3550 3627 3621 τὴν
3657 3549 3765 3619 σὴν

2176 3643 2425 3708 ἐξουσίαν
2450 3640 2778 3714 ἀρχοντικάς
2811 3640 3081 3710 προϐολὰς
3100 3681 3115 3704 ,
3137 3640 3246 3693 τῶν
3275 3639 3374 3711 μὲν
3392 3639 3555 3692 λιτῶν
3588 3655 3763 3709 στρα-

2175 3734 2388 3788 τιωτῶν
2405 3734 2530 3796 τοὺς
2556 3732 3080 3803 ἀνδραγαθήσαντας
3111 3734 3189 3795 είς
3211 3730 3540 3802 μικροτέρας
3564 3729 3761 3799 τιμὰς,

2175 3824 2285 3879 τῶν
2314 3824 2369 3878 δὲ
2413 3824 2691 3897 ἀρχόντων
2743 3825 2822 3887 εἰς
2860 3822 3112 3893 μείζονας
3171 3822 3386 3894 ἀρχάς·
3440 3820 3613 3883 οὕτως
3646 3819 3767 3892 γὰρ

2180 3914 2547 3986 μεγαλόψυχοι
2603 3914 2697 3967 καὶ
2738 3915 2977 3982 γενναῖοι
3017 3912 3230 3967 ἔσονται
3284 3913 3334 3965 οί
3364 3911 3765 3980 ἀγωνιζόμενοι

2175 4008 2535 4077 τυγχάνοντες
2559 4005 2792 4077 μάλιστα
2822 4004 2917 4059 καλ⁸
2949 3996 3024 4058 ὧν
3042 4002 3422 4074 ἐπιθυμοῦσιν.

2247 4179 2309 4235 s'.
2346 4178 2522 4234 Ὅπου
2547 4178 2604 4233 δὲ
2631 4178 2792 4249 τιμαὶ
2825 4179 2924 4248 μὶν
2958 4177 3053 4232 καὶ
3081 4177 3246 4249 κέρδη
3273 4176 3612 4231 ἀποδίδονται
3644 4177 3769 4239 τοῖς

2177 4271 2423 4338 ἀγαθοῖς,
2454 4270 2717 4341 τιμωρίαι
2739 4269 2795 4323 δὲ
2824 4269 3119 4337 ίπάγονται
3142 4270 3255 4331 τοῖς
3276 4270 3486 4333 κακοῖς,
3521 4266 3767 4321 ἐνταῦθα

2178 4361 2347 4426 καλάς
2385 4360 2605 4424 ἐλπίδας
2631 4360 2776 4432 ἔχειν
2805 4360 2863 4426 ἐξ
2890 4361 3140 4429 ἀνάγκης
3181 4358 3243 4414 «ce
3276 4358 3673 4430 στρατόπεδον·
3706 4359 3764 4409 οἱ

498 4453 629 4511 dine
682 4452 949 4523 peccandi
1014 4461 1201 4521 erunt,
1256 4450 1386 4507 boni
1441 4464 1573 4507 vero
1626 4458 1686 4507 ιιι
1715 4448 1930 4506 strenui
1961 4448 2068 4505 sint

2182 4454 2281 4524 μὲν
2313 4453 2426 4522 γὰρ
2474 4454 2638 4508 κακοὶ
2667 4450 2955 4520 φοϐοῦνται
3005 4450 3366 4521 ἁμαρτάνειν,
3396 4450 3444 4502 ot
3477 4448 3532 4502 δὲ
3562 4446 3767 4515 ἀγαθοὶ

499 4544 849 4602 laborabunt.

570 4636 625 4692 6.
684 4636 873 4706 Neque
902 4649 1034 4690 vero
1078 4634 1257 4690 solum
1295 4632 1594 4703 unicuique
1642 4632 1961 4703 singulatim
1991 4631 2072 4685 vi-

496 4741 563 4782 ro
614 4726 853 4783 honores
913 4723 1165 4789 habebis,
1211 4723 1307 4779 sed
1359 4724 1525 4780 etiam
1585 4723 1828 4794 integras
1883 4724 2075 4778 cohor-

495 4826 603 4882 tes,
630 4816 890 4872 cohortes
954 4814 1267 4880 milliarias,
1304 4828 1370 4869 ac
1424 4821 1637 4869 turmas
1682 4813 1925 4883 praemiis
1984 4813 2072 4869 de

498 4908 742 4965 corabis.
791 4907 899 4963 [les
948 4905 1190 4962 hostium
1256 4904 1526 4963 militibus
1588 4903 1929 4975 diripiendas
1978 4904 2076 4961 da-

497 5001 608 5070 bis,
666 5000 785 5056 sive
836 5006 1136 5070 apparatus
1203 4997 1427 5068 aliquis,
1484 4995 1601 5052 sive
1658 4995 2072 5065 impedimenta,

498 5093 615 5150 sive
661 5090 899 5156 tuldum,
960 5091 1075 5147 sive
1128 5090 1345 5155 civitas,
1381 5089 1499 5145 sive
1546 5087 1832 5147 castellum
1872 5086 2069 5145 fuerit:

501 5184 607 5240 nisi
654 5184 701 5240 si
741 5184 974 5254 captivis
1040 5183 1319 5252 rebusque
1365 5181 1597 5252 direptis
1630 5180 1843 5251 aliquid
1878 5181 2072 5237 melius

501 5290 565 5332 ac
610 5277 933 5347 praeclarius
996 5276 1188 5333 facies.

570 5366 627 5425 7.
666 5369 808 5443 Quid
840 5369 989 5427 enim
1012 5382 1194 5424 causae
1225 5381 1349 5425 esse
1381 5374 1584 5436 potest,
1618 5380 1718 5421 cur
1758 5380 1867 5421 non
1888 5379 1922 5421 e
1953 5364 2070 5420 bel—

502 5456 624 5513 licis
650 5459 841 5530 spoliis
871 5458 1082 5518 strenui
1121 5457 1323 5517 milites
1374 5457 1594 5527 praemia
1628 5456 1933 5523 haberent;
1972 5471 2069 5511 ve-

504 5557 723 5606 natores
762 5555 909 5607 enim
947 5552 1225 5608 cernimus
1250 5564 1417 5606 canes
1460 5565 1592 5606 suos
1624 5548 1930 5605 venationis
1962 5562 2076 5604 sua;

2178 4545 2568 4610 σπουδάζουσιν
2600 4543 2976 4613 ἀνδραγαθεῖν.

2250 4645 2323 4704 ς’.
2356 4638 2464 4693 Καὶ
2501 4639 2576 4708 μὴ
2622 4637 2781 4707 μόνον
2842 4636 2983 4688 κατὰ
3013 4634 3110 4688 ἕνα
3166 4633 3337 4704 ἄνδρα
3369 4634 3470 4696 τὰς
3521 4630 3765 4701 ἀμοιϐὰς

2180 4728 2449 4795 ἀποδίδου,
2477 4727 2614 4780 ἀλλὰ
2644 4730 2739 4781 καὶ
2781 4726 2904 4779 ὅλον
2928 4727 3134 4794 τάγμα,
3162 4725 3194 4795 ἢ
3217 4724 3502 4794 δροῦγγον,
3534 4722 3567 4793 ἢ
3594 4721 3766 4793 τούρ-

2182 4835 2307 4893 μαν,
2348 4818 2864 4889 ἀνδραγαθήσαντας
2895 4818 3157 4887 ἐπίτρεπε
3204 4815 3523 4887 διαρπάζειν
3547 4813 3615 4865 τὰ
3650 4812 3767 4865 τῶν

2182 4911 2458 4979 πολεμίων
2489 4910 2617 4972 τοὺς
2671 4909 3031 4981 στρατιώτας,
3088 4906 3200 4960 εἴτε
3239 4904 3545 4960 ἀποσκευαί
3594 4906 3756 4967 εἰσιν,

2180 5006 2291 5059 εἴτε
2320 5003 2382 5057 τὸ
2408 5001 2650 5066 τοῦλδον,
2676 5001 2787 5054 εἴτε
2823 4999 2996 5061 πόλις,
3034 4999 3066 5069 ή
3094 4998 3350 5067 κάστρον,
3386 4998 3420 5067 ή
3450 5012 3501 5049 τι
3532 4995 3761 5063 ἓτερον⁶

2181 5094 2277 5149 ἐὰν
2305 5094 2412 5164 ἀρα
2441 5091 2516 5163 μὴ
2542 5091 2703 5161 βούλῃ
2724 5088 3090 5161 χρηστότερόν
3113 5104 3167 5140 τι
3211 5088 3342 5157 περὶ
3379 5085 3492 5137 τῶν
3521 5083 3763 5137 ἑαλωκό-

2179 5204 2286 5240 των
2325 5186 2418 5239 καὶ
2442 5182 2784 5254 πραγμάτων
2813 5181 2906 5235 καὶ
2939 5177 3305 5250 αἰχμαλώτων
3340 5174 3754 5247 βουλεύσασθαι.

2259 5360 2322 5425 ζ’.
2359 5359 2468 5413 Καὶ
2518 5357 2634 5418 πῶς
2692 5356 2801 5427 γὰρ
2828 5356 2889 5409 οὐ
2919 5355 3127 5409 δίκαιον
3162 5354 3275 5420 τοῖς
3304 5351 3614 5423 εἰρημένοις
3646 5349 3761 5403 ἀπὸ

2182 5455 2290 5509 τῶν
2318 5450 2591 5522 πολεμίων
2622 5448 2837 5513 σκύλοις
2862 5448 2990 5511 τοὺς
3026 5446 3455 5517 ἀριστεύσαντας
3486 5441 3760 5513 στρατιώο

2181 5562 2279 5610 τας
2315 5541 2753 5614 φιλοτιμεῖσθαι;
2782 5541 2995 5612 ὁρῶμεν
3047 5540 3153 5610 γὰρ
3189 5539 3271 5593 ὅτι
3298 5538 3393 5591 καὶ
3424 5537 3552 5599 τοὺς
3622 5552 3758 5590 κυν-

1991 5665 2198 5723 NOTAE

574 5742 687 5816 (23)
715 5743 772 5797 In
794 5743 913 5798 eod.
951 5740 1114 5797 Laur.
1149 5750 1231 5796 est
1259 5753 1380 5808 cap.
1416 5739 1481 5791 ts
