4074 6222
378 292 486 354 909

1423 296 1759 361 TACTICA.
1797 322 1865 337 -
1905 302 2409 370 CONSTITUTIO
2445 311 2596 372 XVI.

3524 316 3632 379 910

372 400 661 471 ηγετικοὺς
686 400 853 465 κύνας
906 402 955 455 ol
1018 404 1244 476 κυνηγοὶ
1277 405 1370 460 τοῦ
1413 406 1780 479 θηρευομένου
1812 408 1947 474 ζώου

2060 416 2327 487 sanguine
2371 419 2617 477 inescare
2642 460 2656 486 ,
2696 420 2968 476 interdum
3014 422 3177 477 etiam
3217 421 3494 479 intestinis
3540 424 3638 477 do-

367 495 447 563 τῷ
473 494 687 563 αἵματι,
724 493 817 546 καί
862 510 992 548 ποτε
1050 496 1144 549 καί⁵
1196 499 1304 561 τοῖς
1364 498 1658 562 ὲντοσθίοις
1684 500 1947 565 δελεάζειι

2064 520 2217 571 nare,
2250 517 2306 561 ut
2338 511 2404 564 ad
2440 510 2843 580 persequendas
2875 510 3020 565 feras
3051 512 3343 568 alacriores
3373 510 3528 567 ﬁant.
3561 513 3637 565 ita

366 584 664 651 ἀναγκαῖον
720 582 1024 647 ποιοῦνται,
1071 584 1158 639 ἴνα
1190 585 1631 657 προθυμοτέρους
1666 589 1763 642 καὶ
1793 589 1947 645 πάλιν

2063 605 2190 653 ante
2210 599 2335 656 belli
2364 604 2571 657 exitum
2602 603 2647 658 si
2681 604 3117 659 munerabuntur
3150 603 3373 667 milites,
3405 604 3641 659 alacrior

365 676 447 737 εἰς
472 675 599 737 τοὺς
614 674 861 746 ιάγῶνας
896 674 998 743 τῆς
1053 674 1227 746 θήρας
1262 680 1585 747 ποιήσωσιν.
1627 678 1814 743 Οὕτως
1846 680 1947 752 γὰρ

2062 690 2344 745 exercitus
2368 692 2433 746 ad
2457 692 2659 748 bellum
2691 692 2987 762 gerendum
3021 692 3131 747 tiet.

369 767 627 840 μάλιστα,
675 769 727 821 εἰ
774 768 869 821 καὶ
912 770 1079 839 μήπω
1138 769 1291 833 τέλος
1342 769 1563 840 δέξηται
1614 772 1644 825 ὁ
1689 771 1948 843 πόλεμος,
1988 776 2399 852 προθυμότερος
2432 785 2460 838 ὁ
2495 784 2725 855 στρατὸς
2787 783 2923 854 πρὸς
2996 782 3093 845 τὰς
3159 784 3337 852 μάχας
3413 784 3639 852 γενήσε..

366 876 478 913 ται.

436 957 510 1022 η’.
544 948 803 1021 Διαφέρει
866 950 1027 1021 γάρὸ
1058 950 1293 1022 πόλεμος
1340 950 1442 1021 τῆς
1500 952 1701 1023 μάχης⁶
1757 956 1785 1008 ό
1853 956 1952 1026 μὲν

370 1042 479 1111 γάρ
535 1040 767 1111 πόλεμος
833 1040 941 1094 ἀπὸ
972 1041 1148 1112 ἀρχῆς
1176 1042 1272 1095 καὶ
1323 1043 1489 1114 μέχρι
1514 1044 1702 1108 τέλους
1729 1046 1823 1099 καὶ
1853 1063 1953 1100 κα-

370 1132 695 1196 ταπαύσεως
721 1132 829 1186 τῶν
888 1134 1218 1203 μαχομένων
1239 1132 1479 1202 λέγεται,
1516 1134 1717 1199 πολλάς
1740 1137 1799 1188 ὲν
1829 1137 1953 1191 ὲαυο

367 1223 445 1294 τῷ
478 1225 657 1295 μάχας
708 1223 1015 1294 περιέχωνο
1048 1225 1083 1294 ή
1127 1224 1185 1278 δέ
1247 1224 1393 1296 μάχη
1457 1226 1684 1295 μερικὺς
1732 1227 1952 1297 λέγεται

370 1317 630 1385 πόλεμος,
686 1314 950 1379 πολλάκις
1005 1315 1266 1386 γινομένη
1310 1317 1368 1369 ὲν
1402 1316 1480 1387 τῷ
1510 1316 1604 1370 τοῦ
1651 1317 1776 1371 καθ’
1828 1318 1953 1372 ὅλου

369 1405 608 1477 πολέμου
662 1403 863 1476 καιρῷ,
923 1404 1021 1459 καὶ
1062 1406 1458 1477 ἀπογινομένη.
1486 1407 1563 1460 Οὐ
1606 1408 1714 1477 μὴν
1735 1407 1792 1460 δὲ
1822 1409 1957 1462 πάν-

2123 958 2176 1013 8.
2221 958 2428 1014 Bellum
2461 975 2492 1013 a
2530 976 2712 1032 pugna
2753 960 2971 1017 dill‘ert:
3002 961 3200 1016 bellum
3249 959 3393 1014 enim
3423 960 3496 1015 ab
3527 962 3638 1017 ini-

2054 1048 2133 1103 tio
2156 1066 2331 1119 usque
2354 1051 2420 1105 ad
2448 1050 2610 1106 linem
2634 1061 2687 1107 et
2712 1051 2955 1106 omnium
2986 1050 3216 1105 militum
3247 1052 3636 1120 cessationem,

2052 1142 2257 1199 multas
2295 1144 2498 1199 dicitur
2527 1145 2583 1199 in
2615 1160 2674 1201 se
2698 1159 2910 1215 pugnas
2948 1146 3234 1200 continere
3264 1162 3277 1197 :
3317 1158 3499 1215 pugna
3536 1160 3637 1199 au-

2052 1243 2159 1289 tem
2217 1250 2346 1305 pars
2386 1237 2636 1306 quaedam
2685 1237 2844 1308 quasi
2893 1237 3019 1293 belli
3082 1236 3286 1291 dicitur
3327 1277 3343 1303 ,
3403 1252 3523 1307 qua:
3582 1239 3638 1292 in

2056 1321 2316 1377 universo
2353 1324 2496 1379 bello
2521 1340 2664 1394 sagpe
2708 1332 2793 1381 est
2816 1365 2831 1387 ,
2880 1341 3025 1396 saepe
3060 1326 3253 1392 abest,
3295 1341 3416 1397 qua:
3453 1336 3636 1385 tamen

2056 1410 2218 1465 ﬁnem
2255 1412 2381 1467 belli
2414 1428 2524 1468 nou
2556 1412 2735 1468 aﬂ‘ert.
2772 1412 2987 1468 Etenim
3029 1430 3176 1484 saepe
3206 1415 3311 1479 bis,
3342 1429 3486 1483 saepe
3528 1422 3632 1478 ter,

366 1516 487 1553 τοτε
564 1498 716 1562 τέλος
789 1499 1072 1567 ἀπάγουσα
1129 1499 1371 1569 πολέμου
1398 1539 1413 1564 ,
1468 1498 1606 1553 ἀλλά
1664 1500 1799 1571 πρὸς
1855 1500 1947 1572 τὴν

2056 1508 2151 1555 aut
2191 1501 2356 1557 etiam
2402 1501 2772 1572 frequentius,
2802 1518 2900 1573 pro
2926 1519 3111 1559 rerum
3139 1504 3505 1576 gerendarum
3538 1518 3637 1559 ne-

367 1592 554 1662 χρείαν
587 1591 682 1644 καὶ
715 1589 810 1643 δύο
834 1589 929 1644 καὶ
958 1590 1079 1661 τρὶς
1106 1592 1200 1643 καί.
1256 1589 1515 1651 πολλάκις
1542 1590 1600 1643 έν
1625 1589 1732 1661 ὅλῳ
1755 1589 1831 1662 τῷ
1860 1591 1947 1645 τοῦ

2054 1592 2331 1658 cessitate,
2366 1593 2423 1647 in
2456 1593 2658 1649 bellum
2694 1592 3022 1664 conﬂigunt.

366 1681 605 1752 ⁴πολέμου
646 1680 822 1752 καιρῷ
859 1680 959 1744 τὰς
992 1680 1269 1751 ωμὸολάς
1300 1681 1620 1751 ποιουμένη.

435 1747 644 1840 θ’ίτάς
674 1747 1012 1844 δὲάρπαγάς
1044 1747 1146 1827 οὐκ
1171 1773 1265 1826 ini.
1301 1747 1483 1842 πάσης
1510 1747 1690 1842 μάχης
1718 1772 1947 1844 λέγομεν

2124 1772 2177 1827 9.
2214 1770 2607 1826 lnsectationes
2660 1771 2902 1827 hostium
2950 1787 3057 1827 non
3110 1787 3328 1843 semper
3364 1784 3487 1844 post
3532 1792 3633 1846 pu-

366 1864 631 1932 γίνεσθαι,
660 1864 796 1918 ἀλλά
817 1864 946 1918 ποτὲ
975 1865 1094 1934 μὲν,
1122 1863 1321 1917 mea:
1348 1863 1433 1927 οὒ,
1464 1863 1647 1927 καθὼς
1662 1864 1794 1919 αὐτὸ
1812 1882 1949 1935 συμο

351 1958 530 2028 «φέρον
552 1957 835 2026 ἀπαιτήσῃ
862 1955 957 2008 τοῦ
979 1955 1197 2026 καιροῦ.

438 2054 486 2101 ι’.
557 2048 668 2101 Καὶ
712 2048 780 2101 τά
811 2046 910 2117 μὲν
958 2046 1287 2117 αἰχμάλωτα
1346 2045 1575 2115 σώματα
1617 2047 1948 2117 πιπράσκειν

362 2139 456 2193 τὸν
517 2138 780 2210 στρατόνο
818 2138 869 2191 εἰ
906 2136 964 2191 δὲ
1002 2138 1301 2208 χρημάτων
1334 2138 1452 2191 ἐστὶ
1506 2138 1685 2208 χρεία,
1736 2140 1830 2193 καὶ
1855 2140 1949 2192 δα-

363 2229 541 2300 πάνης
587 2229 772 2298 κοινῆς
802 2228 897 2282 καὶ
925 2227 1189 2298 μεγάλης,
1219 2228 1395 2283 πάντα
1419 2228 1554 2299 πρὸς
1586 2228 1649 2283 σὲ
1681 2229 1950 2300 ἀναφέρε·

364 2317 487 2370 σθαι
514 2316 772 2388 κήρυξον,
837 2316 931 2369 καὶ
968 2318 1148 2369 πᾶσαν
1201 2316 1497 2387 ἐπιθυμίαν
1533 2318 1625 2370 καὶ
1657 2317 1754 2371 σοῦ
1781 2319 1947 2373 αὐτοῦ

364 2407 459 2463 καί⁸
494 2407 604 2460 τῶν
648 2407 754 2460 ὑπὸ
780 2411 840 2460 σὲ
861 2406 1141 2477 ἀρχόντων
1169 2408 1278 2461 ἀπὸ
1308 2407 1417 2461 τῶν
1445 2407 1705 2462 τοιούτων
1745 2410 1948 2464 ἐπισω-

362 2499 674 2572 ρευομένων
736 2497 1037 2569 χρημάτων
1096 2498 1431 2568 χαλίνωσον,
1478 2499 1574 2551 καὶ
1627 2499 1947 2567 ἀναλογίζου

361 2590 458 2660 τὴν
487 2589 679 2659 χρείαν
714 2588 824 2640 τῶν
857 2588 1195 2656 ἀναγκαίων.
1229 2589 1339 2641 Καὶ
1367 2588 1543 2653 οὕτως
1583 2589 1813 2645 δύνασαι
1847 2592 1948 2662 τὴν

360 2680 455 2734 τοῦ
489 2678 670 2734 κοινοῦ
722 2679 972 2750 δαπάνην
1020 2680 1160 2734 κατά
1184 2681 1245 2734 τδ
1271 2680 1500 2735 δυνατὸν
1530 2680 1830 2746 ἀναλῶσαι,
1853 2682 1950 2739 καὶ

254 2764 257 2767 λ
360 2772 485 2835 τοὺς
519 2774 578 2826 ὲν
605 2775 669 2844 τῇ
708 2773 857 2843 μάχῃ
912 2773 1361 2842 ἀγωνισαμένους
1408 2773 1942 2845 παραμυθήσασθαι,

361 2865 408 2917 εἰ
434 2862 535 2933 μὲν
556 2863 780 2919 δύνασαι
810 2863 899 2918 διά
934 2865 1256 2935 χρημάτων,
1280 2866 1327 2917 εἰ
1350 2864 1395 2918 δ’
1424 2865 1526 2919 οὐκ
1560 2866 1815 2936 ὲπαρκεῖ,
1858 2864 1948 2920 διὰ

362 2956 540 3026 τιμῶν
570 2956 663 3010 καὶ
689 2955 1041 3026 ἀξιωμάτων.

431 3053 521 3101 ια’.
554 3047 696 3109 Τοὺς
722 3046 779 3100 δὲ
806 3042 1188 3117 αἰχμαλώτους
1240 3043 1347 3116 πρὸ
1376 3043 1470 3099 τοῦ
1514 3045 1739 3109 τελείως
1780 3062 1948 3101 κατα-
1974 3075 2019 3135 c

362 3139 564 3192 παῦσαι
617 3138 709 3191 τὸν
762 3137 1000 3208 πόλεμον
1049 3138 1125 3209 μὴ
1161 3140 1357 3202 κτεῖνε,
1398 3138 1493 3191 καί⁸
1555 3136 1790 3208 μάλιστα
1819 3136 1949 3201 τοὺς

359 3228 597 3295 ἐνδόξους
649 3229 744 3283 καὶ
784 3229 1054 3298 μεγάλους
1114 3228 1265 3299 παρὰ
1298 3230 1412 3291 τοῖς
1454 3228 1736 3299 πολεμίοις
1757 3228 1944 3292 ὄνταςο

357 3324 754 3394 ἐνθυμούμενος
781 3324 841 3377 τὸ
873 3323 1067 3394 ἄδηλον
1104 3324 1203 3393 τῆς
1247 3323 1419 3394 τύχης
1444 3360 1460 3389 ,
1494 3325 1589 3378 καί⁵
1650 3323 1712 3377 τὸ
1760 3323 1949 3377 παλίν-

356 3416 772 3488 τροπονώςὲπὶ
801 3415 1024 3469 τὸπολὺ
1075 3415 1175 3484 τῆς
1216 3416 1395 3486 νίκηςο
1454 3415 1522 3468 ἶν’
1553 3415 1705 3487 ἔχῃς,
1770 3416 1824 3467 εἴ
1882 3431 1948 3482 γε

358 3506 537 3577 συμϐῇ
571 3508 602 3578 ἢ
647 3508 757 3561 τῶν
792 3506 895 3560 ὑπδ
937 3507 997 3559 σέ
1032 3523 1187 3569 τινας
1235 3506 1600 3576 κρατηθῆναι,
1635 3506 1668 3575 ἢ
1706 3506 1946 3573 κάστρου

355 3598 605 3667 γενέσθαι
655 3598 787 3652 ἰδίου
823 3616 915 3653 σου
952 3598 1175 3662 ἅλωσιν,
1203 3596 1270 3650 δι’
1300 3597 1485 3651 αὐτῶν
1518 3595 1948 3650 ἀντικαταλλάτ-

356 3704 467 3741 τειν
520 3689 611 3741 καὶ
668 3686 1054 3742 ἀνακαλεῖσθαι
1104 3686 1193 3750 τὰ,
1226 3686 1302 3749 ὡς
1332 3686 1503 3750 εἰκὸς,
1560 3684 1942 3754 συμϐαίνοντα

358 3780 490 3849 ήττή
499 3794 666 3849 ματα’
685 3782 779 3833 καὶ
794 3780 915 3834 ἀντὶ
935 3778 1045 3833 τῶν
1065 3778 1342 3849 πολεμίων
1363 3777 1728 3848 αἰχμαλώτων
1743 3776 1943 3833 ἀναλά-

357 3869 459 3943 ϐῃς
487 3872 613 3935 τοὺς
640 3873 828 3941 φίλους
851 3872 946 3926 καὶ
972 3870 1309 3941 συμμάχους
1348 3869 1398 3922 εἰ
1426 3868 1482 3922 δὲ
1506 3867 1637 3941 [μὴ]
1662 3867 1943 3938 βούλονται

358 3962 515 4015 τοῦτο
564 3966 735 4016 ποιεῖν
775 3964 827 4015 οἱ
868 3962 1140 4032 πολέμιοι,
1184 3961 1308 4014 τότε
1334 3960 1560 4022 δικαίως
1583 3960 1725 4013 κατὰ
1745 3958 1806 4013 τδ
1833 3960 1946 4014 ίσον

357 4052 587 4121 ἀμύνου,
618 4053 989 4125 διαχρώμενος
1021 4053 1098 4117 ώς
1120 4052 1289 4125 βούλῃ
1316 4051 1410 4105 ἐπὶ
1462 4050 1609 4122 λύπῃ
1636 4050 1745 4105 τῶν
1783 4052 1941 4103 ἔναν-

358 4142 513 4196 τίων.

434 4232 523 4302 ιβ¹.
561 4232 716 4286 Μετά
742 4232 801 4286 δὲ
828 4232 896 4286 τά
926 4232 1330 4304 κατορθώματα
1382 4233 1478 4287 καὶ
1533 4233 1659 4295 τοὺς
1702 4230 1939 4299 ἀγῶνας,

357 4317 404 4379 ὦ
439 4322 734 4394 στρατηγὲ,
765 4324 861 4379 καὶ
887 4325 1023 4395 πρὸς
1053 4324 1289 4395 εὐωχίας
1317 4325 1484 4394 ἤγουν
1520 4322 1800 4393 τραπέζας
1846 4323 1942 4375 καὶ

2050 1880 2236 1936 gnam,
2266 1864 2360 1920 sed
2394 1864 2667 1919 interdum
2718 1864 2872 1930 iiunt,
2923 1866 3198 1921 interdum
3236 1882 3379 1932 non',
3426 1884 3623 1937 quem-

2051 1956 2347 2012 admodum
2377 1955 2681 2011 necessitas
2710 1956 2836 2010 belli
2865 1956 3059 2026 exigit.

2122 2048 2211 2104 10.
2254 2046 2387 2113 Quae
2427 2046 2572 2102 bello
2623 2046 2916 2115 capiuntur
2943 2047 3140 2102 vendat
3184 2049 3462 2104 exercitus
3494 2067 3508 2104 :
3544 2050 3630 2106 sin

2052 2138 2298 2211 pecuniis
2324 2145 2420 2193 aut
2442 2143 2751 2193 commeatu
2788 2150 2928 2204 opus
2950 2137 3021 2192 sit
3049 2138 3233 2192 omnia
3258 2138 3323 2193 ad
3352 2148 3402 2194 te
3426 2139 3625 2196 abduci

2047 2228 2288 2299 iubebis,
2325 2236 2583 2297 tuamque
2611 2241 2677 2282 ac
2730 2228 3068 2297 reliquorum
3112 2226 3495 2297 praefectorum
3526 2246 3629 2285 cu-

2052 2319 2333 2390 piditatem
2361 2319 2431 2374 iis
2458 2318 2709 2388 pecuniis
2733 2318 2981 2373 collectis
3009 2318 3258 2381 obstrue,
3289 2328 3344 2373 et
3374 2332 3629 2375 necessa~

2054 2411 2255 2464 riarunt
2289 2423 2473 2465 rerum
2493 2408 2735 2479 inopiam
2760 2422 3152 2465 commemora.
3174 2408 3350 2479 Atque
3370 2408 3446 2464 ita
3478 2416 3633 2479 potes

2051 2518 2235 2558 rerum
2270 2502 2712 2559 necessariarum
2743 2516 2810 2557 ac
2845 2509 3192 2557 commeatus
3224 2500 3466 2571 inopiam
3497 2516 3632 2572 sup-

2054 2596 2325 2666 peditare.
2360 2610 2566 2666 eosque
2596 2596 2691 2665 qui
2724 2596 2777 2651 in
2802 2596 2993 2666 praelio
3020 2597 3286 2652 dimicant
3321 2596 3631 2663 sublevare.

2050 2690 2096 2745 si
2133 2696 2311 2759 potes,
2342 2689 2593 2758 pecunia,
2628 2689 2715 2743 sin
2760 2688 2948 2746 minus
2971 2689 3075 2746 hoc
3126 2690 3262 2755 satis
3306 2689 3498 2755 fuerit,
3532 2689 3636 2745 ho-

2049 2778 2281 2835 noribus
2303 2788 2358 2834 et
2383 2778 2673 2848 dignitate.

2126 3050 2211 3103 ll.
2253 3048 2514 3115 Captivos
2555 3054 2687 3101 ante
2739 3046 2941 3101 bellum
2976 3046 3286 3101 conlectum
3319 3063 3386 3101 ne
3430 3048 3636 3103 interﬂ-

2060 3143 2198 3207 cias,
2236 3140 2566 3210 nobilesque
2612 3140 2668 3194 in
2710 3140 2904 3210 primis
2950 3155 3016 3194 ac
3051 3140 3293 3197 illustres
3323 3141 3472 3197 viros
3502 3160 3515 3194 :
3550 3158 3636 3197 re-

2058 3242 2255 3305 putare
2292 3231 2440 3290 enim
2471 3231 2634 3288 debet
2666 3231 2960 3302 ancipitem
2991 3231 3118 3287 belli
3165 3232 3373 3287 exitum
3394 3272 3410 3299 ,
3454 3233 3635 3287 incer-

2054 3338 2252 3395 tosque
2279 3338 2445 3382 casus
2472 3366 2486 3391 ,
2517 3324 3051 3394 conversionemque
3085 3340 3269 3378 rerum
3304 3332 3358 3378 et
3380 3324 3636 3379 .victoriae

2050 3432 2213 3488 quam
2249 3416 2443 3472 habes.
2469 3415 2576 3469 Aut
2605 3414 2651 3470 si
2680 3415 2964 3484 contingat
3021 3416 3237 3484 aliquos
3275 3414 3344 3470 de
3372 3415 3504 3479 tuis,
3532 3424 3628 3469 aut

2054 3508 2347 3562 castellum
2371 3505 2595 3575 aliquod
2622 3506 2768 3575 capi,
2796 3505 2903 3561 illis
2929 3514 3239 3560 commutes
3270 3512 3323 3559 et
3355 3506 3629 3560 resarcias

2049 3597 2262 3665 objecta
2297 3596 2533 3661 damna,
2585 3602 2641 3652 et
2683 3610 2785 3666 pro
2841 3595 3095 3651 hostibus
3135 3594 3369 3665 captivis
3423 3594 3632 3649 amicos

2049 3687 2341 3758 sociosque
2358 3686 2735 3757 recuperabis.
2761 3686 2858 3741 Sin
2891 3687 3074 3741 minus
3101 3686 3205 3740 hoc
3231 3687 3419 3741 hostes
3444 3685 3633 3739 volue-

2049 3780 2204 3844 rint,
2256 3793 2323 3833 οι
2380 3792 2539 3847 aequo
2584 3784 2702 3832 tum
2746 3787 2799 3833 et
2845 3777 2989 3833 bono
3036 3777 3160 3832 illos
3209 3776 3515 3841 ulcisceris,
3564 3776 3632 3830 ad

2049 3870 2326 3928 vexandos
2384 3870 2572 3927 hostes
2624 3869 2750 3925 illos
2811 3884 2914 3940 pro
2976 3870 3247 3924 arbitratu
3304 3878 3400 3924 tuo
3457 3867 3631 3923 truci-

2048 3964 2226 4019 dabis.

2120 4230 2206 4284 ιε.
2249 4230 2379 4286 Post
2414 4243 2505 4285 res
2561 4228 2772 4297 aliquot
2802 4226 2940 4282 bene
2986 4236 3176 4296 gestu
3204 4240 3261 4281 .n
3305 4222 3530 4292 pretio,
3567 4235 3631 4274 ac

2045 4320 2434 4376 dimicationes
2464 4318 2729 4389 quasdam
2761 4315 2999 4372 feliciter
3019 4314 3304 4379 cadentes,
3337 4312 3408 4367 ad
3435 4310 3631 4380 epulas

356 4417 554 4487 ἄριστα
596 4417 905 4488 προτρέπου
963 4416 1331 4470 καθίστασθαι
1374 4415 1502 4478 τούς
1553 4431 1613 4468 τε
1644 4414 1935 4485 ἄρχοντας,

2050 4420 2099 4468 et
2128 4411 2383 4467 convivia
2416 4417 2472 4465 et
2501 4407 2741 4463 lautiora
2769 4405 3001 4477 prandia
3039 4413 3153 4460 tum
3194 4403 3483 4473 praefectos
3512 4410 3627 4455 tum

356 4508 451 4562 καὶ
472 4506 598 4570 τούς
616 4524 709 4560 σου
736 4506 1099 4578 στρατιώτας,
1117 4507 1189 4559 τά
1217 4508 1316 4575 μὶν
1333 4505 1423 4560 διά
1451 4504 1547 4558 σοῦ
1569 4504 1761 4572 αὐτοῦ,
1786 4506 1855 4560 τὰ
1884 4505 1942 4559 δὲ

353 4598 440 4653 διά
488 4598 597 4653 τῶν
649 4599 947 4669 ἀρχόντων,
1006 4598 1073 4651 τὰ
1105 4596 1163 4650 δὲ
1220 4599 1310 4651 διά
1356 4596 1465 4650 τῶν
1510 4595 1940 4668 κοντουσερνίων

356 4689 523 4756 ἰδίων,
559 4689 654 4744 καὶ
707 4690 945 4760 μάλιστα
994 4690 1059 4742 ὲκ
1088 4687 1200 4741 τῶν
1233 4686 1608 4757 κερδηθέντων
1670 4688 1781 4743 ἀπὸ
1832 4687 1941 4741 τῶν

355 4778 647 4845 πολεμίων.
706 4780 815 4832 Καὶ
870 4777 1043 4841 οὕτως
1090 4777 1180 4831 διὰ
1222 4775 1434 4829 πολλῶν
1474 4777 1943 4848 ἀριστοποιεῖσθαι

354 4866 447 4919 καὶ
486 4866 862 4921 ἀναπαύεσθαι
916 4867 1044 4932 τοὺς
1111 4866 1446 4937 στρατιώτας
1500 4866 1892 4939 παρασκεύαζε
1919 4882 1934 4898 '

354 4955 441 5008 ἵνα
500 4954 698 5019 εἰδότες
740 4956 867 5009 οἴων
912 4956 1187 5022 ἀξιοῦνται
1230 4960 1370 5028 μετά
1396 4958 1457 5011 τὸ
1495 4957 1783 5029 παρελθεῖν
1815 4960 1945 5021 τοὺς

358 5046 648 5117 πολεμίως
704 5046 924 5115 ἀγῶνας
968 5049 1020 5103 οἰ
1050 5049 1431 5119 ἀριστεύοντες
1463 5050 1560 5103 καὶ
1604 5050 1658 5103 οἰ
1686 5049 1946 5120 νικήσαν·

2049 4502 2251 4558 milites
2282 4500 2482 4571 partim
2522 4515 2625 4569 per
2664 4496 3063 4562 contubernia,
3107 4510 3175 4551 ex
3222 4494 3289 4549 iis
3321 4508 3444 4564 qua
3486 4492 3631 4548 bello

2049 4599 2210 4661 capta
2233 4600 2365 4647 sunt
2385 4589 2747 4660 prmparabis,
2778 4595 2945 4657 atque
2979 4586 3116 4642 adeo
3152 4583 3458 4655 prandeant
3487 4582 3629 4636 hila-

2051 4692 2353 4753 renturque
2402 4682 2609 4737 milites
2641 4698 2656 4735 :
2688 4679 2911 4737 teliicies
2970 4678 3117 4735 enim
3167 4684 3228 4730 ut
3273 4675 3369 4745 qui
3415 4672 3628 4728 strenui

2052 4786 2184 4831 sunt
2210 4813 2227 4838 ,
2259 4774 2563 4830 sentientes
2593 4772 2799 4842 quibus
2827 4771 2997 4827 rebus
3032 4784 3099 4826 ac
3146 4767 3354 4824 laetitiis
3392 4772 3515 4836 post
3547 4764 3628 4817 vi-

2050 4866 2279 4921 ctoriam
2306 4863 2561 4919 l‘mentur
2586 4900 2603 4928 ,
2641 4862 2937 4918 alacriores
2977 4859 3047 4914 ad
3074 4858 3259 4915 omnia
3289 4864 3418 4912 ante
3452 4855 3629 4910 victo-

2052 4958 2188 5013 riam
2213 4955 2534 5012 sustineuda
2569 4955 2818 5027 pericula
2847 4952 2983 5018 sint,
3019 4958 3075 5008 et
3103 4950 3170 5007 ad
3202 4950 3420 5006 labores
3450 4946 3627 5017 magis

2051 5048 2307 5119 prompti.

354 5152 471 5205 τες.
497 5138 893 5211 προθυμότεροι
910 5141 1176 5210 γένωνται
1198 5141 1334 5212 πρὸς
1361 5142 1423 5196 τὸ
1447 5142 1742 5213 ὑπομένειν
1768 5142 1944 5197 πάντα
1971 5142 2077 5213 πρὸ
2104 5140 2199 5196 τοῦ
2243 5140 2485 5211 νικῆσαι,
2512 5138 2608 5192 καὶ
2630 5136 2763 5207 πρὸς
2812 5135 2935 5199 τοὺς
2980 5133 3176 5198 πόνους
3239 5131 3440 5204 μᾶλλον
3490 5131 3629 5184 ἑτοι-

356 5229 484 5299 μότε
492 5247 596 5299 ροι.

426 5318 517 5388 ιγ’.
545 5320 778 5391 Προνοοῦ
798 5321 855 5375 δὲ
879 5322 1112 5393 μάλιστα
1133 5322 1228 5375 καὶ
1258 5322 1354 5393 τῆς
1373 5320 1485 5375 τῶν
1502 5323 1714 5394 νεκρῶν
1737 5327 1937 5394 ταφῆς,

355 5412 494 5483 μήτε
530 5413 739 5482 καιρὸν,
767 5414 899 5483 μήτε
924 5414 1093 5484 ὥραν,
1125 5413 1261 5482 μήτε
1309 5412 1497 5476 τόπον,
1547 5415 1686 5483 μήτε
1751 5413 1935 5482 φόϐον,

357 5496 851 5566 προφασιζόμενος,
879 5498 979 5551 κάν
993 5514 1050 5550 τε
1068 5497 1235 5550 νικῶν
1256 5497 1449 5567 τύχῃς,
1483 5497 1584 5550 κάν
1607 5514 1665 5549 τε
1684 5496 1933 5568 ἡττώμε-

355 5602 444 5649 νος
469 5604 484 5620 ·
520 5588 750 5641 πάντοτε
811 5590 909 5657 μὲν
940 5588 1045 5659 γὰρ
1074 5588 1236 5641 καλὸν
1290 5593 1384 5641 καὶ
1410 5589 1557 5644 ὅσιον
1585 5590 1617 5657 ή
1644 5587 1778 5657 πρὸς
1805 5590 1929 5652 τοὺς

2123 5317 2211 5372 l5.
2253 5313 2331 5371 De
2360 5312 2690 5384 sepeliendis
2720 5312 2953 5368 mortuis
2982 5310 3278 5366 admodum
3320 5308 3624 5370 iaborabis.

2046 5422 2223 5477 neque
2246 5414 2464 5477 tempus
2488 5442 2506 5472 ,
2535 5420 2713 5475 neque
2750 5404 3100 5459 occasionem
3128 5442 3144 5468 ,
3177 5415 3360 5473 neque
3398 5400 3579 5456 locum
3603 5439 3620 5463 ,

2043 5512 2221 5567 neque
2254 5497 2508 5551 timorem
2550 5508 2807 5551 causans.
2838 5492 3136 5549 Pulchrum
3176 5492 3323 5547 enim
3358 5491 3622 5563 piumque

2040 5603 2166 5643 esse
2198 5587 2418 5642 videtur
2442 5627 2457 5652 ,
2506 5572 2742 5641 mortuis
2775 5586 3113 5655 sepulturam
3154 5598 3376 5655 parare.
3412 5583 3616 5638 Neces-

354 5676 679 5748 τεθνηκότας
720 5680 973 5735 εύσέὸεια
1000 5697 1013 5710 ·
1075 5680 1350 5747 ἀναγκαία
1403 5678 1459 5732 δὲ
1505 5679 1799 5749 μάλισταή
1837 5681 1928 5733 ἐπὶ

2050 5678 2182 5735 saria
2206 5686 2385 5734 autem
2412 5692 2535 5733 cum
2564 5677 2758 5749 primis
2780 5690 2868 5734 res
2892 5676 3058 5734 estiis
3083 5675 3177 5746 qui
3200 5675 3343 5733 bello
3378 5671 3612 5745 cadunt;
