4052 6216
399 242 507 311 911

1632 224 1905 286 LEONlS
1934 218 2395 281 PHILOSOPHI

3566 208 3690 273 912

404 362 582 431 pietas
611 358 755 413 enim
791 370 852 411 ea
892 353 946 408 in
979 367 1038 406 re
1075 354 1415 403 monstratur
1442 383 1456 406 ,
1501 353 1556 398 et
1582 343 1829 398 viventes
1857 354 1972 395 ma-

2095 336 2186 398 τοῖς
2225 335 2518 387 πίπτουσιν
2538 332 2595 384 ἐν
2631 329 2803 403 μάχῃ.
2839 330 2951 387 Καὶ
2979 330 3087 404 γὰρ
3113 333 3207 387 καὶ
3237 332 3299 387 ἐν
3324 332 3586 399 ἐκείνοις
3620 336 3688 390 τδ

405 429 652 517 gnopere
688 446 791 500 hoc
847 441 991 496 facto
1023 435 1449 492 consolationem
1487 433 1732 502 capiunt.
1771 429 1975 496 Quem-

403 538 697 595 admodum
720 536 771 588 in
794 532 913 587 istis
929 529 1042 582 fleri
1074 525 1238 590 videt,
1262 523 1660 593 unusquisque,
1690 522 1761 576 ita
1786 537 1974 577 secum

406 633 652 684 futurqu
709 617 1102 680 arbitrabitur,
1156 614 1201 668 si
1250 614 1307 667 in
1363 613 1503 667 bello
1548 610 1860 667 occumbat.
1917 608 1974 663 Si

403 719 551 775 enim
586 709 884 780 insepultos
922 704 1296 773 disiectosque
1324 716 1447 757 esse
1471 701 1671 764 videat,
1697 714 1858 755 suum
1886 712 1970 753 se.

405 823 528 864 cum
554 812 753 859 statum
795 795 1069 868 reputabit
1098 835 1113 859 ,
1143 794 1286 848 hanc
1319 791 1712 848 contumeliam
1747 790 1975 845 moleste

403 898 562 958 feret,
596 900 648 947 et
672 897 899 943 mortem
933 894 1194 955 quantum
1214 891 1395 953 potest
1422 883 1476 936 in
1504 881 1691 952 praelia
1715 879 1973 950 refugiet,

402 1003 472 1042 ne
502 983 808 1053 insepultus
841 978 1157 1047 abjiciatur.
1194 975 1288 1029 Sin
1330 975 1569 1030 honores
1601 974 1831 1028 mortuis
1861 972 1976 1026 lau-

401 1078 608 1145 desque
641 1073 748 1127 illis
776 1072 868 1142 qui
902 1068 1278 1124 occubuerunt
1312 1074 1692 1135 proponantur
1715 1106 1730 1130 ,
1762 1064 1975 1119 excita-

404 1167 557 1221 bitur
595 1164 767 1234 magis
800 1162 866 1215 ad
912 1159 1119 1230 quasvis
1154 1157 1398 1227 pericula
1442 1155 1876 1225 discriminaque
1914 1155 1970 1208 in

400 1258 546 1313 bello
579 1254 890 1311 subeunda.

472 1348 558 1402 14.
602 1346 697 1401 Sin
734 1346 1013 1415 contingat
1042 1344 1344 1401 exercitum
1386 1351 1540 1396 tuum
1581 1338 1849 1408 superari,
1876 1354 1973 1393 eos

399 1438 495 1507 qui
528 1438 579 1492 in
611 1436 939 1492 discrimina
973 1436 1088 1490 haec
1127 1442 1442 1497 evaserunt,
1490 1432 1741 1486 oratione
1768 1428 1976 1485 excita-

400 1528 509 1593 bis,
550 1537 605 1583 et
647 1528 859 1583 alacres
900 1532 1166 1597 quantum
1195 1532 1349 1595 potes
1385 1523 1511 1579 illos
1543 1520 1774 1584 reddes,
1810 1530 1860 1573 et
1892 1518 1975 1572 of.

400 1619 708 1675 fcusionem
761 1618 889 1673 belli
936 1628 1212 1686 acceptam
1271 1614 1501 1672 occultis
1555 1611 1976 1670 incursionibus

403 1720 571 1783 atque
605 1710 823 1767 insidiis
850 1709 1141 1765 resarcies.

475 1889 563 1944 l5.
608 1887 799 1943 Solent
844 1885 988 1941 enim
1022 1884 1276 1939 homines
1309 1882 1472 1938 rebus
1512 1881 1749 1936 feliciter
1806 1882 1978 1950 gestis

404 1978 475 2035 ad
551 1979 766 2049 seipsos
834 1974 1242 2031 conservandos
1319 1974 1744 2045 negligentiores
1810 1987 1977 2027 esse:

403 2068 628 2135 quando
654 2069 801 2123 enim
832 2067 1010 2122 victos
1037 2072 1421 2132 contemnunt,
1442 2066 1655 2135 seipsos
1673 2064 1977 2135 negligunt.

404 2160 583 2230 Atque
623 2160 696 2213 ita
731 2156 968 2214 felicitas
990 2155 1066 2211 rei
1092 2161 1261 2226 gesta:
1292 2168 1439 2225 saepe
1464 2153 1776 2209 fortunatos
1808 2152 1982 2223 magis

402 2263 564 2319 quam
592 2247 767 2303 victos
797 2252 851 2303 et
876 2249 1165 2315 superatos
1191 2243 1361 2299 laedit.

478 2423 565 2479 16.
610 2421 691 2477 'l'u
730 2423 876 2478 enim
915 2420 1010 2492 qui
1034 2420 1392 2475 offensionem
1424 2418 1551 2473 belli
1588 2415 1850 2488 accepisti
1888 2430 1983 2486 per

403 2521 461 2571 te
487 2529 550 2573 ex
587 2514 655 2569 iis
700 2527 821 2583 quae
851 2526 1147 2582 perpessus
1171 2526 1231 2565 es
1258 2508 1501 2565 didicisti
1526 2508 1759 2575 teipsum
1792 2506 1859 2561 de
1883 2520 1985 2560 ca:-

404 2613 525 2658 tero
560 2612 736 2656 tutum
773 2615 1145 2671 conservare:
1182 2600 1275 2653 ille
1304 2607 1484 2652 autem
1512 2598 1605 2667 qui
1632 2613 1814 2652 rerum
1856 2611 1983 2665 pro-

406 2695 671 2765 speritate
720 2692 911 2757 aflluit,
953 2691 1237 2744 adversam
1272 2689 1548 2743 fortunam
1574 2704 1685 2742 non
1717 2690 1982 2750 sentiens,

407 2786 557 2840 nulla
598 2784 910 2853 provisione
940 2790 993 2837 et
1021 2782 1281 2836 cautione
1314 2780 1488 2834 utitur
1515 2778 1582 2834 ad
1614 2794 1678 2833 ea
1702 2779 1984 2834 declinan-

408 2877 504 2939 da,
531 2892 763 2946 quorum
805 2875 1014 2930 nullum
1048 2873 1227 2929 adhuc
1253 2888 1475 2929 sensum
1523 2871 1732 2927 habuit.
1772 2871 1985 2926 Scitum

2076 427 2224 480 ὅσιον
2256 426 2548 487 δείκνυται,
2570 424 2664 477 καὶ
2697 424 2833 493 πρὸς
2867 423 2991 487 τοὺς
3017 423 3226 489 ζῶντας
3271 428 3541 497 μεγάλης
3575 446 3691 480 πα-

2080 515 2351 586 ραμυθίας
2382 512 2674 579 ἀπόδειξις.
2707 514 2978 578 Ἕκαστος
3017 515 3126 585 γὰρ
3157 516 3268 569 τῶν
3302 518 3689 587 στρατιωτῶν

2074 607 2217 678 ὁρῶν
2246 606 2307 658 τδ
2335 605 2640 675 γινόμενον,
2680 603 2854 668 οὕτως
2880 606 3073 658 ἐαυτὸν
3099 606 3314 677 νομίσει
3343 608 3578 662 παθεῖν.
3620 611 3689 663 Εἰ

2078 699 2175 767 μὲν
2194 698 2304 767 γὰρ
2324 698 2562 765 ἀτάφους
2576 697 2661 768 ἴδῃ
2677 696 3007 768 κειμένουςῆ
3029 699 3533 771 σπαρασσομένους
3550 704 3693 767 τοὺς

2076 788 2397 854 πίπτοντας,
2435 786 2627 840 ἑαυτὸν
2656 785 3028 856 λογιζόμενος,
3074 788 3333 859 ἐπαχθῶς
3367 793 3545 861 φέρει
3575 793 3689 862 τὴν

2075 876 2253 947 ὓϐριν,
2307 876 2402 929 καὶ
2451 876 2642 944 φεύγει
2669 875 2731 928 τὺ
2754 876 2947 929 παθεῖν
2968 894 3019 929 τι
3066 878 3311 932 τοιοῦτον
3347 883 3689 952 μαχόμενος

2075 969 2168 1021 καὶ
2193 968 2398 1036 ἀταφος
2445 966 2894 1037 καταλειφθῆναι.
2931 968 2992 1019 Εἰ
3019 966 3077 1020 δέ
3106 970 3275 1040 τιμῆς
3323 971 3546 1038 ἀξιοῖτο
3581 973 3689 1026 καὶ

2077 1060 2215 1129 μετά
2244 1060 2305 1111 τὸ
2330 1060 2519 1112 πεσεῖν
2570 1058 2666 1111 καὶ
2705 1058 2926 1128 μνήμης
2960 1058 3175 1129 ἀγαθῆς
3221 1061 3454 1131 ὁμοίως,
3492 1065 3692 1119 ταῦτα

2077 1149 2318 1218 συνορῶν
2373 1148 2434 1201 οὐ
2483 1147 2881 1218 παραιτήσεται
2924 1148 3336 1220 προθυμότερον
3384 1152 3689 1221 ἀγωνίσα-

2077 1240 2223 1293 σθαι.

2147 1332 2230 1387 ιδ’.
2280 1333 2343 1386 El
2362 1330 2418 1385 δὲ
2444 1330 2599 1385 οὕτω.
2641 1329 2824 1401 συμϐῇ
2873 1330 3015 1384 ὥστε
3070 1332 3373 1403 ἡττηθῆναι
3400 1334 3464 1387 τδ
3504 1334 3689 1404 στρά-

2074 1422 2279 1494 τευμα,
2312 1421 2386 1493 μή
2411 1422 2601 1491 ἀμέλει
2639 1421 2731 1473 τοῦ
2751 1422 3166 1491 ἀνακτήσασθαι
3203 1425 3330 1486 τούς
3351 1426 3690 1479 ἀνασωθέν-

2074 1529 2171 1574 τας
2214 1512 2303 1565 διά
2354 1512 2526 1580 λόγων
2578 1509 2673 1564 καὶ
2730 1510 3207 1582 προθυμοποιῆσαι
3258 1514 3482 1579 αὐτοὺς,
3531 1516 3691 1570 ἀλλά

2081 1602 2350 1667 σπούδαζε
2407 1603 2503 1656 καὶ
2554 1601 2707 1673 ζήτει
2760 1602 2952 1673 καιρὸν
2994 1602 3136 1656 ὥστε
3161 1604 3290 1657 ποτέ
3329 1607 3426 1659 καὶ
3460 1607 3690 1676 μῶλον

2081 1691 2669 1765 ἐπανορθώσασθαιτήν
2698 1694 2993 1749 ἐλάττωσιν
3023 1693 3115 1749 διά
3139 1679 3691 1768 κρυφαεωνλέφόῖων

2078 1785 2113 1857 ἢ
2144 1783 2569 1856 ἐγκρυμμάτων.

2153 1882 2233 1930 ιε’.
2262 1873 2501 1929 Εἱὼθασι
2554 1873 2663 1943 γὰρ
2706 1871 2968 1935 πολλάκις
3010 1872 3058 1925 οῖ
3103 1873 3511 1944 εὐπραγοῦντες
3568 1879 3690 1949 ρᾳ-

2082 1968 2373 2040 θυμότεροι
2435 1966 2681 2034 γενεσθαι
2731 1965 2863 2035 περὶ
2892 1967 2993 2027 τὰς
3043 1965 3291 2033 φυλακὰς
3314 1967 3521 2022 αὐτῶν.
3559 1971 3689 2023 Καὶ

2081 2062 2189 2132 γὰρ
2242 2062 2369 2114 ὅταν
2436 2060 2545 2112 τῶν
2592 2058 2938 2129 ἡττηθέντων
3010 2062 3490 2130 καταφρονήσωσι,
3560 2063 3689 2116 τῶν

2086 2153 2233 2207 ἰδίων
2254 2149 2645 2220 καταμελοῦσι.
2681 2151 2791 2203 Καὶ
2822 2148 2998 2214 οὕτως
3030 2152 3290 2216 πολλάκις
3320 2152 3391 2206 τά
3434 2154 3688 2225 εὐτυχή-

2087 2259 2231 2314 ματα
2269 2242 2437 2296 πλέον
2472 2240 2700 2311 βλάπτει
2728 2241 2855 2304 τούς
2892 2240 3259 2310 εὐτυχοῦντας
3300 2244 3434 2316 παρ’
3463 2244 3493 2297 δ
3524 2246 3686 2315 μᾶλ-

2083 2335 2173 2389 λον
2202 2335 2251 2387 οἱ
2267 2335 2704 2405 δυστυχήσαντες
2728 2331 3058 2403 ἐϐλάϐησαν.

2157 2431 2254 2489 ις’.
2287 2426 2358 2478 Σὺ
2409 2426 2509 2493 μὲν
2567 2424 2677 2493 γὰρ
2736 2423 2971 2486 πταίσας
3004 2423 3292 2495 ἐδιδάχθης
3320 2425 3413 2494 ἀφ’
3446 2427 3680 2492 ἑαυτοῦ,

2086 2514 2180 2568 καὶ
2224 2512 2498 2580 ἐφύλαξας
2548 2512 2740 2564 ἑαυτὸν
2782 2510 2918 2580 πρὸς
2938 2512 2999 2565 τὸ
3025 2513 3217 2582 μέλλον
3238 2513 3297 2579 ἐξ
3329 2510 3405 2569 ὧν
3435 2515 3680 2582 ἔπαθες.

2098 2598 2332 2662 Ἐκεῖνος
2356 2598 2412 2651 δὲ
2434 2599 2657 2669 μηδέπω
2678 2600 3045 2670 δυστυχήσας,
3074 2601 3151 2665 ὡς
3172 2601 3402 2673 ἄπειρος
3421 2605 3522 2674 τῆς
3540 2605 3681 2658 δυσ-

2086 2689 2295 2759 τυχίας,
2335 2690 2434 2742 οὐκ
2513 2688 2623 2760 ἔχει
2694 2690 2951 2760 πρόνοιαν
3012 2690 3106 2745 τοῦ
3184 2692 3515 2763 φυλάξεσθαι
3598 2696 3684 2767 μὴ

2087 2782 2279 2833 παθεῖν
2332 2781 2437 2835 ὅσα
2476 2782 2576 2833 οὐκ
2628 2779 2849 2851 έμαθεν.
2906 2781 3145 2854 Εἰρηκεν
3172 2784 3284 2856 γάρ
3306 2784 3391 2849 τίς
3422 2803 3528 2840 που
3560 2805 3681 2841 πα-

2088 2871 2237 2935 λαιὸς
2264 2912 2279 2935 ,
2327 2872 2409 2925 ὅτι
2457 2872 2619 2941 φόϐος
2677 2871 2939 2944 εὔκαιρος
2992 2874 3134 2944 μετὰ
3204 2876 3519 2947 ἐπιμελείας
3569 2881 3679 2933 ἅσσ-

405 2977 497 3026 est
531 2968 675 3023 enim
711 2967 814 3022 hoc
860 2964 1125 3036 sapientis
1161 2964 1447 3034 cujusdam
1503 2963 1752 3018 verbum.
1800 2961 1985 3016 Timor

2095 2963 2321 3031 φάλεια,
2383 2962 2787 3033 καταφρόνησις
2839 2963 2897 3015 δέ
2953 2963 3181 3035 ἄκαιρος
3227 2966 3678 3033 εὐεπιϐούλευτος

408 3070 755 3131 opportunus
788 3099 803 3124 ,
852 3058 1040 3113 sedula
1090 3055 1442 3111 incolumitas
1472 3062 1556 3111 est
1595 3074 1607 3109 :
1649 3055 1987 3123 contemptio
2025 3055 2057 3061 ”
2089 3055 2289 3125 τόλμα.

412 3154 749 3221 importuna,
786 3148 1119 3206 insidiabilis
1152 3147 1381 3203 audacia
1414 3155 1523 3202 est.

486 3243 576 3299 17.
617 3242 675 3296 Si
723 3241 1188 3297 intermissionem
1243 3238 1371 3294 belli
1420 3237 1617 3294 feceris
1667 3237 1750 3293 vel
1806 3236 1989 3292 verbis

412 3334 500 3389 vel
532 3332 707 3405 pactis
745 3340 800 3386 et
841 3330 1336 3393 conventionibus,
1379 3338 1536 3400 pacta
1570 3337 1661 3382 tua
1701 3326 1990 3399 diligenter

416 3424 683 3491 servabis,
728 3438 910 3493 neque
939 3423 1129 3478 hostes
1184 3420 1425 3485 invades,
1468 3427 1632 3490 atque
1674 3418 1985 3488 imparatus

416 3518 684 3572 adversus
710 3516 897 3569 hostes
926 3514 1057 3576 eris.
1091 3514 1186 3568 sed
1217 3512 1442 3583 quiesce
1461 3512 1620 3581 quasi
1656 3510 1711 3565 in
1748 3524 1879 3581 pace
1900 3524 1992 3565 es-

420 3621 533 3671 ses,
566 3611 787 3675 propter
827 3602 1082 3657 indueias
1112 3616 1237 3657 cum
1272 3600 1526 3656 hostibus
1557 3599 1730 3655 factas
1760 3638 1776 3666 ,
1823 3613 1991 3668 appa-

418 3707 570 3753 ratas
594 3706 774 3753 autem
802 3700 992 3767 copias
1021 3695 1179 3766 quasi
1203 3696 1269 3749 ad
1294 3695 1492 3749 bellum
1521 3708 1740 3763 semper
1769 3693 1988 3757 habeto,

421 3798 646 3859 propter
686 3787 925 3842 hostium
958 3785 1279 3855 fmdifragas
1303 3790 1357 3839 et
1388 3797 1491 3839 nec
1514 3784 1766 3854 opinatas
1799 3784 1991 3840 incur-

422 3883 628 3936 siones.

493 3970 584 4024 18.
633 3969 740 4025 Par
776 3978 863 4026 est
913 3978 1095 4025 autem
1148 3980 1209 4025 ut
1270 3984 1446 4040 neque
1494 3970 1829 4039 improvidus
1889 3968 1994 4025 hoc

426 4071 671 4131 tempore
695 4061 796 4129 sis,
823 4077 924 4117 nec
951 4077 1142 4118 rursus
1171 4057 1374 4131 aliquid
1407 4062 1630 4132 impium
1673 4070 1867 4133 praeter
1915 4062 1997 4116 iu—

424 4152 638 4219 ducias,
680 4151 791 4208 Deo
821 4159 980 4218 teste,
1007 4151 1178 4209 factas
1227 4151 1578 4218 committas,
1616 4152 1716 4208 sed
1755 4152 1997 4206 circum-

424 4254 648 4315 spectus
692 4245 771 4301 sis
803 4245 869 4300 ad
911 4246 1146 4301 hostium
1178 4246 1332 4302 dolos
1367 4252 1532 4315 atque
1576 4243 1805 4299 insidias
1849 4242 1998 4297 devi-

2162 3246 2246 3313 ιζ’.
2288 3245 2415 3300 Ἐἀν
2442 3245 2501 3300 δέ
2552 3261 2684 3299 ποτε
2736 3246 2933 3316 ἀνοχὴν
2990 3246 3086 3299 τοῦ
3145 3246 3386 3317 πολέμου
3433 3250 3683 3319 ποιήσῃς

2087 3340 2176 3394 διά
2227 3356 2373 3403 τινος
2427 3337 2587 3406 λόγου
2635 3336 2731 3391 καὶ
2772 3337 3055 3407 συνθηκῶν
3086 3337 3553 3408 ὁμολογηθέντων,
3607 3340 3679 3391 σύ

2094 3431 2194 3499 μὲν
2247 3430 2343 3493 τὰς
2388 3428 2593 3490 οἰκείας
2641 3428 2924 3496 φυλάττων
2971 3427 3245 3497 συνθήκας
3287 3426 3364 3498 μὴ
3418 3427 3685 3497 ἐπιτεθῇς

2090 3522 2204 3582 τοῖς
2262 3517 2552 3579 ἐναντῐοιςο
2611 3516 2923 3586 ἀφύλακτος
2978 3515 3038 3569 δὲ
3099 3514 3173 3586 μὴ
3236 3515 3520 3587 διαμένῃς,
3557 3515 3685 3568 ἀλλ’

2092 3610 2329 3683 ήσύχαζε
2372 3608 2469 3678 μὲν
2499 3606 2634 3672 πρὸς
2686 3607 2812 3670 τούς
2862 3606 3156 3677 πολεμίους
3185 3605 3274 3660 διά
3301 3605 3398 3669 τάς
3440 3606 3685 3671 σπονδάς

2091 3704 2165 3765 ὠς
2187 3704 2241 3754 ἐν
2270 3700 2483 3771 εἰρήνῃ·
2512 3698 2574 3750 τὸ
2597 3698 2655 3750 δὲ
2690 3698 2931 3767 ἀσφαλὲς
2951 3739 2964 3763 ,
3004 3698 3085 3762 εἰς
3107 3700 3168 3751 τὸ
3194 3698 3269 3768 μὴ
3295 3700 3481 3751 πεσεῖν
3504 3698 3537 3769 ἦ
3573 3716 3685 3751 πα-

2095 3793 2207 3846 θεῖν
2234 3808 2287 3843 τι
2318 3788 2446 3860 παρ’
2472 3787 2675 3853 αὐτῶν,
2714 3789 2786 3852 ὡς
2823 3789 2917 3842 ἐπὶ
2972 3788 3217 3859 πολέμου
3246 3788 3422 3853 οὕτως
3451 3788 3543 3859 ἔχε
3575 3792 3681 3844 καὶ

2097 3881 2355 3952 προνοοῦ.

2168 3982 2257 4047 ιη’.
2287 3977 2504 4048 Πρέπον
2530 3974 2639 4043 γὰρ
2658 3973 2795 4044 μήτε
2821 3970 3130 4040 ἀφύλακτον
3153 3971 3210 4025 ἐν
3234 3970 3463 4041 τοιούτῳ
3488 3971 3675 4041 καιρῷ

2098 4088 2157 4124 σε
2183 4066 2341 4134 εἶναι,
2379 4068 2517 4139 μήτε
2539 4066 2699 4120 πάλιν
2730 4082 2785 4117 τι
2811 4065 2984 4117 ποιεῖν
3025 4061 3222 4124 ἀσεϐὲς
3249 4061 3400 4132 παρά
3429 4060 3531 4125 τὰς
3584 4064 3687 4115 ἐπὶ⁹

2096 4161 2215 4232 Θεῷ
2270 4159 2507 4231 μάρτυρι
2558 4154 2879 4220 τεθειμένας
2931 4152 3186 4219 σπονδάς,
3216 4151 3335 4206 ἀλλ’
3381 4148 3521 4207 εῖναι
3573 4154 3690 4208 ὕπο

2108 4270 2295 4317 οπτον,
2354 4250 2496 4304 ῶστε
2527 4247 2891 4318 φυλάττεσθαι
2922 4244 2983 4298 τδ
3024 4244 3133 4298 τῶν
3163 4245 3438 4315 πολεμεων
3467 4246 3691 4315 δολερὸν

427 4335 623 4391 tandas
661 4355 674 4390 :
716 4336 969 4392 obscurae
998 4338 1144 4393 enim
1175 4347 1304 4393 sunt
1345 4337 1581 4393 hostium
1628 4336 1877 4391 inducias
1916 4342 1985 4388 te-

2100 4345 2193 4400 καὶ
2220 4343 2471 4398 ὓπουλον.
2506 4341 2728 4410 ’Δδηλοι
2759 4339 2868 4409 γὰρ
2898 4339 2954 4391 αῖ
2968 4335 3075 4391 τῶν
3100 4338 3486 4407 σπεισαμένων
3514 4340 3690 4408 ἤγουν

432 4440 558 4479 cum
600 4425 916 4480 facientium
947 4427 1280 4482 voluntates.
1313 4425 1421 4481 Sed
1445 4433 1504 4480 tu
1533 4424 1615 4479 sic
1644 4429 1698 4479 te
1722 4436 1903 4494 geras,
1936 4430 1997 4476 ut

428 4517 635 4571 nullam
658 4516 767 4572 illis
797 4517 1055 4587 injuriam
1080 4517 1305 4588 pietatis
1329 4531 1495 4573 causa
1513 4515 1687 4570 facias
1713 4532 1728 4569 :
1752 4514 1995 4569 hostium

426 4618 614 4663 tamen
663 4608 940 4678 perﬁdiam
996 4608 1216 4663 cavebis
1256 4646 1272 4673 ,
1305 4615 1460 4663 utne
1498 4606 1737 4672 abillis,
1780 4612 2000 4676 propter

427 4699 630 4767 impios
664 4699 880 4754 illorum
912 4706 1168 4762 conatus,
1202 4697 1437 4754 lmdaris.

500 4791 590 4846 t9.
632 4790 829 4845 Omnia
858 4789 1005 4846 enim
1032 4789 1097 4845 ad
1133 4790 1227 4844 Dei
1256 4788 1553 4843 vindictam
1604 4789 1835 4852 referre,
1874 4789 1996 4843 sin-

431 4883 546 4940 ceri
599 4882 767 4937 animi
820 4896 925 4937 non
948 4890 1053 4938 est.
1104 4880 1222 4936 Non
1277 4879 1567 4935 confestim
1625 4881 1770 4935 enim
1815 4879 1998 4935 divina

433 4975 673 5030 vindicta
707 4970 941 5029 infertur
965 5012 980 5037 ,
1012 4972 1109 5029 sed
1138 4974 1358 5043 quando
1397 4971 1640 5026 omnium
1679 4979 2001 5041 procurator

433 5077 489 5122 et
525 5065 940 5121 administrator
965 5064 1110 5121 Deus
1149 5064 1252 5119 hoc
1277 5062 1522 5119 futurum
1554 5063 1822 5119 decernit.
1855 5063 1992 5128 Quis

435 5160 579 5213 enim
635 5159 785 5215 novit
849 5157 1068 5227 quando
1119 5156 1375 5226 iniuriam
1433 5156 1637 5211 inferre
1699 5157 2002 5211 moliuntur

438 5251 649 5315 hostes,
679 5258 864 5305 utrum
893 5248 971 5303 illi
996 5248 1307 5304 trucidandi
1344 5247 1477 5313 sint,
1508 5254 1566 5301 tu
1608 5263 1736 5303 vero
1769 5262 1997 5303 conser-

438 5343 648 5398 vandus
668 5335 717 5396 ἰ’

507 5433 599 5488 20.
640 5433 848 5489 Licebit
878 5430 1044 5505 igitur
1069 5432 1226 5488 nobis
1254 5431 1449 5495 eodem
1483 5432 1644 5489 modo
1670 5446 1758 5489 res
1786 5438 2004 5490 nostras

2092 4437 2202 4490 τῶν
2256 4434 2687 4507 εἰρηνευσάντων
2752 4430 3011 4486 ἐναντίων
3049 4427 3292 4497 γνῶμαι.
3327 4429 3441 4484 Καὶ
3478 4429 3543 4482 σὺ
3582 4430 3690 4499 μὲν

2094 4528 2184 4598 έχε
2208 4529 2268 4580 τὸ
2294 4526 2531 4597 βέϐαιον,
2600 4524 2741 4577 ὥστε
2802 4521 2878 4593 μὴ
2927 4520 3183 4591 ἀδικῆσαι
3214 4520 3303 4573 διὰ
3332 4520 3394 4574 τὸ
3430 4521 3686 4585 εὐσεϐὲς,

2095 4620 2201 4673 τῶν
2253 4618 2311 4671 δὲ
2359 4616 2635 4685 πολεμίων
2698 4613 2761 4665 τὸ
2798 4613 3028 4666 ἄπιστον
3107 4610 3339 4664 ὐπονοοῦ
3393 4610 3536 4664 ὥστε
3606 4613 3689 4684 μὴ

2099 4709 2419 4780 ἀδικηθῆναι
2449 4708 2536 4760 διὰ
2567 4707 2627 4759 τὸ
2658 4704 2877 4769 ἀσεϐές.

2168 4799 2255 4854 ιϐ’.
2293 4798 2490 4868 Τδγάρ
2537 4797 2716 4851 πάντα
2755 4796 3054 4866 ἀναφέρειν
3115 4798 3195 4860 εἰς
3264 4798 3365 4868 τὴν
3429 4798 3538 4853 ἀπὸ
3589 4799 3688 4851 τοῦ

2095 4890 2230 4945 Θεοῦ
2264 4891 2547 4959 ἐκδίκησιν
2598 4888 2699 4942 οὐκ
2730 4888 2876 4941 ἐστιν
2902 4888 3163 4959 άκαιρέου
3189 4889 3304 4959 (25)
3338 4889 3584 4959 γνώμης.
3606 4891 3686 4942 Οὐ

2097 4981 2204 5055 γὰρ
2233 4980 2453 5048 εὐθὺςὴ
2474 4977 2593 5033 θεία
2625 4978 2750 5047 δίκη
2796 4976 3084 5045 ἐπάγεται’
3122 4974 3243 5029 ἀλλ’
3286 4978 3375 5030 ὅτε
3434 4977 3689 5046 βούλεται

2097 5076 2126 5126 ὁ
2153 5073 2370 5126 πάντων
2406 5069 2731 5141 προνοητής.
2767 5066 2865 5130 Τίς
2912 5066 3019 5137 γὰρ
3049 5061 3192 5119 οἶδεν
3226 5068 3275 5119 εἰ
3310 5067 3425 5137 ᾰμα
3456 5067 3535 5137 τῷ
3554 5068 3686 5119 άσε-

2106 5165 2273 5235 ϐῆσαι
2324 5163 2451 5225 τούς
2501 5160 2728 5232 ἐχθροὺς
2774 5157 2930 5211 αὐτοὶ
2973 5156 3072 5228 μὲν
3122 5157 3491 5222 διολεσθῶσιν,
3527 5159 3590 5211 σύ
3629 5157 3688 5211 δὲ

2110 5255 2466 5328 περισωθήσῃ
2489 5272 2504 5320 ;

2181 5430 2247 5484 κ’.
2277 5430 2522 5495 Ἔξεστιν
2569 5422 2660 5482 οὖν
2708 5428 2837 5499 ἡμῖν
2904 5426 3041 5496 μετά
3088 5426 3186 5497 τῆς
3249 5426 3357 5481 τῶν
3401 5426 3690 5499 ἡμετέρων

1946 5524 2154 5583 NOTAE
2172 5565 2184 5578 .

516 5623 626 5693 (Ἡ)
649 5623 969 5692 Ἀκαῳέου.
1001 5624 1210 5693 Scribe,
1238 5625 1518 5695 ἀκεραίου.
