4074 6222
321 324 426 391 913

1352 297 1689 395 ῪΑΟΤΙΟΑ.
1723 356 1789 370 -
1831 331 2341 395 CONSTITUTIO
2386 334 2577 397 XVII.

3491 341 3598 408 914

319 446 664 520 πραγμάτων
708 447 1032 519 ἀσφαλείας,
1066 449 1113 504 εἰ
1133 449 1308 515 οὕτως
1354 451 1513 524 τύχῃ,
1546 454 1745 523 πεῖραν
1774 452 1902 521 λαμ-

2021 452 2180 507 firmo
2226 452 2350 507 loco
2385 452 2635 507 stabilire
2660 490 2675 516 ,
2729 458 2782 507 et
2814 450 2991 523 iuzpize
3027 452 3332 510 molitionis
3367 453 3607 512 hostium

320 542 505 597 ϐάνειν
561 542 661 611 τῆς
689 540 801 595 τῶν
834 540 1110 612 πολεμίων
1156 542 1417 606 ἀσεϐείας
1440 560 1454 574 ο
1487 543 1665 607 οὓτως
1707 544 1817 613 γὰρ
1844 542 1910 595 σὺ

323 636 423 705 μὲν
450 633 542 687 διὰ
584 633 684 704 τὴν
738 635 841 704 σὴν
904 634 1162 706 πρόνοιαν
1210 634 1365 688 οὐδὲν
1410 635 1584 689 κακὸν
1628 626 1832 705 πάθῃς,
1859 633 1911 685 οἰ

320 727 375 779 δέ
425 725 677 780 κακῶσαι
722 725 1111 796 βουλευθέντες
1141 728 1352 799 ἐχθροὶ,
1389 728 1756 798 άσεϐήσουσιν
1786 727 1909 796 μὲν,

319 817 397 881 ὼς
419 814 731 885 πράξαντάς
756 834 833 882 τι,
865 818 914 869 εἰ
937 817 1301 888 ἐδυνήθησαν,
1333 820 1392 872 σέ
1420 818 1513 873 τοῦ
1530 817 1667 872 Θεοῦ
1696 818 1786 871 διά
1810 818 1913 889 τὴν

320 908 504 961 πίστιν
533 907 640 961 τῶν
663 907 1112 979 ὁμολογηθέντων
1140 909 1498 977 φυλάξαντος.

392 995 500 1052 κα’.
532 1000 717 1053 Πάντα
750 998 806 1051 δέ
834 999 929 1052 τὸν
985 998 1310 1069 βουλόμενόν
1334 1015 1388 1053 τι
1418 999 1792 1068 ἀπαγγέλλειν
1826 1016 1910 1053 σοι

322 1090 419 1145 καὶ
435 1089 621 1145 δοῦλον
648 1090 744 1143 καὶ
772 1088 1081 1161 ἐλεύθερον,
1106 1089 1201 1143 καὶ
1228 1090 1287 1145 ἐν
1304 1090 1461 1144 νυκτὶ
1487 1089 1579 1143 καὶ
1612 1091 1673 1143 ἐν
1701 1091 1909 1161 ἡμέρᾳ,

320 1181 418 1236 καὶ
436 1185 494 1234 ἐν
513 1181 816 1253 ὁδοιπορίᾳ,
843 1183 936 1234 καὶ
961 1181 1021 1236 ἐν
1038 1180 1324 1253 ἀπλήκτῳ,
1374 1180 1469 1234 καὶ
1491 1180 1912 1251 ἀναπαυόμενον

322 1274 417 1328 καὶ
450 1272 751 1336 ύπνοῦντα,
779 1272 876 1326 καὶ
930 1272 1025 1326 ἐπὶ
1078 1272 1330 1344 λουτροῦ,
1389 1272 1485 1326 καὶ
1534 1272 1630 1327 ἐπὶ
1678 1273 1908 1344 τροφῆς,

321 1366 416 1419 καὶ
472 1364 670 1427 παντὸς
716 1363 903 1434 ἐτέρου
935 1362 1130 1433 καιροῦ
1174 1364 1269 1416 καὶ
1312 1362 1504 1427 τόπου,
1535 1363 1610 1433 μὴ
1640 1362 1911 1433 ἀποστρέ-

318 1456 450 1529 ψῃς,
485 1454 620 1509 ἀλλά
669 1454 980 1525 προσκαλοῦ
1027 1455 1212 1509 αὐτόν.
1242 1455 1307 1508 Ol
1339 1453 1451 1525 γὰρ
1478 1454 1908 1525 ἀναϐαλλόμενοι

325 1548 425 1601 καὶ
455 1545 743 1617 ἀπρόσιτοι
768 1585 784 1611 ,
802 1547 1030 1611 καὶτοῖς
1052 1546 1355 1617 ὑπηρέταις
1387 1547 1567 1600 αὐτῶν
1594 1545 1912 1611 κελεύοντες

316 1639 645 1701 ἀνακόπτειν
672 1640 800 1704 τοὺς
826 1638 971 1693 οὕτω
999 1639 1500 1712 προσερχομένους,
1547 1638 1764 1693 πολλῶν
1811 1640 1908 1693 καὶ

322 1730 574 1800 μεγάλων
600 1730 827 1793 εἰκότως
851 1729 1286 1800 διαμαρτάνουσι
1315 1732 1682 1801 πραγμάτων.
1717 1731 1907 1784 Ταῦτά

318 1837 401 1873 σοι
459 1821 553 1873 καὶ
606 1820 743 1890 μετὰ
774 1820 867 1875 τὸν
922 1821 1183 1890 πόλεμον,
1214 1820 1307 1874 καὶ
1334 1821 1452 1875 είτι
1482 1821 1695 1886 τούτοις
1722 1840 1907 1891 παρα-

317 1913 544 1984 πλήσιον
578 1914 931 1985 ἐπινοηθῆναι
1000 1912 1263 1985 ἰσχύσεις,
1308 1914 1763 1986 παραφυλάττειν
1792 1916 1907 1968 δια-

315 2000 646 2074 ταττόμεθα.

802 2135 1116 2192 unum
1168 2136 1246 2193 η’
1272 2138 1412 2211 (εδ).

713 2249 856 2318 Περὶ
886 2249 1124 2319 ἐφόδων
1158 2250 1495 2318 ἀδοκήτων.

386 2367 455 2415 α’.
507 2359 668 2429 Ἑξῆς
688 2360 745 2414 δὲ
773 2361 871 2416 καὶ
896 2362 996 2415 ὅσα
1023 2377 1108 2415 σοι
1144 2361 1263 2415 δέον
1290 2364 1348 2417 ἐν
1369 2363 1551 2435 καιρῷ
1570 2365 1905 2436 προσήκοντι

313 2450 567 2519 γενέσθαι
615 2451 682 2504 δι’
729 2452 1070 2505 ἐπελεύσεων
1130 2453 1414 2525 ἀδοκήτων
1469 2455 1612 2509 κατά
1663 2459 1762 2525 τῆς
1802 2457 1901 2525 γῆς

315 2540 424 2596 τῶν
456 2540 757 2611 πολεμίων,
789 2543 885 2595 καὶ
915 2543 1067 2606 ὅπως
1090 2544 1255 2607 αὐτὸς
1274 2544 1416 2598 κατά
1442 2548 1544 2616 τῆς
1561 2546 1903 2611 ἐπελεύσεως

316 2630 427 2683 τῶν
456 2631 732 2702 πολεμίων
763 2634 1228 2704 ἀντιμηχανεύσει
1259 2636 1318 2687 ἐν
1345 2637 1463 2699 τοῖς
1494 2636 1669 2702 ἰδίοις,
1701 2637 1790 2690 ὅτε
1826 2639 1901 2709 μὴ

318 2722 509 2794 καιρὸς
556 2724 781 2795 εἰρήνης
834 2726 1127 2796 ἐπικρατεῖ
1159 2725 1449 2796 (πρόδηλος
1473 2726 1530 2780 δὲ
1558 2728 1621 2782 ού
1646 2728 1903 2783 συνίστα-

316 2830 406 2867 ται
440 2813 727 2885 πόλεμος),
752 2815 843 2869 διὰ
872 2816 970 2887 τὴν
1000 2817 1096 2870 τοῦ
1118 2817 1282 2886 λόγου
1314 2819 1661 2890 συμμετρίαν
1692 2820 1751 2873 ἐν
1790 2819 1902 2871 όλί-

316 2920 433 2972 γοις
458 2904 840 2977 διεξέλθωμεν.

388 2992 458 3065 β’.
498 2994 749 3067 ’Δρχαίός
781 3013 881 3049 που
915 2995 1160 3051 διδάσκει
1193 2997 1351 3067 λόγος
1393 3000 1562 3069 ἡμᾶς,
1585 3001 1752 3073 ὅνπερ
1807 3006 1901 3057 καὶ

2015 560 2213 600 secure
2251 545 2556 613 periculum
2588 543 2769 601 facere
2803 562 2817 601 :
2855 549 2929 599 tta
2966 545 3056 601 [let
3085 554 3145 600 ut
3167 547 3487 617 provisione
3514 558 3608 605 tua

2014 638 2140 691 mali
2173 637 2313 692 nihil
2341 638 2585 708 accipias
2612 681 2626 706 ,
2661 639 2995 708 hostesque,
3030 641 3121 708 qui
3171 640 3373 694 malum
3405 640 3610 697 inferre

2014 728 2257 793 student,
2295 729 2598 800 impietatis
2629 737 2925 784 teneantur
2952 771 2965 795 ,
3003 730 3162 799 quasi
3195 740 3247 785 te
3290 744 3610 800 expugnare

2013 832 2349 875 conarentur
2378 862 2392 885 ,
2444 820 2538 876 sed
2578 820 2721 877 Deus
2774 830 3001 891 propter
3043 822 3203 875 Iidem
3254 819 3607 876 induciarum

2013 922 2311 979 servatam,
2344 914 2569 968 minime
2599 915 2651 968 id
2690 914 2805 968 ﬁeri
2841 915 3212 985 permitteret.

2079 1003 2174 1060 21.
2218 1003 2275 1057 Si
2312 1006 2458 1075 quis,
2491 1006 2607 1061 sive
2639 1020 2856 1071 servus,
2914 1006 3030 1061 sive
3084 1006 3246 1071 liber,
3300 1015 3463 1061 nocte
3510 1014 3607 1060 aut

2011 1095 2122 1155 die.
2149 1096 2203 1151 in
2233 1095 2429 1151 itinere
2465 1104 2561 1151 aut
2602 1097 2827 1160 castris,
2862 1097 2917 1150 in
2958 1096 3204 1166 requiete
3229 1103 3324 1149 aut
3364 1097 3602 1159 somnio,

2014 1187 2065 1240 iu
2092 1184 2291 1241 balneo
2323 1194 2416 1241 aut
2453 1200 2667 1249 mensa,
2699 1196 2795 1239 aut
2827 1185 2941 1239 ullo
2971 1184 3082 1239 alio
3126 1192 3375 1254 tempore
3420 1194 3603 1239 tecum

2014 1276 2248 1331 voluerit
2276 1275 2712 1339 communicare,
2744 1288 2812 1329 ne
2844 1275 3121 1329 averseris
3155 1273 3330 1336 illum,
3377 1272 3471 1328 sed
3506 1287 3603 1323 ac-

2011 1381 2168 1421 cerse
2194 1364 2261 1419 ad
2283 1374 2369 1430 te;
2399 1366 2491 1435 qui
2518 1365 2664 1419 enim
2694 1363 2949 1418 homines
2986 1363 3270 1433 rejiciunt,
3309 1369 3363 1416 et
3401 1360 3602 1416 diﬂici-

2013 1458 2093 1514 les
2120 1472 2347 1513 accessu
2376 1464 2527 1519 sunt,
2567 1466 2622 1511 et
2648 1455 2992 1511 administris
3026 1456 3145 1511 suis
3182 1453 3509 1525 praecipiunt
3544 1460 3603 1507 ut

2010 1566 2107 1607 eos
2136 1552 2229 1620 qui
2261 1548 2529 1603 accedunt
2559 1548 2848 1618 repellant,
2889 1562 2919 1600 a
2952 1547 3163 1617 magnis
3196 1560 3343 1615 saepe
3375 1544 3603 1599 arduis-

2010 1655 2116 1709 que
2149 1640 2313 1694 rebus
2350 1637 2610 1709 gerendis
2656 1636 2877 1691 ahsnnt.
2923 1634 3046 1689 Haec
3084 1634 3180 1688 tibi
3216 1643 3336 1703 post
3376 1633 3599 1698 bellum,

2013 1738 2065 1782 et
2092 1728 2137 1782 si
2164 1727 2295 1798 quid
2331 1725 2482 1782 aliud
2529 1726 2662 1782 utile
2690 1724 3055 1797 excogitabis,
3082 1721 3423 1781 observanda
3463 1737 3601 1796 pra:-

2012 1822 2271 1893 cipimus.

2460 2132 2932 2190 CONSTITUTIO
2972 2130 3139 2188 XVII.

2348 2252 2426 2308 De
2456 2251 2852 2307 incursionibus
2883 2269 2976 2307 nec
3002 2251 3256 2320 opinatis.

2080 2370 2131 2424 i.
2173 2367 2576 2440 Deincepsjam
2609 2384 2730 2438 qum
2766 2367 2865 2423 abs
2890 2376 2943 2422 te
2970 2364 3210 2436 gerenda
3247 2367 3417 2427 sunt,
3465 2360 3599 2417 dum

2007 2478 2108 2517 nec
2133 2462 2388 2532 opinatos
2416 2462 2769 2517 incursiones
2803 2458 3061 2514 hostilem
3091 2457 3146 2511 in
3178 2462 3383 2510 terram
3418 2452 3557 2507 facis
3581 2490 3597 2512 .

2003 2564 2057 2611 et
2109 2553 2576 2624 quemadmodum
2639 2552 2870 2607 hostiles
2912 2550 3152 2619 impetus
3198 2545 3481 2601 declinare
3540 2541 3596 2595 in

2004 2653 2098 2700 tua
2132 2646 2308 2715 ipsius
2340 2645 2564 2714 regione
2594 2643 2777 2713 possis
2801 2681 2815 2705 ,
2864 2641 2910 2695 si
2949 2638 3176 2710 quando
3213 2636 3344 2691 belli
3378 2644 3600 2703 tempus

2003 2737 2249 2791 subitum
2292 2750 2355 2789 ac
2394 2735 2753 2804 improvisum
2798 2731 2997 2794 fuerit,
3031 2727 3386 2799 paucissimis
3417 2740 3602 2794 quan-

2001 2839 2116 2884 tum
2145 2843 2244 2898 pro
2277 2828 2381 2882 hac
2409 2826 2644 2883 materia
2676 2823 2792 2880 ﬁeri
2825 2831 3033 2894 poteSt,
3060 2819 3376 2891 expediam.

2071 3003 2129 3057 Ξ.
2169 3002 2412 3069 Anliqua
2447 3014 2549 3054 nos
2592 2997 2774 3053 oratio
2807 2997 2909 3049 hoc
2931 2994 3092 3049 docet
3115 3034 3132 3059 ,
3167 3006 3333 3062 quam
3376 2999 3428 3044 et
3466 3006 3599 3061 pru-

315 3086 364 3140 οἱ
400 3085 633 3155 μάλιστα
667 3086 1027 3160 συνετώτεροι
1081 3088 1193 3143 τῶν
1238 3090 1557 3162 στρατηγῶν
1582 3092 1680 3146 καὶ
1730 3092 1901 3146 πάλαι

2012 3091 2309 3148 dentissimi
2343 3090 2704 3159 imperatores
2738 3087 2869 3141 olim
2900 3092 3301 3148 servaverunt,
3344 3096 3598 3150 nuncque

316 3179 789 3250 παρεφυλάξαντο,
824 3182 917 3234 καὶ
952 3179 1048 3235 νῦν
1082 3180 1158 3246 ὡς
1186 3182 1392 3237 ἐπίπαν
1439 3184 1895 3255 παραφυλάττον-

314 3287 407 3334 τες
468 3270 815 3343 εύδοκιμούσι
879 3275 973 3328 καὶ
1036 3274 1412 3346 ἀριστεύουσι,
1477 3275 1541 3329 τὸ
1586 3275 1711 3347 δίχα
1762 3276 1902 3341 ἰδίας

317 3364 523 3437 βλάϐης
554 3368 651 3429 τὰς
686 3366 828 3420 κατὰ
848 3367 956 3419 τῶν
988 3366 1264 3437 πολεμίων
1295 3367 1517 3435 ἐφόδους
1542 3368 1663 3436 ήτοι
1687 3368 1903 3437 ἐπιδρο-

314 3459 422 3529 μάς
469 3460 763 3513 ποιεῖσθαι.
797 3457 970 3511 Τοῦτο
1031 3458 1091 3510 δὲ
1150 3456 1400 3521 γίνεσθαι
1445 3456 1672 3510 δυνατόν
1726 3459 1901 3523 ἐστιν,

315 3550 413 3603 ἐὰν
488 3551 629 3620 μετά
705 3550 899 3619 σοφίας
957 3550 1053 3603 καὶ
1115 3548 1577 3619 στρατηγήματος
1635 3547 1901 3617 φρονίμου

311 3638 522 3709 ἀθρόως
554 3640 612 3693 αἰ
652 3638 795 3693 κατὰ
854 3638 964 3692 τῶν
996 3636 1207 3707 ἐχθρῶν
1250 3635 1517 3703 γίνωνται
1559 3634 1900 3701 ἐπελεύσεις.

2002 3185 2136 3239 adeo
2163 3184 2482 3253 quicunque
2513 3187 2757 3243 servant,
2780 3178 2836 3230 in
2869 3175 3035 3230 rebus
3072 3171 3328 3244 gerendis
3373 3171 3595 3233 ﬂorent,

2001 3283 2058 3332 et
2082 3275 2326 3345 potiores
2356 3273 2583 3335 habent,
2613 3270 2735 3325 sine
2764 3277 2953 3322 nostra
2986 3264 3298 3320 oﬂ‘ensione
3322 3260 3597 3316 incursio-

2005 3382 2102 3422 nes
2151 3374 2316 3436 atque
2349 3364 2685 3433 irruptiones
2736 3360 2789 3413 in
2837 3357 3091 3414 hostilem
3141 3363 3346 3425 terram
3385 3351 3598 3407 iacien-

2002 3458 2125 3513 das.
2166 3457 2300 3511 Nam
2336 3456 2605 3509 adversus
2627 3466 2785 3522 pares
2805 3463 3040 3504 numero
3068 3462 3132 3503 ac
3161 3445 3373 3501 viribus
3404 3443 3598 3513 copias

2004 3562 2252 3619 persaepe
2280 3546 2382 3600 hoc
2418 3545 2584 3608 valet,
2612 3552 2777 3614 atque
2809 3541 2977 3596 etiam
3014 3539 3308 3595 adversum
3349 3534 3589 3604 majores

2007 3655 2403 3710 nonnunquam
2428 3637 2635 3708 aliquid
2660 3635 2848 3691 eﬂicit.

312 3732 422 3786 Καὶ
449 3731 558 3802 γάρ
582 3730 679 3785 καὶ
726 3730 866 3802 πρὸς
896 3730 993 3793 τὰς
1027 3730 1359 3801 ἰσομέτρους
1388 3728 1651 3801 δυνάμεις
1681 3730 1984 3799 ἐπωφελεξ
2014 3733 2362 3804 εὑρίσκονται
2388 3735 2445 3789 αἰ
2498 3730 2745 3787 τοιαῦται
2804 3728 3087 3801 γινόμεναι
3140 3726 3235 3780 καὶ
3292 3724 3435 3796 πρὸς
3490 3722 3593 3789 τὰς

313 3825 449 3880 πολὺ
480 3825 620 3897 τάχα
650 3824 1115 3899 ὑπερϐαλλούσας.

385 3940 456 4012 Υ.
492 3943 591 3997 Διά
621 3944 781 3996 τοῦτο
810 3942 903 3996 οὖν
942 3943 1038 3996 καὶ
1069 3940 1302 4003 πάντοτε
1342 3940 1507 3995 καλόν
1541 3940 1691 3994 ἐστιν
1724 3941 1897 4012 ἁρμο-

312 4035 431 4099 δίας
459 4036 764 4107 προφάσεις
804 4036 900 4089 καὶ
950 4035 1181 4105 καιροὺς
1214 4031 1619 4103 συμϐάλλεσθαι
1662 4032 1897 4103 δυναμέ-

314 4144 437 4191 νους
467 4126 545 4196 τῷ
565 4127 854 4198 πράγματι
877 4127 1185 4197 ἐπιτηρεῖν,
1221 4126 1315 4179 καὶ
1346 4123 1898 4195 προκαταλαμϐάνειν

312 4235 373 4272 σε
399 4220 525 4282 τοὺς
554 4219 805 4289 ἐχθροὺς,
830 4214 875 4273 ὦ
892 4219 1188 4290 πρατηγέ,
1213 4220 1341 4289 πρὶν
1366 4218 1397 4288 ἢ
1427 4218 1522 4271 καί⁸
1546 4216 1757 4287 ἐτοιμοι
1794 4216 1891 4285 τῆς

313 4311 673 4385 ἀπαντήσεως
732 4329 825 4366 σου
872 4314 1170 4381 γένωνται,
1216 4312 1310 4365 καὶ
1365 4310 1606 4379 μάλιστα
1651 4308 1896 4372 ἐκείνους

311 4408 470 4470 ὅσους
500 4407 742 4477 νομίζεις
778 4406 873 4460 καί⁹
901 4406 1154 4469 πλείονάς
1184 4421 1279 4458 σου
1306 4399 1449 4456 εἶναι
1504 4403 1602 4457 καὶ
1651 4401 1895 4457 δυνατω-

309 4499 523 4571 τέρους.

378 4588 441 4644 δ’.
477 4592 568 4643 Δεῖ
585 4590 695 4661 γὰρ
720 4588 861 4644 κατὰ
888 4588 1095 4641 τούτων
1122 4584 1528 4654 αἰφνιδιασμοῖς
1558 4584 1765 4655 μᾶλλον
1797 4582 1895 4637 καὶ⁸

313 4680 609 4750 σοφίσμασι
642 4682 733 4735 καὶ
768 4681 1030 4743 ἀπάταις,
1055 4679 1131 4741 ῶς
1179 4678 1417 4748 εἴρηται,
1451 4676 1594 4731 κατά
1632 4678 1693 4731 τὸ
1734 4676 1899 4730 δυνα-

310 4772 402 4823 τδν
436 4771 702 4842 πρότερον
724 4770 1018 4835 ποιεῖσθαι,
1050 4768 1187 4822 ἀλλὰ
1213 4769 1289 4839 μὴ
1339 4768 1605 4840 δημοσίας
1638 4769 1895 4840 ἐγχειρή-

312 4879 444 4926 σεις,
494 4861 635 4914 ὥστε
690 4860 939 4915 ἐντεῦθεν
992 4862 1072 4923 εἰς
1120 4859 1401 4923 κινδύνους
1445 4860 1891 4933 δυσανακλήτους

308 4953 407 5007 καὶ
427 4953 733 5021 ἀφεύκτους
762 4951 1078 5021 ἐμπίπτειν.

380 5044 442 5098 ε’.
475 5044 583 5097 Καὶ
620 5042 726 5096 τῶν
773 5041 1029 5096 τοιούτων
1078 5042 1430 5114 σοφισμάτων
1475 5043 1752 5114 διαφόρων
1813 5042 1894 5095 δν-

308 5154 415 5191 των
431 5136 549 5191 δέον
578 5153 635 5190 σε
652 5134 858 5198 τούτοις
883 5136 1194 5207 χρήσασθαι
1213 5135 1489 5209 ἁρμοδίως
1509 5136 1736 5199 καὶ’τοῑς
1768 5152 1894 5188 και-

312 5231 448 5300 ροῖς,
486 5229 579 5283 καὶ
607 5230 719 5292 τοῖς
742 5228 947 5293 τόποις,
976 5230 1069 5282 καὶ
1101 5230 1214 5293 τοῖς
1260 5227 1598 5301 προσώποις,
1636 5226 1731 5280 καὶ
1778 5227 1892 5289 τοῖς

316 5322 657 5392 πράγμασιν.

382 5431 421 5480 ς·
442 5456 455 5468 .
493 5415 603 5468 Καὶ
624 5414 754 5466 ποτὲ
784 5414 881 5485 μὲν
911 5414 1343 5485 ἀποκρισιαρίων
1374 5413 1483 5467 τῶν
1515 5412 1727 5483 ἐχθρῶν
1754 5410 1889 5482 πρὸς

312 5502 371 5555 at
398 5502 811 5557 ἀποσταλέντων
845 5502 1028 5557 ἀπαλά
1056 5519 1115 5555 τε
1152 5503 1247 5556 καὶ
1270 5503 1464 5557 κολακε
1478 5502 1637 5554 υτικά
1668 5501 1892 5571 ῥήματα

1926 4533 1973 4590 D

2067 3950 2121 4004 5.
2165 3946 2461 4017 Propterea
2513 3958 2729 4013 semper
2764 3949 2931 4013 atque
2970 3939 3176 4010 ubique
3223 3937 3456 3992 idoneas
3496 3948 3596 3989 oc-

1997 4041 2252 4097 casiones
2295 4036 2843 4107 opportunitatesque
2881 4032 3215 4102 temporum,
3255 4044 3379 4100 qua:
3417 4026 3579 4096 adju-

1994 4146 2127 4187 vare
2158 4146 2272 4185 rem
2306 4136 2550 4199 nostram
2604 4134 2857 4198 possunt,
2891 4139 3001 4179 non
3048 4120 3457 4194 praetermittas,
3489 4116 3590 4174 sed

1998 4224 2185 4278 hostes
2214 4218 2354 4278 tuos'
2377 4221 2650 4291 anticipes
2675 4219 3005 4290 priusquam
3048 4213 3227 4282 parati
3272 4212 3342 4267 ad
3380 4226 3574 4266 occur-

2002 4329 2123 4370 sum
2152 4314 2504 4384 promptique
2527 4326 2652 4367 esse
2676 4316 2931 4379 possunt,
2964 4308 3089 4362 illos
3113 4307 3167 4360 in
3196 4306 3411 4376 primis,
3445 4320 3590 4375 quos

2004 4406 2288 4478 putaveris
2318 4413 2435 4459 tum
2463 4404 2673 4474 plures,
2717 4409 2833 4455 tum
2863 4399 3125 4455 fortiores
3157 4405 3212 4454 te
3234 4410 3382 4453 esse.

2071 4593 2127 4647 4.
2175 4587 2491 4661 lmprovisis
2517 4587 2666 4643 enim
2698 4582 3137 4646 incursionibus,
3178 4578 3322 4636 dolis
3352 4577 3593 4634 molitio-

2002 4684 2272 4753 nibusque
2300 4681 2389 4736 hic
2421 4679 2600 4749 magis
2626 4693 2768 4749 opus
2799 4683 2908 4740 est,
2940 4671 3409 4744 quemadmodum
3440 4685 3469 4723 a
3502 4684 3592 4724 me

2000 4790 2167 4847 supra
2200 4774 2409 4830 dictum
2450 4783 2552 4835 est,
2591 4771 2775 4840 potius
2801 4784 2966 4841 quam
3000 4766 3207 4836 apertis
3236 4779 3301 4820 ac
3346 4761 3588 4819 manife-

1998 4869 2104 4924 stis
2142 4866 2367 4937 praaliis,
2419 4879 2450 4919 e
2482 4864 2688 4935 quibus
2730 4862 2786 4916 in
2843 4860 3093 4931 pericula
3139 4855 3470 4931 gravissima
3529 4870 3592 4911 ac

1998 4960 2341 5019 inevitabilia
2377 4957 2657 5029 delapsuri
2688 4963 2898 5013 essent.

2074 5056 2129 5111 5.
2178 5054 2315 5109 Cum
2356 5052 2408 5107 hi
2443 5052 2553 5107 doli
2583 5050 2791 5105 diversi
2824 5047 3081 5116 variique
3112 5046 3248 5107 sint.
3286 5044 3412 5099 istis
3470 5052 3592 5097 nte-

2011 5147 2091 5201 ris
2115 5145 2312 5201 idonee
2350 5159 2449 5213 pro
2501 5152 2847 5211 temporum,
2894 5139 3186 5202 locorum,
3231 5150 3591 5206 personarum

2006 5250 2302 5305 rerumque
2329 5234 2766 5305 opportunitate.

2074 5408 2124 5465 6.
2169 5408 2387 5479 chatis
2419 5408 2658 5462 hostium
2693 5406 2761 5461 ad
2790 5412 2843 5461 te
2876 5404 3060 5460 missis
3088 5446 3102 5469 ,
3140 5403 3358 5458 mollem
3392 5402 3587 5456 Imma-

2003 5514 2241 5568 numquc
2272 5497 2690 5568 responsionem
2726 5496 2835 5551 illis
2871 5495 3160 5551 adhibebis
3191 5533 3205 5558 ,
3258 5502 3313 5549 et
3358 5491 3585 5560 benigne

1832 5590 2066 5645 NOTA‘J.

381 5690 495 5758 (‘23)
528 5692 584 5744 lu
624 5688 747 5742 cod.
784 5688 945 5742 Laur.
1008 5699 1090 5743 est
1144 5705 1265 5758 cup.
1308 5688 1366 5745 l9
1418 5687 1507 5742 ubi
1570 5685 1896 5742 inscribitur

2012 5686 2210 5750 tione;
2262 5687 2317 5739 ἐν
2369 5685 2591 5757 Χριστῷ
2638 5683 2850 5755 βασιλεῖ
2890 5679 3092 5749 αἰωνίῳ
3147 5678 3407 5749 βασιλέως
3454 5678 3586 5730 Ῥω⁴

311 5759 484 5830 μαίων
509 5760 634 5833 περὶ
660 5759 861 5828 ἐφόδων
881 5760 1177 5832 ἀδοκήτων.
