4052 6216
498 295 617 359 915
1774 294 2050 355 LEONIS
2080 277 2532 352 PIIILOSOPHI
3678 281 3801 345 916

495 425 664 480 atque
694 410 1010 465 humaniter
1036 408 1304 473 dimittes,
1341 405 1747 476 confestimque
1778 407 1904 462 illos
1938 422 2071 462 con-

2193 405 2690 479 ὶντσδηλώσας,καὶ
2744 404 2883 475 μετά
2913 402 3078 473 τιμῆς
3129 402 3254 464 τοὺς
3306 400 3803 470 ἀποκρισιαρίους

494 504 767 574 sequeris,
803 512 858 557 et
890 501 1149 573 opinione
1178 501 1343 555 citius
1383 500 1573 554 hostes
1604 498 1898 557 ador-ieris.

2193 503 2295 554 τῶν
2336 500 2545 571 ἐχθρῶν
2574 498 2871 562 ἀπολύσας,
2908 497 3107 559 εὐθέως
3150 493 3631 564 ἐπακολουθήσεις
3688 494 3802 546 αύ-

942 588 955 609 ε
2182 595 2315 657 τοῖς,
2357 594 2453 645 καὶ
2482 591 2762 660 ἀδοκήτως
2787 588 3041 659 ensum:-

2255 680 2321 745 ζ’.
2353 682 2491 736 Ποτὲ
2539 682 2595 735 δὲ
2634 681 2797 744 ἰδίους
2832 678 3089 749 πρέσϐεις
3127 678 3245 745 ἦτοι
3309 676 3800 747 ἀποκρισιαρίους

2178 773 2502 836 ἀποστείλας
2537 772 2676 841 μετά
2716 770 2977 843 ῥημάτων
3033 769 3464 838 ταπεινοτέρων,
3504 758 3624 839 ’τὴν
3696 769 3803 820 ἐπ-

2183 864 2394 917 ἐλευσιν
2431 864 2585 932 ἄφνω
2613 864 2879 933 ποιήσεις.

2255 954 2325 1026 η’.
2348 954 2480 1007 Ποτὲ
2502 955 2561 1009 δέ
2591 956 2687 1008 καὶ
2708 956 2764 1007 ἐν
2782 954 2965 1016 αὐτοῖς
2980 953 3093 1015 τοῖς
3108 952 3217 1005 τῶν
3227 951 3441 1022 ἐχθρῶν
3458 952 3799 1015 ἀπλίκτοιςο

2179 1045 2289 1096 εἴτε
2309 1045 2365 1096 ἐν
2386 1046 2451 1114 τῇ
2480 1044 2587 1113 ἰδίᾳ
2623 1043 2717 1096 σού
2744 1044 2881 1096 είσιν
2916 1044 3011 1112 γῇ.
3046 1042 3155 1095 εἴτε
3190 1042 3248 1094 ἐν
3279 1043 3346 1112 τῇ
3379 1041 3631 1112 πολεμίᾳ
3658 1058 3802 1095 συν-

2178 1133 2427 1203 ηγμένοι,
2494 1133 3040 1205 πολυπραγμονήσεις
3094 1132 3153 1185 τὸ
3211 1132 3329 1194 πῶς
3380 1132 3796 1188 ἀπλικεύουσι.

2179 1227 2286 1278 Καὶ
2316 1225 2411 1277 ἐὰν
2442 1225 2763 1296 εὑρίσκηται
2808 1224 3078 1294 πρόφασις
3110 1224 3168 1275 ἐν
3200 1223 3358 1277 νυκτὶ
3394 1224 3496 1293 τῆς
3532 1225 3797 1295 σελήνης

2176 1316 2499 1385 λαμπούσης
2536 1315 2642 1385 πρὸ
2671 1316 2767 1370 δύο
2819 1315 2852 1386 ἦ
2890 1314 3057 1384 τριῶν
3090 1313 3249 1386 ὡρῶν
3270 1314 3369 1384 τῆς
3392 1315 3615 1385 ἠμέρας
3684 1316 3798 1386 τὴν

2177 1407 2318 1461 κατά
2341 1406 2449 1461 τῶν
2477 1405 2690 1479 ἐχθρῶν
2715 1406 3030 1476 ἐγχείρησιν
3065 1407 3337 1475 ποιήσεις,
3367 1403 3602 1469 τοξότας
3636 1424 3795 1475 χρη-

2178 1497 2373 1566 σίμους
2427 1498 2664 1569 μάλιστα
2713 1496 2894 1566 ἔχων
2950 1493 3219 1549 τοιούτων
3273 1496 3381 1566 γὰρ
3418 1496 3585 1566 χρεία
3620 1496 3794 1550 ἐστὶν

2176 1586 2234 1638 ἐν
2259 1588 2370 1650 τοῖς
2402 1585 2666 1649 τοιούτοις
2716 1586 2947 1655 καιροῖς.

561 1666 617 1721 9.
656 1665 761 1722 Ubi
805 1668 1136 1737 cognoveris
1164 1667 1217 1722 in
1249 1668 1445 1723 itinere
1466 1667 1731 1723 confusos
1767 1666 2074 1736 dispersos-

2249 1674 2313 1730 0'.
2334 1676 2470 1730 [Ιοτέ
2486 1677 2541 1729 δέ
2562 1675 2751 1748 μαθὼν
2777 1677 2833 1728 ἐν
2856 1678 2978 1739 ταῖς
3003 1675 3249 1746 πορείαις
3272 1676 3657 1742 ἀσυντάκτους
3686 1679 3798 1733 καὶ

491 1772 599 1825 que
627 1758 816 1814 hostes
848 1758 1134 1814 ambulare
1165 1760 1219 1813 iu
1256 1760 1434 1814 medio
1475 1760 1596 1824 viae,
1632 1757 1859 1815 iuvades
1891 1758 1946 1813 in
1976 1773 2073 1813 eos

2193 1768 2644 1839 ισκορπισμένους
2669 1770 2992 1840 περιπατεῖν
3018 1768 3143 1833 τοὺς
3166 1767 3422 1839 ἐχθροὺς,
3439 1770 3496 1822 ἐν
3520 1768 3601 1841 τῷ
3621 1771 3796 1841 μέσῳ

494 1848 792 1917 laudesque.

2193 1858 2279 1929 τῆς
2308 1857 2429 1911 ὁδοῦ
2452 1857 2691 1929 ἐπέλθῃς
2712 1859 2809 1910 καί⁸
2841 1857 3073 1930 βλάψεις.
3443 1931 3449 1936 1

564 1939 651 1993 10.
688 1939 965 1994 Interdum
992 1940 1385 1996 discessionem
1414 1940 1681 1995 simulans
1718 1955 1782 1993 ex
1816 1940 1884 1995 iis
1914 1938 2073 2005 locis,

2255 1953 2306 2000 t'.
2328 1948 2463 2000 Ποτὲ
2493 1948 2549 1999 δὲ
2586 1948 3064 2018 σχηματισάμενος
3090 1946 3443 2018 ἀναχώρησιν
3469 1949 3531 2014 ἐξ
3579 1943 3662 2005 ὧν
3691 1951 3791 2006 δι-

492 2032 547 2086 in
584 2033 785 2102 quibus
817 2034 1163 2101 versabaris,
1197 2034 1383 2087 subito
1412 2048 1715 2089 conversus
1765 2033 1820 2086 in
1878 2033 2069 2089 hostes

2193 2039 2313 2107 ἦγες
2339 2038 2522 2090 τόπων
2551 2038 2704 2107 ἄφνω
2728 2039 3150 2111 ἐπαναστρέψας
3186 2042 3297 2103 τοῖς
3325 2041 3542 2111 ἐχθροῖς
3574 2044 3793 2099 ἐπιπε-

491 2124 858 2195 :‘rruptionem
895 2124 1088 2181 facies.

2193 2134 2293 2193 σείς
2314 2130 2451 2201 (es).

561 2208 652 2271 Η.
689 2216 968 2272 Interdum
1000 2216 1056 2270 in
1099 2215 1239 2270 locis
1278 2214 1606 2285 quibusdam
1655 2215 1945 2270 occultans
1999 2224 2079 2269 te-

2256 2219 2347 2275 ια’.
2408 2222 2631 2275 Ἀλλοτε
2678 2222 2737 2275 δὲ
2795 2222 2856 2276 ἐν
2898 2222 3084 2286 τόποις
3135 2224 3247 2276 τισὶ⁵
3301 2223 3516 2294 κρύψας
3577 2226 3789 2282 ἑαυτὸν

494 2312 679 2379 ipsum
734 2324 860 2364 cum
914 2308 1150 2365 militum
1211 2307 1606 2374 multitudine,
1658 2307 1843 2363 subito
1901 2298 2081 2363 ho‘stes

2193 2314 2326 2382 μετά
2354 2314 2485 2367 λαοῦ
2537 2316 2909 2385 στρατιωτῶν,
2926 2316 3081 2385 ἀφνω
3134 2316 3235 2386 τὴν
3284 2316 3426 2371 κατά
3469 2318 3581 2372 τῶν
3612 2322 3786 2375 ἐναν-

490 2402 737 2457 invades.

2193 2406 2315 2459 τίων
2334 2407 2617 2461 ἐπέλευσιν
2640 2406 2874 2477 ἐργάσῃ.

569 680 619 732 7.
659 676 894 747 Legatos
919 683 1045 730 tuos
1072 674 1136 729 ad
1158 676 1346 729 hostes
1367 674 1715 730 mollioribus
1742 691 1866 731 cum
1897 677 2085 733 verbis

494 770 739 835 mittens,
775 768 1155 824 incursionem
1199 767 1386 822 subito
1420 764 1616 820 facies.

561 946 615 1002 8.
654 944 933 1000 interdum
972 944 1137 999 etiam
1166 944 1408 999 hostium
1438 951 1617 999 castra
1647 983 1664 1008 ,
1696 943 1814 999 sive
1845 944 1898 997 in
1946 952 2035 998 tua
2056 983 2072 1008 ,

492 1035 605 1088 sive
656 1034 711 1087 in
758 1034 944 1089 hostili
999 1043 1147 1089 terra
1196 1036 1375 1089 coacti
1420 1035 1642 1100 fuerint,
1691 1034 2076 1091 considerabis

491 1125 811 1195 diligenter,
841 1126 1307 1197 quemadmodum
1352 1135 1646 1196 ponantur.
1692 1124 1848 1191 Quod
1886 1125 1932 1179 si
1967 1126 2075 1178 ulla

495 1214 717 1269 occasio
770 1215 1004 1269 inveniri
1055 1223 1256 1285 potest,
1308 1224 1472 1270 noctu
1516 1216 1645 1269 luna
1691 1216 1907 1271 lucente
1937 1216 2076 1272 duas

502 1314 729 1360 auttrcs
757 1306 923 1362 horas
968 1315 1093 1362 ante
1140 1307 1280 1362 diem
1312 1307 1367 1361 in
1398 1307 1586 1363 hostes
1614 1324 1737 1362 cum
1775 1308 2077 1378 sagittariis

493 1392 651 1447 bouis
692 1408 757 1449 ac
805 1394 995 1449 multis
1049 1394 1326 1450 invadas:
1379 1395 1572 1450 horum
1613 1396 1758 1451 enim
1805 1395 2075 1451 maximus

494 1503 632 1542 usus
661 1495 747 1544 est
780 1488 866 1543 his
898 1488 1263 1558 temporibus.

561 2516 648 2569 12.
699 2512 931 2580 Quidam
986 2522 1233 2568 armenta
1280 2512 1449 2568 boum
1484 2521 1649 2582 atque
1693 2512 1925 2566 aliorum
1964 2511 2089 2565 ani-

490 2604 758 2657 mantium
828 2612 1207 2672 exponentes,
1255 2612 1420 2671 atque
1497 2603 1684 2658 hostes
1749 2602 1815 2656 ad
1894 2601 2089 2655 horum

490 2692 853 2761 direptionem
896 2691 1224 2757 invitantes,
1253 2692 1345 2745 ubi
1371 2692 1606 2746 viderint
1637 2692 1702 2746 ad
1730 2698 1975 2747 armenta
2007 2690 2091 2745 di-

493 2783 741 2853 ripienda
795 2783 1097 2854 dissipatos
1168 2798 1334 2849 esse,
1386 2785 1571 2838 statim
1633 2786 1687 2839 in
1750 2785 1874 2839 illos
1935 2784 2091 2838 iuva.

491 2873 648 2926 dunt.

568 2985 656 3039 13.
694 2984 830 3055 Apte
860 2985 996 3039 fiunt
1030 2985 1396 3051 incursiones,
1428 2987 1650 3058 quando
1707 2988 1760 3044 in
1802 2989 2091 3046 intervallo

498 3077 743 3132 hostium
770 3076 969 3133 fluvius
998 3079 1063 3133 ad
1095 3079 1494 3134 transeundum
1520 3081 1904 3137 incommodus
1928 3083 2086 3137 inve-

496 3166 665 3222 nitur.
714 3166 827 3222 Hoc
854 3171 1035 3224 solent
1069 3170 1285 3239 equites
1338 3170 1690 3241 potissimum
1727 3173 1911 3230 facere
1944 3192 1957 3230 :
2006 3175 2079 3229 ibi

490 3260 637 3313 enim
694 3268 915 3331 pontem
964 3263 1268 3317 coniiciunt
1316 3264 1398 3319 vel
1448 3279 1514 3319 ex
1556 3266 1803 3321 trabibus
1842 3266 2079 3335 magnis,

492 3352 957 3420 quemadmodum
996 3368 1116 3408 mos
1163 3362 1251 3407 est
1301 3353 1506 3409 multos
1553 3364 1749 3424 pontes
1794 3353 1910 3409 lleri
1947 3371 1961 3408 :
2003 3350 2081 3410 vel

492 3443 680 3512 parvis
718 3444 1047 3512 quibusdam
1082 3445 1337 3515 navigiis,
1370 3447 1422 3501 id
1452 3454 1537 3501 est
1586 3447 1839 3512 ratibus;
1871 3456 2083 3503 turres-

492 3548 601 3602 que
638 3533 845 3604 ligneas
884 3535 967 3589 vel
998 3536 1281 3590 aridorum
1318 3536 1558 3608 lapidum
1586 3574 1601 3601 ,
1643 3538 1726 3592 vel
1769 3553 1832 3597 ex
1886 3552 2083 3609 aggere

492 3623 731 3694 quodam
790 3626 855 3679 ad
917 3635 1194 3682 extremas
1251 3642 1377 3683 oras
1437 3629 1623 3698 pontis
1681 3629 1968 3693 excitant,
2022 3636 2081 3683 ut

493 3713 716 3782 quando
778 3730 909 3770 usus
952 3714 1103 3783 fert,
1162 3732 1257 3787 per
1310 3732 1434 3771 eum
1498 3733 1695 3772 secure
1755 3726 2076 3784 transeant,

493 3820 827 3874 rursumque
857 3806 1145 3861 discedant
1170 3807 1390 3876 quando
1434 3809 1648 3873 volunt,
1683 3817 1742 3863 ut
1774 3826 1873 3881 pro
1904 3812 2077 3882 impe-

497 3894 697 3948 ratoris
731 3894 1002 3949 arbitratu
1038 3906 1358 3965 permaneat
1395 3914 1532 3968 pons
1574 3903 1820 3970 quandiu
1848 3903 1941 3957 ille
1982 3919 2079 3958 vo-

498 3983 681 4047 luerit,
717 3994 773 4042 et
803 3988 1061 4057 conﬂigat
1090 4003 1215 4043 cum
1262 3991 1550 4060 hostibus,
1586 3994 1667 4049 vel
1702 3993 1952 4051 discedat
1981 3996 2082 4052 ite-

498 4090 620 4129 rum
645 4091 866 4143 secure,
896 4088 1062 4149 ponte
1086 4078 1200 4149 jam
1232 4081 1529 4137 dissoluto.

583 4358 667 4413 Η.
708 4356 816 4414 Sed
849 4360 903 4413 in
927 4359 995 4416 iis
1021 4360 1405 4417 invasionibus
1454 4361 1989 4435 incursionibusque
2022 4366 2077 4421 in

501 4448 756 4503 hostilem
791 4456 992 4504 terram
1014 4492 1028 4517 ,
1076 4466 1254 4521 neque
1303 4451 1663 4508 incendendae
1699 4471 1877 4525 neque
1906 4472 2079 4526 popu—

499 4539 676 4595 landas
707 4556 786 4596 eae
808 4550 989 4610 partes
1012 4552 1163 4608 sunt,
1184 4558 1279 4614 per
1306 4561 1449 4615 quas
1468 4545 1667 4602 iterum
1696 4548 1975 4606 rediturus
1995 4566 2077 4616 es,

496 4640 558 4683 ut
591 4645 658 4685 ne
697 4640 753 4685 te
785 4631 963 4701 ipsutn
991 4633 1098 4689 hoc
1121 4644 1286 4705 pacto
1315 4635 1545 4707 aﬂligas.

564 4742 654 4798 15.
696 4744 1028 4815 Hujusmodi
1077 4748 1244 4803 etiam
1299 4757 1495 4820 pontes
1561 4750 1695 4807 ﬁant
1755 4753 1812 4807 in
1868 4754 2087 4825 publico

410 4891 415 4897 _
495 4836 708 4904 praelio,
738 4846 791 4890 et
815 4846 996 4893 castra
1031 4848 1253 4909 prOpter
1281 4842 1420 4897 tales
1463 4842 1663 4898 ﬂuvios
1694 4856 1997 4915 ponantur,
2034 4850 2083 4903 si

495 4927 641 4981 altus
676 4938 730 4981 et
756 4929 981 4985 minime
1022 4931 1375 5001 permeabilis
1403 4933 1512 4986 ulla
1539 4949 1607 4988 ex
1633 4945 1792 5004 parte
1833 4938 2082 4992 invenia-

497 5028 611 5082 tur,
646 5029 707 5073 ut
740 5020 1061 5091 hujusmodi
1087 5022 1239 5077 ﬂuvii
1286 5024 1460 5092 ripam
1498 5025 1703 5083 habeas
1743 5042 1811 5083 ex
1849 5029 2083 5086 adverso

498 5113 762 5177 hostium,
789 5123 847 5168 ut
872 5096 1129 5171 sine‘ullo
1149 5117 1542 5187 impedimento
1561 5126 1616 5174 et
1632 5119 1937 5178 oﬂ'ensione
1962 5123 2082 5194 ipso

496 5205 586 5261 die
642 5207 807 5277 praelii
844 5207 1016 5262 aciem
1048 5207 1255 5265 educas
1285 5230 1299 5266 :
1332 5213 1471 5280 fuga:
1509 5222 1691 5268 autem
1750 5223 1991 5286 tempore
2026 5218 2079 5272 in

498 5299 699 5354 castris
727 5310 987 5355 maneant
1034 5304 1213 5358 securi
1246 5319 1311 5359 ac
1342 5306 1409 5360 ab
1457 5306 1605 5359 omni
1639 5316 1853 5363 terrore
1896 5310 2077 5376 liberi,

502 5407 679 5462 neque
714 5403 987 5464 cogantur
1010 5395 1262 5454 hostibus
1304 5397 1417 5467 jam
1462 5398 1882 5459 imminentibus
1915 5403 2073 5458 inviti

2264 2519 2350 2588 ιβ’.
2388 2519 2499 2573 Καί
2555 2536 2699 2584 τινες
2735 2521 2796 2574 δὲ
2841 2520 3275 2591 προϐαλλόμενοι
3331 2523 3537 2591 ἀγέλας
3591 2526 3788 2593 ζώων,

2189 2614 2283 2667 καὶ
2314 2612 2563 2666 ἐντεῦθεν
2591 2614 2718 2677 τοὺς
2772 2613 3002 2684 ἐχθροὺς
3026 2616 3108 2678 είς
3157 2615 3257 2685 τὴν
3295 2617 3504 2670 τούτων
3533 2619 3788 2689 διαρπα-

2190 2704 2293 2775 γὴν
2342 2706 2805 2776 προτρεψάμενοι,
2834 2705 2912 2769 ὡς
2942 2701 3084 2760 εἶδον
3118 2707 3318 2773 αὐτοὺς
3363 2710 3617 2775 ἀτάκτως
3652 2715 3793 2768 κατ’

2193 2796 2371 2849 αὐτῶν
2399 2795 2514 2868 (27)
2538 2797 3061 2861 διασκεδασθέντας,
3088 2797 3348 2853 ἐπέθεντο
3384 2802 3591 2866 αὐτοῖς.

2269 2994 2356 3064 ιγ’.
2398 2995 2641 3051 Γίνονται
2674 2997 2731 3051 δέ
2758 2999 2853 3052 καὶ
2888 3000 3140 3070 φανερῶς
3192 3001 3393 3071 ἔφοδοι,
3424 3003 3553 3057 όταν
3584 3005 3645 3056 ἐν
3698 3014 3790 3077 τῳ

2199 3085 2400 3153 μεταξὺ
2454 3087 2785 3160 διαστήματι
2842 3090 2951 3144 τῶν
3000 3091 3212 3163 ἐχθρῶν
3268 3096 3514 3165 ποταμὸς
3564 3098 3777 3169 εὑρεθῇ

2190 3177 2473 3243 δύσϐατος.
2508 3181 2618 3233 Καὶ
2667 3180 2901 3251 μάλιστα
2947 3184 3107 3237 τοῦτο
3135 3186 3380 3240 ποιοῦσιν
3414 3189 3463 3241 οἱ
3498 3189 3787 3245 καϐαλλάο

2194 3286 2298 3340 ριοι
2320 3285 2334 3300 ·
2367 3270 2601 3324 ἐνταῦθα
2630 3272 2735 3342 γάρ
2768 3276 3186 3346 συμπηγνύουσι
3211 3278 3528 3350 γέφυραν,ἢ
3563 3282 3651 3335 διὰ
3679 3285 3787 3350 ξύ-

2190 3359 2297 3412 λων
2353 3362 2605 3431 μεγάλων
2632 3403 2647 3428 ,
2681 3364 2756 3428 ὥς
2794 3367 2942 3420 ἐστιν
2978 3367 3098 3431 ἔθος
3125 3370 3226 3433 τὰς
3281 3370 3483 3435 πολλὰς
3524 3373 3786 3443 γεφύρας

2191 3449 2456 3517 γίνεσθαι,
2489 3454 2520 3520 ἢ
2574 3454 2663 3507 διὰ
2706 3455 2919 3526 μικρῶν
2971 3459 3291 3529 πλοιαρίων,
3320 3459 3431 3513 τῶν
3462 3461 3788 3533 λεγομένων

2194 3542 2514 3612 μονοξύλων.
2543 3546 2795 3617 Πύργους
2838 3566 2897 3602 τε
2930 3549 3176 3615 ξυλίνους
3223 3551 3256 3623 ἢ
3326 3552 3435 3606 ἀπὸ
3481 3554 3787 3628 οἰκοδομῆς

2189 3636 2253 3687 ὲκ
2295 3634 2459 3688 λίθων
2488 3637 2687 3711 ξηρῶν,
2720 3639 2753 3710 ἢ
2793 3639 3051 3711 χώματος
3080 3644 3420 3714 ἑκατέρωθεν
3450 3647 3560 3701 τῶν
3586 3648 3784 3719 ἄκρων

2186 3725 2288 3793 τῆς
2341 3727 2589 3797 γεφύρας
2624 3731 2969 3801 ἐγείρουσινο
3015 3733 3105 3788 ῖνα
3134 3736 3262 3789 ὅταν
3311 3737 3494 3807 χρεία,
3559 3739 3630 3792 δι’
3670 3741 3781 3793 αύ-

2186 3816 2288 3885 τῆς
2318 3819 2573 3887 ἀσφαλῶς
2597 3822 2696 3894 τὴν
2725 3823 2976 3879 διάϐασιν
3000 3829 3290 3898 ποιήσωσι,
3317 3828 3413 3882 καὶ
3443 3830 3607 3884 πάλιν
3636 3831 3780 3884 ἀνα-

2188 3908 2511 3977 χωρήσωσιν
2549 3910 2637 3963 ὅτε
2675 3911 2954 3980 βούλονται
2980 3930 3001 3949 ο
3037 3914 3177 3969 ὥστε
3213 3918 3273 3969 ἐν
3320 3920 3387 3989 τῇ
3422 3917 3518 3971 τοῦ
3575 3934 3776 3988 στρατο

2188 3999 2324 4069 ηγοῦ
2338 4001 2658 4057 ἀποκεῖσθαι
2679 4004 2948 4079 γνώμῃ,ἣ
2980 4010 3309 4079 προσμένειν
3336 4012 3461 4064 ὅσον
3490 4012 3783 4083 ἐμϐαστά-

2188 4090 2270 4153 ζει
2319 4093 2469 4165 αύτῷ
2500 4096 2708 4165 χρόνον,
2744 4098 2777 4169 ἢ
2806 4100 3139 4170 συμϐάλλειν
3187 4106 3303 4166 τοῖς
3339 4103 3557 4175 ἐχθροῖς
3596 4106 3787 4173 ἀσφα-

2187 4180 2315 4246 λῶς,
2345 4183 2379 4254 ἢ
2406 4185 2712 4257 ἀναχωρεῖν
2748 4188 3001 4257 ἀϐλαϐῶς
3030 4195 3129 4264 τῆς
3161 4194 3411 4265 γεφύρας
3438 4198 3571 4267 παρ’
3602 4197 3783 4251 αὐτοῦ

2188 4271 2620 4344 καταλυομένης.

2256 4382 2336 4437 ιδ’.
2378 4384 2538 4439 Ἀλλά
2564 4389 2621 4442 ἐν
2648 4392 2770 4455 ταῖς
2799 4391 3080 4455 τοιαύταις
3111 4396 3468 4467 ἐγχειρήσεσι
3515 4398 3611 4452 καὶ
3653 4404 3782 4463 ταῖς

2112 4494 2158 4550 D
2186 4474 2408 4539 εἰσόδοις
2446 4479 2587 4532 κατὰ
2640 4482 2739 4552 τῆς
2807 4482 2914 4537 τῶν
2961 4486 3175 4556 ἐχθρῶν
3227 4486 3433 4558 χώρας,
3470 4490 3534 4542 ού
3586 4491 3671 4543 δεῖ
3698 4508 3779 4559 ,σε

2185 4563 2591 4652 καὶ-ἀφανίζειν
2643 4570 2746 4633 τὰς
2806 4571 3054 4638 δαπάνας
3105 4576 3331 4629 ἐκείνων
3383 4576 3493 4631 τῶν
3557 4580 3779 4652 χωρίων

2183 4654 2248 4706 δι’
2275 4649 2351 4710 ῶν
2376 4657 2588 4727 μέλλεις
2614 4662 2997 4734 ὑποστρέφειν,
3041 4667 3129 4721 ῖνα
3159 4668 3233 4739 μὴ
3252 4669 3448 4723 ἑαυτὸν
3475 4649 3772 4745 στενὼνσῃς.

2258 4764 2335 4819 ιε’.
2397 4767 2510 4833 Τάς
2558 4770 2615 4823 δὲ
2668 4772 2929 4840 τοιαύτας
2985 4777 3232 4849 γεφύρας
3290 4780 3539 4849 γίνεσθαι
3597 4785 3769 4852 ἀναγ-

2185 4860 2340 4912 καῖον
2367 4861 2573 4930 νομίζω
2603 4866 2697 4918 καὶ
2725 4868 2785 4919 ἐν
2828 4869 3008 4939 καιρῷ
3039 4870 3307 4942 δημοσίας
3339 4874 3540 4945 μάχης,
3567 4877 3662 4929 καὶ
3697 4876 3769 4929 τά

2184 4949 2425 5004 ἀπλικτα
2463 4955 2521 5008 ἐν
2574 4958 2685 5019 τοῖς
2731 4957 2992 5024 τοιούτοις
3034 4966 3301 5033 ποταμοῖς
3353 4965 3623 5033 γίνεσθαι,
3670 4966 3771 5020 ἐάν

2183 5041 2290 5110 ἄρα
2320 5041 2583 5110 δύσϐατος
2608 5047 2805 5121 εὑρεθῇ
2828 5051 2888 5104 ἐν
2919 5051 3018 5123 οῖῳ
3069 5053 3273 5125 δήποτε
3310 5056 3490 5128 μέρει·
3535 5059 3621 5111 ἴνα
3668 5058 3769 5130 τὴν

2184 5131 2278 5185 τοῦ
2311 5135 2555 5189 τοιούτου
2595 5140 2840 5211 ποταμοῦ
2880 5141 3047 5213 ὄχθην
3069 5146 3455 5219 κατεξαίρετον
3502 5150 3645 5204 κατά
3673 5149 3768 5204 τοῦ

2187 5226 2387 5294 μέρους
2414 5226 2523 5282 τῶν
2558 5229 2771 5300 ἐχθρῶν
2813 5234 3143 5308 καταλίπῃς,
3172 5237 3313 5291 ὥστε
3362 5240 3771 5311 ἀνεμποδίστως

2184 5316 2281 5368 καὶ
2323 5320 2780 5393 ἁστενοχωρήτως
2834 5327 2893 5379 ἐν
2950 5330 3016 5397 τῇ
3064 5329 3248 5400 ἡμέρᾳ.
3293 5330 3391 5402 τῆς
3442 5332 3626 5403 μάχης
3673 5331 3769 5383 τὸν

2186 5414 2417 5478 στρατὸν
2447 5412 2759 5483 ἐξάγεσθαι.
2795 5413 2928 5474 Εἶτα
2958 5418 3051 5474 καὶ
3072 5420 3130 5475 ὲν
3162 5421 3341 5493 καιρῷ
3374 5422 3584 5494 τροπῆς
3604 5424 3662 5476 ὲν
3687 5421 3770 5494 τῷ

2036 5519 2269 5577 NOTAE.

716 5606 770 5691 lu
818 5608 949 5691 cod._
981 5608 1270 5691 liattr..cst_
1310 5612 1689 5691 paragrapluts
1727 5613 1812 5691 l_l,
1869 5615 2081 5673 decimo
2121 5622 2451 5691 postposito.

572 5672 687 5744 (‘27)
716 5680 850 5731 Κατ’
883 5680 1099 5733 αὐτῶν.
1134 5672 1507 5747 St'rilcbatuvr,
1535 5672 1674 5737 κατά
1702 5672 1829 5738 τῶν.
