4052 6216
292 301 399 369 917

1362 296 1694 358 TACTICA.
1721 318 1771 333 -
1810 292 2312 356 CONSTITU'HO
2335 293 2523 354 XVII.

3448 287 3573 349 918'

293 413 559 483 ἁπλήκτῳ
579 408 765 480 μένειν
790 407 987 472 αὐτοὺς
1013 407 1272 479 ἀσφαλῶς
1296 407 1757 478 φυλαττομένους,
1785 406 1879 459 καὶ

1991 423 2045 463 ac
2072 406 2446 463 festinabundi
2468 410 2691 476 pontem
2725 401 2925 458 facere.
2958 403 3036 458 Ac
3058 409 3350 474 μηνίεται
3373 415 3561 459 castra

298 506 373 576 μὴ
396 500 800 573 ἀναγκάζεσθαι
825 503 883 555 ἐν
917 500 1054 570 αὐτῇ
1086 503 1151 571 τῇ
1203 499 1323 571 ῶρᾳ
1353 499 1463 553 τῶν
1502 498 1712 570 ἐχθρῶν
1752 498 1871 551 ἐπι-

1984 500 2038 554 ίιι
2074 501 2208 569 ripis
2236 515 2303 554 ex
2331 497 2564 552 adverso
2591 496 2834 552 hostium
2866 505 3092 565 ponant.
3172 514 3175 515 ν

295 598 565 669 κειμένων
592 596 693 665 τὴν
723 594 972 651 διάϐασιν
1014 593 1399 666 τῆςηγεφύρας
1448 593 1717 646 ποιεῖσθαι
1776 590 1868 643 καὶ
1907 589 1982 661 μὴ
2035 591 2415 661 βουλομένους.
2470 592 2579 646 Καὶ
2615 591 2702 644 διὰ
2735 592 2892 645 τοῦτο
2924 592 3040 645 δέον
3088 591 3169 654 εἰς
3232 591 3329 661 τὴν
3396 590 3563 662 ὄχθην

292 692 393 762 τὴν
428 690 519 742 ἐπὶ
547 689 608 741 τὸ
640 688 805 758 μέρος
828 687 936 741 τῶν
963 685 1174 757 ἐχθρῶν
1204 684 1263 750 ἐξ
1300 684 1551 748 ἐναντίας
1596 685 1656 737 τὸ
1708 683 1972 738 ἄπλικτον
2001 684 2266 752 γίνεσθαι.

369 781 466 849 ις’.
501 781 832 851 Νυκτεριναὶ
852 778 910 833 δὲ
957 777 1274 840 ἐπελεύσεις
1317 777 1565 847 διάφοροι
1596 775 1745 846 παρὰ
1772 772 1883 826 τῶν

308 872 557 928 παλαιῶν
596 868 917 941 στρατηγῶν
947 866 1407 938 ἐπετηδεύθησαν,
1431 867 1492 930 ἐξ
1518 860 1594 937 ὧν
1641 881 1727 918 σοι
1776 863 1877 919 καὶ

298 969 459 1037 ἡμεῖς
482 963 655 1017 ταῦτα
683 961 1072 1031 ὑποτιθέμεθα,
1103 960 1190 1013 ἵνα
1214 959 1344 1012 ποτε
1378 958 1477 1029 μὲν
1504 956 1732 1027 πλησίον
1770 956 1881 1010 τῶν

298 1056 561 1113 ἐναντίων
606 1050 965 1116 ἁπλικεύσας,
997 1050 1072 1114 ὡς
1126 1050 1234 1103 ἀπὸ
1283 1048 1402 1110 ἐνὸς
1450 1048 1718 1101 ἀπλίκτου
1747 1061 1882 1116 πρε-

301 1149 488 1203 σϐείαν
520 1162 578 1199 τε
606 1145 736 1215 μίαν
761 1144 857 1197 καὶ
884 1142 1144 1209 δευτέραν
1177 1140 1459 1212 εἰρηνικὴν
1479 1137 1749 1209 δηλώσας,
1785 1136 1883 1191 κα)⁸

299 1240 527 1301 ἐλπίδας
558 1237 696 1308 πρὸς
725 1236 947 1306 εἰρήνην
998 1232 1249 1296 δεδωκὼς
1306 1234 1418 1295 τοῖς
1467 1230 1754 1293 ἐναντίοις,
1788 1230 1883 1283 καὶ

300 1331 640 1402 ἀμερίμνους
680 1326 912 1396 ποιήσας
940 1325 1220 1394 ἀδοκήτως
1266 1325 1453 1386 αὐτοῖς
1500 1320 1741 1393 ἐπέλθῃς
1777 1320 1884 1390 πρὸ

305 1423 523 1494 ἡμέρας
552 1421 610 1472 ἐν
639 1417 798 1472 νυκτὶ
824 1415 925 1485 τὴν
958 1414 1269 1485 ὁδοιπορίαν
1298 1413 1689 1483 ποιησάμενος.

380 1514 469 1577 ιζ’.
517 1510 653 1565 Ποτέ
705 1509 783 1571 δέ,
848 1508 943 1560 ἐὰν
1004 1506 1167 1577 βούλῃ
1213 1505 1460 1560 ἐπελθεῖν
1502 1507 1616 1568 τοῖς
1666 1503 1883 1575 ἐχθροῖς

305 1604 522 1665 νυκτὸς,
552 1600 766 1670 ἡμέρας
806 1597 961 1660 τινὰς
1006 1597 1460 1667 παραταξάμενος
1524 1594 1754 1667 πλησίον
1785 1594 1880 1647 τοῦ

309 1696 439 1751 ίδίου
474 1692 737 1748 ἀπλίκτου
765 1690 840 1752 ὼς
870 1688 964 1741 ἐπὶ
1006 1686 1151 1758 μάχη
1176 1687 1432 1758 δημοσίᾳ,
1464 1686 1560 1740 καὶ
1607 1701 1881 1755 σχηματι-

315 1784 552 1855 σάμενος
575 1777 857 1849 φοϐεῖσθαι
890 1777 1015 1839 τοὺς
1039 1777 1414 1841 ὑπεναντίους,
1456 1776 1551 1829 καὶ
1592 1774 1681 1829 διὰ
1727 1772 1887 1828 τοῦτο

315 1880 393 1946 μὴ
448 1868 882 1945 παρεξέρχεοθαι
929 1868 1092 1922 πλέον
1166 1870 1293 1932 τοὺς
1353 1868 1553 1931 τόπους
1602 1866 1699 1919 τοῦ
1753 1864 1885 1917 ἰδίου

302 1965 597 2029 ἀπλίκτου,
622 1962 718 2016 καὶ
748 1957 999 2015 ἐντεῦθεν
1023 1959 1222 2022 αὐτοὺς
1255 1958 1694 2031 παραχαυνώσας
1716 1955 1877 2009 ἐπέλ-

307 2058 407 2127 θῃς
466 2059 523 2109 ἐν
576 2053 750 2107 νυκτί.

382 2153 467 2217 ιη’.
491 2145 663 2199 Τοῦτο
688 2146 744 2198 δέ
775 2144 1115 2214 γινώσκομεν
1144 2140 1483 2209 πεποιηκότα
1510 2139 1603 2192 τὸν
1637 2136 1888 2204 Χαγάνον

307 2239 414 2291 τῶν
452 2235 699 2305 Ἀὀάρων
730 2235 822 2287 ἐπὶ
851 2234 958 2287 τῶν
1005 2232 1212 2302 χρόνων
1254 2228 1577 2300 Ἡρακλείου
1606 2226 1699 2280 τοῦ
1733 2226 1887 2295 βασι-

306 2330 443 2394 λέως
471 2331 600 2400 περὶ
628 2329 728 2398 τὴν
791 2327 1120 2399 Ἡράκλειαν
1159 2326 1256 2395 τῆς
1322 2325 1547 2395 Θρᾴκης
1589 2322 1730 2377 κατὰ
1779 2321 1887 2374 τῶν

315 2422 608 2492 Ῥωμαίων
641 2418 1020 2489 καδαλλαρίων
1057 2418 1131 2488 μὴ
1162 2417 1503 2486 βουλομένων
1542 2416 1599 2467 ἐν
1625 2414 1886 2484 φοσσάτῳ

309 2513 563 2581 ἀσφαλῶς
596 2510 735 2580 μετὰ
775 2510 885 2563 τῶν
933 2507 1113 2572 πεζῶν
1143 2507 1483 2571 ἀπλικεύειν,
1511 2504 1626 2559 ἀλλ’
1688 2504 1887 2569 ἔξωθεν

309 2603 659 2672 ἀφυλάκτως.

381 2693 466 2747 ιθ’.
526 2692 694 2761 Σοφὸν
742 2692 799 2745 δὲ
847 2692 1115 2761 ποιήσεις,
1165 2689 1293 2742 ὅταν
1332 2686 1601 2756 εὐψύχους
1641 2687 1736 2739 καὶ
1790 2686 1889 2738 ἀν-

311 2786 528 2857 δρείους
557 2784 694 2854 μετὰ
723 2781 950 2836 σεαυτοῦ
982 2780 1320 2852 στρατιώτας
1354 2779 1516 2850 ἔχῃς.
1553 2778 1649 2831 ἐὰν
1682 2776 1884 2848 ὑποθή-

315 2893 419 2948 σης
455 2876 562 2929 τινὶ
591 2874 731 2927 ὥστε
770 2874 1110 2943 προσφυγεῖν
1164 2873 1278 2932 τοῖς
1314 2870 1553 2939 ἐχθροῖς,
1578 2870 1670 2922 καὶ
1709 2870 1889 2921 εἰπεῖν

310 2966 395 3019 ὅτι
477 2966 534 3018 ἐν
586 2962 761 3033 δειλίᾳ
814 2961 962 3014 ἐστὶν
1021 2960 1050 3011 ὁ
1098 2958 1327 3029 στρατός
1365 2971 1379 2987 ⁸
1442 2953 1561 3011 εἶτα
1615 2958 1890 3028 πρόφασιν

2065 776 2150 830 16.
2191 775 2487 831 Nocturna:
2516 776 2862 831 incursiones
2890 775 2960 831 ab
2987 776 3233 847 antiquis
3269 778 3563 847 imperato-

1982 869 2139 924 ribus
2160 870 2490 939 excogitata:
2528 879 2654 925 sunt
2680 888 2693 924 :
2724 886 2755 924 e
2788 870 2992 941 quibus
3024 885 3126 926 nos
3163 871 3256 925 tibi
3292 871 3406 926 haec
3437 890 3566 944 sug-

1981 962 2246 1031 gerimus,
2283 971 2341 1015 ιιι
2387 962 2479 1016 ubi
2523 962 2592 1017 ab
2621 963 2861 1017 hostium
2909 962 3133 1024 castris.
3186 964 3311 1018 unis
3351 973 3562 1019 tantum

1982 1055 2179 1108 castris
2206 1051 2401 1118 distas,
2445 1054 2768 1122 legationem
2801 1069 2966 1107 unam
3001 1064 3167 1124 atque
3208 1056 3431 1110 alteram
3468 1073 3563 1126 pa-

1981 1143 2196 1197 cificam
2231 1144 2298 1198 ad
2323 1158 2421 1199 eos
2450 1145 2657 1208 mittas,
2693 1150 2746 1198 et
2776 1160 2927 1212 spem
2964 1146 3074 1200 illis
3098 1147 3249 1214 par-is
3287 1148 3562 1216 injicieus,

1980 1234 2210 1304 illosque
2246 1234 2445 1289 liberos
2496 1234 2817 1303 solutosque
2846 1250 2875 1288 a
2928 1237 3124 1291 timore
3177 1238 3446 1301 reddens,
3496 1240 3565 1295 de

1979 1324 2277 1394 improviso
2307 1325 2363 1381 in
2396 1325 2517 1382 illos
2554 1328 2737 1381 irruas
2783 1336 2951 1380 noctu
2983 1336 3111 1384 ante
3140 1328 3285 1383 diem
3334 1330 3440 1385 iter
3470 1332 3558 1385 in-

1980 1429 2223 1483 gressus.

2062 1506 2148 1559 t7.
2186 1506 2465 1561 Interdum
2509 1508 2553 1562 si
2586 1517 2750 1562 noctu
2780 1507 3023 1563 volueris
3054 1524 3149 1563 eos
3182 1510 3410 1573 adoriri,
3444 1512 3566 1567 dies

1989 1608 2116 1653 ante
2144 1600 2357 1669 aliquot
2382 1615 2550 1669 prope
2577 1599 2813 1654 hostium
2842 1611 3023 1655 castra
3072 1617 3281 1671 ponens
3306 1606 3461 1673 quasi
3498 1604 3566 1657 ad

1916 1723 1960 1782 Β
1988 1689 2236 1758 praelium
2272 1689 2548 1758 publicqu
2595 1690 3073 1755 committendum,
3126 1692 3170 1747 si
3199 1702 3307 1744 tum
3339 1694 3564 1748 simula-

1991 1779 2137 1833 veris
2167 1786 2223 1833 te
2252 1780 2446 1833 timere
2492 1779 2698 1844 hostes,
2730 1795 2909 1849 neque
2951 1782 3313 1852 prepinquius
3364 1785 3565 1839 amlere

1989 1869 2254 1924 accedere
2282 1869 2484 1924 castris
2516 1870 2755 1933 illorum,
2782 1870 3012 1940 supinos
3039 1871 3233 1928 reddes
3257 1888 3352 1929 eos
3382 1883 3434 1928 et
3469 1891 3567 1928 ne-

1990 1961 2275 2033 gligentes,
2311 1970 2477 2033 atque
2505 1963 2640 2017 adeo
2673 1971 2837 2017 noctu
2876 1963 3124 2019 invades.

2059 2136 2146 2191 l8.
2184 2135 2298 2191 Hoc
2323 2144 2504 2192 autem
2543 2137 2863 2209 Chaganum
2892 2138 3203 2195 Abarorum
3240 2141 3436 2198 fecisse
3465 2159 3565 2199 no-

1989 2229 2170 2284 vimus
2198 2268 2214 2292 ,
2263 2229 2517 2285 lleraclio
2564 2233 2905 2300 imperante,
2952 2246 3076 2286 cum
3129 2232 3200 2287 ad
3259 2232 3564 2289 Heracliam

1992 2321 2241 2377 Thraciae
2270 2323 2545 2377 civitatem
2587 2323 2819 2379 Romani
2865 2324 3081 2395 equites
3122 2326 3328 2381 nollent
3362 2328 3417 2381 in
3457 2328 3568 2383 fos-

1992 2421 2111 2469 sato
2141 2423 2255 2468 tuto
2284 2430 2407 2468 cum
2437 2415 2711 2484 peditibus
2735 2425 2918 2472 castra
2954 2432 3180 2486 ponere,
3206 2421 3301 2475 sed
3332 2404 3577 2475 circum--~

1993 2515 2179 2575 speete
2208 2514 2368 2561 extra
2408 2516 2615 2563 castra.

2066 2681 2150 2736 i9.
2183 2679 2491 2735 Prudenter
2535 2695 2755 2749 quoque
2803 2680 3024 2745 feceris,
3070 2683 3115 2737 si
3151 2697 3275 2736 cum
3312 2692 3571 2740 strenuos

1994 2770 2275 2840 fortesque
2327 2771 2531 2825 milites
2568 2780 2748 2826 tecum
2800 2771 3006 2827 habeas
3031 2812 3045 2835 ,
3080 2773 3363 2844 impuleris
3393 2791 3564 2829 unum

1993 2871 2159 2932 atque
2192 2862 2423 2915 alterum
2452 2861 2519 2915 ad
2548 2863 2734 2917 hostes
2764 2862 3088 2933 confugere,
3117 2873 3283 2934 atque
3313 2865 3420 2920 illis
3443 2882 3572 2920 nar-

1995 2968 2118 3008 rare
2159 2968 2361 3022 magno
2397 2952 2453 3005 in
2505 2953 2707 3006 timore
2754 2961 3006 3007 nostrum
3053 2971 3175 3010 esse
3221 2958 3566 3013 exercitum:

314 3054 548 3124 ποιήσῃς
594 3053 677 3107 ὅτι
724 3054 804 3115 είς
840 3050 911 3103 τὰ
940 3050 1121 3103 ὀπίσω
1170 3048 1569 3116 ὑπαναχωρεῖς,
1597 3047 1689 3101 καὶ
1720 3045 1888 3113 ὀλίγον

2000 3039 2198 3095 deinde
2225 3039 2452 3094 simules
2478 3048 2531 3093 te
2559 3040 2790 3094 retroire
2817 3040 2975 3106 velle,
3015 3052 3067 3095 et
3095 3043 3161 3097 ad
3192 3044 3358 3098 alium
3390 3046 3570 3102 locum

312 3143 585 3212 διάστημα
630 3142 693 3194 τὸ
722 3139 989 3209 φοσσάτον
1033 3139 1202 3208 ήγουν
1235 3137 1297 3190 τὸ
1330 3137 1595 3191 άπλικτον
1621 3135 1891 3205 μεταστή-

314 3248 437 3297 σας,
474 3231 737 3298 αίφνίδιον
763 3231 820 3282 ἐν
857 3228 1012 3282 νυκτὶ
1036 3226 1271 3299 ἐπέλθῃς
1301 3229 1414 3289 τοῖς
1443 3224 1737 3288 ἐναντίοις.

384 3320 454 3376 κ’.
487 3322 739 3389 Ποιὴσεις
789 3319 846 3373 δὲ
889 3316 1210 3387 νυκτερινὰς
1259 3315 1572 3378 ἐπελεύσεις
1613 3317 1753 3369 κατὰ
1799 3317 1891 3386 ἐχ-

313 3412 459 3484 θρῶν
485 3411 758 3481 ἁρμοδίως
788 3410 926 3479 μετά
954 3426 1013 3462 τε
1058 3407 1239 3471 πεζῶν
1273 3407 1369 3461 καὶ
1398 3406 1775 3477 καόαλλαρίων
1799 3407 1893 3459 καὶ

311 3501 542 3565 τοξοτῶν
574 3500 811 3572 μάλιστα
848 3499 945 3552 καὶ
990 3496 1324 3551 ἀκοντιστῶν
1377 3497 1519 3549 κατὰ
1571 3495 1740 3548 ἐθνῶν
1792 3513 1892 3548 πε-

312 3592 423 3657 ζῶν
462 3593 496 3663 ἢ
546 3590 929 3661 καὸαλλαρίων
985 3589 1093 3643 τῶν
1129 3587 1206 3659 μὴ
1234 3588 1291 3640 ἐν
1323 3587 1577 3656 φοσσάτῳ
1605 3586 1699 3640 καὶ
1743 3586 1893 3652 τάξει

316 3683 744 3749 ἀπλικευόντων,
802 3678 942 3734 ἀλλὰ
990 3679 1244 3743 ἀτάκτως
1297 3677 1392 3730 καὶ
1441 3676 1765 3746 ἀφυλάκτως
1799 3676 1894 3730 καὶ

311 3772 722 3842 διεσπαρμένως
756 3770 1118 3841 σκηνούντων.

385 3870 491 3917 κα’.
523 3864 633 3917 Καὶ
670 3862 813 3916 κατὰ
855 3862 963 3916 τῶν
1014 3862 1089 3932 μὴ
1138 3860 1369 3930 ἐχόντων
1412 3858 1538 3922 τόξα
1585 3859 1619 3932 ἢ
1671 3859 1894 3913 ἀκόντια

316 3954 619 4027 προχείρως
638 3996 652 4019 ,
684 3953 821 4010 ἀλλὰ
852 3955 916 4007 ἐκ
948 3953 1126 4024 χειρὸς
1161 3951 1359 4023 μᾶλλον
1384 3951 1482 4020 τὴν
1508 3950 1687 4021 μάχην
1715 3966 1897 4003 ποιουο

320 4047 517 4116 μένων.
546 4046 608 4099 Οί
637 4048 745 4117 γὰρ
774 4047 887 4107 τοῖς
929 4042 1104 4109 τόξοις
1147 4042 1241 4097 κα)⁵
1296 4041 1598 4112 ρικταρίοις
1647 4042 1741 4094 καὶ
1786 4042 1896 4103 τοῖς

317 4135 501 4198 ἄλλοις
560 4136 744 4201 ὅπλοις
789 4135 1083 4207 χρώμενοι,
1128 4134 1565 4206 δυσεπιχείρητοι
1607 4131 1743 4202 πρὸς
1798 4130 1895 4195 τὰς

319 4225 574 4289 τοιαύτας
632 4226 943 4290 ἐπελεύσεις
985 4226 1247 4295 γίνονται,
1274 4226 1322 4279 ει
1362 4227 1438 4297 μὴ
1470 4226 1578 4295 ἄρα
1597 4224 1895 4293 ἀφύλακτοι

320 4318 418 4370 καὶ
451 4317 838 4388 διεσπαρμένοι
871 4318 1261 4373 ἁπλικεύωσιν.

1998 3132 2162 3204 paulo
2195 3132 2263 3188 ab
2286 3132 2396 3187 illis
2430 3132 2651 3199 longius
2690 3142 2870 3189 castra
2918 3135 3249 3201 transferas,
3292 3148 3347 3193 et
3384 3138 3571 3195 subito

2000 3234 2113 3280 tum
2145 3233 2313 3279 noctu
2342 3226 2527 3280 hostes
2552 3225 2800 3280 invadas.

2091 3317 2185 3372 20.
2241 3315 2556 3371 Nocturnas
2591 3316 2941 3371 incursiones
2977 3318 3032 3370 in
3056 3316 3241 3372 hostes
3278 3319 3447 3375 facies
3484 3337 3571 3391 pe-

2001 3408 2208 3462 ditibus
2230 3416 2287 3462 et
2329 3407 2630 3476 equitibus,
2654 3408 2960 3478 sagittariis
2983 3415 3037 3463 et
3054 3408 3485 3477 jaculatoribus,
3524 3414 3569 3467 si

2001 3496 2096 3567 qui
2126 3496 2336 3566 pedites
2363 3505 2458 3549 aut
2487 3498 2705 3567 equites
2736 3508 2884 3562 sunt,
2940 3498 3033 3568 qui
3080 3514 3196 3553 non
3254 3500 3309 3555 in
3362 3503 3576 3557 fossato

2001 3597 2187 3643 castra
2215 3597 2451 3656 ponunt,
2479 3587 2573 3642 sed
2623 3591 2860 3659 sparsim
2895 3598 2952 3645 et
2986 3589 3219 3659 disjecte
3246 3592 3449 3647 cubant
3477 3609 3574 3647 ex-

2002 3688 2085 3734 tra
2109 3688 2290 3735 castra
2300 3719 2315 3733 .

2072 3878 2163 3933 21.
2205 3877 2313 3934 Has
2339 3879 2688 3947 potissimum
2733 3878 3081 3935 incursiones
3131 3881 3185 3935 in
3236 3897 3330 3938 eos
3382 3882 3572 3948 facies,

2003 3973 2094 4042 qui
2128 3986 2304 4041 neque
2332 3986 2499 4026 arcus
2538 3986 2715 4040 neque
2737 3959 3170 4040 jacula'habent,
3199 3973 3293 4028 sed
3323 3974 3576 4029 cominus

2002 4064 2266 4135 congredi
2295 4064 2476 4118 solent
2517 4080 2531 4116 :
2567 4062 2660 4132 qui
2687 4063 2834 4117 enim
2871 4064 3112 4118 arcubus
3146 4064 3376 4135 telisque
3406 4074 3576 4119 utun-

2007 4164 2115 4222 tur,
2150 4156 2335 4209 minus
2372 4153 2589 4209 insidiis
2614 4154 2737 4207 istis
2776 4156 3064 4223 appetendi
3090 4163 3241 4221 sunt,
3272 4156 3377 4211 nisi
3409 4155 3577 4210 dissi-

2003 4243 2115 4314 pati
2143 4241 2360 4312 fusique
2388 4250 2568 4296 castra
2611 4248 2838 4310 ponant.

400 4409 509 4478 κβ’.
535 4387 759 4472 Νύκτας
785 4409 841 4463 δὲ
866 4406 1110 4476 ἐπιλέξαι
1142 4409 1275 4480 πρὸς
1306 4406 1404 4471 τὰς
1427 4405 1680 4471 τοιαύτας
1702 4406 1888 4476 ἁπροσ·

2099 4411 2188 4466 22.
2226 4409 2427 4468 Noctes
2460 4412 2600 4482 elige
2637 4412 2733 4468 tibi
2768 4412 2835 4467 ad
2888 4415 2989 4469 has
3037 4430 3138 4470 nec
3176 4387 3430 4484 opinatas
3486 4417 3574 4472 in-

320 4500 583 4570 δοκήτους
655 4501 877 4569 ἐφόδους
907 4519 919 4531 ·
991 4501 1302 4563 τουτέστιν,
1355 4499 1388 4568 ἢ
1445 4499 1574 4551 ὅταν
1626 4496 1888 4556 ὁλόνυκτος

2010 4506 2297 4559 cursiones
2328 4522 2342 4557 :
2382 4503 2486 4558 hoc
2514 4515 2618 4571 est,
2653 4504 2875 4575 quando
2908 4506 3126 4562 noveris
3177 4506 3359 4561 lumen
3407 4507 3575 4565 totius

322 4592 495 4665 φαίνῃ
564 4596 596 4663 ή
657 4594 893 4665 σελήνη,
953 4595 987 4665 ἦ
1042 4596 1171 4649 ὅταν
1226 4589 1372 4657 οἶδας
1425 4591 1508 4646 ὅτι
1551 4593 1796 4663 ἀρκεῖται
1849 4590 1888 4643 τε

2011 4597 2192 4653 noctis
2230 4595 2551 4651 satisfacere
2596 4596 2663 4650 ad
2720 4596 3037 4651 universum
3098 4597 3201 4651 iter
3254 4605 3429 4662 tuum,
3495 4596 3577 4651 vel

320 4685 526 4756 φέγγος
562 4686 730 4756 αὒτῆς
758 4685 835 4756 τῷ
866 4687 1195 4757 διαστήματι
1241 4688 1340 4757 τῆς
1389 4688 1515 4756 ὅλης
1564 4703 1655 4739 σου
1702 4685 1888 4738 ὁδοιποι

2007 4687 2231 4759 quando
2264 4687 2434 4742 stellae
2472 4687 2678 4755 lucent,
2713 4696 2772 4743 ut
2809 4704 2879 4743 ne
2911 4688 3190 4745 exercitus
3232 4689 3286 4743 in
3339 4687 3583 4744 tenebris

322 4778 465 4847 ρίας,
497 4778 528 4848 ἢ
563 4779 687 4831 ὅταν
747 4781 894 4832 ἐστὶν
944 4780 1325 4851 ἁστερόφωτον
1353 4797 1368 4812 ο
1414 4781 1499 4835 ἵνα
1545 4778 1620 4850 μὴ
1666 4780 1694 4833 ό
1741 4794 1888 4848 στρα·

2011 4779 2321 4847 ambulans,
2349 4779 2585 4833 amictus
2625 4780 3091 4850 perturbatusque
3156 4787 3402 4850 vagetur.

319 4869 410 4932 τὸς
436 4869 494 4921 ἐν
526 4870 715 4939 σκοτίᾳ
744 4870 1062 4941 περιπατῶν
1093 4870 1447 4942 συντρίϐηται
1478 4869 1573 4923 καὶ
1605 4869 1898 4923 πλανᾶται.

392 4958 499 5028 κγ’.
548 4959 660 5015 Ἀεὶ
683 4961 740 5013 δὲ
778 4961 1081 5032 εξπληκτον
1123 4964 1217 5016 καὶ
1251 4960 1763 5033 παρεσκευασμένον
1811 4958 1901 5012 τὸν

324 5053 555 5121 στρατὸν
587 5050 746 5114 κίνει,
806 5051 898 5104 καὶ
952 5052 1120 5122 μηδὲν
1181 5052 1434 5122 περισσὸν
1494 5049 1905 5118 ἐπιφερόμενον,

329 5142 422 5194 καὶ
477 5142 619 5194 οὕτω
674 5142 924 5206 κανόνιζε
970 5144 1065 5196 καὶ
1110 5145 1372 5212 στοχάζου
1423 5141 1556 5211 πρὸς
1588 5140 1657 5192 τὰ
1687 5141 1907 5209 διαστή-¹

324 5248 474 5302 ματα
520 5233 633 5302 (‘28)
673 5234 742 5287 τὰ
775 5235 834 5285 ἐν
879 5234 958 5305 τῷ
1007 5234 1176 5304 μέσῳ,
1235 5234 1374 5286 ὥστε
1433 5231 1755 5302 συμμέτρως
1803 5247 1903 5282 πε-

324 5327 595 5393 ριπατεῖν,
648 5327 735 5379 ῐνα
768 5327 841 5397 μὴ
879 5326 1230 5395 συντρίϐηται
1279 5328 1308 5379 ὁ
1359 5324 1587 5394 στρατός
1620 5339 1634 5352 ·
1680 5324 1772 5376 καὶ
1800 5323 1888 5392 πρέ

2015 5340 2123 5379 non
2157 5324 2250 5385 sit,
2286 5325 2381 5379 sed
2411 5327 2547 5379 duas
2580 5334 2704 5378 aute
2730 5326 2907 5379 lucem
2942 5325 3106 5379 horas
3142 5340 3251 5378 uno
3282 5332 3375 5376 aut
3411 5324 3593 5376 altero

324 5414 415 5469 δύο
467 5415 625 5487 ὡρῶν
681 5419 778 5489 τῆς
838 5421 1050 5490 ἡμέρας
1087 5419 1312 5487 φθάσεις
1368 5415 1615 5486 πλησίον,
1670 5414 1744 5479 ὡς
1796 5414 1888 5467 ἀπί

2011 5416 2167 5484 signo
2201 5414 2268 5470 ah
2300 5415 2539 5472 hostium
2562 5415 2761 5471 castris
2809 5415 2979 5485 absis,
3016 5425 3177 5486 atque
3208 5415 3280 5470 ibi
3303 5414 3443 5468 clam
3470 5411 3591 5466 col-

2097 4959 2189 5014 23.
2225 4957 2549 5029 Expeditum
2587 4966 2950 5029 paratumque
2997 4954 3299 5010 exercitum
3362 4968 3590 5024 semper

2008 5057 2245 5113 moveto,
2285 5049 2377 5117 qui
2414 5049 2548 5102 nihil
2596 5059 3071 5115 supervacaneum
3126 5058 3313 5099 secum
3376 5051 3591 5112 gesteh

2011 5139 2100 5194 Sic
2138 5151 2317 5205 autem
2370 5155 2469 5209 pro
2523 5139 2630 5192 loci
2686 5138 2979 5192 intervallo
3010 5137 3115 5190 iter
3157 5146 3307 5190 tuum
3344 5137 3593 5205 aptabis,

2012 5241 2071 5285 ut
2122 5232 2400 5285 moderate
2452 5230 2785 5285 ambulando
2825 5231 3100 5287 exercitus
3141 5230 3210 5284 de
3266 5231 3349 5282 via
3403 5228 3594 5282 lassus.

1843 5571 2071 5629 NOTAE.

382 5693 507 5765 ,(28)
541 5696 939 5766 Διαστήματα.
976 5694 1346 5761 Sct‘ibeltatur,
1392 5690 1806 5762 σιδιαστήματα.
