  <div class='ocr_page' id='page_1' title='image "/cluster/home/n/w/nwhite01/storage/ocr_20150623/107/hvd.32044073502338/504.png"; bbox 0 0 4052 6216; ppageno 0'>
   <div class='ocr_carea' id='block_1_1' title="bbox 324 342 449 407">
    <p class='ocr_par' dir='ltr' id='par_1_1' title="bbox 324 342 449 407">
     <span class='ocr_line' id='line_1_1' title="bbox 324 342 449 407; baseline -0.024 0"><span class='ocrx_word' id='word_1_1' title='bbox 324 342 449 407; x_wconf 73' lang='grc'><strong>921’</strong></span> 
     </span>
    </p>
   </div>
   <div class='ocr_carea' id='block_1_2' title="bbox 1354 343 2557 409">
    <p class='ocr_par' dir='ltr' id='par_1_2' title="bbox 1354 343 2557 409">
     <span class='ocr_line' id='line_1_2' title="bbox 1354 343 2557 409; baseline 0.006 -9"><span class='ocrx_word' id='word_1_2' title='bbox 1354 343 1686 403; x_wconf 74' lang='lat' dir='ltr'><strong>TACTICA.</strong></span> <span class='ocrx_word' id='word_1_3' title='bbox 1723 369 1789 381; x_wconf 85' lang='lat'><strong>-</strong></span> <span class='ocrx_word' id='word_1_4' title='bbox 1826 344 2339 406; x_wconf 82' lang='lat' dir='ltr'><strong>CONSTITUTIO</strong></span> <span class='ocrx_word' id='word_1_5' title='bbox 2370 348 2557 409; x_wconf 82' lang='lat' dir='ltr'><strong>XVII.</strong></span> 
     </span>
    </p>
   </div>
   <div class='ocr_carea' id='block_1_3' title="bbox 3511 355 3618 418">
    <p class='ocr_par' dir='ltr' id='par_1_3' title="bbox 3511 355 3618 418">
     <span class='ocr_line' id='line_1_3' title="bbox 3511 355 3618 418; baseline -0.019 0"><span class='ocrx_word' id='word_1_6' title='bbox 3511 355 3618 418; x_wconf 74' lang='lat'><strong>02?.</strong></span> 
     </span>
    </p>
   </div>
   <div class='ocr_carea' id='block_1_4' title="bbox 322 436 1909 539">
    <p class='ocr_par' dir='ltr' id='par_1_4' title="bbox 322 436 1909 526">
     <span class='ocr_line' id='line_1_4' title="bbox 322 436 1909 526; baseline 0 -17"><span class='ocrx_word' id='word_1_7' title='bbox 322 455 408 509; x_wconf 84' lang='grc' dir='ltr'>ὅτι</span> <span class='ocrx_word' id='word_1_8' title='bbox 440 436 488 525; x_wconf 39' lang='grc' dir='ltr'><strong>ἢ.</strong></span> <span class='ocrx_word' id='word_1_9' title='bbox 503 453 730 523; x_wconf 78' lang='grc' dir='ltr'>βλάψεις</span> <span class='ocrx_word' id='word_1_10' title='bbox 762 450 873 524; x_wconf 76' lang='grc'><strong>(51)</strong></span> <span class='ocrx_word' id='word_1_11' title='bbox 903 452 1029 516; x_wconf 77' lang='grc' dir='ltr'>τοὺς</span> <span class='ocrx_word' id='word_1_12' title='bbox 1061 450 1359 519; x_wconf 87' lang='grc' dir='ltr'>ἐναντίους,</span> <span class='ocrx_word' id='word_1_13' title='bbox 1387 456 1418 526; x_wconf 84' lang='grc' dir='ltr'>ἦ</span> <span class='ocrx_word' id='word_1_14' title='bbox 1443 455 1688 526; x_wconf 78' lang='grc' dir='ltr'>ἀϐλαϐὴς</span> <span class='ocrx_word' id='word_1_15' title='bbox 1714 457 1909 526; x_wconf 73' lang='grc' dir='ltr'>ἀναχω</span> 
     </span>
    </p>
   </div>
   <div class='ocr_carea' id='block_1_5' title="bbox 2023 436 3610 539">
    <p class='ocr_par' dir='ltr' id='par_1_5' title="bbox 2028 458 3610 539">
     <span class='ocr_line' id='line_1_5' title="bbox 2028 458 3610 539; baseline 0.006 -26"><span class='ocrx_word' id='word_1_16' title='bbox 2028 458 2185 515; x_wconf 89' lang='lat' dir='ltr'><strong>sione</strong></span> <span class='ocrx_word' id='word_1_17' title='bbox 2214 460 2613 528; x_wconf 88' lang='lat' dir='ltr'><strong>discessurum,</strong></span> <span class='ocrx_word' id='word_1_18' title='bbox 2643 474 2767 516; x_wconf 90' lang='lat' dir='ltr'><strong>cum</strong></span> <span class='ocrx_word' id='word_1_19' title='bbox 2796 462 3006 533; x_wconf 91' lang='lat' dir='ltr'><strong>pedites</strong></span> <span class='ocrx_word' id='word_1_20' title='bbox 3034 463 3250 537; x_wconf 85' lang='lat' dir='ltr'><strong>insequi</strong></span> <span class='ocrx_word' id='word_1_21' title='bbox 3280 466 3417 522; x_wconf 89' lang='lat' dir='ltr'><strong>alios</strong></span> <span class='ocrx_word' id='word_1_22' title='bbox 3447 472 3610 539; x_wconf 87' lang='lat' dir='ltr'><strong>equi-</strong></span> 
     </span>
    </p>
   </div>
   <div class='ocr_carea' id='block_1_6' title="bbox 327 543 1910 621">
    <p class='ocr_par' dir='ltr' id='par_1_6' title="bbox 327 543 1910 621">
     <span class='ocr_line' id='line_1_6' title="bbox 327 543 1910 621; baseline 0.004 -24"><span class='ocrx_word' id='word_1_23' title='bbox 327 546 539 615; x_wconf 84' lang='grc' dir='ltr'>ρήσεις,</span> <span class='ocrx_word' id='word_1_24' title='bbox 594 544 703 597; x_wconf 92' lang='grc' dir='ltr'><strong>τῶν</strong></span> <span class='ocrx_word' id='word_1_25' title='bbox 738 543 921 608; x_wconf 81' lang='grc' dir='ltr'>πεζῶν</span> <span class='ocrx_word' id='word_1_26' title='bbox 960 544 1176 600; x_wconf 79' lang='grc' dir='ltr'><strong>διώκειν</strong></span> <span class='ocrx_word' id='word_1_27' title='bbox 1222 548 1350 609; x_wconf 79' lang='grc' dir='ltr'>τοὺς</span> <span class='ocrx_word' id='word_1_28' title='bbox 1398 548 1795 621; x_wconf 84' lang='grc' dir='ltr'>καϐαλλαρίους</span> <span class='ocrx_word' id='word_1_29' title='bbox 1848 550 1910 603; x_wconf 86' lang='grc' dir='ltr'><strong>ού</strong></span> 
     </span>
    </p>
   </div>
   <div class='ocr_carea' id='block_1_7' title="bbox 322 634 662 705">
    <p class='ocr_par' dir='ltr' id='par_1_7' title="bbox 322 634 662 705">
     <span class='ocr_line' id='line_1_7' title="bbox 322 634 662 705; baseline 0.003 -18"><span class='ocrx_word' id='word_1_30' title='bbox 322 634 662 705; x_wconf 81' lang='grc' dir='ltr'><strong>δυναμένων.</strong></span> 
     </span>
    </p>
   </div>
   <div class='ocr_carea' id='block_1_8' title="bbox 393 725 1912 802">
    <p class='ocr_par' dir='ltr' id='par_1_8' title="bbox 393 725 1912 802">
     <span class='ocr_line' id='line_1_8' title="bbox 393 725 1912 802; baseline 0.005 -24"><span class='ocrx_word' id='word_1_31' title='bbox 393 725 495 794; x_wconf 64' lang='grc' dir='ltr'><strong>Λβν.</strong></span> <span class='ocrx_word' id='word_1_32' title='bbox 530 725 593 779; x_wconf 72' lang='lat' dir='ltr'><strong>Ei</strong></span> <span class='ocrx_word' id='word_1_33' title='bbox 614 726 671 779; x_wconf 85' lang='grc' dir='ltr'><strong>δέ</strong></span> <span class='ocrx_word' id='word_1_34' title='bbox 702 725 1065 798; x_wconf 86' lang='grc' dir='ltr'>καϐαλλάριοί</span> <span class='ocrx_word' id='word_1_35' title='bbox 1084 729 1223 783; x_wconf 89' lang='grc' dir='ltr'>είσιν</span> <span class='ocrx_word' id='word_1_36' title='bbox 1246 730 1341 783; x_wconf 76' lang='grc' dir='ltr'><strong>καὶ</strong></span> <span class='ocrx_word' id='word_1_37' title='bbox 1359 730 1407 783; x_wconf 74' lang='lat' dir='ltr'><strong>oi</strong></span> <span class='ocrx_word' id='word_1_38' title='bbox 1436 730 1693 795; x_wconf 91' lang='grc' dir='ltr'>ἐναντίοι,</span> <span class='ocrx_word' id='word_1_39' title='bbox 1717 732 1823 802; x_wconf 81' lang='grc' dir='ltr'>χρή</span> <span class='ocrx_word' id='word_1_40' title='bbox 1851 750 1912 785; x_wconf 88' lang='grc' dir='ltr'><strong>σε</strong></span> 
     </span>
    </p>
   </div>
   <div class='ocr_carea' id='block_1_9' title="bbox 321 816 1913 894">
    <p class='ocr_par' dir='ltr' id='par_1_9' title="bbox 321 816 1913 894">
     <span class='ocr_line' id='line_1_9' title="bbox 321 816 1913 894; baseline 0.004 -25"><span class='ocrx_word' id='word_1_41' title='bbox 321 816 462 886; x_wconf 81' lang='grc' dir='ltr'>πρὸς</span> <span class='ocrx_word' id='word_1_42' title='bbox 485 818 556 871; x_wconf 86' lang='grc' dir='ltr'>τὰ</span> <span class='ocrx_word' id='word_1_43' title='bbox 588 818 970 888; x_wconf 84' lang='grc' dir='ltr'>συμϐαίνοντα</span> <span class='ocrx_word' id='word_1_44' title='bbox 998 820 1258 885; x_wconf 78' lang='grc' dir='ltr'><strong>πολλάκις</strong></span> <span class='ocrx_word' id='word_1_45' title='bbox 1283 823 1501 877; x_wconf 76' lang='grc' dir='ltr'>ἐναντία</span> <span class='ocrx_word' id='word_1_46' title='bbox 1523 821 1742 894; x_wconf 71' lang='grc' dir='ltr'>ἕτοιμον</span> <span class='ocrx_word' id='word_1_47' title='bbox 1772 820 1913 877; x_wconf 76' lang='grc' dir='ltr'>εἶναι</span> 
     </span>
    </p>
   </div>
   <div class='ocr_carea' id='block_1_10' title="bbox 322 909 991 981">
    <p class='ocr_par' dir='ltr' id='par_1_10' title="bbox 322 909 991 981">
     <span class='ocr_line' id='line_1_10' title="bbox 322 909 991 981; baseline 0.004 -19"><span class='ocrx_word' id='word_1_48' title='bbox 322 909 419 962; x_wconf 61' lang='grc' dir='ltr'><strong>καί⁵</strong></span> <span class='ocrx_word' id='word_1_49' title='bbox 440 911 991 981; x_wconf 81' lang='grc' dir='ltr'>παρεσκευασμένον.</span> 
     </span>
    </p>
   </div>
   <div class='ocr_carea' id='block_1_11' title="bbox 396 999 1910 1076">
    <p class='ocr_par' dir='ltr' id='par_1_11' title="bbox 396 999 1910 1076">
     <span class='ocr_line' id='line_1_11' title="bbox 396 999 1910 1076; baseline 0.005 -24"><span class='ocrx_word' id='word_1_50' title='bbox 396 999 499 1069; x_wconf 84' lang='grc' dir='ltr'>λγ’.</span> <span class='ocrx_word' id='word_1_51' title='bbox 534 1001 595 1054; x_wconf 78' lang='lat' dir='ltr'><strong>El</strong></span> <span class='ocrx_word' id='word_1_52' title='bbox 624 1001 681 1055; x_wconf 89' lang='grc' dir='ltr'><strong>δέ</strong></span> <span class='ocrx_word' id='word_1_53' title='bbox 704 1003 761 1054; x_wconf 90' lang='grc' dir='ltr'><strong>ἐν</strong></span> <span class='ocrx_word' id='word_1_54' title='bbox 790 1004 947 1055; x_wconf 73' lang='grc' dir='ltr'>νυκτὶ</span> <span class='ocrx_word' id='word_1_55' title='bbox 979 1002 1169 1072; x_wconf 79' lang='grc' dir='ltr'>ἔφοδος</span> <span class='ocrx_word' id='word_1_56' title='bbox 1194 1004 1419 1076; x_wconf 89' lang='grc' dir='ltr'>γένηται</span> <span class='ocrx_word' id='word_1_57' title='bbox 1446 1005 1590 1060; x_wconf 70' lang='grc' dir='ltr'>κατὰ</span> <span class='ocrx_word' id='word_1_58' title='bbox 1614 1007 1910 1075; x_wconf 85' lang='grc' dir='ltr'>φοσσάτου,</span> 
     </span>
    </p>
   </div>
   <div class='ocr_carea' id='block_1_12' title="bbox 290 1074 1910 1165">
    <p class='ocr_par' dir='ltr' id='par_1_12' title="bbox 290 1074 1910 1165">
     <span class='ocr_line' id='line_1_12' title="bbox 290 1074 1910 1165; baseline 0.005 -22"><span class='ocrx_word' id='word_1_59' title='bbox 290 1074 441 1143; x_wconf 68' lang='grc' dir='ltr'>ἐἴτε</span> <span class='ocrx_word' id='word_1_60' title='bbox 473 1091 532 1142; x_wconf 81' lang='grc' dir='ltr'><strong>ἐν</strong></span> <span class='ocrx_word' id='word_1_61' title='bbox 560 1092 768 1162; x_wconf 78' lang='grc' dir='ltr'>ἡμέρᾳ,</span> <span class='ocrx_word' id='word_1_62' title='bbox 799 1090 832 1161; x_wconf 77' lang='grc' dir='ltr'>ἢ</span> <span class='ocrx_word' id='word_1_63' title='bbox 861 1090 1004 1145; x_wconf 80' lang='grc' dir='ltr'>κατὰ</span> <span class='ocrx_word' id='word_1_64' title='bbox 1053 1074 1369 1156; x_wconf 68' lang='grc' dir='ltr'>ὁδευόντων,</span> <span class='ocrx_word' id='word_1_65' title='bbox 1420 1094 1455 1165; x_wconf 76' lang='grc' dir='ltr'><strong>ἢ</strong></span> <span class='ocrx_word' id='word_1_66' title='bbox 1490 1074 1633 1149; x_wconf 76' lang='grc' dir='ltr'>κατά</span> <span class='ocrx_word' id='word_1_67' title='bbox 1670 1096 1910 1165; x_wconf 81' lang='grc' dir='ltr'>τούλδου,</span> 
     </span>
    </p>
   </div>
   <div class='ocr_carea' id='block_1_13' title="bbox 324 1182 1913 1261">
    <p class='ocr_par' dir='ltr' id='par_1_13' title="bbox 324 1182 1913 1261">
     <span class='ocr_line' id='line_1_13' title="bbox 324 1182 1913 1261; baseline 0.006 -27"><span class='ocrx_word' id='word_1_68' title='bbox 324 1182 407 1234; x_wconf 80' lang='grc' dir='ltr'>δεῖ</span> <span class='ocrx_word' id='word_1_69' title='bbox 436 1182 798 1252; x_wconf 80' lang='grc' dir='ltr'>άφωρισμένα</span> <span class='ocrx_word' id='word_1_70' title='bbox 827 1183 1086 1253; x_wconf 84' lang='grc' dir='ltr'>τάγματα</span> <span class='ocrx_word' id='word_1_71' title='bbox 1119 1185 1264 1255; x_wconf 78' lang='grc' dir='ltr'>ἔχειν</span> <span class='ocrx_word' id='word_1_72' title='bbox 1316 1202 1375 1239; x_wconf 91' lang='grc' dir='ltr'><strong>σε</strong></span> <span class='ocrx_word' id='word_1_73' title='bbox 1427 1187 1563 1259; x_wconf 84' lang='grc' dir='ltr'>πρὸς</span> <span class='ocrx_word' id='word_1_74' title='bbox 1603 1187 1913 1261; x_wconf 81' lang='grc' dir='ltr'>διαρπαγὴν</span> 
     </span>
    </p>
   </div>
   <div class='ocr_carea' id='block_1_14' title="bbox 324 1272 1913 1353">
    <p class='ocr_par' dir='ltr' id='par_1_14' title="bbox 324 1272 1913 1353">
     <span class='ocr_line' id='line_1_14' title="bbox 324 1272 1913 1353; baseline 0.007 -28"><span class='ocrx_word' id='word_1_75' title='bbox 324 1272 434 1328; x_wconf 82' lang='grc' dir='ltr'><strong>τῶν</strong></span> <span class='ocrx_word' id='word_1_76' title='bbox 460 1272 805 1344; x_wconf 83' lang='grc' dir='ltr'>πραγμάτων</span> <span class='ocrx_word' id='word_1_77' title='bbox 831 1288 844 1303; x_wconf 88' lang='grc'><strong>·</strong></span> <span class='ocrx_word' id='word_1_78' title='bbox 882 1274 969 1326; x_wconf 84' lang='grc' dir='ltr'>ἵνα</span> <span class='ocrx_word' id='word_1_79' title='bbox 1004 1276 1079 1346; x_wconf 79' lang='grc' dir='ltr'><strong>μὴ</strong></span> <span class='ocrx_word' id='word_1_80' title='bbox 1110 1277 1193 1339; x_wconf 85' lang='grc' dir='ltr'><strong>είς</strong></span> <span class='ocrx_word' id='word_1_81' title='bbox 1220 1275 1378 1331; x_wconf 81' lang='grc' dir='ltr'>τοῦτο</span> <span class='ocrx_word' id='word_1_82' title='bbox 1411 1280 1628 1334; x_wconf 87' lang='grc' dir='ltr'>πάντων</span> <span class='ocrx_word' id='word_1_83' title='bbox 1658 1282 1913 1353; x_wconf 84' lang='grc' dir='ltr'>ἀσχολου-</span> 
     </span>
    </p>
   </div>
   <div class='ocr_carea' id='block_1_15' title="bbox 330 1364 1913 1445">
    <p class='ocr_par' dir='ltr' id='par_1_15' title="bbox 330 1364 1913 1445">
     <span class='ocr_line' id='line_1_15' title="bbox 330 1364 1913 1445; baseline 0.011 -29"><span class='ocrx_word' id='word_1_84' title='bbox 330 1364 529 1434; x_wconf 87' lang='grc' dir='ltr'>μένων,</span> <span class='ocrx_word' id='word_1_85' title='bbox 576 1367 863 1433; x_wconf 84' lang='grc' dir='ltr'>ἐπέλευσις</span> <span class='ocrx_word' id='word_1_86' title='bbox 896 1369 1004 1423; x_wconf 84' lang='grc' dir='ltr'><strong>ύπδ</strong></span> <span class='ocrx_word' id='word_1_87' title='bbox 1054 1369 1265 1442; x_wconf 82' lang='grc' dir='ltr'>ἐχθρῶν</span> <span class='ocrx_word' id='word_1_88' title='bbox 1299 1373 1548 1445; x_wconf 80' lang='grc' dir='ltr'>γένηται,</span> <span class='ocrx_word' id='word_1_89' title='bbox 1595 1377 1690 1430; x_wconf 87' lang='grc' dir='ltr'>καὶ</span> <span class='ocrx_word' id='word_1_90' title='bbox 1732 1378 1913 1432; x_wconf 84' lang='grc' dir='ltr'>κινδυ-</span> 
     </span>
    </p>
   </div>
   <div class='ocr_carea' id='block_1_16' title="bbox 326 1457 848 1533">
    <p class='ocr_par' dir='ltr' id='par_1_16' title="bbox 326 1457 848 1533">
     <span class='ocr_line' id='line_1_16' title="bbox 326 1457 848 1533; baseline 0.011 -23"><span class='ocrx_word' id='word_1_91' title='bbox 326 1457 495 1532; x_wconf 84' lang='grc' dir='ltr'><strong>νεύσῃ</strong></span> <span class='ocrx_word' id='word_1_92' title='bbox 521 1460 549 1513; x_wconf 85' lang='grc' dir='ltr'>ὁ</span> <span class='ocrx_word' id='word_1_93' title='bbox 595 1462 848 1533; x_wconf 86' lang='grc' dir='ltr'>στρατός.</span> 
     </span>
    </p>
   </div>
   <div class='ocr_carea' id='block_1_17' title="bbox 394 1550 1912 1634">
    <p class='ocr_par' dir='ltr' id='par_1_17' title="bbox 394 1550 1912 1634">
     <span class='ocr_line' id='line_1_17' title="bbox 394 1550 1912 1634; baseline 0.009 -31"><span class='ocrx_word' id='word_1_94' title='bbox 394 1550 491 1605; x_wconf 83' lang='grc' dir='ltr'>λδ’.</span> <span class='ocrx_word' id='word_1_95' title='bbox 532 1553 645 1617; x_wconf 81' lang='grc' dir='ltr'><strong>Τὰς</strong></span> <span class='ocrx_word' id='word_1_96' title='bbox 690 1554 747 1608; x_wconf 86' lang='grc' dir='ltr'><strong>δέ</strong></span> <span class='ocrx_word' id='word_1_97' title='bbox 800 1553 1057 1620; x_wconf 75' lang='grc' dir='ltr'>τοιαύτας</span> <span class='ocrx_word' id='word_1_98' title='bbox 1106 1556 1332 1626; x_wconf 69' lang='grc' dir='ltr'>ἐφόδους</span> <span class='ocrx_word' id='word_1_99' title='bbox 1370 1558 1470 1624; x_wconf 80' lang='grc' dir='ltr'><strong>τὰς</strong></span> <span class='ocrx_word' id='word_1_100' title='bbox 1521 1560 1774 1631; x_wconf 78' lang='grc' dir='ltr'>μείζονας</span> <span class='ocrx_word' id='word_1_101' title='bbox 1814 1563 1912 1634; x_wconf 84' lang='grc' dir='ltr'>μὲν</span> 
     </span>
    </p>
   </div>
   <div class='ocr_carea' id='block_1_18' title="bbox 314 1642 1912 1721">
    <p class='ocr_par' dir='ltr' id='par_1_18' title="bbox 314 1642 1912 1721">
     <span class='ocr_line' id='line_1_18' title="bbox 314 1642 1912 1721; baseline 0.009 -27"><span class='ocrx_word' id='word_1_102' title='bbox 314 1642 420 1695; x_wconf 68' lang='grc' dir='ltr'>καὶ</span> <span class='ocrx_word' id='word_1_103' title='bbox 475 1643 689 1708; x_wconf 84' lang='grc' dir='ltr'>τελείας</span> <span class='ocrx_word' id='word_1_104' title='bbox 736 1644 805 1698; x_wconf 80' lang='grc' dir='ltr'>δι’</span> <span class='ocrx_word' id='word_1_105' title='bbox 843 1646 1039 1701; x_wconf 81' lang='grc' dir='ltr'>ἐαυτοῦ</span> <span class='ocrx_word' id='word_1_106' title='bbox 1101 1650 1335 1721; x_wconf 80' lang='grc' dir='ltr'>ποιήσῃς</span> <span class='ocrx_word' id='word_1_107' title='bbox 1366 1664 1378 1679; x_wconf 90' lang='grc'><strong>·</strong></span> <span class='ocrx_word' id='word_1_108' title='bbox 1435 1652 1661 1707; x_wconf 79' lang='grc' dir='ltr'>δυνατὸν</span> <span class='ocrx_word' id='word_1_109' title='bbox 1717 1654 1776 1707; x_wconf 86' lang='grc' dir='ltr'><strong>δέ</strong></span> <span class='ocrx_word' id='word_1_110' title='bbox 1831 1672 1912 1708; x_wconf 89' lang='grc' dir='ltr'><strong>σοι</strong></span> 
     </span>
    </p>
   </div>
   <div class='ocr_carea' id='block_1_19' title="bbox 328 1734 1913 1812">
    <p class='ocr_par' dir='ltr' id='par_1_19' title="bbox 328 1734 1913 1812">
     <span class='ocr_line' id='line_1_19' title="bbox 328 1734 1913 1812; baseline 0.006 -23"><span class='ocrx_word' id='word_1_111' title='bbox 328 1734 530 1806; x_wconf 76' lang='grc' dir='ltr'>μᾶλλον</span> <span class='ocrx_word' id='word_1_112' title='bbox 594 1737 692 1791; x_wconf 75' lang='grc' dir='ltr'>καὶ</span> <span class='ocrx_word' id='word_1_113' title='bbox 746 1737 836 1792; x_wconf 81' lang='grc' dir='ltr'>διὰ</span> <span class='ocrx_word' id='word_1_114' title='bbox 897 1740 1262 1812; x_wconf 83' lang='grc' dir='ltr'>τουρμάρχων</span> <span class='ocrx_word' id='word_1_115' title='bbox 1322 1742 1431 1796; x_wconf 87' lang='grc' dir='ltr'><strong>τῶν</strong></span> <span class='ocrx_word' id='word_1_116' title='bbox 1488 1743 1582 1797; x_wconf 77' lang='grc' dir='ltr'>ἐπὶ</span> <span class='ocrx_word' id='word_1_117' title='bbox 1646 1744 1913 1809; x_wconf 78' lang='grc' dir='ltr'>τοιούτοις</span> 
     </span>
    </p>
   </div>
   <div class='ocr_carea' id='block_1_20' title="bbox 2024 554 2517 625">
    <p class='ocr_par' dir='ltr' id='par_1_20' title="bbox 2024 554 2517 625">
     <span class='ocr_line' id='line_1_20' title="bbox 2024 554 2517 625; baseline 0.006 -17"><span class='ocrx_word' id='word_1_118' title='bbox 2024 562 2109 608; x_wconf 88' lang='lat' dir='ltr'><strong>tes</strong></span> <span class='ocrx_word' id='word_1_119' title='bbox 2140 568 2252 608; x_wconf 87' lang='lat' dir='ltr'><strong>non</strong></span> <span class='ocrx_word' id='word_1_120' title='bbox 2280 554 2517 625; x_wconf 90' lang='lat' dir='ltr'><strong>possint.</strong></span> 
     </span>
    </p>
   </div>
   <div class='ocr_carea' id='block_1_21' title="bbox 2091 728 3618 805">
    <p class='ocr_par' dir='ltr' id='par_1_21' title="bbox 2091 728 3618 805">
     <span class='ocr_line' id='line_1_21' title="bbox 2091 728 3618 805; baseline 0.008 -22"><span class='ocrx_word' id='word_1_121' title='bbox 2091 728 2179 783; x_wconf 74' lang='lat'><strong>32.</strong></span> <span class='ocrx_word' id='word_1_122' title='bbox 2221 728 2316 784; x_wconf 89' lang='lat' dir='ltr'><strong>Sin</strong></span> <span class='ocrx_word' id='word_1_123' title='bbox 2350 731 2564 798; x_wconf 75' lang='lat' dir='ltr'><strong>equites</strong></span> <span class='ocrx_word' id='word_1_124' title='bbox 2590 731 2776 788; x_wconf 89' lang='lat' dir='ltr'><strong>hostes</strong></span> <span class='ocrx_word' id='word_1_125' title='bbox 2811 731 3036 797; x_wconf 86' lang='lat' dir='ltr'><strong>fuerint,</strong></span> <span class='ocrx_word' id='word_1_126' title='bbox 3074 742 3293 805; x_wconf 85' lang='lat' dir='ltr'><strong>oportet</strong></span> <span class='ocrx_word' id='word_1_127' title='bbox 3318 745 3373 792; x_wconf 91' lang='lat' dir='ltr'><strong>te</strong></span> <span class='ocrx_word' id='word_1_128' title='bbox 3397 740 3462 793; x_wconf 86' lang='lat' dir='ltr'><strong>ad</strong></span> <span class='ocrx_word' id='word_1_129' title='bbox 3499 754 3618 795; x_wconf 83' lang='lat' dir='ltr'><strong>om-</strong></span> 
     </span>
    </p>
   </div>
   <div class='ocr_carea' id='block_1_22' title="bbox 2020 821 3509 895">
    <p class='ocr_par' dir='ltr' id='par_1_22' title="bbox 2020 821 3509 895">
     <span class='ocr_line' id='line_1_22' title="bbox 2020 821 3509 895; baseline 0.01 -24"><span class='ocrx_word' id='word_1_130' title='bbox 2020 831 2121 873; x_wconf 85' lang='lat' dir='ltr'><strong>nes</strong></span> <span class='ocrx_word' id='word_1_131' title='bbox 2147 833 2313 875; x_wconf 90' lang='lat' dir='ltr'><strong>casus</strong></span> <span class='ocrx_word' id='word_1_132' title='bbox 2354 821 2623 878; x_wconf 86' lang='lat' dir='ltr'><strong>adversos</strong></span> <span class='ocrx_word' id='word_1_133' title='bbox 2653 831 2967 894; x_wconf 87' lang='lat' dir='ltr'><strong>promptum</strong></span> <span class='ocrx_word' id='word_1_134' title='bbox 2998 834 3050 880; x_wconf 87' lang='lat' dir='ltr'><strong>et</strong></span> <span class='ocrx_word' id='word_1_135' title='bbox 3088 838 3339 895; x_wconf 82' lang='lat' dir='ltr'><strong>paratum</strong></span> <span class='ocrx_word' id='word_1_136' title='bbox 3364 843 3509 886; x_wconf 88' lang='lat' dir='ltr'><strong>esse.</strong></span> 
     </span>
    </p>
   </div>
   <div class='ocr_carea' id='block_1_23' title="bbox 2093 997 3615 1069">
    <p class='ocr_par' dir='ltr' id='par_1_23' title="bbox 2093 997 3615 1069">
     <span class='ocr_line' id='line_1_23' title="bbox 2093 997 3615 1069; baseline 0.009 -18"><span class='ocrx_word' id='word_1_137' title='bbox 2093 997 2183 1052; x_wconf 75' lang='grc'><strong>55.</strong></span> <span class='ocrx_word' id='word_1_138' title='bbox 2235 997 2291 1053; x_wconf 89' lang='lat' dir='ltr'><strong>Si</strong></span> <span class='ocrx_word' id='word_1_139' title='bbox 2327 999 2564 1055; x_wconf 82' lang='lat' dir='ltr'><strong>interdiu</strong></span> <span class='ocrx_word' id='word_1_140' title='bbox 2599 1008 2692 1055; x_wconf 87' lang='lat' dir='ltr'><strong>aut</strong></span> <span class='ocrx_word' id='word_1_141' title='bbox 2729 1012 2895 1057; x_wconf 88' lang='lat' dir='ltr'><strong>noctu</strong></span> <span class='ocrx_word' id='word_1_142' title='bbox 2945 1002 3188 1059; x_wconf 83' lang='lat' dir='ltr'><strong>incursio</strong></span> <span class='ocrx_word' id='word_1_143' title='bbox 3220 1004 3273 1058; x_wconf 91' lang='lat' dir='ltr'><strong>in</strong></span> <span class='ocrx_word' id='word_1_144' title='bbox 3320 1014 3535 1069; x_wconf 85' lang='lat' dir='ltr'><strong>castra,</strong></span> <span class='ocrx_word' id='word_1_145' title='bbox 3562 1009 3615 1064; x_wconf 91' lang='lat' dir='ltr'><strong>in</strong></span> 
     </span>
    </p>
   </div>
   <div class='ocr_carea' id='block_1_24' title="bbox 2021 1088 3616 1168">
    <p class='ocr_par' dir='ltr' id='par_1_24' title="bbox 2021 1088 3616 1168">
     <span class='ocr_line' id='line_1_24' title="bbox 2021 1088 3616 1168; baseline 0.006 -25"><span class='ocrx_word' id='word_1_146' title='bbox 2021 1088 2436 1159; x_wconf 88' lang='lat' dir='ltr'><strong>impedimenta,</strong></span> <span class='ocrx_word' id='word_1_147' title='bbox 2472 1091 2525 1145; x_wconf 92' lang='lat' dir='ltr'><strong>in</strong></span> <span class='ocrx_word' id='word_1_148' title='bbox 2566 1092 2770 1147; x_wconf 86' lang='lat' dir='ltr'><strong>milites</strong></span> <span class='ocrx_word' id='word_1_149' title='bbox 2801 1095 2906 1148; x_wconf 89' lang='lat' dir='ltr'><strong>iter</strong></span> <span class='ocrx_word' id='word_1_150' title='bbox 2933 1093 3201 1149; x_wconf 89' lang='lat' dir='ltr'><strong>facientes</strong></span> <span class='ocrx_word' id='word_1_151' title='bbox 3232 1094 3414 1163; x_wconf 83' lang='lat' dir='ltr'><strong>fuerit,</strong></span> <span class='ocrx_word' id='word_1_152' title='bbox 3460 1113 3616 1168; x_wconf 81' lang='lat' dir='ltr'><strong>sepa-</strong></span> 
     </span>
    </p>
   </div>
   <div class='ocr_carea' id='block_1_25' title="bbox 2021 1184 3617 1258">
    <p class='ocr_par' dir='ltr' id='par_1_25' title="bbox 2021 1184 3617 1258">
     <span class='ocr_line' id='line_1_25' title="bbox 2021 1184 3617 1258; baseline 0.006 -24"><span class='ocrx_word' id='word_1_153' title='bbox 2021 1189 2172 1236; x_wconf 90' lang='lat' dir='ltr'><strong>ratas</strong></span> <span class='ocrx_word' id='word_1_154' title='bbox 2194 1184 2463 1253; x_wconf 86' lang='lat' dir='ltr'><strong>quasdam</strong></span> <span class='ocrx_word' id='word_1_155' title='bbox 2505 1184 2763 1239; x_wconf 80' lang='lat' dir='ltr'><strong>cohortes</strong></span> <span class='ocrx_word' id='word_1_156' title='bbox 2801 1186 2866 1238; x_wconf 91' lang='lat' dir='ltr'><strong>ad</strong></span> <span class='ocrx_word' id='word_1_157' title='bbox 2902 1200 3085 1240; x_wconf 90' lang='lat' dir='ltr'><strong>rerum</strong></span> <span class='ocrx_word' id='word_1_158' title='bbox 3122 1188 3488 1258; x_wconf 82' lang='lat' dir='ltr'><strong>direptionem</strong></span> <span class='ocrx_word' id='word_1_159' title='bbox 3523 1192 3617 1247; x_wconf 76' lang='lat' dir='ltr'><strong>ha-</strong></span> 
     </span>
    </p>
   </div>
   <div class='ocr_carea' id='block_1_26' title="bbox 2021 1274 3612 1355">
    <p class='ocr_par' dir='ltr' id='par_1_26' title="bbox 2021 1274 3612 1355">
     <span class='ocr_line' id='line_1_26' title="bbox 2021 1274 3612 1355; baseline 0.007 -27"><span class='ocrx_word' id='word_1_160' title='bbox 2021 1274 2151 1328; x_wconf 87' lang='lat' dir='ltr'><strong>bere</strong></span> <span class='ocrx_word' id='word_1_161' title='bbox 2176 1276 2472 1345; x_wconf 83' lang='lat' dir='ltr'><strong>oportebit,</strong></span> <span class='ocrx_word' id='word_1_162' title='bbox 2510 1286 2568 1329; x_wconf 90' lang='lat' dir='ltr'><strong>nt</strong></span> <span class='ocrx_word' id='word_1_163' title='bbox 2592 1291 2658 1331; x_wconf 89' lang='lat' dir='ltr'><strong>ne</strong></span> <span class='ocrx_word' id='word_1_164' title='bbox 2693 1278 2951 1334; x_wconf 90' lang='lat' dir='ltr'><strong>omnibus</strong></span> <span class='ocrx_word' id='word_1_165' title='bbox 2992 1280 3175 1335; x_wconf 91' lang='lat' dir='ltr'><strong>hacin</strong></span> <span class='ocrx_word' id='word_1_166' title='bbox 3221 1297 3279 1338; x_wconf 90' lang='lat' dir='ltr'><strong>re</strong></span> <span class='ocrx_word' id='word_1_167' title='bbox 3304 1286 3612 1355; x_wconf 85' lang='lat' dir='ltr'><strong>occupatis,</strong></span> 
     </span>
    </p>
   </div>
   <div class='ocr_carea' id='block_1_27' title="bbox 2021 1365 3253 1438">
    <p class='ocr_par' dir='ltr' id='par_1_27' title="bbox 2021 1365 3253 1438">
     <span class='ocr_line' id='line_1_27' title="bbox 2021 1365 3253 1438; baseline 0.008 -20"><span class='ocrx_word' id='word_1_168' title='bbox 2021 1365 2269 1422; x_wconf 85' lang='lat' dir='ltr'><strong>incursio</strong></span> <span class='ocrx_word' id='word_1_169' title='bbox 2302 1368 2370 1421; x_wconf 89' lang='lat' dir='ltr'><strong>ab</strong></span> <span class='ocrx_word' id='word_1_170' title='bbox 2396 1368 2637 1424; x_wconf 88' lang='lat' dir='ltr'><strong>inimicis</strong></span> <span class='ocrx_word' id='word_1_171' title='bbox 2669 1368 2761 1421; x_wconf 85' lang='lat' dir='ltr'><strong>ﬁat</strong></span> <span class='ocrx_word' id='word_1_172' title='bbox 2800 1377 2855 1423; x_wconf 91' lang='lat' dir='ltr'><strong>et</strong></span> <span class='ocrx_word' id='word_1_173' title='bbox 2887 1372 3253 1438; x_wconf 85' lang='lat' dir='ltr'><strong>periclitetur.</strong></span> 
     </span>
    </p>
   </div>
   <div class='ocr_carea' id='block_1_28' title="bbox 2094 1543 3614 1621">
    <p class='ocr_par' dir='ltr' id='par_1_28' title="bbox 2094 1543 3614 1621">
     <span class='ocr_line' id='line_1_28' title="bbox 2094 1543 3614 1621; baseline 0.003 -23"><span class='ocrx_word' id='word_1_174' title='bbox 2094 1543 2183 1598; x_wconf 72' lang='grc'><strong>51.</strong></span> <span class='ocrx_word' id='word_1_175' title='bbox 2220 1543 2577 1599; x_wconf 90' lang='lat' dir='ltr'><strong>lncursiones</strong></span> <span class='ocrx_word' id='word_1_176' title='bbox 2605 1543 2848 1613; x_wconf 85' lang='lat' dir='ltr'><strong>majores</strong></span> <span class='ocrx_word' id='word_1_177' title='bbox 2893 1551 2948 1599; x_wconf 89' lang='lat' dir='ltr'><strong>et</strong></span> <span class='ocrx_word' id='word_1_178' title='bbox 2979 1544 3259 1602; x_wconf 88' lang='lat' dir='ltr'><strong>absolutas</strong></span> <span class='ocrx_word' id='word_1_179' title='bbox 3283 1558 3337 1602; x_wconf 90' lang='lat' dir='ltr'><strong>tu</strong></span> <span class='ocrx_word' id='word_1_180' title='bbox 3372 1548 3490 1620; x_wconf 88' lang='lat' dir='ltr'><strong>ipse</strong></span> <span class='ocrx_word' id='word_1_181' title='bbox 3517 1565 3614 1621; x_wconf 87' lang='lat' dir='ltr'><strong>per</strong></span> 
     </span>
    </p>
   </div>
   <div class='ocr_carea' id='block_1_29' title="bbox 2021 1638 3613 1707">
    <p class='ocr_par' dir='ltr' id='par_1_29' title="bbox 2021 1638 3613 1707">
     <span class='ocr_line' id='line_1_29' title="bbox 2021 1638 3613 1707; baseline 0.003 -14"><span class='ocrx_word' id='word_1_182' title='bbox 2021 1648 2073 1694; x_wconf 91' lang='lat' dir='ltr'><strong>te</strong></span> <span class='ocrx_word' id='word_1_183' title='bbox 2114 1638 2331 1694; x_wconf 81' lang='lat' dir='ltr'><strong>facies:</strong></span> <span class='ocrx_word' id='word_1_184' title='bbox 2375 1638 2585 1707; x_wconf 87' lang='lat' dir='ltr'><strong>poteris</strong></span> <span class='ocrx_word' id='word_1_185' title='bbox 2634 1638 2799 1692; x_wconf 86' lang='lat' dir='ltr'><strong>etiam</strong></span> <span class='ocrx_word' id='word_1_186' title='bbox 2845 1652 2942 1706; x_wconf 91' lang='lat' dir='ltr'><strong>per</strong></span> <span class='ocrx_word' id='word_1_187' title='bbox 2993 1642 3341 1695; x_wconf 84' lang='lat' dir='ltr'><strong>turmarchas</strong></span> <span class='ocrx_word' id='word_1_188' title='bbox 3373 1642 3438 1696; x_wconf 90' lang='lat' dir='ltr'><strong>ad</strong></span> <span class='ocrx_word' id='word_1_189' title='bbox 3471 1643 3613 1698; x_wconf 85' lang='lat' dir='ltr'><strong>hanc</strong></span> 
     </span>
    </p>
   </div>
   <div class='ocr_carea' id='block_1_30' title="bbox 2024 1732 3613 1802">
    <p class='ocr_par' dir='ltr' id='par_1_30' title="bbox 2024 1732 3613 1802">
     <span class='ocr_line' id='line_1_30' title="bbox 2024 1732 3613 1802; baseline 0.002 -15"><span class='ocrx_word' id='word_1_190' title='bbox 2024 1749 2136 1789; x_wconf 89' lang='lat' dir='ltr'><strong>rem</strong></span> <span class='ocrx_word' id='word_1_191' title='bbox 2185 1733 2411 1788; x_wconf 88' lang='lat' dir='ltr'><strong>idoneos</strong></span> <span class='ocrx_word' id='word_1_192' title='bbox 2447 1732 2554 1789; x_wconf 88' lang='lat' dir='ltr'><strong>hoc</strong></span> <span class='ocrx_word' id='word_1_193' title='bbox 2597 1732 2831 1797; x_wconf 77' lang='lat' dir='ltr'><strong>efficere,</strong></span> <span class='ocrx_word' id='word_1_194' title='bbox 2882 1733 2976 1802; x_wconf 91' lang='lat' dir='ltr'><strong>qui</strong></span> <span class='ocrx_word' id='word_1_195' title='bbox 3011 1732 3182 1788; x_wconf 86' lang='lat' dir='ltr'><strong>vicem</strong></span> <span class='ocrx_word' id='word_1_196' title='bbox 3211 1741 3360 1790; x_wconf 82' lang='lat' dir='ltr'><strong>tuam</strong></span> <span class='ocrx_word' id='word_1_197' title='bbox 3394 1735 3613 1790; x_wconf 83' lang='lat' dir='ltr'><strong>fortitu-</strong></span> 
     </span>
    </p>
   </div>
   <div class='ocr_carea' id='block_1_31' title="bbox 322 1822 1909 1898">
    <p class='ocr_par' dir='ltr' id='par_1_31' title="bbox 322 1822 1909 1896">
     <span class='ocr_line' id='line_1_31' title="bbox 322 1822 1909 1896; baseline 0.006 -20"><span class='ocrx_word' id='word_1_198' title='bbox 322 1822 615 1894; x_wconf 82' lang='grc' dir='ltr'>πράγμασι</span> <span class='ocrx_word' id='word_1_199' title='bbox 645 1824 933 1896; x_wconf 89' lang='grc' dir='ltr'>χρησίμων</span> <span class='ocrx_word' id='word_1_200' title='bbox 966 1826 1136 1889; x_wconf 75' lang='grc' dir='ltr'>αὑτὰς</span> <span class='ocrx_word' id='word_1_201' title='bbox 1164 1828 1432 1895; x_wconf 82' lang='grc' dir='ltr'>γίνεσθαι.</span> <span class='ocrx_word' id='word_1_202' title='bbox 1462 1830 1674 1894; x_wconf 81' lang='grc' dir='ltr'>Οἴτινες</span> <span class='ocrx_word' id='word_1_203' title='bbox 1739 1832 1909 1886; x_wconf 78' lang='grc' dir='ltr'>ίκανοί</span> 
     </span>
    </p>
   </div>
   <div class='ocr_carea' id='block_1_32' title="bbox 2023 1822 3188 1898">
    <p class='ocr_par' dir='ltr' id='par_1_32' title="bbox 2023 1826 3188 1898">
     <span class='ocr_line' id='line_1_32' title="bbox 2023 1826 3188 1898; baseline 0.001 -16"><span class='ocrx_word' id='word_1_204' title='bbox 2023 1826 2144 1883; x_wconf 90' lang='lat' dir='ltr'><strong>diue</strong></span> <span class='ocrx_word' id='word_1_205' title='bbox 2178 1826 2517 1898; x_wconf 86' lang='lat' dir='ltr'><strong>solertiaque</strong></span> <span class='ocrx_word' id='word_1_206' title='bbox 2566 1842 2664 1883; x_wconf 88' lang='lat' dir='ltr'><strong>sua</strong></span> <span class='ocrx_word' id='word_1_207' title='bbox 2698 1827 2923 1896; x_wconf 82' lang='lat' dir='ltr'><strong>explere</strong></span> <span class='ocrx_word' id='word_1_208' title='bbox 2950 1827 3188 1897; x_wconf 88' lang='lat' dir='ltr'><strong>possint.</strong></span> 
     </span>
    </p>
   </div>
   <div class='ocr_carea' id='block_1_33' title="bbox 322 1917 1916 1994">
    <p class='ocr_par' dir='ltr' id='par_1_33' title="bbox 322 1917 1916 1994">
     <span class='ocr_line' id='line_1_33' title="bbox 322 1917 1916 1994; baseline 0.006 -23"><span class='ocrx_word' id='word_1_209' title='bbox 322 1917 435 1971; x_wconf 78' lang='grc' dir='ltr'>εἰσι</span> <span class='ocrx_word' id='word_1_210' title='bbox 477 1917 571 1971; x_wconf 85' lang='grc' dir='ltr'>τὸν</span> <span class='ocrx_word' id='word_1_211' title='bbox 603 1917 695 1973; x_wconf 83' lang='grc' dir='ltr'>σὸν</span> <span class='ocrx_word' id='word_1_212' title='bbox 728 1919 893 1971; x_wconf 88' lang='grc' dir='ltr'>τόπον</span> <span class='ocrx_word' id='word_1_213' title='bbox 921 1919 1316 1991; x_wconf 85' lang='grc' dir='ltr'>ἀναπληρῶσαι</span> <span class='ocrx_word' id='word_1_214' title='bbox 1341 1922 1431 1976; x_wconf 82' lang='grc' dir='ltr'>διὰ</span> <span class='ocrx_word' id='word_1_215' title='bbox 1458 1920 1558 1994; x_wconf 74' lang='grc' dir='ltr'>τὴν</span> <span class='ocrx_word' id='word_1_216' title='bbox 1590 1924 1916 1979; x_wconf 87' lang='grc' dir='ltr'>ἀποδεικνυ-</span> 
     </span>
    </p>
   </div>
   <div class='ocr_carea' id='block_1_34' title="bbox 324 2006 1664 2084">
    <p class='ocr_par' dir='ltr' id='par_1_34' title="bbox 324 2006 1664 2084">
     <span class='ocr_line' id='line_1_34' title="bbox 324 2006 1664 2084; baseline 0.007 -24"><span class='ocrx_word' id='word_1_217' title='bbox 324 2006 496 2078; x_wconf 74' lang='grc' dir='ltr'>μένην</span> <span class='ocrx_word' id='word_1_218' title='bbox 521 2010 577 2061; x_wconf 90' lang='grc' dir='ltr'><strong>ἐν</strong></span> <span class='ocrx_word' id='word_1_219' title='bbox 609 2010 792 2072; x_wconf 83' lang='grc' dir='ltr'>αὐτοῖς</span> <span class='ocrx_word' id='word_1_220' title='bbox 825 2010 919 2064; x_wconf 73' lang='grc' dir='ltr'><strong>καὶ</strong></span> <span class='ocrx_word' id='word_1_221' title='bbox 950 2009 1204 2082; x_wconf 84' lang='grc' dir='ltr'>ἀνδρείαν</span> <span class='ocrx_word' id='word_1_222' title='bbox 1235 2013 1329 2065; x_wconf 74' lang='grc' dir='ltr'>καὶ</span> <span class='ocrx_word' id='word_1_223' title='bbox 1358 2014 1664 2084; x_wconf 84' lang='grc' dir='ltr'>ἀγχίνοιαν.</span> 
     </span>
    </p>
   </div>
   <div class='ocr_carea' id='block_1_35' title="bbox 392 2099 1914 2179">
    <p class='ocr_par' dir='ltr' id='par_1_35' title="bbox 392 2099 1914 2179">
     <span class='ocr_line' id='line_1_35' title="bbox 392 2099 1914 2179; baseline 0.007 -25"><span class='ocrx_word' id='word_1_224' title='bbox 392 2099 488 2157; x_wconf 84' lang='grc' dir='ltr'>λε’.</span> <span class='ocrx_word' id='word_1_225' title='bbox 536 2102 662 2157; x_wconf 75' lang='grc' dir='ltr'>Ἐὰν</span> <span class='ocrx_word' id='word_1_226' title='bbox 687 2103 743 2155; x_wconf 83' lang='grc' dir='ltr'>δὲ</span> <span class='ocrx_word' id='word_1_227' title='bbox 773 2104 829 2157; x_wconf 90' lang='grc' dir='ltr'><strong>ἐν</strong></span> <span class='ocrx_word' id='word_1_228' title='bbox 862 2106 927 2175; x_wconf 78' lang='grc' dir='ltr'>τῇ</span> <span class='ocrx_word' id='word_1_229' title='bbox 955 2104 1062 2158; x_wconf 91' lang='grc' dir='ltr'><strong>τῶν</strong></span> <span class='ocrx_word' id='word_1_230' title='bbox 1094 2105 1371 2177; x_wconf 85' lang='grc' dir='ltr'>πολεμίων</span> <span class='ocrx_word' id='word_1_231' title='bbox 1406 2106 1561 2179; x_wconf 77' lang='grc' dir='ltr'>χώρᾳ</span> <span class='ocrx_word' id='word_1_232' title='bbox 1612 2108 1914 2164; x_wconf 79' lang='grc' dir='ltr'>εἰσϐάλλων</span> 
     </span>
    </p>
   </div>
   <div class='ocr_carea' id='block_1_36' title="bbox 322 2193 1916 2272">
    <p class='ocr_par' dir='ltr' id='par_1_36' title="bbox 322 2193 1916 2272">
     <span class='ocr_line' id='line_1_36' title="bbox 322 2193 1916 2272; baseline 0.006 -25"><span class='ocrx_word' id='word_1_233' title='bbox 322 2193 622 2264; x_wconf 78' lang='grc' dir='ltr'>ὁδοιπορεῖν</span> <span class='ocrx_word' id='word_1_234' title='bbox 679 2195 880 2267; x_wconf 81' lang='grc' dir='ltr'>μέλλῃς</span> <span class='ocrx_word' id='word_1_235' title='bbox 912 2198 1092 2250; x_wconf 86' lang='grc' dir='ltr'>ἐκεῖσε</span> <span class='ocrx_word' id='word_1_236' title='bbox 1147 2198 1242 2251; x_wconf 77' lang='grc' dir='ltr'>καὶ</span> <span class='ocrx_word' id='word_1_237' title='bbox 1288 2199 1602 2268; x_wconf 85' lang='grc' dir='ltr'>πραιδεύειν</span> <span class='ocrx_word' id='word_1_238' title='bbox 1643 2201 1754 2271; x_wconf 74' lang='grc'>(52)</span> <span class='ocrx_word' id='word_1_239' title='bbox 1788 2201 1916 2272; x_wconf 80' lang='grc' dir='ltr'>βλά-</span> 
     </span>
    </p>
   </div>
   <div class='ocr_carea' id='block_1_37' title="bbox 322 2284 1911 2367">
    <p class='ocr_par' dir='ltr' id='par_1_37' title="bbox 322 2284 1911 2367">
     <span class='ocr_line' id='line_1_37' title="bbox 322 2284 1911 2367; baseline 0.009 -30"><span class='ocrx_word' id='word_1_240' title='bbox 322 2284 425 2355; x_wconf 82' lang='grc' dir='ltr'><strong>ϐης</strong></span> <span class='ocrx_word' id='word_1_241' title='bbox 463 2286 598 2349; x_wconf 87' lang='grc' dir='ltr'>ίδία;</span> <span class='ocrx_word' id='word_1_242' title='bbox 630 2289 825 2359; x_wconf 75' lang='grc' dir='ltr'>χωρὶς,</span> <span class='ocrx_word' id='word_1_243' title='bbox 856 2288 1073 2360; x_wconf 83' lang='grc' dir='ltr'>πρῶτον</span> <span class='ocrx_word' id='word_1_244' title='bbox 1104 2291 1203 2359; x_wconf 87' lang='grc' dir='ltr'><strong>μέν</strong></span> <span class='ocrx_word' id='word_1_245' title='bbox 1237 2292 1368 2346; x_wconf 76' lang='grc' dir='ltr'>ἴδιον</span> <span class='ocrx_word' id='word_1_246' title='bbox 1401 2293 1497 2346; x_wconf 68' lang='grc' dir='ltr'><strong>καλ⁸</strong></span> <span class='ocrx_word' id='word_1_247' title='bbox 1515 2295 1770 2365; x_wconf 82' lang='grc' dir='ltr'>ἁρμόδιον</span> <span class='ocrx_word' id='word_1_248' title='bbox 1799 2297 1911 2367; x_wconf 79' lang='grc'><strong>(55)</strong></span> 
     </span>
    </p>
   </div>
   <div class='ocr_carea' id='block_1_38' title="bbox 321 2375 1913 2458">
    <p class='ocr_par' dir='ltr' id='par_1_38' title="bbox 321 2375 1913 2458">
     <span class='ocr_line' id='line_1_38' title="bbox 321 2375 1913 2458; baseline 0.006 -28"><span class='ocrx_word' id='word_1_249' title='bbox 321 2378 512 2449; x_wconf 83' lang='grc' dir='ltr'>καιρὸν</span> <span class='ocrx_word' id='word_1_250' title='bbox 542 2378 888 2446; x_wconf 83' lang='grc' dir='ltr'>ἐπιλεύσσου,</span> <span class='ocrx_word' id='word_1_251' title='bbox 916 2375 1071 2445; x_wconf 75' lang='grc' dir='ltr'>οὗτος</span> <span class='ocrx_word' id='word_1_252' title='bbox 1111 2382 1167 2435; x_wconf 90' lang='grc' dir='ltr'><strong>δέ</strong></span> <span class='ocrx_word' id='word_1_253' title='bbox 1214 2383 1362 2436; x_wconf 86' lang='grc' dir='ltr'>ἐστιν</span> <span class='ocrx_word' id='word_1_254' title='bbox 1420 2388 1449 2437; x_wconf 83' lang='grc' dir='ltr'>ὁ</span> <span class='ocrx_word' id='word_1_255' title='bbox 1504 2385 1753 2457; x_wconf 83' lang='grc' dir='ltr'>ἀσφαλὴς</span> <span class='ocrx_word' id='word_1_256' title='bbox 1812 2387 1913 2458; x_wconf 86' lang='grc' dir='ltr'><strong>τῆς</strong></span> 
     </span>
    </p>
   </div>
   <div class='ocr_carea' id='block_1_39' title="bbox 321 2472 1911 2551">
    <p class='ocr_par' dir='ltr' id='par_1_39' title="bbox 321 2472 1911 2551">
     <span class='ocr_line' id='line_1_39' title="bbox 321 2472 1911 2551; baseline 0.007 -28"><span class='ocrx_word' id='word_1_257' title='bbox 321 2472 691 2543; x_wconf 79' lang='grc' dir='ltr'>ἐγχειρήσεως</span> <span class='ocrx_word' id='word_1_258' title='bbox 741 2474 954 2542; x_wconf 84' lang='grc' dir='ltr'>καιρὸς,</span> <span class='ocrx_word' id='word_1_259' title='bbox 1018 2476 1109 2528; x_wconf 83' lang='grc' dir='ltr'>ὅτε</span> <span class='ocrx_word' id='word_1_260' title='bbox 1157 2474 1189 2545; x_wconf 80' lang='grc' dir='ltr'>ἢ</span> <span class='ocrx_word' id='word_1_261' title='bbox 1225 2476 1516 2546; x_wconf 88' lang='grc' dir='ltr'>συμϐαλὼν</span> <span class='ocrx_word' id='word_1_262' title='bbox 1547 2479 1649 2550; x_wconf 76' lang='grc' dir='ltr'>ἤδη</span> <span class='ocrx_word' id='word_1_263' title='bbox 1678 2482 1791 2544; x_wconf 88' lang='grc' dir='ltr'>τοῖς</span> <span class='ocrx_word' id='word_1_264' title='bbox 1820 2483 1911 2551; x_wconf 87' lang='grc' dir='ltr'>ἐχ-</span> 
     </span>
    </p>
   </div>
   <div class='ocr_carea' id='block_1_40' title="bbox 324 2562 1910 2639">
    <p class='ocr_par' dir='ltr' id='par_1_40' title="bbox 324 2562 1910 2639">
     <span class='ocr_line' id='line_1_40' title="bbox 324 2562 1910 2639; baseline 0.008 -24"><span class='ocrx_word' id='word_1_265' title='bbox 324 2562 479 2634; x_wconf 82' lang='grc' dir='ltr'>θροῖς</span> <span class='ocrx_word' id='word_1_266' title='bbox 524 2564 673 2635; x_wconf 81' lang='grc' dir='ltr'>μάχῃ</span> <span class='ocrx_word' id='word_1_267' title='bbox 705 2564 1019 2637; x_wconf 82' lang='grc' dir='ltr'>ἐκράτησας</span> <span class='ocrx_word' id='word_1_268' title='bbox 1070 2566 1272 2632; x_wconf 83' lang='grc' dir='ltr'>αὐτῶν,</span> <span class='ocrx_word' id='word_1_269' title='bbox 1321 2568 1354 2638; x_wconf 79' lang='grc' dir='ltr'>ἢ</span> <span class='ocrx_word' id='word_1_270' title='bbox 1397 2569 1639 2639; x_wconf 87' lang='grc' dir='ltr'>νομίσεις</span> <span class='ocrx_word' id='word_1_271' title='bbox 1682 2571 1763 2626; x_wconf 86' lang='grc' dir='ltr'>ὅτι</span> <span class='ocrx_word' id='word_1_272' title='bbox 1811 2574 1910 2628; x_wconf 78' lang='grc' dir='ltr'><strong>οὐκ</strong></span> 
     </span>
    </p>
   </div>
   <div class='ocr_carea' id='block_1_41' title="bbox 321 2647 1909 2735">
    <p class='ocr_par' dir='ltr' id='par_1_41' title="bbox 321 2647 1909 2735">
     <span class='ocr_line' id='line_1_41' title="bbox 321 2647 1909 2735; baseline 0.008 -28"><span class='ocrx_word' id='word_1_273' title='bbox 321 2656 429 2708; x_wconf 75' lang='grc' dir='ltr'>είσὶ</span> <span class='ocrx_word' id='word_1_274' title='bbox 447 2654 663 2710; x_wconf 78' lang='grc' dir='ltr'>δυνατοὶ</span> <span class='ocrx_word' id='word_1_275' title='bbox 686 2655 822 2727; x_wconf 79' lang='grc' dir='ltr'>πρὸς</span> <span class='ocrx_word' id='word_1_276' title='bbox 842 2656 941 2727; x_wconf 82' lang='grc' dir='ltr'>τὴν</span> <span class='ocrx_word' id='word_1_277' title='bbox 968 2659 1067 2728; x_wconf 78' lang='grc' dir='ltr'>σὴν</span> <span class='ocrx_word' id='word_1_278' title='bbox 1095 2657 1347 2729; x_wconf 87' lang='grc' dir='ltr'>δύναμιν,</span> <span class='ocrx_word' id='word_1_279' title='bbox 1375 2661 1407 2733; x_wconf 80' lang='grc' dir='ltr'>ἧ</span> <span class='ocrx_word' id='word_1_280' title='bbox 1440 2663 1569 2715; x_wconf 84' lang='grc' dir='ltr'>ὅταν</span> <span class='ocrx_word' id='word_1_281' title='bbox 1601 2647 1909 2735; x_wconf 69' lang='grc' dir='ltr'>ἀνετοίμοις</span> 
     </span>
    </p>
   </div>
   <div class='ocr_carea' id='block_1_42' title="bbox 321 2747 1911 2828">
    <p class='ocr_par' dir='ltr' id='par_1_42' title="bbox 321 2747 1911 2828">
     <span class='ocr_line' id='line_1_42' title="bbox 321 2747 1911 2828; baseline 0.006 -28"><span class='ocrx_word' id='word_1_282' title='bbox 321 2747 506 2811; x_wconf 78' lang='grc' dir='ltr'>αὐτοῖς</span> <span class='ocrx_word' id='word_1_283' title='bbox 539 2749 633 2802; x_wconf 72' lang='grc' dir='ltr'>καὶ</span> <span class='ocrx_word' id='word_1_284' title='bbox 663 2749 1075 2819; x_wconf 85' lang='grc' dir='ltr'>ἀπαρασκεύοις</span> <span class='ocrx_word' id='word_1_285' title='bbox 1103 2750 1277 2819; x_wconf 75' lang='grc' dir='ltr'>οὖσιν,</span> <span class='ocrx_word' id='word_1_286' title='bbox 1332 2754 1614 2821; x_wconf 76' lang='grc' dir='ltr'>αἰφνιδίως</span> <span class='ocrx_word' id='word_1_287' title='bbox 1665 2757 1911 2828; x_wconf 88' lang='grc' dir='ltr'>ἐπιτεθῆ-</span> 
     </span>
    </p>
   </div>
   <div class='ocr_carea' id='block_1_43' title="bbox 320 2838 1410 2914">
    <p class='ocr_par' dir='ltr' id='par_1_43' title="bbox 320 2838 1410 2914">
     <span class='ocr_line' id='line_1_43' title="bbox 320 2838 1410 2914; baseline 0.005 -21"><span class='ocrx_word' id='word_1_288' title='bbox 320 2855 407 2893; x_wconf 90' lang='grc' dir='ltr'><strong>ναι</strong></span> <span class='ocrx_word' id='word_1_289' title='bbox 440 2838 764 2910; x_wconf 80' lang='grc' dir='ltr'>μελετήσῃς,</span> <span class='ocrx_word' id='word_1_290' title='bbox 805 2838 881 2903; x_wconf 90' lang='grc' dir='ltr'><strong>ώς</strong></span> <span class='ocrx_word' id='word_1_291' title='bbox 917 2840 1017 2912; x_wconf 75' lang='grc' dir='ltr'>ἤδη</span> <span class='ocrx_word' id='word_1_292' title='bbox 1052 2843 1410 2914; x_wconf 85' lang='grc' dir='ltr'>προείπομεν.</span> 
     </span>
    </p>
   </div>
   <div class='ocr_carea' id='block_1_44' title="bbox 393 2929 1909 3007">
    <p class='ocr_par' dir='ltr' id='par_1_44' title="bbox 393 2929 1909 3007">
     <span class='ocr_line' id='line_1_44' title="bbox 393 2929 1909 3007; baseline 0.003 -22"><span class='ocrx_word' id='word_1_293' title='bbox 393 2929 507 2996; x_wconf 83' lang='grc' dir='ltr'>λς’.</span> <span class='ocrx_word' id='word_1_294' title='bbox 564 2932 695 2987; x_wconf 85' lang='grc' dir='ltr'>Δέον</span> <span class='ocrx_word' id='word_1_295' title='bbox 744 2949 803 2985; x_wconf 90' lang='grc' dir='ltr'><strong>σε</strong></span> <span class='ocrx_word' id='word_1_296' title='bbox 857 2934 965 3003; x_wconf 81' lang='grc' dir='ltr'>πρὸ</span> <span class='ocrx_word' id='word_1_297' title='bbox 1015 2934 1254 2997; x_wconf 87' lang='grc' dir='ltr'>πάντων,</span> <span class='ocrx_word' id='word_1_298' title='bbox 1284 2930 1328 2988; x_wconf 84' lang='grc' dir='ltr'><strong>ῶ</strong></span> <span class='ocrx_word' id='word_1_299' title='bbox 1359 2936 1653 3007; x_wconf 56' lang='grc' dir='ltr'>στραηγέ,</span> <span class='ocrx_word' id='word_1_300' title='bbox 1690 2938 1909 2992; x_wconf 72' lang='grc' dir='ltr'>εἰσϐάλ-</span> 
     </span>
    </p>
   </div>
   <div class='ocr_carea' id='block_1_45' title="bbox 320 3022 1908 3101">
    <p class='ocr_par' dir='ltr' id='par_1_45' title="bbox 320 3022 1908 3101">
     <span class='ocr_line' id='line_1_45' title="bbox 320 3022 1908 3101; baseline 0.004 -24"><span class='ocrx_word' id='word_1_301' title='bbox 320 3022 483 3079; x_wconf 88' lang='grc' dir='ltr'>λοντα</span> <span class='ocrx_word' id='word_1_302' title='bbox 507 3026 586 3088; x_wconf 83' lang='grc' dir='ltr'><strong>είς</strong></span> <span class='ocrx_word' id='word_1_303' title='bbox 612 3026 709 3095; x_wconf 82' lang='grc' dir='ltr'>τὴν</span> <span class='ocrx_word' id='word_1_304' title='bbox 739 3025 1018 3095; x_wconf 85' lang='grc' dir='ltr'>πολεμίων</span> <span class='ocrx_word' id='word_1_305' title='bbox 1043 3026 1167 3096; x_wconf 82' lang='grc' dir='ltr'>γῆν,</span> <span class='ocrx_word' id='word_1_306' title='bbox 1201 3027 1301 3097; x_wconf 86' lang='grc' dir='ltr'><strong>τῆς</strong></span> <span class='ocrx_word' id='word_1_307' title='bbox 1342 3029 1658 3101; x_wconf 84' lang='grc' dir='ltr'>ἀποτροφῆς</span> <span class='ocrx_word' id='word_1_308' title='bbox 1691 3032 1908 3101; x_wconf 79' lang='grc' dir='ltr'>φροντί-</span> 
     </span>
    </p>
   </div>
   <div class='ocr_carea' id='block_1_46' title="bbox 325 3114 1902 3192">
    <p class='ocr_par' dir='ltr' id='par_1_46' title="bbox 325 3114 1902 3192">
     <span class='ocr_line' id='line_1_46' title="bbox 325 3114 1902 3192; baseline 0.004 -23"><span class='ocrx_word' id='word_1_309' title='bbox 325 3133 416 3171; x_wconf 91' lang='grc' dir='ltr'><strong>σαι</strong></span> <span class='ocrx_word' id='word_1_310' title='bbox 448 3114 543 3169; x_wconf 84' lang='grc' dir='ltr'>τοῦ</span> <span class='ocrx_word' id='word_1_311' title='bbox 579 3116 836 3188; x_wconf 81' lang='grc' dir='ltr'>στρατοῢ,</span> <span class='ocrx_word' id='word_1_312' title='bbox 870 3118 964 3171; x_wconf 80' lang='grc' dir='ltr'>καὶ</span> <span class='ocrx_word' id='word_1_313' title='bbox 1009 3117 1042 3188; x_wconf 80' lang='grc' dir='ltr'>ἢ</span> <span class='ocrx_word' id='word_1_314' title='bbox 1077 3118 1165 3171; x_wconf 82' lang='grc' dir='ltr'>διὰ</span> <span class='ocrx_word' id='word_1_315' title='bbox 1196 3119 1477 3192; x_wconf 87' lang='grc' dir='ltr'>βασταγῆς</span> <span class='ocrx_word' id='word_1_316' title='bbox 1529 3120 1812 3191; x_wconf 85' lang='grc' dir='ltr'>δημοσίας,</span> <span class='ocrx_word' id='word_1_317' title='bbox 1869 3122 1902 3192; x_wconf 85' lang='grc' dir='ltr'>ἢ</span> 
     </span>
    </p>
   </div>
   <div class='ocr_carea' id='block_1_47' title="bbox 320 3207 1907 3286">
    <p class='ocr_par' dir='ltr' id='par_1_47' title="bbox 320 3207 1907 3286">
     <span class='ocr_line' id='line_1_47' title="bbox 320 3207 1907 3286; baseline 0.006 -25"><span class='ocrx_word' id='word_1_318' title='bbox 320 3207 389 3261; x_wconf 84' lang='grc' dir='ltr'><strong>δι’</strong></span> <span class='ocrx_word' id='word_1_319' title='bbox 422 3209 601 3263; x_wconf 82' lang='grc' dir='ltr'>αὐτῶν</span> <span class='ocrx_word' id='word_1_320' title='bbox 633 3208 747 3263; x_wconf 86' lang='grc' dir='ltr'><strong>τῶν</strong></span> <span class='ocrx_word' id='word_1_321' title='bbox 786 3211 1157 3281; x_wconf 83' lang='grc' dir='ltr'>στρατιωτῶν,</span> <span class='ocrx_word' id='word_1_322' title='bbox 1187 3212 1221 3284; x_wconf 77' lang='grc' dir='ltr'><strong>ἢ</strong></span> <span class='ocrx_word' id='word_1_323' title='bbox 1257 3213 1429 3278; x_wconf 77' lang='grc' dir='ltr'>ἄλλως</span> <span class='ocrx_word' id='word_1_324' title='bbox 1466 3232 1582 3277; x_wconf 88' lang='grc' dir='ltr'><strong>πως</strong></span> <span class='ocrx_word' id='word_1_325' title='bbox 1620 3215 1907 3286; x_wconf 84' lang='grc' dir='ltr'>ἐπινοῆσαι</span> 
     </span>
    </p>
   </div>
   <div class='ocr_carea' id='block_1_48' title="bbox 322 3299 1905 3375">
    <p class='ocr_par' dir='ltr' id='par_1_48' title="bbox 322 3299 1905 3375">
     <span class='ocr_line' id='line_1_48' title="bbox 322 3299 1905 3375; baseline 0.004 -22"><span class='ocrx_word' id='word_1_326' title='bbox 322 3299 589 3370; x_wconf 81' lang='grc' dir='ltr'>βαστάσαι</span> <span class='ocrx_word' id='word_1_327' title='bbox 635 3300 954 3372; x_wconf 78' lang='grc' dir='ltr'>άποτροφὴν</span> <span class='ocrx_word' id='word_1_328' title='bbox 1005 3302 1099 3354; x_wconf 79' lang='grc' dir='ltr'>καὶ</span> <span class='ocrx_word' id='word_1_329' title='bbox 1150 3302 1363 3371; x_wconf 81' lang='grc' dir='ltr'>ἀλόγων</span> <span class='ocrx_word' id='word_1_330' title='bbox 1413 3304 1507 3357; x_wconf 73' lang='grc' dir='ltr'>καὶ</span> <span class='ocrx_word' id='word_1_331' title='bbox 1556 3304 1859 3375; x_wconf 86' lang='grc' dir='ltr'>ἀνθρώπων</span> <span class='ocrx_word' id='word_1_332' title='bbox 1889 3323 1905 3339; x_wconf 76' lang='lat'><strong><em>°</em></strong></span> 
     </span>
    </p>
   </div>
   <div class='ocr_carea' id='block_1_49' title="bbox 323 3389 1905 3466">
    <p class='ocr_par' dir='ltr' id='par_1_49' title="bbox 323 3389 1905 3466">
     <span class='ocr_line' id='line_1_49' title="bbox 323 3389 1905 3466; baseline 0.003 -23"><span class='ocrx_word' id='word_1_333' title='bbox 323 3389 410 3443; x_wconf 69' lang='grc' dir='ltr'><strong>ἵνα</strong></span> <span class='ocrx_word' id='word_1_334' title='bbox 450 3390 525 3462; x_wconf 82' lang='grc' dir='ltr'><strong>μὴ</strong></span> <span class='ocrx_word' id='word_1_335' title='bbox 566 3389 693 3461; x_wconf 65' lang='grc' dir='ltr'>περὶ</span> <span class='ocrx_word' id='word_1_336' title='bbox 724 3390 898 3461; x_wconf 81' lang='grc' dir='ltr'>μέσην</span> <span class='ocrx_word' id='word_1_337' title='bbox 930 3390 1031 3461; x_wconf 83' lang='grc' dir='ltr'>τὴν</span> <span class='ocrx_word' id='word_1_338' title='bbox 1074 3389 1259 3463; x_wconf 88' lang='grc' dir='ltr'>χώραν</span> <span class='ocrx_word' id='word_1_339' title='bbox 1312 3392 1466 3460; x_wconf 79' lang='grc' dir='ltr'>ἄφνω</span> <span class='ocrx_word' id='word_1_340' title='bbox 1514 3393 1623 3447; x_wconf 86' lang='grc' dir='ltr'><strong>τῶν</strong></span> <span class='ocrx_word' id='word_1_341' title='bbox 1673 3394 1905 3466; x_wconf 84' lang='grc' dir='ltr'>ἐχθρῶν,</span> 
     </span>
    </p>
   </div>
   <div class='ocr_carea' id='block_1_50' title="bbox 321 3482 1903 3560">
    <p class='ocr_par' dir='ltr' id='par_1_50' title="bbox 321 3482 1903 3560">
     <span class='ocr_line' id='line_1_50' title="bbox 321 3482 1903 3560; baseline 0.003 -25"><span class='ocrx_word' id='word_1_342' title='bbox 321 3482 398 3546; x_wconf 88' lang='grc' dir='ltr'><strong>ώς</strong></span> <span class='ocrx_word' id='word_1_343' title='bbox 430 3483 600 3548; x_wconf 77' lang='grc' dir='ltr'>εἰκὸς,</span> <span class='ocrx_word' id='word_1_344' title='bbox 638 3482 1015 3552; x_wconf 78' lang='grc' dir='ltr'>ἀφανιζόντων</span> <span class='ocrx_word' id='word_1_345' title='bbox 1038 3484 1108 3537; x_wconf 86' lang='grc' dir='ltr'>τὰ</span> <span class='ocrx_word' id='word_1_346' title='bbox 1137 3485 1330 3555; x_wconf 75' lang='grc' dir='ltr'>ἕτοιμα</span> <span class='ocrx_word' id='word_1_347' title='bbox 1366 3484 1481 3557; x_wconf 82' lang='grc' dir='ltr'>είδη</span> <span class='ocrx_word' id='word_1_348' title='bbox 1525 3488 1903 3560; x_wconf 81' lang='grc' dir='ltr'>στενοχωρηθῇ</span> 
     </span>
    </p>
   </div>
   <div class='ocr_carea' id='block_1_51' title="bbox 319 3574 628 3645">
    <p class='ocr_par' dir='ltr' id='par_1_51' title="bbox 319 3574 628 3645">
     <span class='ocr_line' id='line_1_51' title="bbox 319 3574 628 3645; baseline 0.003 -18"><span class='ocrx_word' id='word_1_349' title='bbox 319 3574 349 3627; x_wconf 82' lang='grc' dir='ltr'><strong>ὁ</strong></span> <span class='ocrx_word' id='word_1_350' title='bbox 377 3574 628 3645; x_wconf 82' lang='grc' dir='ltr'>στρατός.</span> 
     </span>
    </p>
   </div>
   <div class='ocr_carea' id='block_1_52' title="bbox 390 3662 1907 3742">
    <p class='ocr_par' dir='ltr' id='par_1_52' title="bbox 390 3662 1907 3742">
     <span class='ocr_line' id='line_1_52' title="bbox 390 3662 1907 3742; baseline 0.006 -25"><span class='ocrx_word' id='word_1_351' title='bbox 390 3662 489 3730; x_wconf 73' lang='grc' dir='ltr'>λζ’.</span> <span class='ocrx_word' id='word_1_352' title='bbox 527 3666 617 3737; x_wconf 80' lang='grc' dir='ltr'><strong>Μὴ</strong></span> <span class='ocrx_word' id='word_1_353' title='bbox 649 3664 1010 3739; x_wconf 80' lang='grc' dir='ltr'>ἐπιτηδεύσῃς</span> <span class='ocrx_word' id='word_1_354' title='bbox 1055 3665 1111 3719; x_wconf 87' lang='grc' dir='ltr'><strong>δέ</strong></span> <span class='ocrx_word' id='word_1_355' title='bbox 1144 3668 1469 3738; x_wconf 80' lang='grc' dir='ltr'>νυκτερινὰς</span> <span class='ocrx_word' id='word_1_356' title='bbox 1506 3670 1815 3742; x_wconf 76' lang='grc' dir='ltr'>ὁδοιπορίας</span> <span class='ocrx_word' id='word_1_357' title='bbox 1850 3672 1907 3726; x_wconf 85' lang='grc' dir='ltr'><strong>ἐν</strong></span> 
     </span>
    </p>
   </div>
   <div class='ocr_carea' id='block_1_53' title="bbox 322 3756 1907 3836">
    <p class='ocr_par' dir='ltr' id='par_1_53' title="bbox 322 3756 1907 3836">
     <span class='ocr_line' id='line_1_53' title="bbox 322 3756 1907 3836; baseline 0.005 -25"><span class='ocrx_word' id='word_1_358' title='bbox 322 3757 558 3830; x_wconf 77' lang='grc' dir='ltr'>πολεμίᾳ</span> <span class='ocrx_word' id='word_1_359' title='bbox 592 3756 744 3829; x_wconf 76' lang='grc' dir='ltr'>χώρᾳ</span> <span class='ocrx_word' id='word_1_360' title='bbox 778 3759 1072 3822; x_wconf 82' lang='grc' dir='ltr'>ποιεῖσθαι,</span> <span class='ocrx_word' id='word_1_361' title='bbox 1124 3761 1174 3812; x_wconf 85' lang='grc' dir='ltr'><strong>εί</strong></span> <span class='ocrx_word' id='word_1_362' title='bbox 1218 3760 1292 3831; x_wconf 82' lang='grc' dir='ltr'>μὴ</span> <span class='ocrx_word' id='word_1_363' title='bbox 1340 3762 1477 3832; x_wconf 88' lang='grc' dir='ltr'>πρὸς</span> <span class='ocrx_word' id='word_1_364' title='bbox 1517 3764 1684 3830; x_wconf 81' lang='grc' dir='ltr'>ἆπαξ,</span> <span class='ocrx_word' id='word_1_365' title='bbox 1739 3765 1907 3836; x_wconf 80' lang='grc' dir='ltr'>ῆγουν</span> 
     </span>
    </p>
   </div>
   <div class='ocr_carea' id='block_1_54' title="bbox 325 3850 1909 3929">
    <p class='ocr_par' dir='ltr' id='par_1_54' title="bbox 325 3850 1909 3929">
     <span class='ocr_line' id='line_1_54' title="bbox 325 3850 1909 3929; baseline 0.006 -27"><span class='ocrx_word' id='word_1_366' title='bbox 325 3850 455 3921; x_wconf 77' lang='grc' dir='ltr'>μίαν</span> <span class='ocrx_word' id='word_1_367' title='bbox 487 3854 580 3904; x_wconf 75' lang='grc' dir='ltr'>καὶ</span> <span class='ocrx_word' id='word_1_368' title='bbox 627 3851 822 3922; x_wconf 88' lang='grc' dir='ltr'>μόνην,</span> <span class='ocrx_word' id='word_1_369' title='bbox 882 3852 978 3905; x_wconf 82' lang='grc' dir='ltr'>καὶ</span> <span class='ocrx_word' id='word_1_370' title='bbox 1025 3851 1118 3904; x_wconf 80' lang='grc' dir='ltr'>τοῦ</span> <span class='ocrx_word' id='word_1_371' title='bbox 1148 3852 1474 3923; x_wconf 79' lang='grc' dir='ltr'>λεληθότως,</span> <span class='ocrx_word' id='word_1_372' title='bbox 1531 3856 1660 3921; x_wconf 72' lang='grc' dir='ltr'>ἴσως</span> <span class='ocrx_word' id='word_1_373' title='bbox 1719 3858 1909 3929; x_wconf 86' lang='grc' dir='ltr'>χρείας</span> 
     </span>
    </p>
   </div>
   <div class='ocr_carea' id='block_1_55' title="bbox 323 3941 1904 4018">
    <p class='ocr_par' dir='ltr' id='par_1_55' title="bbox 323 3941 1904 4018">
     <span class='ocr_line' id='line_1_55' title="bbox 323 3941 1904 4018; baseline 0.004 -23"><span class='ocrx_word' id='word_1_374' title='bbox 323 3943 631 4011; x_wconf 80' lang='grc' dir='ltr'>ἀναγκαίας</span> <span class='ocrx_word' id='word_1_375' title='bbox 678 3941 955 4012; x_wconf 88' lang='grc' dir='ltr'>καλούσης</span> <span class='ocrx_word' id='word_1_376' title='bbox 1003 3944 1088 4006; x_wconf 88' lang='grc' dir='ltr'><strong>είς</strong></span> <span class='ocrx_word' id='word_1_377' title='bbox 1137 3943 1198 3996; x_wconf 77' lang='grc' dir='ltr'>τὸ</span> <span class='ocrx_word' id='word_1_378' title='bbox 1246 3943 1428 3997; x_wconf 84' lang='grc' dir='ltr'>λαθεῖν</span> <span class='ocrx_word' id='word_1_379' title='bbox 1478 3946 1603 4011; x_wconf 80' lang='grc' dir='ltr'>τοὺς</span> <span class='ocrx_word' id='word_1_380' title='bbox 1656 3947 1904 4018; x_wconf 74' lang='grc' dir='ltr'>ἐχθροὺς,</span> 
     </span>
    </p>
   </div>
   <div class='ocr_carea' id='block_1_56' title="bbox 321 4033 1907 4111">
    <p class='ocr_par' dir='ltr' id='par_1_56' title="bbox 321 4033 1907 4111">
     <span class='ocr_line' id='line_1_56' title="bbox 321 4033 1907 4111; baseline 0.003 -23"><span class='ocrx_word' id='word_1_381' title='bbox 321 4035 416 4088; x_wconf 76' lang='grc' dir='ltr'>καὶ</span> <span class='ocrx_word' id='word_1_382' title='bbox 444 4034 607 4088; x_wconf 86' lang='grc' dir='ltr'>τόπον</span> <span class='ocrx_word' id='word_1_383' title='bbox 656 4033 895 4106; x_wconf 82' lang='grc' dir='ltr'>δυσχερῆ</span> <span class='ocrx_word' id='word_1_384' title='bbox 944 4035 1385 4106; x_wconf 84' lang='grc' dir='ltr'>προκαταλαϐεῖν</span> <span class='ocrx_word' id='word_1_385' title='bbox 1424 4038 1585 4108; x_wconf 89' lang='grc' dir='ltr'>χάριν</span> <span class='ocrx_word' id='word_1_386' title='bbox 1614 4039 1907 4111; x_wconf 85' lang='grc' dir='ltr'>ὀχυρώμα-</span> 
     </span>
    </p>
   </div>
   <div class='ocr_carea' id='block_1_57' title="bbox 322 4125 1905 4204">
    <p class='ocr_par' dir='ltr' id='par_1_57' title="bbox 322 4125 1905 4204">
     <span class='ocr_line' id='line_1_57' title="bbox 322 4125 1905 4204; baseline 0.005 -27"><span class='ocrx_word' id='word_1_387' title='bbox 322 4142 437 4190; x_wconf 79' lang='grc' dir='ltr'>τος,</span> <span class='ocrx_word' id='word_1_388' title='bbox 469 4126 503 4196; x_wconf 78' lang='grc' dir='ltr'>ἢ</span> <span class='ocrx_word' id='word_1_389' title='bbox 548 4125 842 4193; x_wconf 76' lang='grc' dir='ltr'>παρελθεῖν</span> <span class='ocrx_word' id='word_1_390' title='bbox 892 4128 950 4180; x_wconf 90' lang='grc' dir='ltr'><strong>ἐν</strong></span> <span class='ocrx_word' id='word_1_391' title='bbox 1008 4125 1179 4198; x_wconf 61' lang='grc' dir='ltr'>ἑτέρῳ</span> <span class='ocrx_word' id='word_1_392' title='bbox 1226 4128 1379 4200; x_wconf 86' lang='grc' dir='ltr'>τόπῳ</span> <span class='ocrx_word' id='word_1_393' title='bbox 1428 4129 1536 4183; x_wconf 89' lang='grc' dir='ltr'><strong>τῶν</strong></span> <span class='ocrx_word' id='word_1_394' title='bbox 1586 4130 1797 4203; x_wconf 86' lang='grc' dir='ltr'>ἐχθρῶν</span> <span class='ocrx_word' id='word_1_395' title='bbox 1830 4132 1905 4204; x_wconf 77' lang='grc' dir='ltr'>μὴ</span> 
     </span>
    </p>
   </div>
   <div class='ocr_carea' id='block_1_58' title="bbox 322 4216 720 4285">
    <p class='ocr_par' dir='ltr' id='par_1_58' title="bbox 322 4216 720 4285">
     <span class='ocr_line' id='line_1_58' title="bbox 322 4216 720 4285; baseline 0.01 -18"><span class='ocrx_word' id='word_1_396' title='bbox 322 4216 720 4285; x_wconf 88' lang='grc' dir='ltr'>γινωσκόντων.</span> 
     </span>
    </p>
   </div>
   <div class='ocr_carea' id='block_1_59' title="bbox 394 4305 1903 4386">
    <p class='ocr_par' dir='ltr' id='par_1_59' title="bbox 394 4305 1903 4386">
     <span class='ocr_line' id='line_1_59' title="bbox 394 4305 1903 4386; baseline 0.007 -28"><span class='ocrx_word' id='word_1_397' title='bbox 394 4305 497 4378; x_wconf 84' lang='grc' dir='ltr'>λη’.</span> <span class='ocrx_word' id='word_1_398' title='bbox 540 4307 811 4379; x_wconf 87' lang='grc' dir='ltr'>Πρότερον</span> <span class='ocrx_word' id='word_1_399' title='bbox 837 4309 891 4362; x_wconf 89' lang='grc' dir='ltr'><strong>δέ</strong></span> <span class='ocrx_word' id='word_1_400' title='bbox 920 4310 1391 4382; x_wconf 88' lang='grc' dir='ltr'>περιεργάσασθαί</span> <span class='ocrx_word' id='word_1_401' title='bbox 1424 4329 1482 4365; x_wconf 90' lang='grc' dir='ltr'><strong>σε</strong></span> <span class='ocrx_word' id='word_1_402' title='bbox 1513 4312 1594 4366; x_wconf 84' lang='grc' dir='ltr'>δεῖ</span> <span class='ocrx_word' id='word_1_403' title='bbox 1619 4313 1713 4367; x_wconf 73' lang='grc' dir='ltr'>καὶ</span> <span class='ocrx_word' id='word_1_404' title='bbox 1742 4312 1903 4386; x_wconf 83' lang='grc' dir='ltr'>ἐρευ-</span> 
     </span>
    </p>
   </div>
   <div class='ocr_carea' id='block_1_60' title="bbox 322 4397 1821 4475">
    <p class='ocr_par' dir='ltr' id='par_1_60' title="bbox 322 4397 1821 4475">
     <span class='ocr_line' id='line_1_60' title="bbox 322 4397 1821 4475; baseline 0.007 -24"><span class='ocrx_word' id='word_1_405' title='bbox 322 4398 421 4467; x_wconf 84' lang='grc' dir='ltr'><strong>νᾷν</strong></span> <span class='ocrx_word' id='word_1_406' title='bbox 446 4398 545 4463; x_wconf 80' lang='grc' dir='ltr'><strong>τὰς</strong></span> <span class='ocrx_word' id='word_1_407' title='bbox 571 4397 753 4463; x_wconf 83' lang='grc' dir='ltr'>ὁδοὺς,</span> <span class='ocrx_word' id='word_1_408' title='bbox 787 4399 880 4454; x_wconf 76' lang='grc' dir='ltr'>καὶ</span> <span class='ocrx_word' id='word_1_409' title='bbox 900 4400 1045 4455; x_wconf 76' lang='grc' dir='ltr'>οὕτω</span> <span class='ocrx_word' id='word_1_410' title='bbox 1068 4402 1168 4466; x_wconf 80' lang='grc' dir='ltr'>τὰς</span> <span class='ocrx_word' id='word_1_411' title='bbox 1191 4402 1499 4475; x_wconf 81' lang='grc' dir='ltr'>ὁδοιπορίας</span> <span class='ocrx_word' id='word_1_412' title='bbox 1529 4406 1821 4462; x_wconf 85' lang='grc' dir='ltr'>ποιεῖσθαι.</span> 
     </span>
    </p>
   </div>
   <div class='ocr_carea' id='block_1_61' title="bbox 2086 2102 3614 2174">
    <p class='ocr_par' dir='ltr' id='par_1_61' title="bbox 2086 2102 3614 2174">
     <span class='ocr_line' id='line_1_61' title="bbox 2086 2102 3614 2174; baseline -0.001 -16"><span class='ocrx_word' id='word_1_413' title='bbox 2086 2104 2175 2159; x_wconf 78' lang='lat'><strong>55.</strong></span> <span class='ocrx_word' id='word_1_414' title='bbox 2215 2103 2274 2158; x_wconf 93' lang='lat' dir='ltr'><strong>Si</strong></span> <span class='ocrx_word' id='word_1_415' title='bbox 2315 2104 2382 2159; x_wconf 93' lang='lat' dir='ltr'><strong>ad</strong></span> <span class='ocrx_word' id='word_1_416' title='bbox 2411 2104 2893 2174; x_wconf 88' lang='lat' dir='ltr'><strong>depopulationem</strong></span> <span class='ocrx_word' id='word_1_417' title='bbox 2923 2109 2978 2158; x_wconf 91' lang='lat' dir='ltr'><strong>et</strong></span> <span class='ocrx_word' id='word_1_418' title='bbox 3011 2102 3403 2172; x_wconf 66' lang='lat' dir='ltr'><strong>praedationem</strong></span> <span class='ocrx_word' id='word_1_419' title='bbox 3440 2104 3614 2159; x_wconf 85' lang='lat' dir='ltr'><strong>hosti-</strong></span> 
     </span>
    </p>
   </div>
   <div class='ocr_carea' id='block_1_62' title="bbox 2015 2185 3610 2265">
    <p class='ocr_par' dir='ltr' id='par_1_62' title="bbox 2015 2185 3610 2265">
     <span class='ocr_line' id='line_1_62' title="bbox 2015 2185 3610 2265; baseline -0.001 -16"><span class='ocrx_word' id='word_1_420' title='bbox 2015 2196 2083 2252; x_wconf 90' lang='lat' dir='ltr'><strong>lis</strong></span> <span class='ocrx_word' id='word_1_421' title='bbox 2112 2207 2270 2252; x_wconf 71' lang='lat' dir='ltr'><strong>terra:</strong></span> <span class='ocrx_word' id='word_1_422' title='bbox 2306 2196 2412 2251; x_wconf 87' lang='lat' dir='ltr'><strong>iter</strong></span> <span class='ocrx_word' id='word_1_423' title='bbox 2452 2195 2575 2250; x_wconf 90' lang='lat' dir='ltr'><strong>sine</strong></span> <span class='ocrx_word' id='word_1_424' title='bbox 2606 2185 2909 2250; x_wconf 82' lang='lat' dir='ltr'><strong>offensione</strong></span> <span class='ocrx_word' id='word_1_425' title='bbox 2953 2202 3045 2249; x_wconf 91' lang='lat' dir='ltr'><strong>tua</strong></span> <span class='ocrx_word' id='word_1_426' title='bbox 3083 2194 3331 2250; x_wconf 87' lang='lat' dir='ltr'><strong>facturus</strong></span> <span class='ocrx_word' id='word_1_427' title='bbox 3359 2197 3458 2261; x_wconf 91' lang='lat' dir='ltr'><strong>sis,</strong></span> <span class='ocrx_word' id='word_1_428' title='bbox 3493 2194 3610 2265; x_wconf 82' lang='lat' dir='ltr'><strong>pri-</strong></span> 
     </span>
    </p>
   </div>
   <div class='ocr_carea' id='block_1_63' title="bbox 2015 2284 3608 2358">
    <p class='ocr_par' dir='ltr' id='par_1_63' title="bbox 2015 2284 3608 2358">
     <span class='ocr_line' id='line_1_63' title="bbox 2015 2284 3608 2358; baseline -0.002 -15"><span class='ocrx_word' id='word_1_429' title='bbox 2015 2304 2163 2343; x_wconf 88' lang='lat' dir='ltr'><strong>mum</strong></span> <span class='ocrx_word' id='word_1_430' title='bbox 2191 2288 2447 2343; x_wconf 91' lang='lat' dir='ltr'><strong>idoneum</strong></span> <span class='ocrx_word' id='word_1_431' title='bbox 2483 2295 2781 2358; x_wconf 89' lang='lat' dir='ltr'><strong>aptumque</strong></span> <span class='ocrx_word' id='word_1_432' title='bbox 2806 2293 3025 2356; x_wconf 83' lang='lat' dir='ltr'><strong>tempus</strong></span> <span class='ocrx_word' id='word_1_433' title='bbox 3045 2285 3254 2356; x_wconf 74' lang='lat' dir='ltr'><strong>eligito.</strong></span> <span class='ocrx_word' id='word_1_434' title='bbox 3283 2284 3397 2339; x_wconf 89' lang='lat' dir='ltr'><strong>Hoc</strong></span> <span class='ocrx_word' id='word_1_435' title='bbox 3424 2294 3608 2340; x_wconf 90' lang='lat' dir='ltr'><strong>autem</strong></span> 
     </span>
    </p>
   </div>
   <div class='ocr_carea' id='block_1_64' title="bbox 2015 2378 3609 2449">
    <p class='ocr_par' dir='ltr' id='par_1_64' title="bbox 2015 2378 3609 2449">
     <span class='ocr_line' id='line_1_64' title="bbox 2015 2378 3609 2449; baseline -0.001 -14"><span class='ocrx_word' id='word_1_436' title='bbox 2015 2381 2275 2435; x_wconf 90' lang='lat' dir='ltr'><strong>idoneum</strong></span> <span class='ocrx_word' id='word_1_437' title='bbox 2316 2387 2799 2449; x_wconf 87' lang='lat' dir='ltr'><strong>opportunumque</strong></span> <span class='ocrx_word' id='word_1_438' title='bbox 2838 2387 3054 2448; x_wconf 88' lang='lat' dir='ltr'><strong>tempus</strong></span> <span class='ocrx_word' id='word_1_439' title='bbox 3103 2378 3228 2443; x_wconf 90' lang='lat' dir='ltr'><strong>erit,</strong></span> <span class='ocrx_word' id='word_1_440' title='bbox 3279 2393 3403 2432; x_wconf 91' lang='lat' dir='ltr'><strong>cum</strong></span> <span class='ocrx_word' id='word_1_441' title='bbox 3438 2378 3484 2433; x_wconf 92' lang='lat' dir='ltr'><strong>si</strong></span> <span class='ocrx_word' id='word_1_442' title='bbox 3529 2380 3609 2433; x_wconf 86' lang='lat' dir='ltr'><strong>vel</strong></span> 
     </span>
    </p>
   </div>
   <div class='ocr_carea' id='block_1_65' title="bbox 2013 2470 3607 2544">
    <p class='ocr_par' dir='ltr' id='par_1_65' title="bbox 2013 2470 3607 2544">
     <span class='ocr_line' id='line_1_65' title="bbox 2013 2470 3607 2544; baseline -0.004 -15"><span class='ocrx_word' id='word_1_443' title='bbox 2013 2472 2307 2544; x_wconf 80' lang='lat' dir='ltr'><strong>conﬂigere</strong></span> <span class='ocrx_word' id='word_1_444' title='bbox 2336 2487 2460 2526; x_wconf 92' lang='lat' dir='ltr'><strong>cum</strong></span> <span class='ocrx_word' id='word_1_445' title='bbox 2504 2470 2760 2526; x_wconf 83' lang='lat' dir='ltr'><strong>hostibus</strong></span> <span class='ocrx_word' id='word_1_446' title='bbox 2807 2470 3040 2540; x_wconf 83' lang='lat' dir='ltr'><strong>cogitas,</strong></span> <span class='ocrx_word' id='word_1_447' title='bbox 3079 2470 3265 2525; x_wconf 90' lang='lat' dir='ltr'><strong>minus</strong></span> <span class='ocrx_word' id='word_1_448' title='bbox 3294 2470 3505 2525; x_wconf 85' lang='lat' dir='ltr'><strong>habiles</strong></span> <span class='ocrx_word' id='word_1_449' title='bbox 3538 2471 3607 2524; x_wconf 88' lang='lat' dir='ltr'><strong>ad</strong></span> 
     </span>
    </p>
   </div>
   <div class='ocr_carea' id='block_1_66' title="bbox 2012 2561 3607 2633">
    <p class='ocr_par' dir='ltr' id='par_1_66' title="bbox 2012 2561 3607 2633">
     <span class='ocr_line' id='line_1_66' title="bbox 2012 2561 3607 2633; baseline -0.002 -13"><span class='ocrx_word' id='word_1_450' title='bbox 2012 2565 2385 2621; x_wconf 85' lang='lat' dir='ltr'><strong>resistendum</strong></span> <span class='ocrx_word' id='word_1_451' title='bbox 2435 2564 2553 2631; x_wconf 83' lang='lat' dir='ltr'><strong>[tibi</strong></span> <span class='ocrx_word' id='word_1_452' title='bbox 2620 2562 2990 2633; x_wconf 88' lang='lat' dir='ltr'><strong>reperientur,</strong></span> <span class='ocrx_word' id='word_1_453' title='bbox 3046 2562 3132 2616; x_wconf 85' lang='lat' dir='ltr'><strong>vel</strong></span> <span class='ocrx_word' id='word_1_454' title='bbox 3184 2561 3485 2631; x_wconf 84' lang='lat' dir='ltr'><strong>imparatos</strong></span> <span class='ocrx_word' id='word_1_455' title='bbox 3521 2563 3607 2618; x_wconf 75' lang='grc' dir='ltr'>νιςι</span> 
     </span>
    </p>
   </div>
   <div class='ocr_carea' id='block_1_67' title="bbox 2012 2654 3607 2724">
    <p class='ocr_par' dir='ltr' id='par_1_67' title="bbox 2012 2654 3607 2724">
     <span class='ocr_line' id='line_1_67' title="bbox 2012 2654 3607 2724; baseline 0 -13"><span class='ocrx_word' id='word_1_456' title='bbox 2012 2658 2254 2712; x_wconf 90' lang='lat' dir='ltr'><strong>omissos</strong></span> <span class='ocrx_word' id='word_1_457' title='bbox 2286 2658 2414 2712; x_wconf 86' lang='lat' dir='ltr'><strong>illos</strong></span> <span class='ocrx_word' id='word_1_458' title='bbox 2444 2655 2718 2719; x_wconf 79' lang='lat' dir='ltr'><strong>invenies,</strong></span> <span class='ocrx_word' id='word_1_459' title='bbox 2754 2654 3219 2724; x_wconf 86' lang='lat' dir='ltr'><strong>quemadmodum</strong></span> <span class='ocrx_word' id='word_1_460' title='bbox 3259 2665 3388 2710; x_wconf 87' lang='lat' dir='ltr'><strong>ante</strong></span> <span class='ocrx_word' id='word_1_461' title='bbox 3414 2656 3607 2711; x_wconf 63' lang='lat' dir='ltr'><strong>adnuo-</strong></span> 
     </span>
    </p>
   </div>
   <div class='ocr_carea' id='block_1_68' title="bbox 2014 2766 2262 2806">
    <p class='ocr_par' dir='ltr' id='par_1_68' title="bbox 2014 2766 2262 2806">
     <span class='ocr_line' id='line_1_68' title="bbox 2014 2766 2262 2806; baseline -0.012 -1"><span class='ocrx_word' id='word_1_462' title='bbox 2014 2766 2262 2806; x_wconf 76' lang='lat' dir='ltr'><strong>animus.</strong></span> 
     </span>
    </p>
   </div>
   <div class='ocr_carea' id='block_1_69' title="bbox 2078 2970 3604 3040">
    <p class='ocr_par' dir='ltr' id='par_1_69' title="bbox 2078 2970 3604 3040">
     <span class='ocr_line' id='line_1_69' title="bbox 2078 2970 3604 3040; baseline -0.002 -12"><span class='ocrx_word' id='word_1_463' title='bbox 2078 2973 2170 3028; x_wconf 76' lang='lat'><strong>36.</strong></span> <span class='ocrx_word' id='word_1_464' title='bbox 2218 2974 2360 3027; x_wconf 85' lang='lat' dir='ltr'><strong>Ante</strong></span> <span class='ocrx_word' id='word_1_465' title='bbox 2389 2971 2577 3025; x_wconf 88' lang='lat' dir='ltr'><strong>omnia</strong></span> <span class='ocrx_word' id='word_1_466' title='bbox 2624 2973 2938 3040; x_wconf 88' lang='lat' dir='ltr'><strong>irrupturus</strong></span> <span class='ocrx_word' id='word_1_467' title='bbox 2977 2970 3033 3024; x_wconf 93' lang='lat' dir='ltr'><strong>in</strong></span> <span class='ocrx_word' id='word_1_468' title='bbox 3076 2970 3331 3026; x_wconf 87' lang='lat' dir='ltr'><strong>hostilem</strong></span> <span class='ocrx_word' id='word_1_469' title='bbox 3378 2979 3604 3035; x_wconf 87' lang='lat' dir='ltr'><strong>terram,</strong></span> 
     </span>
    </p>
   </div>
   <div class='ocr_carea' id='block_1_70' title="bbox 2009 3063 3604 3119">
    <p class='ocr_par' dir='ltr' id='par_1_70' title="bbox 2009 3063 3604 3119">
     <span class='ocr_line' id='line_1_70' title="bbox 2009 3063 3604 3119; baseline -0.002 0"><span class='ocrx_word' id='word_1_470' title='bbox 2009 3074 2354 3119; x_wconf 85' lang='lat' dir='ltr'><strong>commeatus</strong></span> <span class='ocrx_word' id='word_1_471' title='bbox 2394 3078 2459 3117; x_wconf 92' lang='lat' dir='ltr'><strong>ac</strong></span> <span class='ocrx_word' id='word_1_472' title='bbox 2494 3079 2680 3117; x_wconf 87' lang='lat' dir='ltr'><strong>rerum</strong></span> <span class='ocrx_word' id='word_1_473' title='bbox 2723 3063 3165 3117; x_wconf 86' lang='lat' dir='ltr'><strong>necessariarum</strong></span> <span class='ocrx_word' id='word_1_474' title='bbox 3206 3063 3472 3118; x_wconf 74' lang='lat' dir='ltr'><strong>exercitui</strong></span> <span class='ocrx_word' id='word_1_475' title='bbox 3504 3079 3604 3117; x_wconf 86' lang='lat' dir='ltr'><strong>cu-</strong></span> 
     </span>
    </p>
   </div>
   <div class='ocr_carea' id='block_1_71' title="bbox 1934 3151 3607 3233">
    <p class='ocr_par' dir='ltr' id='par_1_71' title="bbox 1934 3151 3607 3233">
     <span class='ocr_line' id='line_1_71' title="bbox 1934 3151 3607 3233; baseline -0.002 -23"><span class='ocrx_word' id='word_1_476' title='bbox 1934 3171 1980 3233; x_wconf 80' lang='lat' dir='ltr'>C</span> <span class='ocrx_word' id='word_1_477' title='bbox 2012 3172 2129 3211; x_wconf 84' lang='lat' dir='ltr'><strong>ram</strong></span> <span class='ocrx_word' id='word_1_478' title='bbox 2158 3171 2337 3225; x_wconf 80' lang='lat' dir='ltr'><strong>geres,</strong></span> <span class='ocrx_word' id='word_1_479' title='bbox 2373 3154 2457 3208; x_wconf 89' lang='lat' dir='ltr'><strong>vel</strong></span> <span class='ocrx_word' id='word_1_480' title='bbox 2491 3162 2551 3206; x_wconf 91' lang='lat' dir='ltr'><strong>ut</strong></span> <span class='ocrx_word' id='word_1_481' title='bbox 2596 3153 2780 3223; x_wconf 87' lang='lat' dir='ltr'><strong>aliqua</strong></span> <span class='ocrx_word' id='word_1_482' title='bbox 2822 3159 3046 3207; x_wconf 86' lang='lat' dir='ltr'><strong>vectura</strong></span> <span class='ocrx_word' id='word_1_483' title='bbox 3081 3151 3382 3217; x_wconf 87' lang='lat' dir='ltr'><strong>communi,</strong></span> <span class='ocrx_word' id='word_1_484' title='bbox 3430 3154 3510 3207; x_wconf 90' lang='lat' dir='ltr'><strong>vel</strong></span> <span class='ocrx_word' id='word_1_485' title='bbox 3547 3162 3607 3207; x_wconf 90' lang='lat' dir='ltr'><strong>ut</strong></span> 
     </span>
    </p>
   </div>
   <div class='ocr_carea' id='block_1_72' title="bbox 2012 3244 3604 3317">
    <p class='ocr_par' dir='ltr' id='par_1_72' title="bbox 2012 3244 3604 3317">
     <span class='ocr_line' id='line_1_72' title="bbox 2012 3244 3604 3317; baseline -0.004 -12"><span class='ocrx_word' id='word_1_486' title='bbox 2012 3264 2043 3305; x_wconf 90' lang='lat' dir='ltr'><strong>a</strong></span> <span class='ocrx_word' id='word_1_487' title='bbox 2089 3248 2355 3303; x_wconf 83' lang='lat' dir='ltr'><strong>militibus</strong></span> <span class='ocrx_word' id='word_1_488' title='bbox 2386 3246 2622 3317; x_wconf 78' lang='lat' dir='ltr'><strong>singulis</strong></span> <span class='ocrx_word' id='word_1_489' title='bbox 2653 3246 3033 3314; x_wconf 79' lang='lat' dir='ltr'><strong>deportentur,</strong></span> <span class='ocrx_word' id='word_1_490' title='bbox 3079 3244 3185 3297; x_wconf 89' lang='lat' dir='ltr'><strong>alia</strong></span> <span class='ocrx_word' id='word_1_491' title='bbox 3228 3244 3422 3313; x_wconf 89' lang='lat' dir='ltr'><strong>quavis</strong></span> <span class='ocrx_word' id='word_1_492' title='bbox 3455 3255 3604 3299; x_wconf 86' lang='lat' dir='ltr'><strong>certa</strong></span> 
     </span>
    </p>
   </div>
   <div class='ocr_carea' id='block_1_73' title="bbox 2010 3336 3603 3408">
    <p class='ocr_par' dir='ltr' id='par_1_73' title="bbox 2010 3336 3603 3408">
     <span class='ocr_line' id='line_1_73' title="bbox 2010 3336 3603 3408; baseline -0.006 -9"><span class='ocrx_word' id='word_1_493' title='bbox 2010 3343 2098 3400; x_wconf 84' lang='lat' dir='ltr'><strong>via</strong></span> <span class='ocrx_word' id='word_1_494' title='bbox 2134 3352 2247 3397; x_wconf 87' lang='lat' dir='ltr'><strong>tum</strong></span> <span class='ocrx_word' id='word_1_495' title='bbox 2277 3341 2560 3395; x_wconf 90' lang='lat' dir='ltr'><strong>hominum</strong></span> <span class='ocrx_word' id='word_1_496' title='bbox 2588 3347 2703 3393; x_wconf 86' lang='lat' dir='ltr'><strong>tum</strong></span> <span class='ocrx_word' id='word_1_497' title='bbox 2734 3338 3109 3408; x_wconf 88' lang='lat' dir='ltr'><strong>jumentorum</strong></span> <span class='ocrx_word' id='word_1_498' title='bbox 3140 3336 3400 3405; x_wconf 90' lang='lat' dir='ltr'><strong>pabulum</strong></span> <span class='ocrx_word' id='word_1_499' title='bbox 3442 3338 3603 3391; x_wconf 88' lang='lat' dir='ltr'><strong>veha-</strong></span> 
     </span>
    </p>
   </div>
   <div class='ocr_carea' id='block_1_74' title="bbox 2013 3428 3603 3500">
    <p class='ocr_par' dir='ltr' id='par_1_74' title="bbox 2013 3428 3603 3500">
     <span class='ocr_line' id='line_1_74' title="bbox 2013 3428 3603 3500; baseline -0.005 -9"><span class='ocrx_word' id='word_1_500' title='bbox 2013 3446 2119 3499; x_wconf 92' lang='lat' dir='ltr'><strong>tur,</strong></span> <span class='ocrx_word' id='word_1_501' title='bbox 2158 3442 2216 3488; x_wconf 83' lang='grc' dir='ltr'><strong>ιιι</strong></span> <span class='ocrx_word' id='word_1_502' title='bbox 2254 3449 2325 3489; x_wconf 90' lang='lat' dir='ltr'><strong>ne</strong></span> <span class='ocrx_word' id='word_1_503' title='bbox 2354 3448 2453 3489; x_wconf 89' lang='lat' dir='ltr'><strong>sua</strong></span> <span class='ocrx_word' id='word_1_504' title='bbox 2485 3432 2537 3485; x_wconf 94' lang='lat' dir='ltr'><strong>in</strong></span> <span class='ocrx_word' id='word_1_505' title='bbox 2585 3431 2811 3500; x_wconf 79' lang='lat' dir='ltr'><strong>regione</strong></span> <span class='ocrx_word' id='word_1_506' title='bbox 2850 3428 3107 3485; x_wconf 90' lang='lat' dir='ltr'><strong>hostibus</strong></span> <span class='ocrx_word' id='word_1_507' title='bbox 3137 3428 3319 3482; x_wconf 89' lang='lat' dir='ltr'><strong>omnia</strong></span> <span class='ocrx_word' id='word_1_508' title='bbox 3352 3428 3418 3483; x_wconf 89' lang='lat' dir='ltr'><strong>ad</strong></span> <span class='ocrx_word' id='word_1_509' title='bbox 3452 3444 3603 3484; x_wconf 88' lang='lat' dir='ltr'><strong>com-</strong></span> 
     </span>
    </p>
   </div>
   <div class='ocr_carea' id='block_1_75' title="bbox 2011 3519 3601 3594">
    <p class='ocr_par' dir='ltr' id='par_1_75' title="bbox 2011 3519 3601 3594">
     <span class='ocr_line' id='line_1_75' title="bbox 2011 3519 3601 3594; baseline -0.004 -14"><span class='ocrx_word' id='word_1_510' title='bbox 2011 3535 2251 3580; x_wconf 87' lang='lat' dir='ltr'><strong>meatum</strong></span> <span class='ocrx_word' id='word_1_511' title='bbox 2306 3524 2617 3594; x_wconf 87' lang='lat' dir='ltr'><strong>spectantia</strong></span> <span class='ocrx_word' id='word_1_512' title='bbox 2650 3521 3021 3585; x_wconf 86' lang='lat' dir='ltr'><strong>vastantibus,</strong></span> <span class='ocrx_word' id='word_1_513' title='bbox 3053 3519 3110 3573; x_wconf 87' lang='lat' dir='ltr'><strong>in</strong></span> <span class='ocrx_word' id='word_1_514' title='bbox 3156 3533 3383 3589; x_wconf 74' lang='lat' dir='ltr'><strong>magnas</strong></span> <span class='ocrx_word' id='word_1_515' title='bbox 3427 3535 3601 3591; x_wconf 76' lang='lat' dir='ltr'><strong>angu-</strong></span> 
     </span>
    </p>
   </div>
   <div class='ocr_carea' id='block_1_76' title="bbox 2011 3610 2975 3673">
    <p class='ocr_par' dir='ltr' id='par_1_76' title="bbox 2011 3610 2975 3673">
     <span class='ocr_line' id='line_1_76' title="bbox 2011 3610 2975 3673; baseline -0.01 0"><span class='ocrx_word' id='word_1_516' title='bbox 2011 3616 2145 3673; x_wconf 76' lang='lat' dir='ltr'><strong>stias</strong></span> <span class='ocrx_word' id='word_1_517' title='bbox 2177 3622 2306 3669; x_wconf 89' lang='lat' dir='ltr'><strong>tuus</strong></span> <span class='ocrx_word' id='word_1_518' title='bbox 2331 3611 2640 3667; x_wconf 89' lang='lat' dir='ltr'><strong>adducatur</strong></span> <span class='ocrx_word' id='word_1_519' title='bbox 2677 3610 2975 3666; x_wconf 83' lang='lat' dir='ltr'><strong>exercitus.</strong></span> 
     </span>
    </p>
   </div>
   <div class='ocr_carea' id='block_1_77' title="bbox 2084 3698 3599 3775">
    <p class='ocr_par' dir='ltr' id='par_1_77' title="bbox 2084 3698 3599 3775">
     <span class='ocr_line' id='line_1_77' title="bbox 2084 3698 3599 3775; baseline -0.006 -14"><span class='ocrx_word' id='word_1_520' title='bbox 2084 3708 2173 3761; x_wconf 76' lang='grc'>57.</span> <span class='ocrx_word' id='word_1_521' title='bbox 2211 3705 2411 3761; x_wconf 84' lang='lat' dir='ltr'><strong>Hostili</strong></span> <span class='ocrx_word' id='word_1_522' title='bbox 2435 3705 2487 3758; x_wconf 92' lang='lat' dir='ltr'><strong>in</strong></span> <span class='ocrx_word' id='word_1_523' title='bbox 2519 3706 2741 3775; x_wconf 76' lang='lat' dir='ltr'><strong>regione</strong></span> <span class='ocrx_word' id='word_1_524' title='bbox 2766 3719 2835 3757; x_wconf 91' lang='lat' dir='ltr'><strong>ne</strong></span> <span class='ocrx_word' id='word_1_525' title='bbox 2857 3702 3075 3758; x_wconf 84' lang='lat' dir='ltr'><strong>coneris</strong></span> <span class='ocrx_word' id='word_1_526' title='bbox 3104 3712 3372 3758; x_wconf 88' lang='lat' dir='ltr'><strong>nocturna</strong></span> <span class='ocrx_word' id='word_1_527' title='bbox 3401 3698 3599 3753; x_wconf 87' lang='lat' dir='ltr'><strong>itinera</strong></span> 
     </span>
    </p>
   </div>
   <div class='ocr_carea' id='block_1_78' title="bbox 2011 3790 3599 3864">
    <p class='ocr_par' dir='ltr' id='par_1_78' title="bbox 2011 3790 3599 3864">
     <span class='ocr_line' id='line_1_78' title="bbox 2011 3790 3599 3864; baseline -0.006 -11"><span class='ocrx_word' id='word_1_528' title='bbox 2011 3800 2219 3859; x_wconf 87' lang='lat' dir='ltr'><strong>lacere,</strong></span> <span class='ocrx_word' id='word_1_529' title='bbox 2278 3795 2388 3852; x_wconf 92' lang='lat' dir='ltr'><strong>nisi</strong></span> <span class='ocrx_word' id='word_1_530' title='bbox 2432 3794 2641 3860; x_wconf 84' lang='lat' dir='ltr'><strong>semel,</strong></span> <span class='ocrx_word' id='word_1_531' title='bbox 2698 3792 2866 3864; x_wconf 85' lang='lat' dir='ltr'><strong>idque</strong></span> <span class='ocrx_word' id='word_1_532' title='bbox 2909 3793 3222 3848; x_wconf 90' lang='lat' dir='ltr'><strong>clanculum</strong></span> <span class='ocrx_word' id='word_1_533' title='bbox 3271 3790 3599 3846; x_wconf 87' lang='lat' dir='ltr'><strong>necessitate</strong></span> 
     </span>
    </p>
   </div>
   <div class='ocr_carea' id='block_1_79' title="bbox 2010 3881 3595 3961">
    <p class='ocr_par' dir='ltr' id='par_1_79' title="bbox 2010 3881 3595 3961">
     <span class='ocr_line' id='line_1_79' title="bbox 2010 3881 3595 3961; baseline -0.008 -15"><span class='ocrx_word' id='word_1_534' title='bbox 2010 3890 2352 3961; x_wconf 86' lang='lat' dir='ltr'><strong>impellente,</strong></span> <span class='ocrx_word' id='word_1_535' title='bbox 2385 3896 2447 3942; x_wconf 91' lang='lat' dir='ltr'><strong>ut</strong></span> <span class='ocrx_word' id='word_1_536' title='bbox 2481 3887 2671 3941; x_wconf 88' lang='lat' dir='ltr'><strong>hostes</strong></span> <span class='ocrx_word' id='word_1_537' title='bbox 2697 3885 2888 3950; x_wconf 88' lang='lat' dir='ltr'><strong>lateas,</strong></span> <span class='ocrx_word' id='word_1_538' title='bbox 2929 3891 2984 3937; x_wconf 84' lang='lat' dir='ltr'><strong>et</strong></span> <span class='ocrx_word' id='word_1_539' title='bbox 3029 3882 3308 3939; x_wconf 86' lang='lat' dir='ltr'><strong>dillicilem</strong></span> <span class='ocrx_word' id='word_1_540' title='bbox 3352 3881 3595 3951; x_wconf 87' lang='lat' dir='ltr'><strong>aliquem</strong></span> 
     </span>
    </p>
   </div>
   <div class='ocr_carea' id='block_1_80' title="bbox 2010 3974 3592 4050">
    <p class='ocr_par' dir='ltr' id='par_1_80' title="bbox 2010 3974 3592 4050">
     <span class='ocr_line' id='line_1_80' title="bbox 2010 3974 3592 4050; baseline -0.007 -12"><span class='ocrx_word' id='word_1_541' title='bbox 2010 3983 2195 4038; x_wconf 88' lang='lat' dir='ltr'><strong>locum</strong></span> <span class='ocrx_word' id='word_1_542' title='bbox 2230 3979 2559 4035; x_wconf 90' lang='lat' dir='ltr'><strong>munitionis</strong></span> <span class='ocrx_word' id='word_1_543' title='bbox 2590 3977 2767 4050; x_wconf 80' lang='lat' dir='ltr'><strong>gratia</strong></span> <span class='ocrx_word' id='word_1_544' title='bbox 2798 3977 3094 4047; x_wconf 88' lang='lat' dir='ltr'><strong>anticipes,</strong></span> <span class='ocrx_word' id='word_1_545' title='bbox 3120 3976 3205 4031; x_wconf 88' lang='lat' dir='ltr'><strong>vel</strong></span> <span class='ocrx_word' id='word_1_546' title='bbox 3239 3985 3298 4032; x_wconf 88' lang='lat' dir='ltr'><strong>ut</strong></span> <span class='ocrx_word' id='word_1_547' title='bbox 3324 3975 3392 4030; x_wconf 89' lang='lat' dir='ltr'><strong>ad</strong></span> <span class='ocrx_word' id='word_1_548' title='bbox 3424 3974 3592 4029; x_wconf 81' lang='lat' dir='ltr'><strong>alium</strong></span> 
     </span>
    </p>
   </div>
   <div class='ocr_carea' id='block_1_81' title="bbox 2009 4069 3210 4136">
    <p class='ocr_par' dir='ltr' id='par_1_81' title="bbox 2009 4069 3210 4136">
     <span class='ocr_line' id='line_1_81' title="bbox 2009 4069 3210 4136; baseline -0.007 -5"><span class='ocrx_word' id='word_1_549' title='bbox 2009 4074 2192 4131; x_wconf 86' lang='lat' dir='ltr'><strong>locum</strong></span> <span class='ocrx_word' id='word_1_550' title='bbox 2242 4071 2610 4133; x_wconf 86' lang='lat' dir='ltr'><strong>inscientibus</strong></span> <span class='ocrx_word' id='word_1_551' title='bbox 2643 4069 2897 4127; x_wconf 88' lang='lat' dir='ltr'><strong>hostibus</strong></span> <span class='ocrx_word' id='word_1_552' title='bbox 2936 4077 3210 4136; x_wconf 73' lang='lat' dir='ltr'><strong>transeas,</strong></span> 
     </span>
    </p>
   </div>
   <div class='ocr_carea' id='block_1_82' title="bbox 2080 4335 3584 4412">
    <p class='ocr_par' dir='ltr' id='par_1_82' title="bbox 2080 4335 3584 4412">
     <span class='ocr_line' id='line_1_82' title="bbox 2080 4335 3584 4412; baseline -0.005 -14"><span class='ocrx_word' id='word_1_553' title='bbox 2080 4343 2176 4398; x_wconf 75' lang='grc'><strong>58.</strong></span> <span class='ocrx_word' id='word_1_554' title='bbox 2209 4341 2397 4397; x_wconf 87' lang='lat' dir='ltr'><strong>Primo</strong></span> <span class='ocrx_word' id='word_1_555' title='bbox 2444 4337 2856 4412; x_wconf 67' lang='lat' dir='ltr'><strong>perscrutanda:</strong></span> <span class='ocrx_word' id='word_1_556' title='bbox 2916 4335 3427 4408; x_wconf 70' lang='lat' dir='ltr'><strong>perlustrandaeque</strong></span> <span class='ocrx_word' id='word_1_557' title='bbox 3483 4336 3584 4391; x_wconf 61' lang='lat' dir='ltr'><strong>vim</strong></span> 
     </span>
    </p>
   </div>
   <div class='ocr_carea' id='block_1_83' title="bbox 2013 4429 2989 4502">
    <p class='ocr_par' dir='ltr' id='par_1_83' title="bbox 2013 4429 2989 4502">
     <span class='ocr_line' id='line_1_83' title="bbox 2013 4429 2989 4502; baseline -0.007 -12"><span class='ocrx_word' id='word_1_558' title='bbox 2013 4445 2170 4500; x_wconf 86' lang='lat' dir='ltr'><strong>sunt,</strong></span> <span class='ocrx_word' id='word_1_559' title='bbox 2205 4433 2413 4488; x_wconf 88' lang='lat' dir='ltr'><strong>deinde</strong></span> <span class='ocrx_word' id='word_1_560' title='bbox 2446 4441 2564 4488; x_wconf 90' lang='lat' dir='ltr'><strong>tuto</strong></span> <span class='ocrx_word' id='word_1_561' title='bbox 2598 4429 2989 4502; x_wconf 58' lang='lat' dir='ltr'><strong>ingredienda.</strong></span> 
     </span>
    </p>
   </div>
   <div class='ocr_carea' id='block_1_84' title="bbox 393 4488 1909 4586">
    <p class='ocr_par' dir='ltr' id='par_1_84' title="bbox 393 4488 1905 4569">
     <span class='ocr_line' id='line_1_84' title="bbox 393 4488 1905 4569; baseline 0.007 -26"><span class='ocrx_word' id='word_1_562' title='bbox 393 4488 492 4546; x_wconf 84' lang='grc' dir='ltr'>λθ’.</span> <span class='ocrx_word' id='word_1_563' title='bbox 535 4492 723 4545; x_wconf 79' lang='grc' dir='ltr'>Πᾶσαν</span> <span class='ocrx_word' id='word_1_564' title='bbox 750 4490 806 4545; x_wconf 86' lang='grc' dir='ltr'><strong>δέ</strong></span> <span class='ocrx_word' id='word_1_565' title='bbox 841 4493 1061 4556; x_wconf 88' lang='grc' dir='ltr'>πάντως</span> <span class='ocrx_word' id='word_1_566' title='bbox 1092 4496 1362 4548; x_wconf 79' lang='grc' dir='ltr'>ποιεῖσθαι</span> <span class='ocrx_word' id='word_1_567' title='bbox 1411 4496 1670 4569; x_wconf 84' lang='grc' dir='ltr'>σπουδὴν,</span> <span class='ocrx_word' id='word_1_568' title='bbox 1704 4499 1791 4553; x_wconf 84' lang='grc' dir='ltr'>ἵνα</span> <span class='ocrx_word' id='word_1_569' title='bbox 1822 4518 1905 4553; x_wconf 86' lang='grc' dir='ltr'>τι-</span> 
     </span>
    </p>
   </div>
   <div class='ocr_carea' id='block_1_85' title="bbox 2023 4488 3593 4586">
    <p class='ocr_par' dir='ltr' id='par_1_85' title="bbox 2023 4488 3593 4586">
     <span class='ocr_line' id='line_1_85' title="bbox 2023 4488 3593 4586; baseline -0.007 -7"><span class='ocrx_word' id='word_1_570' title='bbox 2023 4488 2032 4490; x_wconf 15' lang='grc' dir='ltr'>ή</span> <span class='ocrx_word' id='word_1_571' title='bbox 2082 4488 2174 4582; x_wconf 65' lang='lat'><strong>59.</strong></span> <span class='ocrx_word' id='word_1_572' title='bbox 2203 4522 2441 4578; x_wconf 87' lang='lat' dir='ltr'><strong>Omnino</strong></span> <span class='ocrx_word' id='word_1_573' title='bbox 2476 4488 2873 4578; x_wconf 56' lang='lat' dir='ltr'><strong>elaborandum</strong></span> <span class='ocrx_word' id='word_1_574' title='bbox 2928 4520 3027 4575; x_wconf 88' lang='lat' dir='ltr'><strong>abs</strong></span> <span class='ocrx_word' id='word_1_575' title='bbox 3074 4526 3127 4573; x_wconf 86' lang='lat' dir='ltr'><strong>te</strong></span> <span class='ocrx_word' id='word_1_576' title='bbox 3167 4525 3273 4582; x_wconf 84' lang='lat' dir='ltr'><strong>est,</strong></span> <span class='ocrx_word' id='word_1_577' title='bbox 3310 4524 3369 4570; x_wconf 92' lang='lat' dir='ltr'><strong>ut</strong></span> <span class='ocrx_word' id='word_1_578' title='bbox 3422 4530 3593 4586; x_wconf 83' lang='lat' dir='ltr'><strong>quos-</strong></span> 
     </span>
    </p>
   </div>
   <div class='ocr_carea' id='block_1_86' title="bbox 319 4581 1907 4665">
    <p class='ocr_par' dir='ltr' id='par_1_86' title="bbox 319 4581 1907 4665">
     <span class='ocr_line' id='line_1_86' title="bbox 319 4581 1907 4665; baseline 0.007 -29"><span class='ocrx_word' id='word_1_579' title='bbox 319 4581 417 4645; x_wconf 78' lang='grc' dir='ltr'><strong>νὰς</strong></span> <span class='ocrx_word' id='word_1_580' title='bbox 439 4581 549 4634; x_wconf 90' lang='grc' dir='ltr'><strong>τῶν</strong></span> <span class='ocrx_word' id='word_1_581' title='bbox 595 4585 694 4654; x_wconf 81' lang='grc' dir='ltr'><strong>τῆς</strong></span> <span class='ocrx_word' id='word_1_582' title='bbox 721 4583 905 4655; x_wconf 86' lang='grc' dir='ltr'>χώρας</span> <span class='ocrx_word' id='word_1_583' title='bbox 943 4582 1257 4657; x_wconf 76' lang='grc' dir='ltr'>ζωγρήσῃς,</span> <span class='ocrx_word' id='word_1_584' title='bbox 1310 4587 1459 4652; x_wconf 84' lang='grc' dir='ltr'>ὅπως</span> <span class='ocrx_word' id='word_1_585' title='bbox 1493 4589 1551 4657; x_wconf 85' lang='grc' dir='ltr'>ἐξ</span> <span class='ocrx_word' id='word_1_586' title='bbox 1581 4591 1763 4645; x_wconf 80' lang='grc' dir='ltr'>αὐτῶν</span> <span class='ocrx_word' id='word_1_587' title='bbox 1805 4593 1907 4665; x_wconf 82' lang='grc' dir='ltr'>τὴν</span> 
     </span>
    </p>
   </div>
   <div class='ocr_carea' id='block_1_87' title="bbox 317 4675 1909 4756">
    <p class='ocr_par' dir='ltr' id='par_1_87' title="bbox 317 4675 1909 4756">
     <span class='ocr_line' id='line_1_87' title="bbox 317 4675 1909 4756; baseline 0.006 -25"><span class='ocrx_word' id='word_1_588' title='bbox 317 4675 428 4731; x_wconf 86' lang='grc' dir='ltr'><strong>τῶν</strong></span> <span class='ocrx_word' id='word_1_589' title='bbox 477 4675 689 4747; x_wconf 89' lang='grc' dir='ltr'>ἐχθρῶν</span> <span class='ocrx_word' id='word_1_590' title='bbox 730 4676 907 4751; x_wconf 84' lang='grc' dir='ltr'>μάθῃς</span> <span class='ocrx_word' id='word_1_591' title='bbox 934 4677 1184 4751; x_wconf 86' lang='grc' dir='ltr'>δύναμιν,</span> <span class='ocrx_word' id='word_1_592' title='bbox 1228 4681 1323 4735; x_wconf 73' lang='grc' dir='ltr'>καὶ</span> <span class='ocrx_word' id='word_1_593' title='bbox 1358 4683 1430 4737; x_wconf 81' lang='grc' dir='ltr'>τὰ</span> <span class='ocrx_word' id='word_1_594' title='bbox 1468 4683 1649 4739; x_wconf 77' lang='grc' dir='ltr'>αὐτῶν</span> <span class='ocrx_word' id='word_1_595' title='bbox 1685 4684 1909 4756; x_wconf 81' lang='grc' dir='ltr'>βουλεύ-</span> 
     </span>
    </p>
   </div>
   <div class='ocr_carea' id='block_1_88' title="bbox 323 4770 1592 4853">
    <p class='ocr_par' dir='ltr' id='par_1_88' title="bbox 323 4770 1592 4853">
     <span class='ocr_line' id='line_1_88' title="bbox 323 4770 1592 4853; baseline 0.005 -29"><span class='ocrx_word' id='word_1_596' title='bbox 323 4786 493 4840; x_wconf 86' lang='grc' dir='ltr'>ματα,</span> <span class='ocrx_word' id='word_1_597' title='bbox 516 4770 571 4824; x_wconf 88' lang='grc' dir='ltr'><strong>τί</strong></span> <span class='ocrx_word' id='word_1_598' title='bbox 593 4771 701 4841; x_wconf 78' lang='grc' dir='ltr'>ἄρα</span> <span class='ocrx_word' id='word_1_599' title='bbox 732 4771 1099 4836; x_wconf 80' lang='grc' dir='ltr'>σπουδάζουσι</span> <span class='ocrx_word' id='word_1_600' title='bbox 1127 4775 1374 4845; x_wconf 87' lang='grc' dir='ltr'>ποιῆσαι.</span> <span class='ocrx_word' id='word_1_601' title='bbox 1582 4843 1592 4853; x_wconf 32' lang='grc' dir='ltr'><em>ι</em></span> 
     </span>
    </p>
   </div>
   <div class='ocr_carea' id='block_1_89' title="bbox 392 4860 1903 4939">
    <p class='ocr_par' dir='ltr' id='par_1_89' title="bbox 392 4860 1903 4939">
     <span class='ocr_line' id='line_1_89' title="bbox 392 4860 1903 4939; baseline 0.008 -23"><span class='ocrx_word' id='word_1_602' title='bbox 392 4860 468 4933; x_wconf 85' lang='grc' dir='ltr'>μ’.</span> <span class='ocrx_word' id='word_1_603' title='bbox 510 4862 623 4927; x_wconf 86' lang='grc' dir='ltr'>Τὰς</span> <span class='ocrx_word' id='word_1_604' title='bbox 651 4865 951 4936; x_wconf 82' lang='grc' dir='ltr'>ἐρωτήσεις</span> <span class='ocrx_word' id='word_1_605' title='bbox 978 4865 1035 4918; x_wconf 88' lang='grc' dir='ltr'><strong>δέ</strong></span> <span class='ocrx_word' id='word_1_606' title='bbox 1064 4866 1175 4919; x_wconf 89' lang='grc' dir='ltr'><strong>τῶν</strong></span> <span class='ocrx_word' id='word_1_607' title='bbox 1204 4870 1595 4939; x_wconf 85' lang='grc' dir='ltr'>κρατουμένων</span> <span class='ocrx_word' id='word_1_608' title='bbox 1616 4871 1705 4925; x_wconf 85' lang='grc' dir='ltr'><strong>διὰ</strong></span> <span class='ocrx_word' id='word_1_609' title='bbox 1736 4890 1903 4928; x_wconf 89' lang='grc' dir='ltr'>σεαυ-</span> 
     </span>
    </p>
   </div>
   <div class='ocr_carea' id='block_1_90' title="bbox 317 4954 1905 5033">
    <p class='ocr_par' dir='ltr' id='par_1_90' title="bbox 317 4954 1905 5033">
     <span class='ocr_line' id='line_1_90' title="bbox 317 4954 1905 5033; baseline 0.007 -27"><span class='ocrx_word' id='word_1_610' title='bbox 317 4954 413 5007; x_wconf 81' lang='grc' dir='ltr'><strong>τοῦ</strong></span> <span class='ocrx_word' id='word_1_611' title='bbox 439 4954 606 5021; x_wconf 84' lang='grc' dir='ltr'>ποίει,</span> <span class='ocrx_word' id='word_1_612' title='bbox 635 4955 728 5008; x_wconf 75' lang='grc' dir='ltr'>καὶ</span> <span class='ocrx_word' id='word_1_613' title='bbox 753 4956 828 5027; x_wconf 79' lang='grc' dir='ltr'>μὴ</span> <span class='ocrx_word' id='word_1_614' title='bbox 853 4956 920 5009; x_wconf 79' lang='grc' dir='ltr'>δι’</span> <span class='ocrx_word' id='word_1_615' title='bbox 954 4957 1143 5030; x_wconf 87' lang='grc' dir='ltr'>ἐτέρου</span> <span class='ocrx_word' id='word_1_616' title='bbox 1165 4959 1331 5023; x_wconf 86' lang='grc' dir='ltr'>τινός.</span> <span class='ocrx_word' id='word_1_617' title='bbox 1364 4961 1475 5015; x_wconf 72' lang='grc' dir='ltr'><strong>Καὶ</strong></span> <span class='ocrx_word' id='word_1_618' title='bbox 1505 4962 1614 5033; x_wconf 86' lang='grc' dir='ltr'><strong>γάρ</strong></span> <span class='ocrx_word' id='word_1_619' title='bbox 1645 4966 1905 5030; x_wconf 85' lang='grc' dir='ltr'>πολλάκις</span> 
     </span>
    </p>
   </div>
   <div class='ocr_carea' id='block_1_91' title="bbox 318 5050 1904 5125">
    <p class='ocr_par' dir='ltr' id='par_1_91' title="bbox 318 5050 1904 5125">
     <span class='ocr_line' id='line_1_91' title="bbox 318 5050 1904 5125; baseline 0.007 -21"><span class='ocrx_word' id='word_1_620' title='bbox 318 5050 594 5119; x_wconf 83' lang='grc' dir='ltr'>ἀναγκαῖά</span> <span class='ocrx_word' id='word_1_621' title='bbox 632 5069 755 5106; x_wconf 90' lang='grc' dir='ltr'>τινα</span> <span class='ocrx_word' id='word_1_622' title='bbox 800 5053 897 5106; x_wconf 75' lang='grc' dir='ltr'>καὶ</span> <span class='ocrx_word' id='word_1_623' title='bbox 943 5054 1096 5125; x_wconf 76' lang='grc' dir='ltr'>παρὰ</span> <span class='ocrx_word' id='word_1_624' title='bbox 1140 5056 1319 5109; x_wconf 82' lang='grc' dir='ltr'>πᾶσαν</span> <span class='ocrx_word' id='word_1_625' title='bbox 1377 5057 1632 5112; x_wconf 83' lang='grc' dir='ltr'>ὑπόνοιαν</span> <span class='ocrx_word' id='word_1_626' title='bbox 1662 5060 1751 5113; x_wconf 78' lang='grc' dir='ltr'><strong>διὰ</strong></span> <span class='ocrx_word' id='word_1_627' title='bbox 1797 5061 1904 5115; x_wconf 91' lang='grc' dir='ltr'><strong>τῶν</strong></span> 
     </span>
    </p>
   </div>
   <div class='ocr_carea' id='block_1_92' title="bbox 319 5143 1157 5218">
    <p class='ocr_par' dir='ltr' id='par_1_92' title="bbox 319 5143 1157 5218">
     <span class='ocr_line' id='line_1_92' title="bbox 319 5143 1157 5218; baseline 0.006 -23"><span class='ocrx_word' id='word_1_628' title='bbox 319 5143 690 5215; x_wconf 87' lang='grc' dir='ltr'>ἐρωτωμένων</span> <span class='ocrx_word' id='word_1_629' title='bbox 724 5144 1157 5218; x_wconf 82' lang='grc' dir='ltr'>ἐφανερώθησαν</span> 
     </span>
    </p>
   </div>
   <div class='ocr_carea' id='block_1_93' title="bbox 389 5323 1901 5403">
    <p class='ocr_par' dir='ltr' id='par_1_93' title="bbox 389 5323 1901 5403">
     <span class='ocr_line' id='line_1_93' title="bbox 389 5323 1901 5403; baseline 0.005 -26"><span class='ocrx_word' id='word_1_630' title='bbox 389 5330 503 5394; x_wconf 88' lang='grc' dir='ltr'>μα’.</span> <span class='ocrx_word' id='word_1_631' title='bbox 552 5323 711 5379; x_wconf 81' lang='grc' dir='ltr'><strong>Ἀλλὰ</strong></span> <span class='ocrx_word' id='word_1_632' title='bbox 742 5325 878 5398; x_wconf 88' lang='grc' dir='ltr'><strong>μηδέ</strong></span> <span class='ocrx_word' id='word_1_633' title='bbox 898 5328 1011 5391; x_wconf 82' lang='grc' dir='ltr'>τοῖς</span> <span class='ocrx_word' id='word_1_634' title='bbox 1040 5326 1449 5399; x_wconf 75' lang='grc' dir='ltr'>προσ-φεύγουσί</span> <span class='ocrx_word' id='word_1_635' title='bbox 1480 5344 1561 5381; x_wconf 91' lang='grc' dir='ltr'><strong>σοι</strong></span> <span class='ocrx_word' id='word_1_636' title='bbox 1592 5330 1901 5403; x_wconf 82' lang='grc' dir='ltr'>προχείρως</span> 
     </span>
    </p>
   </div>
   <div class='ocr_carea' id='block_1_94' title="bbox 318 5414 1902 5496">
    <p class='ocr_par' dir='ltr' id='par_1_94' title="bbox 318 5414 1902 5496">
     <span class='ocr_line' id='line_1_94' title="bbox 318 5414 1902 5496; baseline 0.008 -28"><span class='ocrx_word' id='word_1_637' title='bbox 318 5414 566 5482; x_wconf 89' lang='grc' dir='ltr'>πίστευε,</span> <span class='ocrx_word' id='word_1_638' title='bbox 597 5416 735 5471; x_wconf 80' lang='grc' dir='ltr'>ἀλλὰ</span> <span class='ocrx_word' id='word_1_639' title='bbox 775 5421 886 5484; x_wconf 82' lang='grc' dir='ltr'>τοῖς</span> <span class='ocrx_word' id='word_1_640' title='bbox 933 5418 993 5484; x_wconf 80' lang='grc' dir='ltr'>ἐξ</span> <span class='ocrx_word' id='word_1_641' title='bbox 1027 5419 1293 5490; x_wconf 77' lang='grc' dir='ltr'>αἰφνιδίου</span> <span class='ocrx_word' id='word_1_642' title='bbox 1330 5419 1634 5493; x_wconf 81' lang='grc' dir='ltr'>ἐπιδρομῆς</span> <span class='ocrx_word' id='word_1_643' title='bbox 1667 5440 1902 5496; x_wconf 81' lang='grc' dir='ltr'>κρατου-</span> 
     </span>
    </p>
   </div>
   <div class='ocr_carea' id='block_1_95' title="bbox 2011 4608 3591 4686">
    <p class='ocr_par' dir='ltr' id='par_1_95' title="bbox 2011 4608 3591 4686">
     <span class='ocr_line' id='line_1_95' title="bbox 2011 4608 3591 4686; baseline -0.005 -15"><span class='ocrx_word' id='word_1_644' title='bbox 2011 4614 2139 4671; x_wconf 88' lang='lat' dir='ltr'><strong>dam</strong></span> <span class='ocrx_word' id='word_1_645' title='bbox 2170 4630 2237 4671; x_wconf 77' lang='lat' dir='ltr'><strong>ex</strong></span> <span class='ocrx_word' id='word_1_646' title='bbox 2275 4614 2526 4686; x_wconf 59' lang='lat' dir='ltr'><strong>hostibus</strong></span> <span class='ocrx_word' id='word_1_647' title='bbox 2579 4615 2808 4686; x_wconf 88' lang='lat' dir='ltr'><strong>capias,</strong></span> <span class='ocrx_word' id='word_1_648' title='bbox 2849 4624 3014 4683; x_wconf 88' lang='lat' dir='ltr'><strong>atque</strong></span> <span class='ocrx_word' id='word_1_649' title='bbox 3057 4626 3122 4667; x_wconf 79' lang='lat' dir='ltr'><strong>ex</strong></span> <span class='ocrx_word' id='word_1_650' title='bbox 3182 4610 3293 4666; x_wconf 91' lang='lat' dir='ltr'><strong>illis</strong></span> <span class='ocrx_word' id='word_1_651' title='bbox 3341 4608 3591 4665; x_wconf 83' lang='lat' dir='ltr'><strong>hostium</strong></span> 
     </span>
    </p>
   </div>
   <div class='ocr_carea' id='block_1_96' title="bbox 2009 4702 3594 4778">
    <p class='ocr_par' dir='ltr' id='par_1_96' title="bbox 2009 4702 3594 4778">
     <span class='ocr_line' id='line_1_96' title="bbox 2009 4702 3594 4778; baseline -0.006 -15"><span class='ocrx_word' id='word_1_652' title='bbox 2009 4707 2201 4776; x_wconf 87' lang='lat' dir='ltr'><strong>copias</strong></span> <span class='ocrx_word' id='word_1_653' title='bbox 2242 4706 2609 4778; x_wconf 66' lang='lat' dir='ltr'><strong>consiliaque,</strong></span> <span class='ocrx_word' id='word_1_654' title='bbox 2668 4716 2723 4763; x_wconf 91' lang='lat' dir='ltr'><strong>et</strong></span> <span class='ocrx_word' id='word_1_655' title='bbox 2761 4705 2893 4778; x_wconf 86' lang='lat' dir='ltr'><strong>quid</strong></span> <span class='ocrx_word' id='word_1_656' title='bbox 2947 4703 3225 4777; x_wconf 78' lang='lat' dir='ltr'><strong>agendum</strong></span> <span class='ocrx_word' id='word_1_657' title='bbox 3280 4702 3594 4772; x_wconf 81' lang='lat' dir='ltr'><strong>suscipiant</strong></span> 
     </span>
    </p>
   </div>
   <div class='ocr_carea' id='block_1_97' title="bbox 2010 4810 2341 4867">
    <p class='ocr_par' dir='ltr' id='par_1_97' title="bbox 2010 4810 2341 4867">
     <span class='ocr_line' id='line_1_97' title="bbox 2010 4810 2341 4867; baseline 0 -16"><span class='ocrx_word' id='word_1_658' title='bbox 2010 4810 2341 4867; x_wconf 65' lang='lat' dir='ltr'><strong>cognoscas.</strong></span> 
     </span>
    </p>
   </div>
   <div class='ocr_carea' id='block_1_98' title="bbox 2082 4884 3592 4959">
    <p class='ocr_par' dir='ltr' id='par_1_98' title="bbox 2082 4884 3592 4959">
     <span class='ocr_line' id='line_1_98' title="bbox 2082 4884 3592 4959; baseline -0.008 -14"><span class='ocrx_word' id='word_1_659' title='bbox 2082 4889 2174 4945; x_wconf 65' lang='lat'><strong>40.</strong></span> <span class='ocrx_word' id='word_1_660' title='bbox 2212 4887 2292 4942; x_wconf 83' lang='lat' dir='ltr'><strong>Ad</strong></span> <span class='ocrx_word' id='word_1_661' title='bbox 2321 4903 2417 4944; x_wconf 89' lang='lat' dir='ltr'><strong>eos</strong></span> <span class='ocrx_word' id='word_1_662' title='bbox 2449 4887 2546 4958; x_wconf 91' lang='lat' dir='ltr'><strong>qui</strong></span> <span class='ocrx_word' id='word_1_663' title='bbox 2580 4888 2876 4959; x_wconf 81' lang='lat' dir='ltr'><strong>capiuntur</strong></span> <span class='ocrx_word' id='word_1_664' title='bbox 2933 4884 3313 4956; x_wconf 79' lang='lat' dir='ltr'><strong>explorandos</strong></span> <span class='ocrx_word' id='word_1_665' title='bbox 3356 4889 3409 4937; x_wconf 87' lang='lat' dir='ltr'><strong>et</strong></span> <span class='ocrx_word' id='word_1_666' title='bbox 3461 4894 3592 4936; x_wconf 81' lang='lat' dir='ltr'><strong>exa-</strong></span> 
     </span>
    </p>
   </div>
   <div class='ocr_carea' id='block_1_99' title="bbox 2013 4970 3594 5050">
    <p class='ocr_par' dir='ltr' id='par_1_99' title="bbox 2013 4970 3594 5050">
     <span class='ocr_line' id='line_1_99' title="bbox 2013 4970 3594 5050; baseline -0.005 -17"><span class='ocrx_word' id='word_1_667' title='bbox 2013 4978 2309 5035; x_wconf 89' lang='lat' dir='ltr'><strong>minandos</strong></span> <span class='ocrx_word' id='word_1_668' title='bbox 2341 4979 2580 5050; x_wconf 91' lang='lat' dir='ltr'><strong>teipsum</strong></span> <span class='ocrx_word' id='word_1_669' title='bbox 2612 4978 2929 5043; x_wconf 88' lang='lat' dir='ltr'><strong>adhibebis,</strong></span> <span class='ocrx_word' id='word_1_670' title='bbox 2983 4991 3160 5045; x_wconf 90' lang='lat' dir='ltr'><strong>neque</strong></span> <span class='ocrx_word' id='word_1_671' title='bbox 3198 4990 3293 5044; x_wconf 88' lang='lat' dir='ltr'><strong>per</strong></span> <span class='ocrx_word' id='word_1_672' title='bbox 3325 4972 3466 5027; x_wconf 86' lang='lat' dir='ltr'><strong>alios</strong></span> <span class='ocrx_word' id='word_1_673' title='bbox 3495 4970 3594 5025; x_wconf 84' lang='lat' dir='ltr'><strong>de-</strong></span> 
     </span>
    </p>
   </div>
   <div class='ocr_carea' id='block_1_100' title="bbox 2013 5063 3595 5139">
    <p class='ocr_par' dir='ltr' id='par_1_100' title="bbox 2013 5063 3595 5139">
     <span class='ocr_line' id='line_1_100' title="bbox 2013 5063 3595 5139; baseline -0.004 -14"><span class='ocrx_word' id='word_1_674' title='bbox 2013 5072 2194 5128; x_wconf 91' lang='lat' dir='ltr'><strong>lectos</strong></span> <span class='ocrx_word' id='word_1_675' title='bbox 2226 5072 2374 5128; x_wconf 91' lang='lat' dir='ltr'><strong>viros</strong></span> <span class='ocrx_word' id='word_1_676' title='bbox 2411 5070 2605 5128; x_wconf 79' lang='lat' dir='ltr'><strong>facias.</strong></span> <span class='ocrx_word' id='word_1_677' title='bbox 2642 5071 2794 5139; x_wconf 61' lang='lat' dir='ltr'><strong>Saepe</strong></span> <span class='ocrx_word' id='word_1_678' title='bbox 2827 5070 2976 5125; x_wconf 90' lang='lat' dir='ltr'><strong>enim</strong></span> <span class='ocrx_word' id='word_1_679' title='bbox 2996 5067 3310 5125; x_wconf 84' lang='lat' dir='ltr'><strong>necessaria</strong></span> <span class='ocrx_word' id='word_1_680' title='bbox 3343 5063 3595 5135; x_wconf 62' lang='lat' dir='ltr'><strong>quaedam</strong></span> 
     </span>
    </p>
   </div>
   <div class='ocr_carea' id='block_1_101' title="bbox 2013 5153 3597 5229">
    <p class='ocr_par' dir='ltr' id='par_1_101' title="bbox 2013 5153 3597 5229">
     <span class='ocr_line' id='line_1_101' title="bbox 2013 5153 3597 5229; baseline -0.003 -17"><span class='ocrx_word' id='word_1_681' title='bbox 2013 5167 2211 5228; x_wconf 64' lang='lat' dir='ltr'><strong>praeter</strong></span> <span class='ocrx_word' id='word_1_682' title='bbox 2242 5160 2561 5229; x_wconf 81' lang='lat' dir='ltr'><strong>Opinionem</strong></span> <span class='ocrx_word' id='word_1_683' title='bbox 2623 5158 2893 5223; x_wconf 88' lang='lat' dir='ltr'><strong>incidunt,</strong></span> <span class='ocrx_word' id='word_1_684' title='bbox 2953 5170 3006 5212; x_wconf 88' lang='lat' dir='ltr'><strong>et</strong></span> <span class='ocrx_word' id='word_1_685' title='bbox 3039 5156 3108 5210; x_wconf 91' lang='lat' dir='ltr'><strong>ab</strong></span> <span class='ocrx_word' id='word_1_686' title='bbox 3156 5157 3223 5211; x_wconf 90' lang='lat' dir='ltr'><strong>iis</strong></span> <span class='ocrx_word' id='word_1_687' title='bbox 3263 5153 3597 5209; x_wconf 79' lang='lat' dir='ltr'><strong>examinatis</strong></span> 
     </span>
    </p>
   </div>
   <div class='ocr_carea' id='block_1_102' title="bbox 2013 5245 3521 5320">
    <p class='ocr_par' dir='ltr' id='par_1_102' title="bbox 2013 5245 3521 5320">
     <span class='ocr_line' id='line_1_102' title="bbox 2013 5245 3521 5320; baseline -0.003 -19"><span class='ocrx_word' id='word_1_688' title='bbox 2013 5248 2465 5318; x_wconf 82' lang='lat' dir='ltr'><strong>proficiscuntur,</strong></span> <span class='ocrx_word' id='word_1_689' title='bbox 2500 5265 2623 5319; x_wconf 72' lang='lat' dir='ltr'><strong>qua:</strong></span> <span class='ocrx_word' id='word_1_690' title='bbox 2651 5249 2838 5304; x_wconf 87' lang='lat' dir='ltr'><strong>multis</strong></span> <span class='ocrx_word' id='word_1_691' title='bbox 2868 5249 3113 5320; x_wconf 87' lang='lat' dir='ltr'><strong>patelieri</strong></span> <span class='ocrx_word' id='word_1_692' title='bbox 3162 5263 3270 5302; x_wconf 88' lang='lat' dir='ltr'><strong>non</strong></span> <span class='ocrx_word' id='word_1_693' title='bbox 3293 5245 3521 5301; x_wconf 73' lang='lat' dir='ltr'><strong>debent.</strong></span> 
     </span>
    </p>
   </div>
   <div class='ocr_carea' id='block_1_103' title="bbox 2079 5337 3595 5413">
    <p class='ocr_par' dir='ltr' id='par_1_103' title="bbox 2079 5337 3595 5413">
     <span class='ocr_line' id='line_1_103' title="bbox 2079 5337 3595 5413; baseline -0.001 -19"><span class='ocrx_word' id='word_1_694' title='bbox 2079 5340 2171 5403; x_wconf 78' lang='grc'><strong>41.</strong></span> <span class='ocrx_word' id='word_1_695' title='bbox 2213 5337 2282 5395; x_wconf 90' lang='lat' dir='ltr'><strong>lis</strong></span> <span class='ocrx_word' id='word_1_696' title='bbox 2308 5342 2399 5412; x_wconf 88' lang='lat' dir='ltr'><strong>qui</strong></span> <span class='ocrx_word' id='word_1_697' title='bbox 2434 5343 2501 5398; x_wconf 90' lang='lat' dir='ltr'><strong>ad</strong></span> <span class='ocrx_word' id='word_1_698' title='bbox 2536 5353 2589 5398; x_wconf 88' lang='lat' dir='ltr'><strong>te</strong></span> <span class='ocrx_word' id='word_1_699' title='bbox 2622 5342 2949 5413; x_wconf 75' lang='lat' dir='ltr'><strong>confugiunt</strong></span> <span class='ocrx_word' id='word_1_700' title='bbox 2976 5358 3043 5397; x_wconf 88' lang='lat' dir='ltr'><strong>ne</strong></span> <span class='ocrx_word' id='word_1_701' title='bbox 3079 5340 3247 5397; x_wconf 91' lang='lat' dir='ltr'><strong>nimis</strong></span> <span class='ocrx_word' id='word_1_702' title='bbox 3279 5339 3438 5394; x_wconf 80' lang='lat' dir='ltr'><strong>facile</strong></span> <span class='ocrx_word' id='word_1_703' title='bbox 3468 5351 3595 5392; x_wconf 84' lang='lat' dir='ltr'><strong>cre-</strong></span> 
     </span>
    </p>
   </div>
   <div class='ocr_carea' id='block_1_104' title="bbox 2010 5430 3595 5507">
    <p class='ocr_par' dir='ltr' id='par_1_104' title="bbox 2010 5430 3595 5507">
     <span class='ocr_line' id='line_1_104' title="bbox 2010 5430 3595 5507; baseline -0.01 -7"><span class='ocrx_word' id='word_1_704' title='bbox 2010 5431 2132 5499; x_wconf 62' lang='lat' dir='ltr'><strong>das,</strong></span> <span class='ocrx_word' id='word_1_705' title='bbox 2162 5447 2340 5504; x_wconf 85' lang='lat' dir='ltr'><strong>neque</strong></span> <span class='ocrx_word' id='word_1_706' title='bbox 2377 5434 2448 5489; x_wconf 90' lang='lat' dir='ltr'><strong>iis</strong></span> <span class='ocrx_word' id='word_1_707' title='bbox 2479 5435 2575 5506; x_wconf 90' lang='lat' dir='ltr'><strong>qui</strong></span> <span class='ocrx_word' id='word_1_708' title='bbox 2643 5435 2937 5506; x_wconf 87' lang='lat' dir='ltr'><strong>repentina</strong></span> <span class='ocrx_word' id='word_1_709' title='bbox 2988 5436 3225 5507; x_wconf 85' lang='lat' dir='ltr'><strong>quadam</strong></span> <span class='ocrx_word' id='word_1_710' title='bbox 3276 5430 3595 5489; x_wconf 71' lang='lat' dir='ltr'><strong>incursione</strong></span> 
     </span>
    </p>
   </div>
   <div class='ocr_carea' id='block_1_105' title="bbox 1839 5633 2073 5693">
    <p class='ocr_par' dir='ltr' id='par_1_105' title="bbox 1839 5633 2073 5693">
     <span class='ocr_line' id='line_1_105' title="bbox 1839 5633 2073 5693; baseline 0.017 -4"><span class='ocrx_word' id='word_1_711' title='bbox 1839 5633 2073 5693; x_wconf 67' lang='lat' dir='ltr'><strong>NOTAE.</strong></span> 
     </span>
    </p>
   </div>
   <div class='ocr_carea' id='block_1_106' title="bbox 389 5710 1484 5790">
    <p class='ocr_par' dir='ltr' id='par_1_106' title="bbox 389 5710 1484 5790">
     <span class='ocr_line' id='line_1_106' title="bbox 389 5710 1484 5790; baseline 0.004 -21"><span class='ocrx_word' id='word_1_712' title='bbox 537 5714 827 5790; x_wconf 61' lang='grc' dir='ltr'>ρλὰψςεις.</span> <span class='ocrx_word' id='word_1_713' title='bbox 854 5718 1232 5790; x_wconf 82' lang='lat' dir='ltr'><strong>Scribebatur,</strong></span> <span class='ocrx_word' id='word_1_714' title='bbox 1270 5718 1484 5790; x_wconf 75' lang='grc' dir='ltr'>βλάψει.</span> 
     </span>
    </p>
   </div>
   <div class='ocr_carea' id='block_1_107' title="bbox 393 5781 1634 5866">
    <p class='ocr_par' dir='ltr' id='par_1_107' title="bbox 393 5781 1634 5866">
     <span class='ocr_line' id='line_1_107' title="bbox 393 5781 1634 5866; baseline 0.007 -27"><span class='ocrx_word' id='word_1_715' title='bbox 393 5781 505 5854; x_wconf 73' lang='lat'><strong>(32)</strong></span> <span class='ocrx_word' id='word_1_716' title='bbox 533 5781 906 5854; x_wconf 75' lang='grc' dir='ltr'>Πραὶδεύειν.</span> <span class='ocrx_word' id='word_1_717' title='bbox 943 5781 1317 5860; x_wconf 75' lang='lat' dir='ltr'><strong>Scribebatur,</strong></span> <span class='ocrx_word' id='word_1_718' title='bbox 1351 5781 1634 5866; x_wconf 77' lang='grc' dir='ltr'>π’ροδεύειν</span> 
     </span>
    </p>
   </div>
   <div class='ocr_carea' id='block_1_108' title="bbox 2089 5724 3210 5803">
    <p class='ocr_par' dir='ltr' id='par_1_108' title="bbox 2089 5724 3210 5803">
     <span class='ocr_line' id='line_1_108' title="bbox 2089 5724 3210 5803; baseline 0.006 -19"><span class='ocrx_word' id='word_1_719' title='bbox 2089 5724 2203 5801; x_wconf 79' lang='grc'><strong>(55)</strong></span> <span class='ocrx_word' id='word_1_720' title='bbox 2232 5731 2341 5787; x_wconf 73' lang='grc' dir='ltr'><strong>Καὶ</strong></span> <span class='ocrx_word' id='word_1_721' title='bbox 2363 5731 2673 5803; x_wconf 70' lang='grc' dir='ltr'>ἁρμόδιον.</span> <span class='ocrx_word' id='word_1_722' title='bbox 2705 5732 2919 5792; x_wconf 86' lang='lat' dir='ltr'><strong>Censeo</strong></span> <span class='ocrx_word' id='word_1_723' title='bbox 2952 5733 3210 5791; x_wconf 84' lang='lat' dir='ltr'><strong>delenda.</strong></span> 
     </span>
    </p>
   </div>
  </div>
