4074 6222
482 289 591 355 923

1748 275 2024 336 LEONIS
2063 274 2522 334 PHILOSOPHI

3580 278 3599 293 ⁴
3632 269 3762 332 924

480 399 809 467 capiuntur:
845 406 988 462 saepe
1020 388 1164 444 enim
1197 396 1311 443 tum
1346 385 1440 455 qui
1474 385 1539 437 ad
1596 393 1648 441 te
1704 385 2051 455 confugiunt,

2163 382 2377 445 βαίνοις’
2422 383 2611 453 ἐπειδὴ
2664 383 2953 453 συμϐαίνει
2988 383 3345 455 πεπλασμένα
3402 386 3494 439 καὶ
3541 372 3605 440 ἐκ
3637 388 3760 441 τῶν

483 498 597 540 tum
629 485 717 550 qui
747 480 1064 549 capiuntur,
1088 475 1356 545 permulta
1386 473 1521 526 falsa
1553 473 1874 542 loquuntur.

552 575 642 628 42.
684 574 869 639 Neque
901 568 969 623 iis
1003 582 1123 635 ρυλε
1176 566 1243 620 ab
1276 581 1387 620 uno
1422 565 1604 633 aliquo
1644 564 1925 625 dicuntur,
1958 562 2055 617 sed

432 720 435 725 γ
482 680 601 735 quae
632 678 659 715 a
701 658 957 726 pluribus
988 665 1390 719 memorantur,
1431 655 1648 709 credas.
1712 655 1911 708 Eorum
1957 668 2056 707 au-

479 767 586 811 tem
620 752 1039 809 consensionem
1070 750 1255 820 potius
1316 749 1572 802 attendas
1619 747 1711 816 qui
1770 746 1915 800 bello
1964 759 2055 800 ca-

480 844 729 913 piuntur,
762 855 926 910 quam
964 838 1056 909 qui
1084 837 1383 892 voluntarii
1415 834 1482 889 ad
1506 845 1558 890 te
1597 833 1947 902 confugiunt.

545 1019 633 1073 Αἵ).
670 1017 779 1074 Eos
806 1017 899 1086 qui
922 1017 990 1071 ab
1017 1016 1272 1072 hostibus
1297 1016 1365 1071 ad
1402 1024 1456 1071 te
1490 1016 1843 1088 confugiunt,
1874 1025 1923 1071 et
1971 1030 2057 1072 se-

476 1119 625 1164 creta
657 1120 821 1179 atque
851 1109 1033 1164 abdita
1065 1109 1317 1179 quzedam
1343 1124 1403 1164 se
1435 1110 1732 1164 enuntiare
1778 1108 1918 1163 velle
1967 1108 2055 1163 di-

475 1209 631 1262 cunt,
653 1200 707 1255 in
740 1201 994 1256 custodia
1026 1207 1238 1265 teneas,
1264 1207 1356 1253 aut
1383 1200 1487 1253 alia
1518 1208 1635 1252 tuta
1668 1199 1886 1255 ratione
1911 1197 2054 1268 apud

476 1301 527 1345 te
566 1307 784 1346 serves:
812 1300 866 1346 et
898 1294 1211 1361 promittas,
1238 1291 1283 1345 si
1319 1305 1451 1344 vero
1484 1291 1800 1360 loquantur,
1842 1298 1895 1345 te
1932 1290 2054 1345 illos

475 1390 933 1437 muneraturum:
993 1384 1078 1436 sin
1142 1383 1506 1446 mentiantur,
1556 1390 1791 1437 mortem
1832 1382 2054 1436 minita-

475 1477 648 1530 beris.

543 1569 633 1623 M.
660 1568 716 1623 Si
779 1568 1019 1625 hostium
1060 1567 1338 1623 exercitus
1393 1567 1638 1638 cogitur,
1704 1574 1872 1634 tuque
1896 1573 2052 1620 extra

475 1662 838 1717 munitionem
870 1660 969 1724 sis,
1005 1677 1074 1715 ne
1098 1660 1324 1715 militem
1350 1661 1520 1713 ullum
1556 1658 1623 1713 ad
1659 1657 2047 1728 pradationem

475 1754 952 1823 direptionemque
990 1754 1235 1807 hostium
1277 1752 1487 1818 mittas,
1512 1750 1605 1807 sed
1651 1751 1831 1821 primo
1857 1750 2055 1805 invade

476 1844 623 1904 illos.
656 1852 709 1897 et
740 1845 783 1899 si
812 1844 950 1899 bene
987 1845 1110 1899 belli
1142 1845 1325 1899 exitus
1380 1843 1739 1912 processerit,
1785 1857 1853 1897 ne
1897 1841 2054 1897 diﬂ'e-

475 1951 570 1989 ras
597 1946 831 2006 tempus.
866 1937 959 1991 sed
1001 1936 1129 1991 dum
1176 1936 1230 1989 in
1296 1936 1537 1989 tumultu
1594 1934 1901 2003 timoreque
1938 1932 2055 1988 fue-

476 2028 610 2094 rint,
641 2027 1056 2097 impressionem
1093 2028 1145 2081 in
1207 2027 1332 2081 illos
1370 2025 1563 2091 facies,
1616 2024 1795 2081 donec
1824 2025 2053 2079 omnino

475 2121 691 2190 disjecti
716 2122 1065 2191 dispersique
1099 2120 1325 2185 fuerint,
1348 2126 1519 2191 tuque
1547 2118 1601 2173 iu
1634 2124 1753 2173 tuto
1805 2131 1870 2171 ac
1897 2124 2054 2173 extra

472 2212 779 2281 perieulum
808 2213 1001 2269 fueris.

544 2385 633 2440 45.
669 2384 766 2440 Sin
821 2387 1009 2444 hostes
1057 2389 1238 2444 coacti
1302 2386 1527 2453 fuerint,
1563 2387 1813 2457 prmlium
1868 2395 2051 2441 tamen

471 2492 536 2533 ac
564 2478 976 2535 dimicationem
1004 2480 1319 2551 rejecerint,
1360 2480 1633 2535 contende
1691 2478 1903 2548 junctis
1955 2493 2053 2533 co-

472 2571 579 2640 piis
618 2582 783 2640 atque
818 2572 1075 2626 adunatis
1110 2573 1404 2627 adversum
1454 2587 1551 2627 eos
1576 2572 1821 2640 prodire,
1848 2581 1902 2627 et
1929 2585 2051 2641 quae

472 2668 598 2712 ante
627 2659 790 2726 pedes
817 2667 946 2713 sunt
976 2660 1159 2712 omnia
1193 2667 1429 2713 vastare.

542 2745 632 2799 46.
660 2745 715 2799 Si
739 2761 833 2813 per
853 2746 1105 2800 eamdem
1146 2747 1291 2800 viam
1327 2747 1524 2801 reditio
1565 2754 1658 2800 tua
1712 2748 1836 2812 erit,
1872 2763 2051 2818 neque

474 2835 733 2891 alimenta
773 2844 866 2889 aut
888 2838 1167 2906 pastiones
1200 2838 1326 2892 ulla:
1357 2838 1467 2893 sint
1499 2847 1788 2908 praeterea,
1842 2856 1911 2896 ne
1935 2852 2047 2896 tum

454 2926 592 2981 bace
623 2928 880 2982 alimenta
912 2942 1033 2997 quae
1062 2935 1189 2985 ante
1258 2929 1426 3000 pedes
1480 2941 1609 2985 sunt
1668 2932 2045 3001 pupulaberis,

474 3018 571 3073 sed
612 3018 703 3073 ubi
744 3032 999 3075 reversus
1034 3018 1206 3075 fueris
1242 3029 1357 3075 tum
1385 3022 1574 3089 potius
1621 3024 1894 3079 vastabis.

542 3196 633 3250 47.
674 3194 742 3250 Ut
776 3212 844 3252 ne
870 3196 1047 3253 aliena
1086 3198 1139 3252 in
1183 3198 1403 3270 regione
1435 3214 1611 3264 erres,
1643 3200 1695 3254 in
1740 3200 2050 3257 diverticu-

473 3284 540 3339 lis
578 3292 633 3340 et
659 3285 929 3356 ambiguis
962 3287 1065 3343 viis
1087 3288 1241 3359 signa
1271 3302 1461 3358 pones.
1498 3286 1554 3341 Si
1611 3288 1763 3343 silvae
1816 3290 1961 3345 sint:
1996 3290 2051 3344 in

470 3378 801 3434 arboribus:
834 3379 879 3434 si
909 3378 1071 3449 plana
1117 3381 1487 3450 expositaque
1540 3380 1683 3445 loca,
1728 3383 1781 3436 in
1834 3383 2049 3438 acervis

470 3472 739 3541 lapidum,
798 3481 893 3527 aut
970 3472 1400 3529 suﬂossiouibus
1470 3475 1800 3543 quibusdam
1863 3477 2048 3546 parvis

471 3564 711 3628 notabis,
747 3575 805 3619 ut
853 3567 949 3636 qui
999 3574 1190 3637 postea
1240 3574 1549 3637 sequuntur
1589 3582 1657 3623 ex
1722 3569 1833 3623 tuis
1866 3570 2047 3626 minus

470 3658 753 3714 aberrent.

541 3835 633 3889 48.
669 3833 824 3899 Quos
846 3834 913 3888 ad
935 3834 1296 3903 prteliandum
1329 3835 1710 3905 segregaveris
1737 3838 2052 3907 atqueemi-

470 3925 632 3991 seris,
678 3927 913 3995 praecipe
940 3936 1000 3980 ut
1035 3941 1104 3981 ne
1156 3942 1349 3982 omnes
1409 3928 1839 3999 praedationibus
1876 3944 2048 3985 occu-

392 4092 399 4099 _
470 4023 693 4087 pentur,
726 4016 821 4072 sed
851 4016 1017 4073 divisi
1051 4017 1188 4082 sint,
1229 4026 1290 4072 ut
1316 4018 1409 4073 alii
1462 4019 1808 4089 praedentur,
1868 4020 2049 4089 major

470 4128 599 4182 pars
636 4112 1151 4167 illoruminstructa
1189 4112 1255 4166 ad
1293 4112 1728 4177 custodiam,vel
1760 4122 2046 4182 sequatur,

2164 474 2619 542 προσφευγόντων
2641 476 2737 527 καὶ
2760 477 2823 529 ὲκ
2844 475 2952 529 τῶν
2977 478 3364 546 κρατουμένων
3393 476 3677 545 λέγεσθαι.

2232 565 2342 635 μβ’.
2397 566 2556 619 Ἀλλά
2609 567 2747 637 μηδὲ
2785 571 2897 630 τοῖς
2946 568 3054 622 άπὸ
3078 568 3196 631 ἑνὸς
3230 569 3393 638 μόνου
3423 569 3755 639 λεγομένοις

2158 657 2380 709 πίστευε
2411 658 2443 728 ἢ
2483 658 2740 727 πρόσεχε,
2790 659 2929 713 ἀλλά
2961 663 3026 729 τῇ
3071 660 3136 712 ὲκ
3172 660 3283 713 τῶν
3312 660 3575 715 πλειόνων
3603 680 3758 731 συμ-

2158 748 2335 819 φωνία
2366 748 2587 812 πείθου,
2622 749 2859 820 μάλιστα
2888 749 2947 803 δὲ
2981 750 3089 803 τῶν
3126 750 3185 815 ἐξ
3208 751 3509 821 ἐπιδρομῆς
3538 753 3761 823 ἀθρόας

2157 839 2549 910 ἁλισκομένων,
2592 840 2666 904 ὡς
2711 842 2960 912 εἴπομεν,
3016 843 3160 913 ἥπερ
3201 843 3310 896 τῶν
3366 846 3761 915 προσφευγόν-

2157 951 2286 988 των.

2231 1029 2341 1091 μγ’.
2383 1021 2527 1092 Πρὸς
2576 1020 2634 1074 δὲ
2676 1020 2803 1083 τοὺς
2842 1020 3285 1091 προσφεύγοντας
3338 1038 3420 1075 σοι
3470 1022 3582 1076 ἀπὸ
3636 1024 3756 1076 τῶν

2156 1114 2389 1187 ἐχθρῶν,
2414 1116 2507 1168 καί
2526 1128 2646 1167 τινα
2670 1113 2895 1185 μηνύειν
2915 1113 3420 1185 ἐπαγγελλομένους
3440 1116 3752 1185 μυστήρια,

2162 1206 2197 1275 ἢ
2228 1206 2285 1257 tv
2314 1206 2534 1275 δεσμοῖς
2562 1204 2799 1273 φύλαττε
2820 1204 2977 1269 τέως,
3004 1204 3038 1274 ἢ
3074 1203 3250 1267 άλλως
3273 1222 3390 1268 πως
3413 1205 3553 1273 μετά
3572 1206 3757 1273 ἀσφα-

2157 1294 2306 1359 λείας
2331 1295 2445 1365 ἔχε,
2475 1296 2570 1348 καὶ
2605 1294 2839 1364 πρόλεγε
2873 1295 3055 1356 αὐτοῖς
3077 1294 3284 1364 δωρεὰς
3305 1293 3523 1349 δώσειν·
3556 1295 3662 1348 ὲάν
3692 1294 3751 1347 δὲ

2157 1386 2489 1456 ψεύδωνται,
2520 1387 2733 1441 ἀπείλει
2757 1386 3007 1440 θάνατον.

2230 1564 2336 1634 μδ¹.
2392 1563 2520 1616 Ὲάν
2580 1562 2638 1615 δὲ
2695 1562 3027 1631 συνέστηκεν
3072 1562 3305 1633 στρατὸς
3357 1563 3588 1635 ἐχθρῶν,
3648 1568 3747 1620 καὶ

2156 1654 2354 1721 ἔξωθεν
2386 1653 2760 1723 ὀχυρωμάτων
2789 1653 2985 1723 διάγῃ,
3038 1652 3113 1723 μὴ
3145 1655 3391 1724 ὲπαφιῇς
3426 1654 3536 1707 τῶν
3569 1672 3748 1726 στρα-

2158 1743 2368 1797 τιωτῶν
2402 1759 2555 1806 τινας
2594 1744 2685 1795 ἐπὶ
2729 1742 2985 1812 ἁρπαγὴν
3026 1740 3061 1812 ἢ
3110 1742 3349 1813 πραίδαν
3375 1744 3744 1815 πραγμάτων,

2156 1834 2291 1887 ἀλλά
2322 1833 2587 1905 πρότερον
2617 1833 2729 1904 (54)
2765 1833 2997 1903 ὲπέρχου
3026 1832 3145 1886 κατ’
3190 1833 3357 1887 αὑτοῦ
3377 1850 3390 1863 ·
3420 1836 3515 1887 καὶ
3544 1837 3592 1888 ει
3639 1838 3747 1905 μὲν

2156 1925 2339 1987 καλῶς
2376 1923 2568 1997 ἐξέλθῃ
2612 1924 2673 1977 τὸ
2702 1924 2795 1978 τοῦ
2828 1924 3065 1995 πολέμου
3095 1925 3288 1995 πέρας,
3322 1925 3399 1995 μὴ
3433 1926 3744 1985 ἀναϐάλλου

2156 2018 2247 2070 τὸν
2288 2017 2501 2091 καιρὸν,
2543 2016 2658 2071 ἀλλ’
2704 2017 2764 2069 tv
2807 2017 2918 2087 ὅσῳ
2951 2018 3009 2069 tv
3049 2015 3198 2086 φόϐῳ
3228 2016 3323 2070 καὶ
3352 2020 3566 2086 ταραχῇ
3594 2018 3747 2071 εἰσιν

2158 2111 2207 2164 οἱ
2235 2110 2421 2179 ἐχθροὶ
2457 2108 2703 2163 ὲπιτίθου
2735 2109 2919 2171 αὐτοῖς
2952 2107 3144 2179 μέχρις
3178 2106 3272 2160 τοῦ
3306 2107 3527 2171 τελείως
3559 2125 3744 2161 κατα-

2164 2200 2367 2253 λυθῶσι
2401 2201 2496 2253 καὶ
2538 2198 3034 2268 σκορπισθῶσινθῆ
3078 2196 3343 2268 σύμφωνα
3392 2197 3750 2269 συμφέροντά

2158 2310 2240 2346 σοι
2268 2292 2534 2359 γένωνται
2558 2291 2839 2359 ἀσφαλῶς.

2228 2389 2332 2455 με’.
2384 2382 2509 2436 Ὲάν
2558 2382 2614 2434 δὲ
2645 2381 2695 2435 ot
2737 2380 2922 2451 ὲχθρολ.
2970 2379 3230 2433 σύστασιν
3263 2379 3364 2449 μὲν
3398 2379 3743 2450 ποιήσωσιν,

2154 2473 2569 2528 άναϐάλλωνται
2612 2473 2668 2525 δὲ
2718 2469 2988 2542 συμμίξαι
3045 2472 3254 2542 μάχηνο
3310 2473 3432 2524 τότε
3467 2469 3746 2535 σπούδαζε

2153 2567 2448 2636 ἡνωμένως
2495 2564 2590 2617 καὶ
2639 2563 3024 2627 άδιασπάστως
3070 2566 3420 2636 περιπατεῖν,
3455 2562 3650 2617 καὶτὰ
3678 2564 3745 2617 ὲν

2155 2658 2313 2709 ποσὶν
2338 2654 2643 2723 ἀφανίζειν.

2230 2754 2352 2817 μς¹.
2380 2747 2441 2799 Εἰ
2471 2746 2525 2798 δὲ
2556 2746 2641 2799 διὰ
2665 2745 2763 2817 τῆς
2788 2745 3043 2816 τοιαύτης
3066 2744 3186 2800 όδοῦ
3220 2747 3253 2816 ἡ
3290 2745 3606 2816 ὑποστροφή
3638 2762 3740 2798 σου

2155 2835 2434 2899 ὲλπίζεται
2464 2834 2740 2903 γενέσθαι,
2765 2838 2860 2889 καὶ
2889 2837 2989 2889 οὐκ
3016 2834 3154 2889 είσὶν
3177 2835 3336 2890 ἀλλαι
3365 2836 3681 2906 ἀποτροφαὶ
3701 2836 3740 2907 ἢ

2160 2926 2373 2995 βοσκαὶ,
2406 2926 2526 2979 τότε
2556 2926 2735 2995 φείδου
2769 2926 2864 2990 τάς
2897 2928 2954 2979 έν
2988 2926 3165 2990 ποσὶν,
3210 2926 3329 2997 ἢτοι
3364 2926 3423 2979 τὸ
3452 2925 3745 2995 ἀφανίζειν

2079 3052 2122 3111 c
2159 3019 2257 3080 τάς
2305 3017 2549 3081 δαπάνας
2572 3034 2585 3047 ·
2633 3019 2690 3071 tv
2740 3016 2816 3089 τῷ
2852 3018 3215 3088 ὑποστρέφειν
3248 3034 3332 3086 σε,
3363 3017 3484 3071 τότε
3533 3016 3745 3087 μᾶλλον

2158 3110 2389 3179 ἀφάνιζε
2422 3108 2643 3171 ταύτας.

2232 3200 2339 3271 μζ.
2383 3202 2545 3255 ’Ὥστε
2597 3200 2671 3271 μὴ
2718 3201 2775 3254 tv
2804 3203 2872 3272 τῇ
2922 3199 3181 3271 ἀλλοτρίᾳ
3216 3203 3290 3271 γῇ
3335 3199 3636 3254 πλανᾶσθαί
3678 3217 3745 3253 σε

2154 3295 2233 3356 είς
2250 3293 2349 3357 τὰς
2377 3294 2551 3358 ὁδοὺς,
2589 3294 2707 3347 δέον
2730 3293 2941 3365 σημεῖά
2966 3310 3088 3347 τινα
3114 3296 3172 3347 tv
3194 3295 3315 3356 ταῖς
3345 3292 3477 3355 ὁδοῖς
3504 3292 3597 3344 καὶ
3620 3293 3746 3355 τοῖς

2155 3386 2479 3456 ἀμφιϐόλοις
2531 3384 2795 3440 τίθεσθαι.
2858 3386 2983 3439 Ἐἀν
3029 3386 3129 3454 μὲν
3170 3383 3291 3438 ὕλαι
3338 3386 3497 3450 εἰσὶν,
3532 3385 3588 3438 tv
3617 3386 3741 3448 τοῖς

2153 3477 2420 3549 δέναροιςο
2454 3479 2502 3531 εἰ
2531 3477 2588 3532 δέ
2630 3477 2829 3547 γυμνοὶ
2851 3478 2899 3530 οἱ
2933 3476 3110 3540 τόποι,
3144 3476 3231 3529 διὰ
3274 3475 3471 3546 σωρῶν
3508 3473 3672 3527 λίθων
3702 3474 3743 3547 ἢ

2157 3569 2562 3641 ὐπορυγμάτων
2618 3568 2852 3639 μικρῶν,
2913 3566 3003 3620 διά
3057 3565 3117 3619 τὸ
3156 3565 3620 3634 ὲπιγινώσκοντας
3666 3564 3743 3616 δι’

2159 3661 2337 3714 αὐτῶν
2380 3662 2506 3724 τοὺς
2536 3658 2913 3730 ὑστερίζοντας
2964 3658 3029 3711 tx
3065 3656 3157 3710 τοῦ
3194 3653 3427 3726 στρατοῦ
3478 3655 3554 3725 μὴ
3598 3652 3744 3707 πλα-

2160 3752 2356 3805 νᾶσθαι
2388 3751 2486 3822 τὴν
2510 3748 2647 3805 ὁδόν.

2230 3851 2341 3917 μη’.
2387 3843 2583 3909 Ὃσους
2629 3844 2686 3897 δὲ
2728 3845 2810 3907 είς
2857 3842 3092 3915 πραίδαν
3142 3839 3412 3913 ἀφορίσῃς
3457 3838 3549 3893 καὶ
3597 3839 3747 3893 ἀπο.

2159 3936 2394 4007 στείλῃς,
2456 3933 2803 4007 παράγγελλε
2840 3934 2916 4005 μὴ
2958 3934 3165 3995 πάντας
3198 3933 3276 3995 εἰς
3298 3932 3394 4001 τὴν
3421 3928 3747 4000 διαρπαγὴν

2154 4025 2520 4099 ἀσχολεῖσθαι,
2552 4025 2687 4081 ἀλλὰ
2714 4023 3075 4097 διῃρημένους
3102 4019 3243 4079 εἶναι
3263 4038 3277 4053 ο
3310 4024 3396 4076 ἵνα
3420 4022 3467 4074 οί
3500 4020 3596 4091 μὲν
3625 4021 3747 4073 αὑ-

2156 4119 2264 4173 τῶν
2300 4117 2687 4189 πραιδεύωσιν·
2706 4116 2755 4169 οί
2782 4115 2839 4168 δὲ
2869 4113 3087 4176 πλείους
3108 4113 3285 4166 αὐτῶν
3315 4108 3743 4180 συντεταγμένοι

469 4206 588 4259 sive
614 4204 669 4258 in
702 4204 1004 4275 regionem,
1040 4205 1155 4260 sive
1186 4203 1239 4258 in
1294 4211 1481 4259 castra
1526 4203 1793 4266 hostium,
1826 4203 1943 4259 sive
1992 4204 2049 4258 in

2158 4211 2404 4265 ἵστανται
2435 4211 2514 4273 είς
2544 4208 2809 4279 φυλακὴν,
2842 4206 2877 4277 ἢ
2915 4203 3421 4278 παρακολουθῶσιν,
3449 4202 3557 4255 εῐτε
3593 4201 3742 4253 κατά

470 4305 744 4363 armenta,
778 4296 894 4353 sive
926 4297 979 4351 in
1036 4296 1427 4367 impedimenta
1470 4296 1721 4352 incursio
1772 4296 1881 4353 ulla
1929 4295 2046 4351 ﬁat.

2157 4300 2382 4372 χωρίου,
2424 4299 2536 4352 εἴτε
2563 4297 2707 4353 κατά
2745 4296 3015 4367 φοσσάτου
3050 4293 3281 4366 ἐχθρῶν,
3316 4293 3427 4346 είτε
3460 4289 3603 4344 κατά
3630 4286 3741 4357 ἀγ-

2082 4385 2127 4442 1)
2156 4393 2320 4463 γέλης
2362 4392 2497 4465 (35),
2540 4390 2653 4444 εἴτε
2699 4389 2841 4445 κατά
2884 4386 3126 4456 τούλδου,
3180 4386 3215 4459 ἢ
3261 4384 3449 4457 ἑτέρου
3480 4381 3645 4447 τινὸς,
3696 4382 3736 4453 ὴ

2148 4485 2431 4548 ὲπέλευσις
2458 4483 2688 4549 γίνεται.

546 4588 634 4646 49.
662 4586 777 4643 Hoc
809 4593 993 4641 autem
1015 4584 1184 4641 facies
1216 4583 1438 4654 quando
1468 4585 1743 4643 universis
1802 4600 1927 4640 cum
1956 4601 2049 4641 co-

2222 4576 2331 4649 μθ’.
2380 4575 2552 4630 Τοῦτο
2582 4574 2640 4628 δὲ
2682 4574 2825 4629 ποίει
2859 4574 2954 4627 καὶ
2994 4573 3122 4628 ὅταν
3151 4570 3431 4642 ἡνωμένου
3457 4567 3607 4629 ὄντος
3634 4565 3738 4620 τοῦ

469 4682 581 4755 piis
608 4682 673 4735 ad
710 4679 1066 4751 praeliandnm
1118 4679 1393 4750 procedis,
1434 4685 1493 4734 ut
1538 4693 1609 4734 ne
1662 4693 1852 4735 omnes
1883 4677 2047 4735 simul

2151 4669 2353 4731 παντὸς
2404 4665 2639 4738 στρατοῦ
2696 4665 2932 4737 πραίδας
2987 4662 3343 4734 ἐγχειρήσῃς,
3398 4661 3477 4723 εἰς
3535 4658 3597 4711 τὺ
3652 4656 3737 4729 μή

471 4753 527 4830 in
562 4772 995 4845 praedationibus
1025 4780 1388 4840 occupentur.

2151 4761 2359 4823 πάντας
2385 4761 2478 4813 ἰπὶ
2508 4761 2573 4831 τῇ
2600 4759 2823 4829 ἁρπαγῇ
2851 4753 3219 4826 ἀσχολεῖσθαι.

537 4841 626 4921 ϐο.
654 4867 835 4935 Atque
861 4864 952 4919 ubi
996 4862 1293 4933 pabulandi
1350 4871 1567 4930 tempus
1600 4860 1790 4929 fuerit,
1825 4862 1914 4917 alii
1940 4878 2041 4933 pa-

2212 4852 2275 4908 v'.
2329 4852 2468 4905 Ἀλλ’
2496 4853 2545 4904 εἰ
2572 4852 2666 4905 καὶ
2697 4849 2959 4919 συλλογῆς
2988 4846 3235 4917 δαπάνης
3257 4842 3446 4916 καιρὸς
3470 4841 3729 4935 γένηται,

467 4959 656 5015 bulum
683 4933 967 5025 colligant,
1004 4954 1097 5009 alii
1123 4953 1369 5024 apparati
1409 4952 1778 5022 instructique
1806 4968 2045 5023 sequan-

2151 4948 2225 5001 δεῖ
2254 4946 2381 5011 τοὺς
2414 4945 2512 5017 μὲν
2539 4943 2840 5013 συλλέγειν,
2873 4943 2999 5005 τοὺς
3043 4940 3101 4993 δὲ
3134 4936 3599 5008 συντεταγμένους
3628 4933 3733 5025 παὶ

466 5063 579 5119 tur,
620 5057 679 5106 ut
712 5066 778 5106 ne
812 5051 860 5106 si
898 5064 1095 5104 omnes
1146 5063 1204 5101 se
1244 5046 1309 5101 ad
1352 5044 1613 5111 pabulum
1671 5043 2041 5114 colligendum

2151 5036 2669 5110 παρατεταγμένους
2703 5031 3054 5088 ἀκολουθεῖν⁸
3085 5030 3228 5084 ὥστε
3256 5028 3475 5083 πάντων
3506 5027 3586 5088 εἰς
3628 5023 3736 5095 άρ-

465 5117 858 5208 εοηέεηενὶηι,
886 5151 937 5196 et
963 5141 1144 5196 subita
1187 5138 1435 5210 quaedam
1472 5137 1727 5206 irruptio,
1755 5146 1849 5191 aut
1905 5138 2046 5193 insi-

2151 5133 2329 5204 παγὴν
2365 5132 2398 5203 ἢ
2441 5130 2708 5199 συλλογὴν
2753 5127 2861 5181 τὼν
2888 5124 3208 5196 επιτηδείων
3235 5120 3433 5195 χρειῶν
3473 5117 3735 5188 ἀσχολου-

466 5236 571 5289 dia:
593 5234 816 5299 fuerint,
853 5233 955 5303 ipsi
981 5232 1237 5302 imparati
1283 5229 1574 5302 sparsique
1628 5230 2040 5300 opprimantur,

2157 5227 2357 5299 μένων,
2390 5225 2466 5295 μὴ
2493 5220 2876 5294 αἰφνιδιασμόν
2920 5236 3043 5273 τινα
3076 5217 3109 5288 ἢ
3155 5216 3454 5287 εγκρυμμα
3485 5211 3592 5303 ὑπὸ
3620 5210 3733 5303 τῶν

466 5328 595 5398 quia
618 5342 954 5383 serevocare
1005 5325 1073 5380 ad
1129 5323 1373 5381 ordinem
1430 5324 1835 5396 stationcmque
1881 5338 2041 5380 suam

2153 5297 2410 5371 ἐναντίων
2446 5315 2626 5388 συμϐῇ
2672 5311 2925 5383 γενέσθαι
2950 5325 2965 5341 ’
3006 5312 3054 5363 εί
3090 5306 3198 5379 γὰρ
3228 5304 3411 5377 συμϐῇ
3454 5301 3612 5398 τούτο

2154 5410 2323 5464 ὄντων
2345 5408 2525 5463 αὐτῶν
2544 5403 3014 5475 συντεταγμένων,
3054 5400 3115 5455 οὐ
3148 5398 3466 5470 δυνήσονται
3508 5390 3735 5454 ἑαυτοὺς

2154 5499 2617 5554 ἀνακαλέσασθαι.

1993 5588 2225 5647 ΝΟΤΛΕ.

542 5686 655 5759 (54)
688 5686 865 5742 Codex
908 5688 1309 5759 Laurentianus
1345 5706 1454 5743 una
1486 5691 1919 5759 inte-grachana
1954 5687 2041 5741 hic
2083 5686 2308 5741 mutilus
2334 5693 2437 5743 est.

539 5758 651 5826 (ὅὸ)
686 5759 846 5809 Κατὰ
876 5759 1156 5825 (tm-6.1m.
1184 5758 1398 5823 Scribe,
1436 5760 1574 5812 κατὰ
1608 5758 1825 5827 ἀγέλης.

470 5430 578 5473 non
616 5427 870 5490 possunt.
