4074 6222
308 264 417 326 925

1398 257 2313 322 TACTICA.—CONSTITUTIO
2356 256 2544 316 XVII.

3466 261 3573 323 9‘26

380 384 481 433 να’.
524 378 694 431 Ὅταν
723 375 779 429 δὲ
809 376 914 447 χρὴ
946 375 1041 428 τοῦ
1068 373 1181 444 (56)
1213 376 1480 444 αἰφνιδίου
1511 375 1605 437 τὰς
1632 373 1887 443 ἐγχειρή-

2061 373 2151 425 51.
2182 369 2415 436 Quando
2448 366 2763 437 repentinas
2802 368 3018 437 aliquas
3071 368 3445 433 incursiones,
3489 374 3574 425 vel

314 489 428 534 σεις
482 468 625 523 κατά
676 485 842 521 τινων
870 468 1217 537 Σκυθικῶνή
1264 484 1422 520 τινων
1464 464 1666 536 ὁμοίων
1714 461 1885 516 ἐθνῶν

311 562 609 623 ποιεῖσθαι,
631 559 721 612 διά
754 559 815 611 τὸ
836 559 1071 629 μάλιστα
1095 558 1426 623 ἀνύποπτον,
1458 554 1568 626 χρὴ
1600 555 1738 625 μετὰ
1765 569 1889 606 σκο-

313 653 418 708 ποῦ
460 652 529 705 τά
560 668 621 704 τε
651 650 787 720 δάση
838 652 933 703 καὶ
974 649 1072 714 τὰς
1101 649 1407 719 δυσχωρίας
1456 646 1748 718 προσέχειν
1794 644 1890 698 καὶ

310 740 708 814 διερευνᾶσθαι.
776 740 886 793 Καὶ
944 739 1119 802 οὕτως
1177 736 1584 808 προορδινεύειν
1656 735 1763 805 χρὴ
1823 734 1891 787 τὰ

314 833 501 905 βάνδα,
532 833 612 896 είς
637 831 701 884 τὸ
726 830 929 884 εἰδέναι
959 829 1118 893 αὑτά,
1146 832 1297 881 ποῖον
1338 827 1575 899 πρῶτον,
1613 827 1708 881 καὶ
1740 829 1892 879 ποῖον

310 924 587 996 δεύτερον,
628 924 725 975 καὶ
774 923 926 974 ποῖον
979 922 1186 991 τρίτον,
1233 920 1326 973 καὶ
1371 918 1569 987 ἑφεξῆς
1616 917 1893 986 ὀφείλουσι

313 1016 667 1086 περιπατεϊνο
705 1013 799 1067 καὶ
829 1012 1063 1081 μάλιστα
1093 1012 1188 1065 ἐὰν
1218 1011 1305 1063 διὰ.
1336 1009 1537 1063 στενῶν
1580 1009 1763 1062 τόπων
1803 1008 1896 1076 ἔφ-

316 1110 431 1172 οδος
461 1106 688 1175 γίνεται·
725 1104 818 1159 καὶ
849 1103 938 1156 ἵνα
969 1103 1044 1174 μὴ
1073 1102 1409 1173 συγχέωνται
1440 1099 1679 1170 βραδέως
1709 1099 1769 1153 ὲν
1818 1096 1896 1167 τῷ

314 1194 663 1267 διαμερισμῷ
695 1193 1083 1264 συνέρχωνται.

386 1284 486 1355 νβ’.
531 1286 720 1353 ’Δφνω
746 1282 853 1353 γὰρ
884 1280 985 1348 τῆς
1015 1277 1352 1342 ὲπελεύσεως
1379 1275 1694 1346 γινομένης,
1717 1274 1765 1326 εί
1797 1274 1895 1344 μὲν

319 1378 408 1431 διά
457 1376 552 1430 δύο
605 1374 821 1444 τρόπων
880 1369 1184 1441 ἐπιτήδειόν
1242 1370 1359 1422 ἐστι
1416 1368 1515 1436 τὴν
1578 1367 1896 1435 ἐγχείρησιν

320 1465 678 1537 ποιήσασθαι,
725 1464 825 1525 δεῖ,
862 1463 953 1517 τὸν
998 1460 1229 1530 στρατὸν
1276 1460 1357 1521 είς
1400 1448 1495 1512 δύο
1554 1454 1895 1526 μερίζεσθαι,

321 1558 418 1612 καὶ
460 1557 521 1610 τὸ
550 1555 649 1626 μὲν
693 1554 751 1608 ἓν
785 1553 948 1625 μέρος
985 1551 1283 1622 λαμϐάνειν
1313 1550 1348 1621 ἢ
1377 1549 1469 1604 τὸν
1505 1548 1812 1618 μεράρχην,
1840 1545 1900 1598 δν

319 1651 365 1702 oi
398 1647 619 1701 παλαιοὶ
648 1644 1063 1715 ὑποστράτηγον
1105 1642 1310 1711 ελεγον,
1337 1641 1371 1711 ἦ
1401 1640 1491 1695 τὸν
1517 1638 1893 1710 τουρμάρχην,

1991 474 2185 518 contra
2208 461 2496 531 Scythicas
2515 460 2763 517 nationes
2781 469 2875 513 aut
2891 460 3029 514 alias
3047 461 3363 530 huiusmodi
3383 474 3575 530 gentes

1993 554 2240 609 facturus
2257 568 2339 616 es,
2364 550 2621 605 utomnia
2646 551 2818 620 magis
2836 550 3157 620 suspicione
3176 561 3422 616 careant,
3437 566 3574 606 con-

1989 647 2157 701 densa
2207 646 2321 698 loca
2360 642 2831 710 dillicnitatesque
2891 643 3178 711 regionum
3234 643 3572 712 speculatori

1992 737 2157 792 alicui
2211 736 2363 805 prius
2404 734 2802 803 perlustrandae
2845 744 2996 795 sunt,
3064 736 3248 803 itaque
3304 736 3453 790 acies
3483 736 3570 788 in-

1992 825 2275 883 struendae
2303 834 2361 879 ttt
2415 828 2589 880 sciant
2624 839 2816 879 omnes
2847 839 2967 894 qua:
2993 825 3193 879 cohors
3216 825 3408 894 prima,
3440 839 3562 893 quae

1994 921 2258 985 secunda,
2278 932 2398 987 qua
2424 918 2585 971 tertia
2603 932 2723 971 esse
2738 916 2964 981 debeat;
2986 928 3147 986 atque
3172 918 3246 971 ita
3282 933 3348 970 ex
3382 917 3577 972 ordine

1996 1010 2293 1075 ambulent,
2320 1009 2366 1063 si
2408 1024 2503 1079 per
2529 1009 2813 1079 angustias
2835 1008 3051 1078 aliquas
3089 1008 3378 1062 transituri
3416 1008 3524 1062 sint
3559 1049 3574 1071 ,

1991 1106 2107 1153 tum
2166 1100 2332 1153 etiam
2386 1108 2445 1151 ut
2498 1113 2565 1151 ne
2609 1098 2826 1153 tardius
2884 1098 2939 1151 in
2982 1098 3230 1152 ordinem
3262 1098 3572 1154 adducendi

1997 1199 2147 1253 sunt,
2207 1189 2582 1245 instruantur.

2069 1282 2158 1335 52.
2192 1280 2385 1335 Subita
2416 1281 2665 1334 incursio
2719 1280 2901 1350 aliqua
2933 1280 2979 1335 si
3019 1279 3200 1334 futura
3248 1282 3339 1345 sit,
3387 1282 3432 1335 si
3481 1296 3577 1351 per

1998 1372 2108 1425 duo
2138 1372 2257 1425 loca
2287 1372 2393 1425 iter
2426 1371 2778 1425 commodum
2810 1370 2926 1423 fieri
2955 1379 3159 1440 potest,
3195 1371 3247 1425 in
3284 1372 3423 1426 duas
3446 1385 3575 1440 par-

2000 1471 2082 1517 tes
2115 1463 2397 1517 exercitus
2419 1461 2717 1525 dividatur,
2753 1469 2807 1515 et
2838 1461 2996 1514 alteri
3037 1464 3177 1531 parti
3236 1464 3421 1531 praesit
3460 1479 3575 1516 me-

2001 1551 2221 1615 rarcba,
2261 1565 2424 1622 quem
2458 1550 2672 1619 antiqui
2729 1550 3060 1618 principem,
3097 1551 3216 1605 sive
3274 1565 3578 1621 prapraeto-

2004 1658 2119 1699 rem
2149 1645 2442 1710 vocabant,
2474 1643 2569 1714 qui
2598 1644 3097 1697 etiamturmarcha
3137 1643 3363 1697 dicitur.
3402 1646 3576 1709 Quot-

320 1740 353 1810 ἦ
378 1742 550 1793 ὁποῖοι
576 1708 837 1807 ἄρχοντες
979 1708 1184 1803 νέφοδον
1207 1708 1512 1786 ποιουνται.
1544 1708 1648 1782 Δύο
1678 1730 1896 1792 πάντως

2008 1750 2215 1805 cunque
2234 1735 2382 1790 enim
2419 1742 2471 1789 et
2495 1735 2911 1805 qualescunque
2941 1735 3190 1789 homines
3226 1735 3429 1789 fuerint
3481 1735 3577 1804 qui

317 1833 588 1903 ἄρχοντας
634 1827 851 1902 πρῶτον
890 1827 985 1883 καὶ
1014 1825 1265 1896 δεύτερον
1304 1825 1383 1887 εἰς
1422 1823 1491 1877 τὰ
1513 1822 1604 1876 δύο
1632 1822 1774 1891 μέρη
1800 1819 1899 1874 ἕνα

320 1923 443 1977 καθ’
470 1922 702 1975 ἕκαστον
751 1918 1074 1988 ἐπιστῆσαι,
1130 1918 1225 1970 καὶ
1271 1916 1333 1969 τὸ
1366 1915 1463 1984 μὲν
1498 1912 1555 1966 ἓν
1607 1914 1792 1983 μέρος,
1823 1908 1899 1972 ὡς

320 2014 554 2085 εἴρηται,
582 2011 674 2064 τὸν
695 2010 792 2065 ἕνα
809 2008 1087 2080 ἀρχονταέ
1097 2006 1407 2076 ξάπληκτον
1430 2004 1598 2075 ἔχειν,
1613 2004 1709 2057 καὶ⁸
1730 2000 1900 2072 χωρὶς

318 2106 568 2169 τούλδου,
616 2103 709 2157 καὶ
754 2103 1133 2169 προκόπτοντα
1169 2100 1244 2162 ὡς
1273 2105 1332 2151 ιε’
1370 2104 1464 2152 καὶ
1494 2104 1537 2150 χ’
1566 2096 1759 2165 μιλίων
1782 2093 1901 2147 διά-

322 2214 505 2268 στημα
543 2194 630 2248 διὰ
671 2192 850 2245 τόπων
899 2190 1195 2259 ἀγνώστων
1236 2189 1445 2243 ὲκείθεν
1478 2187 1743 2257 ἄρχεσθαι
1798 2184 1899 2255 τῆς

321 2287 552 2359 πραίδας
579 2284 719 2336 ὥστε
746 2283 839 2334 ἐπὶ
859 2283 922 2334 τὸ
948 2281 1112 2353 μέρος
1149 2279 1255 2333 τοῦη
1270 2278 1579 2350 στρατηγοῦ
1605 2275 1860 2347 ἔρχεσθαι
1881 2289 1897 2305 ·

322 2379 415 2432 τὸν
455 2373 760 2445 στρατηγὸν
806 2372 998 2441 ἔχοντα
1022 2372 1082 2424 τὸ
1110 2370 1239 2424 ἄλλο
1275 2373 1443 2440 μέρος
1472 2369 1560 2422 διὰ
1584 2368 1680 2436 τῆς
1709 2365 1901 2436 ἑτέρας

321 2463 498 2535 ἀρχῆς
541 2460 650 2514 τῶν
695 2460 912 2529 χωρίων
960 2457 1263 2512 εἰσϐάλλειν
1292 2458 1388 2512 καὶ
1437 2455 1776 2527 πραιδεύειν,
1806 2455 1903 2507 καὶ

322 2553 663 2623 ἀμφοτέρους
713 2553 793 2613 είς
839 2547 1086 2615 ἀπαντὴν
1110 2548 1353 2619 ἀλλήλων
1402 2546 1755 2616 ἐρχομένους,
1811 2543 1904 2597 καὶ

326 2642 720 2715 πραιδεύοντας
756 2642 824 2723 τά
854 2642 913 2693 ὲν
945 2640 1096 2712 μέσῳ
1124 2640 1321 2711 χωρία,
1353 2640 1413 2691 ὲν
1436 2630 1481 2706 ᾧ
1508 2636 1903 2706 συμφθάσωσιν

327 2742 404 2803 εἰς
431 2737 691 2809 ἑσπέραν,
736 2738 913 2789 ἐκεῖσε
943 2737 1001 2788 ὲν
1026 2734 1105 2804 τῷ
1130 2734 1245 2803 ἅμα
1268 2730 1605 2786 άπλικεύειν.
1652 2730 1746 2781 Ἐκ
1784 2726 1904 2780 τού-

325 2849 418 2884 του
450 2829 556 2901 γάρ
588 2828 683 2882 καὶ
732 2826 990 2896 ἀσφαλῶς
1018 2828 1051 2895 ἡ
1091 2824 1409 2894 ἐγχείρησις
1456 2822 1687 2889 γίνεται,
1729 2819 1825 2873 καὶ
1851 2820 1901 2872 oi

326 2922 711 2991 διαφεύγοντες
758 2919 866 2972 τῶν
924 2917 1136 2988 ἐχθρῶν
1178 2916 1271 2969 τὸν
1317 2915 1415 2966 ἕνα
1444 2912 1623 2965 αὐτῶν
1650 2911 1727 2981 τῷ
1758 2911 1904 2981 ἄλλῳ

330 3014 754 3086 περιπίπτουσιν
781 3012 1083 3082 ἀδοκήτως,
1114 3007 1232 3079 μηδ’
1269 3003 1702 3074 ὲπισυναχθῆναι
1747 3001 1904 3055 δυνά·

335 3120 506 3173 μενοι.

403 3285 503 3348 νγ’.
546 3278 606 3330 El
644 3276 702 3330 δὲ
756 3275 857 3347 μία
896 3273 1044 3327 ἐστὶν
1073 3274 1107 3343 ἡ
1153 3268 1437 3339 ἐπιτηδεία
1466 3268 1583 3331 ὁδὸς
1624 3267 1692 3321 δι’
1718 3261 1785 3339 ἧς
1809 3266 1907 3337 τὴν

334 3370 582 3440 εἰσϐολὴν
634 3367 778 3422 κατά
824 3366 923 3437 τὴν
972 3364 1083 3418 τῶν
1120 3363 1333 3433 ἐχθρῶν
1361 3359 1585 3414 δυνατὸν
1618 3358 1905 3426 γενέσθαι,

332 3462 440 3535 χρὴ
471 3461 566 3514 καὶ
612 3458 784 3521 οὕτως
828 3456 920 3509 τὸν
964 3453 1197 3524 στρατὸν
1245 3448 1664 3519 διανεμηθῆναι.
1708 3448 1817 3501 Καὶ
1849 3447 1910 3499 τὸ

335 3554 437 3627 μὲν
466 3552 661 3624 δίοιρον
680 3549 793 3621 (57)
822 3546 988 3602 αὐτοῦ
1017 3546 1051 3617 ἢ
1076 3546 1165 3599 καὶ
1186 3543 1247 3597 τὺ
1268 3542 1429 3595 πλέον
1451 3539 1643 3593 τούτου
1675 3538 1909 3608 ὲξάπλη-

335 3661 464 3699 κτον
500 3644 593 3698 καὶ
636 3640 935 3710 ὲνδύναμον
982 3637 1075 3690 τὸν
1123 3632 1539 3706 ὑποστράτηγον
1590 3628 1907 3699 λαμϐάνειν,

337 3737 433 3791 καὶ
466 3734 602 3804 μετὰ
626 3731 722 3786 τοῦ
753 3731 882 3786 ίδίου
904 3726 1070 3784 αὐτοῦ
1097 3728 1154 3779 ὲν
1180 3718 1224 3795 ᾧ
1246 3721 1410 3785 αὐτὸς
1438 3721 1697 3776 τάσσεται
1717 3717 1910 3789 βάνδου

340 3826 649 3898 ἔμπροσθεν
678 3825 899 3879 πάντων
935 3816 1380 3893 προηγήσασθαι,
1415 3814 1613 3885 ἔχοντα
1642 3811 1760 3882 μεθ’
1792 3812 1915 3865 ἑαυ-

337 3916 432 3969 τοῦ
458 3916 664 3978 πάντας
689 3914 815 3976 τοὺς
845 3912 950 3967 τῶν
979 3908 1281 3980 ταγμάτων
1307 3904 1475 3959 αὐτοῦ
1502 3903 1792 3974 ἄρχοντας,
1819 3900 1914 3955 καὶ

288 4035 291 4038 ι
337 4008 465 4062 ὅταν
494 4007 573 4078 τῷ
612 4005 815 4077 πρώτῳ
844 4003 1029 4077 χωρίῳ
1071 4001 1268 4071 ἐπιστῇ
1305 3996 1442 4071 πρὸς
1470 3996 1569 4067 τὴν
1600 3993 1767 4047 αὑτοῦ
1819 3992 1913 4045 δύ-

341 4115 531 4167 ναμιν,
582 4096 881 4167 ἀφορίζειν,
930 4093 1041 4148 εἴτε
1102 4092 1183 4156 ἓν,
1242 4092 1353 4145 εἴτε
1412 4088 1506 4143 δύο
1552 4086 1736 4159 βάνδα,
1773 4083 1916 4138 ὥστε

337 4188 461 4248 τοὺς
500 4185 599 4255 μὲν
647 4185 979 4256 πραιδεύειν,
1013 4184 1138 4247 τοὺς
1179 4182 1237 4236 δὲ
1268 4180 1562 4251 φυλάττειν
1588 4177 1712 4240 τοὺς
1747 4192 1915 4247 πραι-

337 4279 644 4342 δευθέντας.
688 4332 691 4333 ,

2003 1828 2378 1896 incursionem
2434 1825 2633 1881 facturi
2689 1836 2844 1893 sunt,
2902 1826 3046 1880 duos
3104 1826 3230 1880 illos
3292 1828 3578 1896 praefectos

2009 1890 2260 1989 ρι’ἰηιιιιῐιι
2281 1917 2699 1988 secundumque
2729 1890 2960 1988 deliges.
2991 1918 3171 1987 Atque
3231 1890 3400 1972 altera
3451 1918 3579 1988 qui-

2004 2012 2127 2067 dem
2156 2025 2305 2081 pars,
2338 2009 2801 2080 quemadmodum
2852 2017 2980 2063 ante
3018 2009 3156 2075 dixi,
3217 2011 3473 2081 expedita
3526 2019 3580 2065 et

2004 2102 2125 2157 sine
2156 2101 2284 2155 ullis
2308 2100 2718 2169 impedimentis
2765 2100 3046 2169 procedat,
3103 2110 3156 2154 et
3190 2110 3479 2170 postquam
3509 2102 3579 2156 ad

2001 2191 2323 2263 quindecim
2370 2192 2455 2245 vel
2515 2190 2710 2261 viginti
2746 2190 3060 2244 milliarium
3111 2191 3459 2245 intervallum
3510 2195 3579 2246 ah

2002 2285 2125 2339 aliis
2151 2284 2451 2347 abfuerint,
2484 2298 2580 2353 per
2599 2284 2717 2337 loca
2742 2283 3023 2352 incognita
3063 2290 3230 2352 atque
3253 2298 3319 2337 ex
3352 2283 3580 2354 obliquo

2004 2377 2178 2445 posita
2226 2375 2457 2445 pradari
2526 2374 2815 2443 incipiant,
2856 2373 3014 2442 quasi
3063 2373 3133 2427 ad
3190 2373 3577 2442 imperatorem

2001 2467 2189 2522 venire
2214 2466 2436 2521 vellent.
2499 2465 2806 2534 Imperator
2834 2471 3019 2517 autem
3070 2463 3338 2532 reliquam
3367 2471 3578 2533 partem

2006 2560 2233 2624 habens,
2267 2557 2493 2612 aliunde
2524 2556 2770 2627 regionis
2826 2555 3099 2624 incipiens
3131 2555 3307 2609 irruat
3331 2563 3387 2610 et
3435 2571 3579 2626 prae-

2003 2651 2183 2715 detur,
2211 2660 2375 2718 atque
2411 2648 2549 2702 adeo
2582 2646 2807 2716 utrique
2861 2647 3115 2701 coininus
3165 2648 3231 2700 ad
3288 2662 3348 2701 se
3388 2657 3580 2702 mutuo

2003 2744 2304 2803 venientes,
2336 2753 2457 2807 quae
2483 2738 2536 2790 in
2571 2736 2749 2791 medio
2776 2738 2955 2806 posita
2996 2745 3126 2791 sunt
3159 2737 3279 2792 loca
3335 2739 3579 2809 depopu-

2004 2831 2206 2894 lentur,
2237 2830 2412 2885 donec
2440 2828 2507 2883 ad
2532 2843 2815 2898 vesperam
2868 2844 3038 2881 unum
3069 2827 3122 2881 in
3157 2828 3334 2882 locum
3392 2844 3583 2898 perve-

2007 2921 2186 2973 niant.
2224 2919 2338 2972 [loc
2370 2919 2531 2972 modo
2554 2918 2647 2973 lict
2680 2929 2737 2972 ut
2767 2926 2883 2971 tuta
2913 2917 3164 2971 incursio
3222 2918 3275 2971 in
3314 2919 3434 2972 illos
3467 2921 3580 2983 liat,

2007 3018 2062 3063 et
2089 3010 2276 3064 hostes
2293 3010 2387 3079 qui
2421 3010 2476 3063 in
2520 3010 2748 3064 alteram
2775 3019 2986 3078 partem
3021 3007 3355 3078 aufugerim,
3396 3011 3449 3062 in
3500 3011 3583 3064 al-

2009 3108 2184 3154 teram
2218 3099 2286 3153 de
2319 3100 2618 3169 improviso
2672 3099 2920 3153 incidant
2970 3117 2983 3152 :
3045 3112 3224 3167 neque
3281 3101 3584 3155 convenire

2010 3206 2180 3246 unum
2210 3193 2265 3246 in
2298 3195 2478 3247 locum
2501 3191 2740 3261 possint.

2082 3283 2171 3339 55.
2221 3282 2280 3337 Si
2314 3297 2423 3337 una
2486 3290 2701 3336 tantum
2746 3280 2945 3335 idonea
2993 3280 3079 3334 via
3120 3282 3212 3347 sit,
3271 3298 3370 3354 per
3413 3298 3581 3353 quam

2013 3374 2245 3443 irruptio
2264 3374 2328 3427 in
2367 3375 2553 3427 hostes
2577 3370 2827 3426 facienda
2861 3371 2952 3436 sit,
2989 3372 3091 3425 hoc
3119 3373 3279 3428 modo
3310 3375 3584 3430 exercitus

2012 3464 2307 3517 dividatur.
2338 3462 2523 3516 Bessis
2551 3462 2693 3530 ejus,
2721 3468 2815 3515 aut
2844 3477 2910 3515 eo
2933 3462 3170 3532 amplius
3196 3462 3265 3516 ab
3302 3464 3586 3534 liypostra-

2012 3563 2159 3625 tego,
2194 3555 2245 3609 id
2276 3564 2379 3620 est,
2423 3553 2673 3625 principe
2707 3554 2824 3609 sive
2857 3564 3194 3625 propraetore
3236 3565 3463 3612 strenua
3501 3568 3585 3612 at-

2012 3660 2121 3715 que
2156 3646 2410 3715 expedita
2448 3645 2721 3714 capiatur,
2786 3654 2841 3700 et
2894 3648 3088 3702 subeo
3157 3662 3376 3718 quoque
3422 3662 3585 3703 suunt

2015 3736 2253 3792 bandum
2288 3737 2361 3792 sit
2404 3754 2420 3790 :
2467 3737 2731 3807 princeps
2788 3745 2971 3792 autem
3001 3738 3301 3808 assumptis
3357 3739 3587 3807 reliquis

2015 3831 2258 3885 omnium
2286 3828 2597 3885 cohortium
2658 3844 2882 3884 suarum
2940 3828 3239 3899 praefectis,
3275 3838 3401 3884 ante
3453 3830 3587 3885 reli-

2015 3938 2156 3992 quos
2215 3936 2410 3977 omnes
2465 3921 2757 3992 procedat,
2802 3928 2966 3993 atque
3010 3923 3101 3978 ubi
3153 3923 3331 3992 primo
3363 3925 3417 3977 in
3464 3924 3587 3979 loco

2015 4015 2351 4080 constiterit,
2392 4029 2422 4070 e
2449 4014 2627 4084 copiis
2653 4016 2771 4069 suis
2805 4028 2969 4068 unam
3021 4022 3189 4085 atque
3236 4016 3462 4069 alteram
3498 4031 3590 4071 co-

2016 4107 2232 4163 hortem
2269 4114 2538 4178 segreget,
2571 4114 2631 4161 ut
2665 4106 2756 4161 alii
2813 4104 3148 4177 praedentur,
3186 4107 3277 4161 alii
3314 4104 3587 4177 praedato-

2017 4214 2107 4256 res
2133 4201 2203 4256 ab
2233 4200 2434 4270 injuria
2461 4206 2811 4256 conservent.

410 4372 505 4425 νδ’.
556 4369 735 4425 Καλὸν
774 4369 831 4425 δέ
879 4370 1027 4423 ἐστιν
1055 4370 1113 4421 ὲν
1159 4368 1271 4430 τοῖς
1302 4365 1539 4438 πρώτοις
1573 4361 1795 4434 χωρίοις
1835 4360 1905 4431 μὴ

2089 4380 2180 4435 54.
2226 4378 2488 4445 Quamvis
2544 4378 2783 4447 spatiosa
2827 4376 2948 4431 loca
2999 4374 3228 4439 fuerint,
3277 4390 3348 4432 ne
3406 4384 3595 4432 tamen

339 4463 509 4517 πολλὰ
541 4463 706 4535 βάνδα
749 4460 1128 4534 ἀφορίζεσθαι,
1158 4459 1261 4511 κᾶν
1303 4459 1351 4509 εἰ
1393 4455 1606 4526 μεγάλα
1636 4452 1912 4526 συμϐαίνῃ

335 4556 406 4610 τά
452 4555 627 4627 χωρία
682 4550 842 4609 εἶναι.
913 4548 1335 4619 Ἐπιφθάζοντος
1387 4544 1496 4616 γὰρ
1545 4543 1772 4598 ὄπισθεν
1818 4541 1912 4597 τοῦ

341 4648 577 4719 στρατοῦ
622 4648 684 4700 οὐ
717 4647 915 4700 δίδοται
955 4642 1141 4715 καιρὸς
1174 4638 1683 4703 ἀντικαταστάσεως
1715 4637 1827 4700 τοῖς
1858 4636 1916 4689 ὲν

340 4739 524 4800 αὐτοῖς
566 4735 998 4806 εὑρισκομένοις.
1049 4730 1338 4800 Συντόμως
1366 4728 1458 4783 τὸν
1501 4729 1917 4801 ὑποστράτηγον

340 4828 433 4880 ἐπὶ
464 4829 532 4879 τά
567 4828 754 4896 πρόσω
787 4828 884 4897 τὴν
922 4823 1154 4897 πάροδον
1204 4820 1529 4893 ποιούμενον
1580 4821 1780 4893 ὁμοίως
1823 4819 1919 4874 καὶ

340 4921 419 4983 είς
442 4919 510 4971 τὰ
541 4917 705 4971 λοιπὰ
747 4919 922 4988 χωρία
950 4915 1172 4985 ἑφεξῆς,
1211 4914 1371 4969 τοῦτο
1412 4916 1586 4968 ποιεῖν
1618 4914 1811 4985 μέχρις
1852 4912 1920 4966 ἂν

341 5010 724 5079 ὲπαρκέσωσιν
773 5008 842 5060 τὰ
900 5004 1106 5077 παρασὶ
1158 5004 1412 5076 διδόμενα
1447 5004 1561 5077 (58)
1621 5002 1775 5073 αὐτῷ
1823 5000 1920 5054 τάο

342 5116 550 5171 γματα.
582 5099 755 5155 Αὑτὸν
789 5097 1201 5169 ὑποστράτηγον
1235 5095 1486 5166 ἐξωτέρω
1526 5094 1744 5148 πάντων
1774 5093 1923 5161 εὑρι-

344 5193 610 5263 σκόμενον
637 5193 717 5246 δεῖ
754 5191 882 5263 τρία
912 5190 944 5262 ἢ
975 5190 1219 5259 τέσσαρα
1262 5188 1429 5260 βάνδα
1459 5186 1587 5259 ἄχρι
1612 5186 1800 5257 χιλίων
1830 5187 1921 5239 ἀν-

342 5284 485 5356 δρῶν
521 5285 805 5355 χρησίμων
852 5284 979 5354 περὶ
1029 5282 1193 5335 αὑτὸν
1236 5279 1405 5350 ἔχειν,
1448 5278 1554 5341 ἓως
1588 5276 1799 5339 τελείας
1831 5275 1921 5329 τοῦ

345 5378 669 5448 πράγματος
700 5375 1001 5438 ἐκϐάσεως,
1040 5375 1206 5444 ἤγουν
1246 5371 1346 5441 τῆς
1396 5368 1610 5438 ἐφόδου,
1651 5368 1738 5422 ἵνα
1772 5367 1929 5437 βίγλα

346 5470 576 5541 ἀκριϐὴς
608 5470 703 5522 καὶ
736 5466 1008 5537 ἀσφάλεια
1034 5468 1144 5526 τοῖς
1170 5464 1377 5525 λοιποῖς
1401 5460 1656 5530 γένηται.

2022 4473 2225 4527 inultas
2253 4470 2511 4524 cohortes
2565 4468 2758 4539 primis
2814 4468 2868 4521 in
2933 4466 3070 4521 locis
3119 4481 3372 4536 separes:
3432 4467 3590 4522 festi-

2023 4570 2191 4618 nante
2212 4562 2361 4617 enim
2396 4576 2425 4613 a
2453 4568 2604 4630 tergo
2626 4559 2893 4623 exercitu,
2926 4558 3114 4613 nullus
3147 4557 3304 4612 locus
3331 4558 3594 4628 relinqui-

2024 4662 2118 4707 tur
2147 4651 2412 4706 adversus
2431 4663 2527 4703 eos
2562 4662 2621 4703 se
2652 4648 2983 4713 instruendi,
3019 4657 3075 4702 et
3121 4648 3241 4702 sine
3281 4648 3390 4701 ulla
3441 4663 3594 4703 mora

2027 4746 2283 4815 princeps
2306 4754 2523 4811 semper
2575 4740 2807 4795 ulterius
2862 4740 3267 4810 progrediatur.
3328 4738 3596 4794 Similiter

2030 4834 2257 4904 reliquis
2293 4832 2349 4886 in
2378 4830 2519 4885 locis
2544 4829 2648 4884 hoc
2673 4827 2859 4894 faciat,
2899 4827 3146 4898 quanditt
3203 4828 3283 4881 illi
3335 4827 3600 4881 cohortes

2029 4925 2245 4980 traditae
2271 4922 2568 4978 adfuerint.
2602 4922 2916 4990 Principem
2959 4934 3089 4974 vero
3122 4919 3302 4987 ipsum
3325 4925 3451 4974 ante
3477 4933 3592 4972 om-

2027 5030 2127 5070 nes
2159 5014 2297 5069 alios
2320 5011 2737 5084 procedentem,
2768 5010 2881 5063 tria
2901 5017 2995 5062 aut
3022 5018 3260 5079 quatuor
3317 5008 3493 5062 banda
3526 5007 3600 5060 ad

2028 5106 2177 5162 mille
2214 5107 2460 5160 virorum
2484 5116 2774 5157 numerum
2828 5115 3018 5156 secum
3074 5100 3272 5155 habeat
3323 5113 3496 5170 usque
3532 5099 3605 5153 ad

2029 5197 2332 5269 perfectum
2364 5196 2443 5251 rei
2468 5193 2633 5263 hujus
2678 5192 2796 5247 sive
2850 5192 3190 5249 incursionis
3248 5193 3475 5257 exitum,
3540 5199 3605 5244 ut
3668 5256 3683 5277 ί

2029 5290 2275 5346 excubiae
2308 5287 2523 5344 ceteris
2548 5290 2821 5340 accurata
2850 5282 3001 5339 fiant.

1878 5550 2081 5608 NOT/E
2092 5592 2109 5607 .

417 5675 525 5743 (36)
562 5676 682 5743 Χρὴ
718 5674 842 5729 τοῦ.
877 5671 1018 5726 Puto
1044 5671 1213 5743 scrib.
1246 5670 1351 5741 χρὴ
1382 5671 1443 5724 ἐκ
1474 5669 1589 5723 τοῦ.

419 5742 790 5815 (57)Δίὸιρον.
826 5744 1042 5811 Scribe,
1065 5742 1329 5813 δίμοιρον.

2105 5669 2216 5740 (38)
2255 5654 2347 5725 ra‘
2373 5668 2595 5738 παρασὶ
2629 5668 2941 5738 ,διδύμω-α,
2976 5666 3189 5733 Scribe,
3223 5666 3289 5721 τὰ
3320 5666 3611 5738 παραδιδό-

2040 5758 2196 5812 μενα.
