4074 6222
529 309 629 372 927

1798 287 2072 348 LEONIS
2099 283 2557 355 PHILOSOPHI

3688 284 3816 347 923

601 425 695 479 55.
741 420 865 475 Haec
896 434 925 473 a
958 415 1231 488 principio
1261 412 1306 466 si
1334 411 1484 474 fiant,
1531 415 1615 469 tu,
1652 405 1976 476 imperator,
2009 413 2103 458 aut

2277 398 2370 452 νε’.
2403 398 2619 451 Τούτων
2653 390 2743 448 οὖν
2771 395 2834 449 ἐκ
2874 394 2967 448 τοῦ
3000 395 3419 467 ὀποστρατήγου
3460 396 3819 465 γινομένων,

531 519 582 573 si
622 515 745 586 quis
770 513 910 567 alius
935 506 1273 564 incursionis
1334 504 1498 572 hujus
1560 497 2103 554 administrationem

537 609 756 670 haheat,
786 602 1033 672 sequeris
1059 614 1156 654 eos
1205 596 1299 666 qui
1329 592 1670 664 praedantur,
1718 597 1773 645 et
1822 589 2106 657 dispersos

535 696 997 768 congregabis,et
1017 690 1252 745 ulterius
1294 688 1358 741 ad
1393 685 1702 756 principem
1727 683 1847 735 sive
1869 690 2107 734 turtnaro

536 791 696 846 cham
731 782 1123 855 progredieris.
1166 778 1431 833 Similiter
1459 776 1550 829 ille
1601 774 1706 828 hoc
1735 771 1878 825 idem
1914 768 2104 833 faciat,

535 876 985 944 transeundoque
1020 872 1247 941 colligat
1296 868 1582 938 dispersos
1630 862 1986 934 praedatores,
2022 870 2108 912 at-

528 989 643 1045 que
694 973 888 1027 eodem
931 969 984 1022 in
1046 967 1166 1020 loco
1203 971 1370 1017 noctu
1446 957 1783 1014 conveniant
1842 961 1896 1008 et
1925 959 2109 1006 castra

536 1044 765 1139 ponant.
798 1063 985 1131 Itaque
1009 1059 1135 1129 plus
1171 1054 1487 1127 quindecim
1530 1059 1627 1105 aut
1650 1047 1848 1119 viginti
1904 1044 2109 1100 millia-

535 1135 692 1213 ribus
721 1171 751 1209 ιι
786 1170 846 1210 se
878 1150 1141 1223 separati,
1178 1144 1499 1218 hnjusmodi
1532 1140 1744 1198 subitas
1766 1135 2112 1194 incursiones

539 1268 607 1306 ne
643 1249 874 1309 faciant,
908 1254 969 1298 ut
997 1241 1189 1296 eodem
1230 1238 1320 1292 die
1351 1245 1405 1290 et
1455 1232 1693 1304 praedam
1736 1226 2024 1298 diripiant,
2059 1232 2113 1279 et

538 1345 729 1400 eadem
758 1347 915 1395 nocte
935 1334 1099 1392 simul
1129 1338 1313 1387 castra
1350 1335 1575 1398 ponant.

612 1611 705 1666 56.
749 1608 803 1662 Ιιι
840 1601 1158 1675 huiusmodi
1203 1595 1619 1653 incursionibus
1652 1592 1843 1647 hostes
1866 1586 2117 1657 obiectos

542 1718 654 1757 non
693 1700 825 1753 utile
856 1695 1023 1749 fuerit
1065 1692 1217 1746 vivos
1263 1700 1461 1758 capere
1509 1693 1564 1739 et
1624 1677 2115 1750 comprehendere,

2211 491 2328 545 δέον
2353 506 2434 552 σε,
2458 483 2502 540 ὦ
2533 491 2828 557 στρατηγέ,
2859 487 2891 556 ἢ
2915 487 2967 538 εί
2992 502 3076 548 τις
3105 487 3294 556 ἔτερος
3320 488 3349 538 ὀ
3385 485 3488 555 τῆς
3530 488 3822 557 τοιαύτης

2217 580 2566 642 ἐπελεύσεως
2595 582 2693 648 τὴν
2741 578 3009 648 διοίκησιν
3062 578 3515 647 πεπιστευμένος,
3551 578 3643 632 ἴνα
3696 581 3820 631 ἐττ-

2219 672 2522 741 ακολουθῇς
2550 672 2661 733 τοῖς
2691 668 2833 724 κατὰ
2860 670 3025 740 μέρος
3048 668 3420 741 πραιδεύουσι,
3453 672 3546 722 καὶ
3571 671 3823 723 ἐπισυν-

2215 766 2379 836 άγῃς,
2409 764 2503 816 καὶ
2537 762 2629 815 ἐπὶ
2660 761 2727 815 τὰ
2759 760 3065 831 ἔμπροσθεν
3106 760 3418 831 προκόπτῃς
3446 761 3522 823 ti);
3568 761 3668 813 ἐπὶ
3714 762 3824 813 τὸν

2214 852 2674 925 ὑποστράτηγονῆ
2696 852 2785 905 τὸν
2802 869 2892 904 του
2902 852 3177 921 ρμάρχην.
3211 850 3446 920 Ὁμοίως
3460 850 3515 904 δὲ
3533 853 3629 904 καὶ
3655 853 3825 903 ἐκεί-⁵

2216 966 2306 1001 νον
2338 948 2399 1000 τὸ
2430 946 2566 1000 αὐτὸ
2602 946 2802 1007 ποιεῖν,
2844 943 2940 996 καὶ
2981 942 3334 1011 ἐπισυνάγειν
3379 946 3823 1015 παρερχόμενον

2216 1040 2341 1102 τοὺς
2374 1037 2789 1110 πραιδεύοντας,
2834 1036 2931 1089 καὶ
2962 1037 3019 1089 ἐν
3062 1029 3108 1104 ᾧ
3139 1036 3206 1090 ἂν
3238 1037 3387 1108 τόπῳ
3440 1038 3824 1108 ἀπαντήσητε

2218 1131 2469 1202 ἀλλήλοις
2522 1127 2857 1182 ἀπλικεύετε
2918 1127 3032 1197 ἅμα
3070 1127 3167 1182 καὶ
3204 1126 3303 1198 τὴν
3353 1127 3523 1199 αὐτὴν
3554 1128 3820 1198 ἡμέραν.

2218 1223 2309 1275 Διὸ
2338 1222 2457 1275 οὐδὲ
2490 1221 2597 1291 χρὴ
2638 1220 2801 1273 πλέον
2826 1219 2933 1272 τῶν
2963 1225 3022 1272 ιε’
3057 1220 3092 1289 ἢ
3123 1226 3170 1273 κ’
3206 1218 3399 1289 μιλίων
3449 1221 3824 1291 χωρισμένας

2219 1312 2493 1367 ποιεῖσθαι
2537 1312 2638 1375 τὰς
2676 1310 2936 1373 τοιαύτας
2978 1310 3279 1379 αἰφνιδίους
3322 1310 3667 1377 ἐπελεύσεις,
3719 1312 3820 1365 ἵνα.

2220 1408 2463 1478 φθάζητε
2492 1404 2792 1476 ἀμφότεροι
2817 1404 2910 1456 καὶ
2931 1404 3029 1474 τὴν
3055 1405 3290 1474 πραῐδαν
3321 1406 3516 1469 ποιεῖν,
3545 1406 3640 1457 καὶ
3662 1405 3823 1459 κατὰ

2220 1500 2318 1570 τὴν
2355 1498 2524 1569 αὐτὴν
2553 1499 2765 1569 ἡμέραν
2805 1496 2923 1566 ἀμα
2946 1496 3290 1551 ἀπλικεύειν.

2292 1597 2402 1655 νς’.
2456 1590 2547 1642 Ἐν
2590 1590 2647 1642 δὲ
2690 1591 2811 1646 ταῖς
2860 1587 3140 1652 τοιαύταις
3200 1589 3520 1660 ἐπιδρομαῖς
3568 1590 3629 1643 οὗ
3702 1589 3822 1662 χρὴ

2222 1684 2347 1745 τοὺς
2380 1680 2711 1750 δυναμένους
2752 1677 3242 1732 ἀντικαθίστασθαι
3298 1679 3525 1749 ἐχθροὺς
3565 1682 3819 1750 ζωγρεῖν

548 1795 646 1850 sed
680 1804 872 1847 omnes
903 1787 1039 1840 tales
1062 1784 1151 1837 vel
1196 1775 1585 1838 interficiendi,
1634 1772 1717 1828 vel
1752 1764 2117 1842 prastereundi

2231 1776 2343 1845 ἢτοι
2376 1772 2798 1843 συλλαμϐάνειν,
2833 1770 2969 1824 ἀλλά
3013 1770 3220 1835 πάντας
3264 1771 3393 1834 τοὺς
3441 1773 3819 1841 παρατυγχά-

544 1893 695 1947 sunt,
730 1888 787 1934 ut
836 1894 909 1934 ne
938 1890 1090 1931 mora
1114 1872 1297 1940 aliqua
1337 1870 1442 1923 iter
1473 1863 1807 1921 facientibus
1828 1857 2118 1923 alieratur,

545 1984 604 2031 et
632 1987 850 2045 tempus
883 1979 1090 2025 temere
1130 1971 1467 2020 assumatur.

627 2155 717 2210 57.
750 2152 809 2206 Si
828 2147 1117 2205 castellum
1154 2150 1249 2199 aut
1270 2154 1451 2196 arcem
1472 2146 1569 2193 aut
1615 2132 1979 2190 munitionem
2018 2130 2121 2184 ali-

545 2263 710 2318 quam
747 2256 949 2314 capere
1009 2239 1245 2308 cogitas,
1287 2249 1354 2288 ne
1411 2230 1544 2285 illud
1594 2228 1650 2282 in
1684 2226 1878 2297 vulgus
1904 2223 2120 2287 efferas,

544 2312 724 2393 donec
758 2312 832 2388 inf
856 2332 977 2401 ipso
1002 2329 1125 2383 loco
1177 2324 1371 2388 fueris,
1415 2329 1472 2377 et
1529 2316 1807 2388 negotium
1841 2315 2022 2385 ipsum
2066 2312 2121 2367 ir.

549 2441 745 2481 manus
770 2420 1100 2491 sumpseris.

623 2520 716 2575 58.
748 2517 850 2572 Sin
900 2524 1127 2567 necesse
1184 2506 1351 2563 fuerit
1404 2516 1573 2574 prope
1626 2498 1989 2554 munitionem
2023 2494 2124 2549 ho-

552 2612 720 2666 stium
752 2606 942 2675 copias
983 2614 1109 2656 tuas
1135 2597 1395 2657 transire,
1459 2593 1547 2647 vel
1602 2590 1766 2645 etiam
1815 2594 1998 2643 castra
2030 2599 2127 2653 po-

555 2714 710 2762 nere,
744 2709 916 2751 unum
938 2693 1177 2760 aliquem
1205 2685 1529 2756 praefectum
1560 2694 1684 2734 cum
1724 2675 1994 2747 expeditis
2048 2675 2141 2729 vi-'

557 2793 637 2845 ris
689 2788 747 2841 in
796 2786 916 2854 ipso
966 2778 1208 2834 transitu
1254 2771 1576 2833 collocabis,
1639 2768 1735 2837 qui
1777 2765 2126 2821 incursiones

556 2878 796 2935 hostium
822 2872 1133 2946 prohibeat.
1162 2866 1278 2922 Hoc
1302 2877 1521 2935 quoque
1540 2859 1706 2916 etiam
1748 2858 1807 2913 in
1857 2856 2128 2927 angustiis

558 2973 804 3027 locorum
837 2964 953 3020 fieri
981 2962 1080 3017 abs
1101 2968 1154 3015 te
1182 2960 1359 3014 debet.

629 3061 717 3116 59.
743 3058 918 3124 Prope
975 3052 1334 3108 munitionem
1370 3050 1610 3106 hostium
1660 3054 1759 3102 aut
1815 3045 2011 3102 silvam
2056 3056 2126 3097 ne

554 3161 739 3208 castra
759 3160 952 3218 ponas.
987 3142 1084 3198 Sin
1136 3154 1367 3196 necesse
1416 3143 1488 3194 sit
1538 3138 1635 3194 tibi
1671 3136 1878 3192 habere
1920 3142 2124 3197 castra,

559 3248 821 3296 accurate
859 3235 1121 3291 excubias
1164 3239 1220 3288 et
1271 3230 1554 3287 custodias
1615 3238 1838 3300 propter
1890 3225 2129 3281 hostium

564 3332 911 3389 incursiones
934 3327 1238 3391 adhibebis,
1270 3332 1325 3379 et.
1343 3321 1763 3393 diligentissime
1796 3317 2128 3387 providebis,

559 3438 620 3483 ut
645 3425 875 3482 editiore
898 3420 1304 3489 munitioreque
1323 3417 1443 3473 loco
1474 3423 1658 3472 castra
1687 3427 1878 3484 ponas.

632 3605 722 3660 60.
757 3601 987 3672 Quando
1013 3598 1265 3655 hostilem
1300 3596 1355 3651 in
1389 3602 1593 3652 terram
1645 3591 1978 3665 ingrederis,
2036 3605 2132 3661 ap-

561 3709 811 3770 paratum
868 3707 1087 3749 omnem
1141 3698 1307 3760 atque
1352 3689 1745 3759 impedimenta
1804 3702 1836 3742 a
1880 3700 2030 3757 tergo
2080 3695 2135 3741 te

562 3789 831 3858 consequi
870 3786 1077 3840 facies:
1108 3781 1525 3837 imminentibus
1563 3787 1747 3834 autem
1787 3778 2041 3834 hostibus
2078 3777 2133 3833 in

566 3881 746 3935 medio
781 3877 1058 3933 exercitus
1078 3875 1157 3930 tui
1178 3889 1242 3931 ea
1280 3873 1581 3944 procedere
1623 3870 1815 3928 facies.

640 4060 730 4115 6|.
763 4058 847 4114 Ab
879 4056 1106 4110 armatis
1163 4052 1430 4108 militibus
1488 4052 1877 4122 impedimenta
1912 4052 2138 4123 reliqui-

566 4166 673 4222 que
692 4158 1009 4220 apparatus,
1043 4153 1208 4214 atque
1240 4145 1407 4199 etiam
1464 4144 1689 4213 captivi,
1718 4143 1764 4198 si
1784 4143 1877 4213 qui
1908 4143 2134 4211 fuerint,

568 4251 1128 4314 separenturzneque
1148 4238 1342 4293 itinere
1369 4236 1473 4291 hoc
1488 4235 1666 4292 solum
1692 4234 1809 4300 fiat,
1842 4236 1937 4292 sed
1968 4237 2135 4291 etiam

566 4336 787 4407 quando
823 4342 1005 4389 castra
1062 4345 1255 4401 ponas,
1316 4345 1385 4385 ne
1421 4328 1673 4384 hostibus
1708 4328 1997 4383 adversum
2052 4328 2139 4382 in-

2223 1882 2416 1929 νοντας
2450 1862 2730 1926 τοιούτους
2769 1863 3120 1933 διαχρῆσθαι,
3157 1862 3252 1916 καὶ
3275 1861 3673 1932 παρέρχεσθαι,
3714 1863 3818 1915 καὶ

2226 1961 2302 2030 μὴ
2327 1961 2407 2021 είς
2429 1958 2628 2021 αὐτοὺς
2660 1958 2684 2009 ἐ
2694 1956 3021 2028 μϐραδύνειν
3044 1957 3169 2018 τοὺς
3190 1955 3290 2025 τὴν
3307 1953 3537 2025 πάροδον
3569 1952 3816 2024 μάλιστα

2223 2051 2606 2121 ποιουμένους,
2650 2049 2744 2102 καὶ
2765 2048 2859 2102 τὸν
2881 2048 3071 2119 καιρὸν
3098 2045 3465 2099 δαπανᾶσθαι.

2297 2141 2397 2205 νζ¹.
2443 2141 2569 2195 Ἐὰν
2591 2141 2649 2194 δέ
2678 2158 2808 2193 ποτε
2843 2140 3111 2211 βουληθῇς
3138 2137 3401 2209 φρούριον
3423 2138 3541 2207 ἦτοι
3567 2138 3815 2208 κάστρον

2225 2234 2259 2305 ἢ
2291 2235 2466 2305 ἄκραν
2491 2234 2609 2288 τινα
2645 2233 3002 2304 παραλαϐεῖν,
3037 2230 3072 2301 ἢ
3112 2230 3299 2300 ἕτερον
3331 2228 3515 2293 τόπον,
3550 2228 3626 2299 μὴ
3666 2229 3815 2299 πρό-

2225 2324 2353 2391 λεγε
2393 2323 2471 2393 τῷ
2509 2323 2726 2393 πλήθει,
2761 2324 2921 2392 ἄχρις
2957 2322 3022 2375 ἂν
3057 2321 3148 2373 ἐπὶ⁵
3181 2317 3341 2372 τοῦτό
3378 2334 3481 2370 που
3512 2319 3815 2389 γενόμενος

2226 2415 2554 2485 ἐγχειρήσεως
2583 2414 2643 2467 τὺ
2671 2414 2849 2483 ἔργον.

2298 2504 2400 2574 νη⁸.
2456 2504 2584 2557 Ἐάν
2612 2504 2668 2557 δέ
2712 2504 2807 2558 καὶ
2856 2503 3069 2573 ἀνάγκη
3116 2502 3247 2556 ποτὲ
3299 2504 3527 2573 γένηται
3570 2501 3715 2554 ὥστε
3748 2501 3813 2551 ἐκ

2227 2593 2430 2656 παντὸς
2466 2593 2671 2664 τρόπου
2716 2592 2815 2661 τὴν
2849 2592 3137 2663 στρατείαν
3169 2592 3399 2663 πλησίον
3448 2590 3813 2663 ὀχυρώματος

2228 2684 2508 2753 πολεμίων
2542 2684 2576 2753 ἢ
2617 2682 2941 2736 ἁπλικεῦσαι
2975 2684 3056 2745 είς
3086 2683 3184 2746 τὰς
3219 2683 3437 2748 ἐξόδους
3472 2683 3568 2736 τοῦ
3597 2680 3810 2750 ὀχυρώ-

2233 2791 2421 2844 ματος,
2454 2776 2541 2828 ἶνα
2565 2774 2684 2838 τὰς,
2720 2775 2793 2837 ώς
2826 2773 2991 2839 εἰκὸς,
3024 2774 3296 2843 αἱφνιδίας
3322 2773 3624 2843 ἐπιδρομὰς
3645 2774 3808 2825 ἐνανι

2228 2867 2358 2920 τίων
2408 2866 2649 2939 κωλύσῃ.
2697 2866 2869 2921 Τοῦτο
2901 2865 2958 2919 δέ
2995 2866 3091 2918 καὶ
3121 2867 3180 2921 ἐν
3224 2868 3337 2929 τοῖς
3385 2868 3592 2928 στενοῖς
3620 2865 3808 2928 τόποις

2229 2955 2474 3024 γίνεσθαι
2499 2959 2814 3025 ἀναγκαῖον.
3312 3024 3315 3025 ν

2302 3046 2401 3101 νθ’.
2439 3048 2675 3117 Πλησίον
2708 3048 2765 3100 δέ
2799 3045 3157 3119 ὀχυρώματος
3192 3046 3425 3117 ἐχθρῶν,
3471 3045 3503 3115 ἢ
3541 3044 3695 3114 ὖλης,
3730 3044 3807 3115 μὴ

2232 3138 2559 3210 ἐπιτηδεύῃς
2587 3139 2906 3192 ἀπλικεύειν
2952 3139 3043 3190 τὸν
3096 3138 3347 3208 στρατόν.
3386 3138 3446 3191 Εί
3496 3137 3555 3190 δὲ
3590 3138 3804 3207 ἀνάγκη

2234 3232 2385 3284 πᾶσα
2424 3231 2603 3282 ἐκεῖσε
2633 3229 2977 3294 ἀπλικεύειν,
3008 3228 3251 3299 ἀκριϐῶς
3280 3229 3380 3291 τὰς
3402 3226 3809 3295 παραφυλακάς

2234 3318 2391 3372 ποιοῦ
2437 3318 2526 3371 διὰ
2568 3318 2667 3382 τὰς
2694 3318 2802 3371 τῶν
2848 3317 3059 3388 ἐχθρῶν
3116 3316 3409 3379 ἐπιθέσεις.
3443 3315 3545 3368 Καὶ
3596 3314 3809 3384 μᾶλλον

2237 3409 2533 3476 σπούδαζε,
2595 3410 2682 3462 ἵνα
2731 3410 3063 3480 ήπλωμὲνῳ,
3097 3410 3130 3480 ἡ
3171 3407 3488 3479 ὑψηλοτέρῳ
3533 3405 3677 3475 τόπῳ
3707 3404 3809 3457 καὶ

2234 3502 2329 3573 ὀχυ
2338 3503 2473 3573 ρωτέ
2481 3519 2559 3573 ρῳ
2589 3500 2946 3572 ἀπλικεύσῃς.
3217 3482 3223 3487 λ

2312 3594 2374 3658 ξ’.
2412 3594 2578 3647 Ὅταν
2617 3594 2673 3646 δὲ
2707 3594 2785 3656 είς
2816 3595 2915 3664 τὴν
2950 3593 3216 3664 πολεμίαν
3259 3593 3366 3664 γῆν
3406 3594 3651 3666 είσέρχη,
3708 3596 3810 3667 τὴν

2236 3686 2549 3755 ἀποσκευὴν
2597 3686 2777 3738 πᾶσαν
2812 3686 2931 3757 ἦτοι
2986 3686 3081 3740 τοῦ
3133 3686 3352 3740 τούλδου
3412 3687 3527 3758 (39)
3586 3688 3812 3741 ὄπισθεν

2237 3778 2555 3831 ἀκολουθεῖν
2593 3778 2843 3848 ποιήσεις
2865 3792 2879 3807 ⁸
2929 3778 3339 3850 πλησιαζόντων
3371 3779 3428 3832 δέ
3457 3780 3567 3832 τῶν
3599 3780 3814 3851 ἐχθρῶν

2237 3872 2296 3924 ἐν
2328 3869 2477 3940 μέσῳ
2505 3869 2597 3922 τοῦ
2648 3867 2880 3939 στρατοῦ
2929 3870 2991 3923 τὸ
3040 3869 3227 3924 τοῦδον
3269 3870 3380 3942 (40)
3433 3868 3570 3925 εἶναι
3629 3889 3812 3943 παρα-

2240 3960 2539 4013 σκεύαστον
2575 3960 2710 4029 (Af).

2312 4057 2413 4120 ξω.
2449 4054 2879 4126 Κεχωρισμένην
2926 4053 2981 4108 δέ
3012 4049 3151 4109 εἶναι
3203 4054 3312 4110 ἀπὸ
3357 4055 3467 4109 τῶν
3495 4055 3813 4125 ὁπλοφόρων

2241 4146 2585 4216 στρατιωτῶν
2612 4145 2710 4216 τὴν
2760 4146 3073 4218 ἀποσκευὴν
3117 4147 3210 4200 καὶ
3262 4147 3389 4211 τοὺς
3438 4146 3811 4218 αἰχμαλώτους

2240 4238 2334 4292 ἐὰν
2368 4238 2504 4291 είσί*
2576 4239 2785 4309 μήποτε
2850 4238 3125 4310 πολεμίων
3182 4238 3395 4309 ἀθρόως
3431 4240 3810 4310 ἐπερχομένων

2240 4333 2355 4395 τοῖς
2398 4330 2821 4401 ἀγωνιζομένοις
2852 4332 3163 4402 ἐμπόδισμα
3207 4332 3467 4401 γένηται·
3525 4332 3598 4403 μὴ
3653 4334 3813 4401 μόνον

568 4439 812 4485 structos
858 4425 1062 4480 milites
1112 4420 1463 4478 venientibus
1502 4434 1702 4491 magno
1747 4418 2124 4489 impedimentc

2242 4422 2296 4476 δὲ
2330 4424 2387 4475 ἐν
2420 4425 2483 4493 τῇ
2537 4421 2816 4494 ὁδοιπορίᾳ
2862 4422 3018 4476 τοῦτο
3054 4422 3322 4493 φύλαττέ,
3367 4422 3502 4477 ἀλλά
3548 4424 3643 4477 καὶ
3684 4424 3813 4478 ὅταν

571 4522 724 4576 tlant.

639 4609 731 4664 62.
759 4606 953 4663 Ilostili
987 4604 1042 4660 in
1064 4611 1211 4660 terra
1245 4608 1656 4657 mensuratores
1682 4599 2142 4675 incircumspecte

572 4705 640 4760 ad
671 4704 788 4758 loca
813 4700 1161 4768 anticipanda
1187 4696 1307 4751 sine
1338 4695 1535 4750 idoneo
1559 4692 1815 4764 praesidio
1836 4708 1905 4748 ne
1932 4693 2139 4756 mittas,

568 4796 664 4853 sed
697 4810 791 4866 per
827 4791 1165 4859 transfugas,
1196 4787 1291 4857 qui
1350 4794 1556 4857 sponte
1594 4802 1692 4841 sua
1722 4785 1788 4840 ad
1814 4796 1866 4840 te
1920 4782 2137 4840 defece-

570 4895 720 4953 runt,
751 4886 995 4940 locorum
1027 4891 1284 4935 naturam
1320 4884 1442 4931 tuto
1473 4876 1937 4946 perscrutaberis.

642 5067 732 5121 63.
756 5064 988 5132 Quando
1044 5062 1322 5118 exercitus
1383 5065 1565 5114 castra
1607 5058 1892 5129 positurus
1922 5066 2028 5123 est,
2070 5074 2140 5115 ne

571 5160 890 5231 perturbate
917 5163 1012 5211 aut
1042 5153 1267 5211 confuse
1287 5151 1356 5208 ad
1387 5162 1569 5208 castra
1605 5149 1797 5205 fossati
1831 5160 2139 5217 transeant,

573 5251 667 5307 scd
691 5252 733 5306 si
757 5250 945 5306 hostes
972 5247 1318 5311 immineant,
1349 5252 1403 5299 et
1427 5243 1637 5315 pedites
1660 5242 1923 5298 exercitui
1950 5252 2139 5298 nostro

576 5340 870 5405 adfuerint,
902 5354 1100 5395 currus
1131 5351 1324 5392 omnes
1357 5350 1425 5390 ex
1448 5332 1642 5389 ordine
1672 5340 1901 5403 ponant,
1939 5342 1993 5388 et
2019 5332 2138 5390 fos-

574 5445 665 5487 sas
710 5430 951 5501 undique
1015 5428 1083 5484 ad
1146 5426 1369 5481 modum
1425 5424 1548 5479 valli
1596 5422 1820 5478 ducant.
1888 5422 2136 5494 Expediti

2241 4512 2577 4578 ἁπλικεύεις.

2310 4605 2405 4677 ξβῖ
2458 4607 2583 4659 Ἐπὶ
2607 4606 2665 4659 δὲ
2693 4608 2791 4677 τῆς
2826 4606 3094 4678 πολεμίας
3124 4609 3229 4680 γῆς
3276 4611 3401 4675 τοὺς
3449 4608 3809 4681 μινσουράτωσ

2242 4716 2338 4768 ρας
2381 4698 2706 4769 ἀπροόπτως
2738 4698 2813 4769 μὴ
2857 4700 3197 4772 ἁποστέλλῃς
3239 4700 3643 4773 προλαμϐάνειν
3686 4700 3805 4752 ἄνευ

2241 4790 2495 4862 βοηθείας
2537 4790 2815 4863 ἀρκούσης
2870 4792 3085 4858 αὐτοῖς,
3144 4792 3282 4847 ἀλλά
3337 4793 3497 4864 μόνον
3554 4791 3644 4845 διὰ
3706 4790 3806 4843 τῶν

2243 4881 2605 4952 αἰχμαλώτων
2633 4884 2728 4938 καὶ
2758 4883 3073 4954 αὐτομόλων
3123 4884 3380 4954 ἀσφαλῶς
3420 4883 3683 4956 ἀνερεύνα
3718 4883 3807 4954 τὴν

2243 4974 2352 5027 τῶν
2375 4974 2556 5028 τόπων
2585 4975 2867 5048 ποιότητα.

2315 5065 2416 5136 ξγο,
2454 5067 2621 5121 ὀταν
2671 5066 2727 5119 δὲ
2756 5070 2784 5121 ὸ
2841 5068 3071 5139 στρατὸς
3124 5068 3442 5124 ἀπλικεύειν
3495 5068 3682 5139 μέλλῃ,
3738 5066 3806 5136 μὴ

2243 5158 2712 5229 ἀναμεμιγμένως
2741 5162 2838 5213 καὶ
2875 5160 3128 5225 ἀτάκτως
3170 5160 3616 5232 ἐπερχέσθωσαν,
3657 5161 3711 5211 ἐν
3736 5156 3808 5227 τῷ

2242 5249 2338 5302 τοῦ
2371 5251 2643 5319 φοσσάτου
2687 5252 2967 5323 ἁπλίκτῳ’
2997 5253 3135 5307 ἀλλά
3172 5252 3268 5306 ἐὰν
3305 5252 3491 5324 ἐχθροὶ
3531 5251 3806 5320 έγγίζωσι,

2245 5342 2340 5394 καὶ
2380 5342 2723 5412 συμπάρεισι
2753 5342 2909 5408 πεζοὶ
2940 5342 3018 5415 τῷ
3053 5345 3267 5417 στρατῷ
3297 5343 3571 5416 προτέρας
3601 5339 3807 5413 ἀμάξας

2243 5433 2561 5500 τιθέτωσαν,
2608 5436 2700 5489 καὶ
2744 5436 2803 5488 ἐν
2845 5435 2996 5501 τάξει
3037 5435 3106 5489 τὰ
3158 5436 3446 5507 ὀρύγματα
3496 5436 3808 5491 ποιείτωσαν

2076 5566 2308 5628 NOTAE.
3428 5570 3459 5583 ’

642 5660 755 5726 (59)
792 5660 903 5713 Τοῦ
933 5659 1211 5715 τούλδου.
1238 5657 1447 5721 Scribe,
1472 5657 1565 5712 τοῦ
1599 5658 1833 5714 τοῦλδον.

640 5730 754 5800 (40)
797 5729 1037 5786 Τοῦὸον.
1072 5728 1284 5793 Scribe,
1308 5727 1544 5782 τοῦλδον.

2313 5666 2425 5739 (41)
2459 5669 2996 5738 Παρασκεύαστον.
3030 5670 3245 5741 Scribe,
3270 5667 3712 5741 παρασκεύασον.
