4074 6222
292 208 413 272 929

1384 212 1715 274 TACTICA.
1744 235 1813 247 -
1845 209 2348 273 CONSTITUTIO
2378 206 2565 272 XVII.

3464 208 3570 273 930

296 320 632 392 πρεπόντως
684 322 779 376 τοῦ
831 308 1064 394 τάφρου.
1094 325 1157 383 Οἱ
1181 326 1237 379 δὲ
1270 327 1617 397 ὶξάπληκτοι,
1650 328 1817 397 ήγουν
1843 324 1892 377 oi

2018 332 2183 381 intem
2239 324 2463 392 milites,
2507 325 2559 379 id
2615 331 2718 389 est,
2770 324 2861 394 qui
2921 325 3072 393 gravi
3126 333 3403 380 armatura
3458 343 3570 384 non

298 411 637 482 εὐπλήκτως
684 412 815 465 ἄνευ
866 414 1067 484 βάρους
1101 418 1531 488 περιπατοῦντες
1560 418 1759 481 πάντες
1788 416 1895 471 ἀπὸ

300 502 496 569 ὀλίγου
528 501 902 573 διαστήματος
956 505 1164 572 ἕτοιμοι
1208 509 1580 579 στηκὲτωσαν,
1619 511 1715 563 καὶ
1769 508 1893 562 τότε

300 594 410 663 τὴν
442 594 755 663 ἀποσκευὴν
805 594 947 649 κατὰ
996 596 1148 662 τάξιν
1193 599 1540 669 είσέρχεσθαι
1589 600 1683 653 καὶ
1732 599 1892 652 ἀπλι-

303 684 521 739 sca-52w.
575 686 687 739 Καὶ
714 687 843 740 ὅταν
891 688 1173 761 ἀπολύσῃς
1204 691 1299 743 καὶ
1341 692 1443 754 τὰς
1496 692 1718 762 βουλὰς,
1772 692 1897 744 τότε

306 775 755 847 εἰσερχέσθωσαν
779 779 873 830 καὶ
906 779 1065 832 αὐτοὶ
1086 781 1134 833 οί
1160 780 1397 847 ὁπλῖται,
1428 782 1571 835 κατὰ
1603 782 1777 849 τάξιν,
1804 783 1899 836 καὶ

308 866 780 935 ἁπλικευέτωσαν,
803 868 985 933 καθώς
1007 886 1088 923 σοι
1116 871 1210 925 καὶ
1234 873 1293 927 ὲν
1312 872 1390 943 τῷ
1413 874 1548 942 Περὶ
1574 872 1899 939 ἀπλήκτων

310 957 464 1026 λόγῳ
495 957 876 1028 διεταξάμεθα.

392 1051 487 1115 ξδ’.
542 1052 673 1106 Ἐὰν
707 1052 764 1104 δὲ
799 1052 1027 1123 πλησίον
1064 1055 1137 1125 μή
1170 1055 1306 1109 εἰσιν
1349 1055 1561 1127 ἐχθροὶ,
1598 1055 1758 1126 ἀρκεῖ
1805 1058 1902 1111 καὶ

313 1142 384 1195 δι’
414 1143 531 1207 ἐνὸς
561 1142 830 1214 δρούγγου
868 1145 1030 1200 τοῦτο
1054 1146 1300 1214 γίνεσθαι
1323 1146 1385 1201 τὸ
1413 1147 1601 1218 σχῆμα
1622 1163 1636 1178 ⁸
1683 1148 1778 1201 καὶ
1806 1146 1904 1200 οὗ·

314 1251 427 1299 τως
457 1234 683 1289 ἐκείνων
719 1236 1025 1307 ἱσταμένων
1053 1240 1177 1304 τοὺς
1207 1236 1426 1303 λοιποὺς
1454 1238 1794 1293 ἀπλικεύειν.

394 1410 488 1477 ξε’.
534 1411 775 1485 Ἐχθρῶν
798 1412 854 1467 δὲ
886 1414 1241 1483 ἐγγιζόντων,
1274 1417 1371 1472 καὶ
1394 1416 1656 1472 σύστασιν
1688 1417 1904 1471 ποιούν-

317 1520 452 1568 των,
485 1504 518 1575 ἢ
549 1505 925 1576 ὀχυρωμάτων
949 1508 1199 1578 πλησίον,
1227 1510 1261 1580 ἢ
1289 1508 1440 1582 ὕλης,
1464 1510 1498 1581 ἢ
1523 1512 1685 1565 τόπου
1716 1511 1908 1581 δυσχεά

326 1593 473 1664 ροῦς,
512 1596 585 1665 μὴ
608 1596 778 1667 άφίῃς
798 1597 873 1661 ὡς
909 1597 1066 1669 ἔτυχε
1099 1600 1253 1664 τινὰς
1280 1600 1498 1671 βόσκειν
1525 1602 1653 1666 τοὺς
1679 1602 1904 1667 ἵππους,

321 1686 460 1739 ἀλλὰ
493 1687 585 1740 καὶ
616 1686 714 1751 τὰς
762 1688 953 1760 βίγλας
992 1668 1247 1761 ἀσφαλῶς
1281 1668 1505 1760 πέμπε,
1540 1692 1635 1745 καὶ
1658 1692 1751 1762 ἔχε
1802 1692 1905 1762 μὲν
1938 1668 1981 1722 Β

321 1779 450 1840 τοὺς
473 1778 673 1844 ἵππους
708 1781 766 1834 ἰν
800 1782 879 1853 τῷ
913 1784 1138 1853 χάρακι.
1172 1784 1507 1849 Σπουδάζειν
1535 1783 1592 1836 δὲ
1626 1783 1767 1838 ὥστε
1792 1784 1906 1839 άπὸ

322 1870 523 1941 χειρῶν
569 1874 824 1942 συνάγειν
872 1877 937 1928 ἐκ
978 1876 1086 1930 τῶν
1135 1877 1539 1947 εὑρισκομένων
1587 1876 1814 1947 καρπῶν
1844 1878 1904 1931 ὲν

322 1966 435 2026 τοῖς
471 1964 701 2035 πλησίον
727 1967 969 2039 χωρίοις,
1001 1967 1096 2023 τοῦ
1125 1986 1184 2021 τε
1218 1971 1413 2041 χόρτου
1444 1970 1539 2023 καὶ
1562 1968 1673 2023 τῶν
1699 1969 1905 2040 κριθῶν

314 2054 422 2125 ,τὴν
457 2057 725 2129 συλλογὴν
756 2060 1033 2114 ποιεῖσθαι
1062 2059 1258 2126 οὕτως,
1285 2060 1427 2114 ὥστε
1459 2061 1599 2130 μετὰ
1628 2059 1737 2115 τῶν
1766 2060 1906 2115 παλ-

324 2147 593 2218 λικαρίων
639 2148 733 2202 τοῦ
764 2149 983 2204 τούλδου
1020 2152 1349 2222 εὐπλήκτως
1376 2150 1491 2222 (42)
1518 2153 1628 2207 ἀπὸ
1674 2152 1907 2207 ἑκάστου

331 2239 530 2309 μέρους
561 2239 931 2311 συνέρχωνται
955 2242 1294 2313 ὠπλισμένοι
1319 2243 1656 2313 στρατιῶται
1683 2246 1742 2298 ὲν
1758 2243 1909 2307 τάξει

326 2329 759 2400 περιπατοῦντες
788 2330 879 2384 διὰ
914 2331 1011 2396 τὰς
1045 2333 1348 2402 αἰφνιδίους
1405 2334 1515 2387 τῶν
1548 2333 1763 2403 ἐχθρῶν
1814 2336 1910 2386 ἐπ-

331 2423 594 2488 ελεύσεις.
1168 2492 1173 2501 ,

400 2514 508 2581 ξς¹.
559 2516 686 2571 Ἐάν
734 2517 793 2571 δὲ
850 2519 1109 2590 χρονίσῃς
1140 2521 1218 2590 τῷ
1267 2521 1420 2591 τόπῳ
1443 2562 1458 2586 ,
1490 2520 1584 2575 καὶ
1632 2521 1661 2574 ὁ
1718 2514 1911 2592 καιρὸς

334 2608 640 2677 ἐπιτήδειός
664 2610 805 2673 ἐστι,
839 2610 978 2664 καὶό
1007 2611 1169 2673 τόπος
1190 2610 1392 2682 ὁμοίως
1409 2610 1546 2681 πρὸς
1571 2611 1911 2682 ἁποτροφάς,

267 2702 273 2706 ’
337 2698 452 2751 ἔστι
482 2698 542 2751 δὲ
576 2698 673 2753 καὶ
699 2700 732 2768 ή
764 2699 997 2771 δύναμις
1045 2701 1155 2755 τῶν
1202 2700 1417 2773 ἐχθρῶν
1463 2701 1573 2757 ἀπὸ
1612 2701 1909 2774 μακρόθεν,

336 2789 456 2842 τότε
511 2790 736 2844 δυνατόν
789 2792 938 2844 ἐστιν
993 2791 1285 2859 βόσκεσθαι
1317 2792 1445 2856 τοὺς
1478 2793 1678 2859 ἵππους
1723 2793 1913 2864 βίγλας

335 2879 527 2951 διπλῆς
555 2882 649 2935 καὶ
678 2882 914 2952 τριπλῆς
945 2883 1208 2947 πολλάκις
1248 2885 1614 2954 πεμπομένης
1663 2885 1775 2954 (45)
1804 2886 1916 2940 ἀπὸ

339 2970 550 3025 πολλῶν
589 2972 980 3042 διαστημάτων
1016 2974 1110 3053 καλ
1140 2973 1346 3043 ταύτης
1403 2974 1613 3043 συχνῶς
1646 2974 1913 3029 ἀλλάσσο-

343 3064 531 3135 μένης-

410 3154 506 3219 ξζν.
552 3153 676 3210 Ἐὰν
702 3154 763 3208 δέ
796 3167 949 3219 τινας
979 3155 1074 3209 ἐπὶ
1108 3157 1346 3228 πραῖδαν
1366 3158 1560 3231 τάξῃς,
1590 3146 1737 3211 οὗτοι
1759 3154 1913 3227 μόνοι

341 3245 770 3316 ὲξερχέσοωσαν.
812 3247 876 3301 Et
913 3246 971 3301 δέ
1040 3263 1187 3311 τινες
1239 3249 1349 3302 τῶν
1395 3247 1744 3321 στρατιωτῶν
1793 3248 1915 3301 km-

345 3336 610 3408 μιχθῶσιν
664 3339 851 3402 αὐτοῖς
910 3338 1018 3410 ίδίᾳ
1058 3340 1314 3410 εὐθεντίᾳ
1368 3341 1618 3413 ποιήσεις
1663 3340 1918 3409 γενέσθαι

340 3428 639 3494 διαλαλιὰν,
672 3427 816 3482 ὥστε
844 3428 1052 3498 μηδένα
1079 3429 1268 3499 ἕτερον
1296 3430 1438 3500 πλὴν
1461 3431 1571 3483 τῶν
1596 3431 1918 3499 ὡρισμένων

342 3517 577 3583 ἐξελθεῖν
605 3522 686 3583 εἰς
725 3520 825 3592 τὴν
856 3518 1117 3589 πραίδαν.
1152 3519 1265 3573 Καὶ
1296 3519 1417 3572 τότε
1446 3519 1586 3590 μετὰ
1622 3519 1683 3571 τὸ
1715 3518 1920 3587 μανδὲι-

341 3627 431 3663 τον
457 3610 583 3672 τοὺς
612 3609 1030 3681 παρακούοντας
1074 3608 1396 3680 συνέχεσθαι
1423 3611 1518 3665 καὶ
1548 3608 1919 3679 παραπέμπε-

345 3697 469 3751 σθαι
521 3699 635 3761 τοϊς
685 3698 835 3761 ἰδίοις
875 3696 1054 3750 αὐτῶν
1088 3696 1351 3769 ἄρχουσιν
1384 3698 1463 3761 είς
1491 3696 1554 3750 τὸ
1587 3694 1924 3767 σωφρονίζε-

346 3790 493 3856 σθαι,
524 3789 614 3844 ἴνα
646 3790 721 3861 μὴ
758 3792 806 3845 οἱ
850 3791 1028 3845 λοιποὶ
1070 3790 1439 3861 λαμϐάνοντες
1467 3790 1673 3856 ἄδειαν,
1717 3790 1812 3844 καὶ
1844 3791 1924 3854 εἰς

348 3880 606 3951 ἁρπαγὴν
652 3882 1024 3951 ἐκτρέχοντες,
1066 3880 1396 3953 γυμνώσωσί
1431 3898 1490 3935 σε
1520 3881 1631 3935 ἀπὸ
1660 3882 1918 3953 στρατοῦ,

347 3974 440 4026 καὶ
475 3973 800 4047 κινδυνεύσῃ
828 3974 947 4038 ὅλος
976 3977 1006 4028 ὁ
1029 3973 1178 4039 λαός.

419 4062 521 4134 ξη’.
569 4064 878 4134 Ἀκρίὸειαν
919 4065 976 4118 δὲ
1024 4066 1120 4121 καὶ
1161 4066 1462 4136 ἀσφάλειαν
1510 4066 1601 4138 ἔχε
1627 4105 1643 4131 ,
1691 4065 1781 4120 ἵνα
1826 4064 1922 4119 ἐὰν

349 4153 487 4224 τύχῃ
522 4156 617 4207 καὶ
646 4156 844 4227 εὑρεθῇ
880 4156 913 4228 ἢ
942 4150 1107 4223 οἶνος,
1132 4158 1165 4229 ἢ
1197 4158 1386 4229 ἄρτος,
1421 4158 1497 4230 μὴ
1514 4157 1746 4230 τρώγειν
1766 4156 1927 4211 αὐτὸν

350 4246 445 4299 καὶ
484 4246 662 4299 πίνειν
713 4247 820 4316 πρὸ
850 4248 1072 4317 πείρας,
1102 4249 1198 4304 ἐὰν
1242 4249 1321 4320 μὴ
1373 4249 1637 4320 πρότερον
1683 4248 1772 4302 διὰ
1819 4247 1928 4301 τῶν

1998 426 2248 479 utuntur.
2277 431 2473 471 omnes
2494 430 2661 485 parvo
2705 416 2994 471 intervallo
3026 417 3284 472 instructi
3337 421 3405 472 ab
3463 418 3570 476 illis

1999 512 2220 575 distent,
2262 518 2494 579 tumque
2529 516 2826 578 apparatus
2868 516 2924 565 et
2980 509 3371 580 impedimenta
3392 526 3457 566 ex
3482 526 3574 566 or—

2000 601 2129 657 dine
2163 602 2546 669 ingrediantur
2582 602 2639 657 in
2666 608 2888 657 castra:
2930 601 3023 657 ubi
3080 610 3262 657 autem
3311 602 3574 658 excubias

2000 691 2334 760 vigiliasque
2385 690 2661 757 emiseris,
2693 698 2827 745 tunc
2886 691 3087 745 armati
3118 691 3225 761 ipsi
3253 707 3318 747 ex
3378 691 3575 749 ordine

2003 782 2381 852 ingrediantur
2405 791 2460 837 et
2486 793 2668 839 castra
2707 790 2935 853 ponant,
2993 783 3455 852 quemadmodum
3476 785 3574 840 tibi

2005 875 2059 933 in
2087 888 2212 944 cap.
2253 874 2325 928 De
2356 875 2548 929 castris
2575 874 2828 943 ponendis
2854 874 3245 944 explicuimus.

2076 1052 2166 1108 οι.
2195 1050 2292 1107 Sin
2337 1050 2526 1108 hostes
2580 1066 2753 1123 prope
2795 1066 2906 1106 non
2946 1050 3247 1116 adfuerint,
3299 1050 3437 1107 satis
3474 1051 3581 1107 erit

2008 1160 2118 1201 une
2139 1144 2380 1214 drungo,
2420 1145 2471 1199 id
2510 1155 2618 1211 est,
2669 1146 2898 1201 cohorte
2939 1144 3223 1207 milliaria,
3275 1143 3582 1202 instructos

2009 1233 2149 1288 hanc
2176 1234 2405 1288 {oratam
2436 1233 2743 1300 observari,
2780 1242 2839 1288 ut
2868 1248 2931 1289 ea
2955 1234 3420 1303 quemadmodum
3444 1251 3585 1308 prato

2008 1321 2251 1377 diximus
2280 1324 2642 1387 consistente,
2675 1322 2873 1392 reliqui
2918 1332 3101 1379 castra
3132 1334 3361 1395 ponant.

2078 1413 2169 1471 65.
2194 1412 2457 1470 Hostibus
2506 1415 2619 1485 jam
2652 1415 3092 1480 imminentibus,
3126 1428 3291 1488 atque
3324 1436 3493 1476 unum
3527 1422 3587 1478 in

2010 1506 2188 1562 locum
2225 1520 2395 1575 prope
2426 1506 2794 1578 congregatis,
2823 1506 2868 1562 si
2906 1508 3142 1564 munitio
3188 1511 3371 1581 aliqua
3406 1527 3578 1584 prope

2014 1597 2201 1662 fuerit,
2265 1606 2362 1651 aut
2398 1598 2583 1667 aliqua
2645 1599 2892 1653 locorum
2957 1599 3272 1667 diilicultas,
3302 1619 3371 1659 ne
3413 1620 3589 1675 equos

2012 1698 2217 1745 temere
2241 1688 2308 1743 ad
2334 1699 2551 1759 pastum
2579 1689 2753 1744 emitti
2787 1689 2961 1755 sinas,
2993 1692 3089 1750 sed
3112 1700 3165 1748 et
3190 1695 3449 1753 excubias
3472 1705 3592 1753 tuto

2014 1782 2189 1847 mitte,
2212 1796 2387 1853 equos
2418 1791 2601 1838 autem
2635 1782 2779 1837 intra
2805 1783 2927 1838 valli
2966 1784 3235 1840 ambitum
3269 1787 3467 1843 retine.
3498 1787 3595 1842 Ef-

2015 1875 2115 1930 lice
2166 1884 2346 1935 autem
2375 1882 2436 1930 ut
2458 1874 2713 1931 manibus
2738 1876 2857 1932 suis
2882 1876 3033 1946 quod
3078 1877 3343 1934 frumenti
3372 1880 3592 1949 pabuli-

2015 1982 2121 2037 que
2151 1975 2259 2031 est,
2302 1967 2553 2023 linitimis
2582 1968 2636 2021 in
2662 1967 2800 2024 locis
2832 1978 3186 2041 congregem,
3237 1971 3331 2027 sed
3379 1973 3478 2038 ita,
3534 1981 3594 2027 ut

2015 2074 2141 2114 cum
2206 2058 2728 2129 impedimentorum
2792 2059 3136 2117 administris
3203 2063 3464 2118 omnibus
3523 2078 3594 2118 ex

2016 2151 2272 2223 partibus
2321 2152 2516 2206 armati
2547 2152 2747 2209 milites
2794 2153 3007 2208 circum
3041 2154 3166 2211 illos
3214 2155 3592 2221 obambulent,

2018 2244 2083 2299 ad
2110 2244 2324 2302 subitas
2346 2244 2588 2301 hostium
2633 2245 2980 2301 incursiones
3030 2247 3395 2318 repellendas.
3489 2224 3505 2245 ’

2054 2548 2057 2551 λ
2090 2497 2179 2553 66.
2217 2500 2317 2555 Sin
2350 2514 2460 2555 uno
2490 2500 2544 2555 in
2583 2501 2706 2556 loco
2749 2499 2959 2558 diutius
2993 2510 3369 2560 commoratus
3402 2501 3593 2567 fueris,

2020 2600 2074 2647 et
2101 2602 2320 2663 tempus
2350 2592 2611 2648 idoneum
2650 2594 2917 2664 locusque
2947 2593 3207 2653 similiter
3229 2594 3298 2650 ad
3338 2596 3598 2652 alimenta

2021 2693 2369 2752 opportunus
2391 2692 2502 2749 est,
2532 2684 2886 2755 hostiumque
2917 2686 3092 2756 wpize
3143 2688 3361 2744 eminus
3398 2689 3594 2745 abfue-

2030 2773 2165 2839 rint,
2204 2776 2331 2844 equi
2390 2783 2507 2829 tum
2562 2773 2633 2829 ad
2692 2782 2913 2844 pastum
2942 2776 3293 2845 emittantur,
3348 2779 3597 2835 excubiis

2025 2864 2239 2920 duabus
2274 2872 2367 2921 aut
2393 2866 2572 2921 tribus
2596 2866 2761 2937 longo
2785 2866 3081 2923 intervallo
3107 2867 3332 2925 emissis
3354 2866 3603 2941 frequen-

2025 2964 2216 3026 terque
2251 2959 2626 3014 commutatis.

2089 3135 2178 3190 67.
2214 3128 2430 3207 Siquos
2462 3138 2527 3193 ad
2562 3138 2797 3207 prmdam
2836 3137 3088 3194 emiseris
3113 3172 3127 3203 ,
3152 3137 3206 3192 lii
3255 3138 3360 3192 soli
3386 3151 3601 3197 exeant.

2019 3227 2115 3282 Sin
2135 3227 2354 3298 quidam
2381 3240 2450 3286 ex
2478 3229 2747 3286 militibus
2774 3228 2883 3285 illis
2908 3222 3374 3296 admistifuerint,
3387 3234 3606 3302 propria

2018 3327 2112 3374 tua
2145 3320 2475 3377 auctoritate
2497 3321 2813 3376 mandatum
2862 3319 3133 3392 divulgari
3180 3320 3388 3391 facies,
3418 3331 3472 3381 ιιι
3504 3340 3606 3384 ne-

2021 3424 2111 3462 mo
2136 3411 2278 3465 alius
2307 3419 2503 3480 praeter
2536 3424 2631 3464 eos
2675 3410 2769 3481 qui
2823 3411 3111 3467 constituti
3156 3422 3290 3472 sunt
3355 3416 3423 3472 ad
3466 3432 3606 3487 prir-

2020 3501 2260 3555 dandum
2301 3512 2480 3556 exeat.
2512 3498 2644 3556 Post
2666 3502 2768 3557 hoc
2798 3505 3119 3559 mandatum
3181 3507 3229 3561 si
3271 3507 3367 3577 qui
3419 3516 3607 3564 trans-

2022 3606 2309 3663 gressores
2336 3592 2564 3658 fuerint,
2603 3595 2918 3664 capiantur,
2964 3603 3020 3651 et
3060 3598 3129 3652 ad
3189 3613 3325 3653 suos
3356 3600 3606 3669 ipsorum

2023 3683 2311 3753 praefectos
2346 3684 2658 3751 mittantur,
2693 3693 2752 3740 ut
2774 3686 2843 3742 ab
2874 3685 2985 3743 illis
3030 3688 3398 3759 castigentur,
3430 3703 3523 3757 ne,
3558 3690 3605 3744 si

2026 3775 2283 3848 impuniti
2321 3776 2455 3843 sint,
2485 3776 2689 3848 reliqui
2740 3792 2866 3834 cum
2902 3780 3208 3839 securitate
3253 3781 3493 3852 quadam
3538 3782 3606 3837 ad

2025 3867 2384 3938 pradandum
2426 3878 2807 3937 excurrentes,
2840 3870 3107 3926 deserant
3156 3873 3487 3936 exercitum,
3525 3880 3605 3926 st—

2027 3973 2134 4028 que
2171 3958 2309 4015 adeo
2342 3959 2396 4015 in
2428 3960 2677 4029 periculo
2706 3962 2989 4019 exercitus
3032 3963 3115 4019 sic
3146 3963 3378 4021 relictus
3403 3965 3497 4022 sit.

2098 4050 2189 4107 68.
2222 4051 2504 4121 Exquisite
2529 4053 2929 4125 diligenterque
2960 4056 3301 4126 providebis,
3356 4066 3417 4113 ut
3451 4060 3497 4115 si
3529 4062 3608 4115 vi-

2028 4161 2160 4201 num
2195 4152 2289 4201 aut
2319 4146 2477 4216 panis
2504 4145 2837 4213 inveniatur,
2858 4162 2967 4202 non
2992 4148 3290 4205 confestim
3321 4150 3487 4205 cdant
3514 4164 3607 4209 aut

2030 4237 2240 4304 bibant,
2277 4237 2382 4294 nisi
2399 4253 2496 4309 per
2523 4239 2773 4309 captives
2791 4240 2945 4309 prius
2971 4242 3366 4310 exploraveris,
3394 4254 3606 4299 utrum-

350 4337 711 4409 αἰχμαλώτων
748 4337 1060 4412 δοκιμάσῃς
1086 4339 1271 4395 αὐτόν.
1313 4341 1425 4394 Καὶ
1450 4339 1626 4403 οὕτως
1654 4338 1914 4409 εὑρίσκωι

2031 4344 2100 4384 ne
2131 4329 2375 4385 salubria
2431 4337 2596 4400 atque
2645 4330 2855 4402 integra
2889 4330 3033 4386 sint:
3064 4331 3214 4403 quod
3266 4333 3313 4387 si
3348 4334 3422 4388 ita
3472 4348 3601 4389 esse

350 4429 530 4502 ἅπαθῆ
593 4430 687 4483 καὶ
717 4428 868 4501 ὑγιῆ,
919 4431 1041 4484 τότε
1104 4431 1353 4500 ποιήσεις
1413 4428 1725 4500 χρήσασθαι
1789 4429 1914 4482 αὑτό

2032 4420 2328 4487 inveneris,
2382 4430 2497 4476 tum
2554 4422 2813 4477 fruantur
2837 4421 2944 4479 illis
2979 4424 3210 4479 milites.
3262 4422 3369 4480 Sed
3428 4441 3609 4496 neque

349 4523 473 4584 τοὺς
516 4519 878 4590 στρατιώτας.
928 4520 1095 4574 Ἀλλὰ
1149 4520 1286 4590 μηδὲ
1324 4517 1388 4571 τὸ
1442 4520 1503 4570 ὲν
1530 4521 1644 4582 τοῖς
1699 4518 1928 4589 φρέασιν

351 4611 513 4681 ὕδωρ,
533 4613 566 4684 ἢ
590 4613 958 4682 κινστέρναις,
987 4611 1019 4683 ἢ
1046 4611 1289 4677 λάκκοις,
1314 4610 1347 4681 ἢ
1373 4612 1429 4663 ἐν
1454 4610 1629 4675 ἄλλοις
1656 4610 1929 4681 άγγείοις⁴

351 4702 611 4765 πολλάκις
654 4703 763 4774 γάρ
790 4702 879 4755 διὰ
908 4701 1217 4773 φαρμάκων
1242 4698 1616 4769 ἀφανίζονται,
1641 4703 1735 4755 καὶ
1768 4702 1932 4754 θανα-

349 4794 561 4861 τηφόρα
594 4795 827 4859 γίνεται.

420 4881 517 4947 ἔθ’.
552 4881 873 4952 Εὑρέθησαν
901 4882 1009 4952 γάρ
1041 4896 1173 4934 ποτε
1212 4882 1306 4937 καὶ
1334 4882 1524 4952 κριθαὶ
1562 4882 1735 4948 οὕτως
1784 4898 1926 4954 φαρσ-

354 4974 735 5042 μακευοείσαι,
769 4976 862 5027 καὶ
900 4976 978 5045 μὴ
1009 4974 1243 5044 ἐχόντων
1271 4975 1494 5030 ἄλλοθεν
1515 4977 1625 5029 τῶν
1658 4994 1925 5047 στρατιω-

2030 4527 2171 4581 aqua
2196 4512 2249 4566 in
2274 4513 2456 4582 puteis
2482 4521 2579 4567 aut
2613 4513 2880 4570 cisternis
2933 4523 3029 4569 aut
3054 4514 3181 4570 aliis
3215 4514 3271 4569 in
3316 4515 3466 4571 rasis
3498 4515 3607 4570 nisi

2027 4607 2309 4675 explorate
2336 4615 2777 4677 utautur:s:epe
2823 4608 2972 4663 enim
3023 4622 3235 4664 veneno
3285 4606 3604 4678 huiusmodi

2030 4699 2380 4764 iniiciuntur,
2410 4706 2464 4754 et
2485 4698 2707 4753 iethalia
2742 4707 2893 4754 sunt.

2096 4879 2187 4935 69.
2260 4879 2531 4935 liurdeum
2567 4881 2713 4936 enim
2755 4896 2900 4953 saepe
2941 4882 3024 4938 sic
3071 4892 3282 4938 veneno
3335 4879 3606 4935 imbutum

2028 4973 2429 5037 inveniebatur,
2463 4984 2517 5028 et
2552 4987 2677 5027 cum
2701 4974 2917 5043 reliquo
2952 4974 3156 5044 pabulo
3207 4972 3603 5037 deﬁcerentur,

350 5068 454 5120 τῶν
482 5070 597 5131 τοῖς
628 5067 847 5136 ἀλόγοις
891 5068 1234 5139 ἀπο-τροφὴν,
1260 5069 1685 5139 ἠναγκάσθησαν
1710 5069 1914 5121 ἐκεῖθεν

2028 5067 2229 5122 milites
2280 5066 2345 5121 ad
2395 5082 2569 5137 equos
2627 5066 3024 5134 asportandos,
3063 5068 3190 5123 inde
3236 5067 3559 5138 pabulantes
3588 5106 3605 5129 ,

351 5160 531 5222 αὐτοῖς
568 5158 906 5229 παραλαϐεῖν
937 5160 1164 5231 τροφὴν,
1205 5160 1297 5212 καὶ
1323 5159 1425 5212 οὐκ
1454 5158 1620 5226 ὀλίγοι
1652 5158 1739 5211 διὰ
1766 5154 1914 5209 τοῦτο

2024 5158 2296 5229 equisque
2325 5156 2642 5225 aﬂ‘crentes,
2671 5157 2986 5228 complures
3018 5170 3192 5229 equos
3227 5159 3603 5229 perdiderunt.

352 5252 503 5306 ἵπποι
535 5251 836 5307 ἀπώλοντο.

1855 5359 2089 5417 NOTAE.

421 5462 537 5532 Hi)
578 5462 971 5529 Εὐπλήκτως.
1022 5461 1238 5525 Scribe,
1275 5457 1652 5532 ἱξαπλήκτως.
1703 5455 1914 5532 Οιια-ιξε

2034 5456 2315 5532 εὐόπλους.

352 5549 482 5587 voce
515 5528 691 5603 supra
731 5548 761 5585 a
810 5549 894 5587 me
925 5533 1130 5587 dictum
1168 5542 1272 5603 est.
1314 5532 1375 5584 Et
1400 5544 1523 5603 mox
1548 5528 1790 5603 iterum§
1833 5528 1924 5603 7i,

2108 5528 2220 5599 (45)
2262 5528 2328 5583 Ut
2358 5525 2611 5594 superius
2635 5525 2918 5583 innuimus
2940 5527 3169 5583 mutilus
3199 5534 3284 5583 est
3305 5526 3608 5599 superiori-

351 5597 684 5675 εὐπλήκτὸυς
719 5604 814 5655 καὶ
846 5603 1108 5665 εὑὸπλους
1166 5602 1379 5666 Scribe,
1405 5597 1804 5668 ἑξαπλήκτους,
1828 5600 1914 5653 καὶ

2033 5597 2137 5654 bus
2170 5597 2529 5672 p'aragrapliis
2568 5599 2760 5668 codex,
2790 5614 2962 5669 usque
2986 5599 3053 5654 ad
3082 5599 3483 5670 paragraphutn
3512 5597 3603 5652 67.

625 5698 895 5759 i‘xrnoL.
933 5697 1047 5763 Gn.
1086 5698 1263 5760 CVII.

3177 5691 3251 5752 30
