4074 6222
473 218 570 281 931

1737 204 2008 265 LEONIS
2041 204 2167 264 PIIl
2182 204 2503 265 LOSOPHI

3620 199 3744 264 932

547 330 635 385 70.
674 322 969 392 Praeeipies
1004 321 1168 377 etiam
1220 320 1510 387 exercitui,
1578 317 2041 389 quemadmodum

2221 325 2284 372 θ’.
2320 313 2790 388 Παραγγείὶῃςίδὲ
2822 312 2898 382 τῷ
2935 311 3150 383 στρατῷ
3176 310 3356 374 καθὼς
3390 310 3447 365 ὲν
3476 310 3555 381 τῷ
3586 314 3741 379 Πείκι

483 425 539 477 in
594 419 775 487 capite
815 415 891 469 De
942 414 1130 467 itinere
1188 412 1430 480 faciendo
1475 411 1860 480 explicuimus,
1895 417 1953 462 ut
1995 408 2040 461 si

478 527 621 582 saepe
650 508 916 563 tumultus
944 504 1143 572 aliquis
1178 512 1273 557 aut
1304 503 1648 572 perturbatio
1694 503 1746 555 in
1784 501 2040 556 exercitu

478 603 663 667 fuerit,
689 614 757 653 ne
780 598 886 651 huc
946 594 1190 664 illucque
1224 593 1502 649 exercitus
1542 592 1943 647 circumeurset
1988 597 2041 643 et

477 687 920 750 circumferatur,
953 683 1048 738 sed
1108 684 1241 737 illuc
1270 690 1437 736 ruant
1469 695 1661 736 omnes
1707 680 1800 734 ubi
1841 677 2043 733 tumul-

477 793 565 837 tus
592 788 706 835 est:
738 794 801 833 ex
825 792 890 831 eo
913 776 1058 831 enim
1091 774 1181 829 ﬁet
1215 782 1275 830 ut
1326 775 1597 829 adversus
1622 773 1812 828 hostes
1861 769 2041 842 parati

476 875 605 940 sint,
643 869 845 939 siquid
896 868 1003 922 tale
1032 867 1332 937 contingat,
1380 879 1558 935 neque
1613 863 1846 919 confuse
1899 862 2044 916 inter

475 980 534 1019 se
562 971 655 1017 aut
690 961 1003 1030 perturbate
1021 958 1377 1012 misceantur.

544 1055 632 1106 71.
652 1050 928 1105 Exeubias
944 1049 1164 1119 quando
1191 1049 1244 1101 in
1272 1047 1530 1103 hostilem
1549 1056 1749 1102 terram
1767 1043 2040 1111 immittis,

475 1159 583 1198 non
619 1144 796 1197 solum
830 1141 884 1194 in
924 1141 1254 1195 anteriorem
1282 1147 1487 1208 partem
1515 1137 1758 1200 emittas,
1806 1147 2041 1204 eamque

477 1243 649 1290 tutam
700 1233 1079 1297 conservabis,
1115 1231 1209 1286 sed
1253 1231 1419 1284 etiam
1482 1243 1512 1282 a
1563 1239 1716 1297 tergo
1757 1227 2043 1298 expeditos

476 1333 825 1393 armatosque
858 1322 1085 1385 milites,
1115 1320 1169 1373 id
1202 1327 1310 1384 est,
1335 1318 1559 1373 idoneas
1609 1316 1797 1387 copias
1862 1316 2044 1385 aliquo

474 1433 597 1472 cum
632 1419 863 1471 honesto
922 1412 1177 1482 praefecto
1218 1412 1520 1466 instructas
1576 1410 1693 1480 (qui
1746 1408 2045 1477 tergistites

474 1506 923 1574 nominabantur)
958 1504 1026 1558 'ad
1052 1503 1239 1558 decem
1263 1502 1346 1557 vel
1377 1501 1689 1570 quindecim
1724 1498 2042 1553 milliarium

475 1598 824 1654 intervallum
875 1610 1000 1649 cum
1048 1594 1298 1648 excubiis
1360 1592 1641 1646 accuratis
1698 1587 2045 1651 collocabis,

2150 411 2495 478 ὁδοιπορίας·
2518 411 2650 479 ἡμῖν
2689 408 2903 478 εἴρηται
2930 406 3091 474 λόγῳ,
3116 406 3205 458 ἵνα
3240 404 3335 457 ἐὰν
3360 404 3434 467 ώς
3461 404 3744 465 πολλάκις

2149 503 2373 573 γένηται
2402 501 2627 571 ’ταραχὴ
2657 502 2737 561 είς
2773 499 2863 551 τὸν
2886 498 3036 564 λαὸν,
3069 495 3143 569 μὴ
3170 494 3404 565 ἀλλαχοῦ
3423 535 3437 557 ,
3470 489 3577 549 ὧδε
3632 496 3743 549 καὶ

2150 597 2330 648 ἐκεῖσε
2360 594 2576 665 τρέχειν
2621 591 2818 654 αὐτοὺς
2857 590 2949 643 καὶ
2984 586 3415 658 περιφέρεσθαι’
3442 586 3559 640 ἀλλ’
3608 586 3744 638 ἐκεῖ

2148 687 2326 756 δρμᾷν
2370 684 2600 747 πάντας,
2648 682 2784 735 ὅπου
2820 681 2853 749 ἡ
2888 678 3101 749 ταραχὴ
3130 678 3355 746 γέγονεν
3379 693 3392 706 ·
3424 678 3500 729 ῖὲκ
3529 676 3739 729 τούτου

2150 776 2258 848 γὰρ
2296 776 2391 830 καὶ⁵
2422 775 2557 847 πρὸς
2599 774 2727 836 τοὺς
2757 770 3048 841 πολεμίους
3082 769 3291 835 ἕτοιμοι
3318 768 3587 837 γίνονται,
3632 767 3741 819 ἐὰν

2149 887 2201 922 τι
2230 868 2471 921 τοιοῦτον
2531 864 2735 936 συμϐῇ,
2780 863 2875 916 καὶ
2925 861 2985 915 οὗ
3030 859 3517 931 συμφύρονταιεις
3556 859 3744 929 ἀλλή-

2150 958 2277 1019 λους
2306 958 2402 1009 καὶ
2428 955 2773 1024 συγχέονται.

2221 1046 2320 1102 οα’.
2358 1047 2471 1109 Τάς
2517 1045 2573 1098 δὲ
2621 1044 2814 1115 βίγλας
2844 1042 3007 1114 ἡνίκα
3045 1040 3355 1104 είσϐάλλεις
3387 1041 3466 1103 είς
3495 1041 3604 1111 τὴν
3636 1057 3743 1093 πο·

2149 1140 2345 1211 λεμίαν
2373 1139 2499 1208 γῆν,
2559 1138 2634 1208 μὴ
2688 1137 2847 1207 μόνον
2892 1133 3037 1188 κατά
3085 1134 3146 1186 τὸ
3189 1131 3500 1204 ἔμπροσθεν
3557 1131 3745 1202 μέρος

2148 1232 2482 1304 ἀποστέλλῃς
2530 1230 2785 1295 πάντοτε,
2834 1228 2928 1280 καὶ
2987 1224 3146 1279 τοῦτο
3200 1224 3363 1294 μόνον
3398 1223 3741 1295 amica;

2150 1324 2288 1378 ἀλλὰ
2325 1324 2421 1376 καὶ
2473 1322 2614 1375 κατά
2642 1319 2737 1373 τοῦ
2773 1318 2946 1373 νώτου
2992 1316 3215 1371 ὄπισθεν
3260 1316 3606 1386 εὖπλὴκτους
3637 1315 3741 1366 καὶ

2150 1415 2411 1479 εὐόπλους
2466 1410 2801 1483 στρατιώτας
2840 1411 3006 1481 ἡγουν
3056 1407 3248 1478 ῖκανὴν
3300 1406 3527 1477 δύναμιν
3589 1406 3742 1476 μετὰ

2149 1506 2426 1578 χρησίμου
2487 1505 2743 1575 ἄρχοντος
2799 1503 3159 1573 παράτασσε,
3208 1498 3335 1562 τοὺς
3396 1499 3738 1569 λεγομένους

2153 1597 2563 1666 νωτοφύλακας,
2614 1594 2699 1657 ὡς
2732 1593 2840 1647 ἀπὸ
2889 1592 3020 1645 δέκα
3059 1591 3250 1662 μιλίων
3289 1591 3325 1661 ἡ
3373 1596 3453 1654 ιε’,
3511 1590 3545 1659 ῆ
3604 1592 3740 1642 ὅσον

476 1699 699 1763 propter
731 1703 825 1743 eos
856 1686 948 1755 qui
996 1685 1081 1739 vel
1115 1699 1211 1754 per
1250 1683 1651 1746 inllrmitatem,
1685 1682 1765 1736 vel
1825 1680 1931 1734 alia
1975 1678 2043 1734 de

2150 1682 2293 1749 οἶδας
2322 1685 2616 1754 διάστημα,
2644 1680 2799 1753 μετά
2830 1680 3019 1750 βίγλας
3043 1678 3327 1749 ἀκριϐοῦς,
3359 1679 3448 1731 διά
3475 1679 3628 1741 τοὺς,
3656 1678 3738 1740 ὡς

475 1796 641 1836 causa
671 1780 978 1840 tardautur,
1007 1785 1062 1831 et
1092 1775 1428 1831 deseruntur
1457 1774 1527 1828 ab
1565 1772 1836 1838 exercitu,
1869 1778 1931 1825 ut
1974 1785 2045 1825 ne

479 1874 635 1927 hoste
661 1869 845 1926 subito
875 1868 1241 1938 irrumpentes
1274 1866 1397 1922 illos
1454 1864 1832 1934 intercipiant.

550 2044 637 2100 72.
662 2043 1007 2099 lncursiones
1040 2040 1184 2096 enim
1209 2040 1278 2095 ab
1317 2038 1567 2094 hostibus
1590 2046 1711 2092 tum
1750 2035 1871 2091 ﬁeri
1910 2050 2049 2091 con-

478 2144 808 2207 sueverunt,
843 2118 1066 2204 quando
1120 2147 1310 2207 secure
1353 2141 1407 2186 et
1449 2131 1570 2186 sine
1631 2128 1824 2183 timore
1869 2136 2050 2181 trans-

475 2203 607 2283 eun}
637 2203 941 2291 hostes,ret
988 2226 1081 2294 qui
1128 2204 1402 2279 anteriore
1435 2223 1489 2275 in
1524 2230 1677 2291 parte
1741 2227 1893 2285 sunt,
1955 2233 2052 2289 po-

476 2319 761 2374 steriorem
828 2323 1036 2386 partem
1095 2314 1278 2368 minus
1314 2314 1511 2384 juvare
1567 2320 1821 2382 possunt.

547 2408 634 2463 75.
678 2406 793 2460 Hoc
856 2407 902 2461 si
976 2412 1167 2460 nostra
1238 2405 1292 2458 in
1350 2407 1572 2474 regione
1635 2403 1854 2468 feceris,
1907 2400 2051 2456 baud

476 2500 668 2556 inutile
722 2498 910 2561 fuerit,
941 2497 1126 2551 multis
1160 2497 1460 2566 praesertim
1497 2496 1604 2550 buc
1658 2496 1896 2566 illucque
1948 2508 2041 2564 pa-

478 2594 737 2655 lantibus,
803 2599 858 2645 et
920 2598 1119 2663 praeter
1171 2589 1553 2659 praefectorum
1613 2603 1843 2642 suorum
1893 2602 2051 2642 men-

481 2694 591 2740 tem
627 2698 657 2737 a
704 2683 941 2737 statione
985 2695 1082 2735 sua
1134 2679 1549 2734 recedentibus:
1583 2694 1651 2733 ex
1684 2693 1750 2733 eo
1778 2678 1923 2733 enim
1954 2692 2052 2733 co-

479 2787 733 2844 gnosces,
786 2771 881 2840 qui
934 2770 1138 2823 milites
1186 2770 1242 2822 in
1294 2768 1486 2823 ordine
1542 2767 1769 2832 fuerint,
1800 2776 1857 2823 et
1894 2769 2049 2839 quia

480 2866 720 2922 statione
770 2877 869 2917 sua
903 2861 1179 2916 recedant.

548 2955 637 3008 74.
658 2953 731 3008 De
755 2953 996 3007 locorum
1038 2952 1325 3022 angustiis,
1351 2960 1403 3006 et
1442 2951 1751 3008 dillicilibus
1794 2953 1859 3007 ad
1884 2961 2055 3006 trans-

478 3046 716 3103 eundum
740 3044 896 3109 locis,
921 3044 1248 3098 mentionem
1281 3042 1509 3099 fecimus
1536 3044 1589 3097 in
1617 3061 1737 3115 cap.
1764 3047 1829 3099 de
1860 3046 2051 3101 itinere
2076 3017 2119 3081 C

478 3138 749 3203 faciendo,
790 3152 961 3207 quare
987 3136 1054 3190 de
1092 3136 1195 3191 illis
1238 3136 1433 3190 iterum
1458 3137 1619 3191 verba
1653 3136 1832 3192 facere
1858 3153 2050 3208 super-

479 3244 773 3284 vacaneum
805 3236 909 3292 est,
949 3243 1071 3282 cum
1108 3226 1234 3282 inde
1265 3228 1455 3282 harum
1483 3244 1665 3283 rerum
1693 3244 1888 3299 capere
1919 3244 2048 3299 pos-

479 3323 559 3379 sis
588 3322 978 3392 cognitionem,
1014 3327 1073 3374 ut
1115 3334 1183 3375 ne
1218 3329 1420 3375 temere
1447 3328 1500 3375 et
1533 3321 1877 3377 considerate
1920 3336 2050 3376 con-

478 3415 649 3471 densa
690 3412 1039 3484 dilIieiliaque
1074 3412 1192 3468 loca
1218 3414 1460 3470 transire
1490 3415 1726 3471 coneris.

544 3762 637 3818 75.
676 3761 769 3816 Sin
813 3761 994 3832 aliqua
1027 3759 1330 3816 necessitas
1376 3758 1639 3829 impellat,
1684 3758 2045 3828 quemadmo-

475 3852 606 3907 dum
667 3851 724 3905 in
777 3864 896 3919 cap.
936 3851 1003 3904 de
1042 3850 1233 3905 itinere
1282 3848 1533 3904 faciendo
1590 3851 2047 3919 prazscripsimus,

476 3958 541 3997 ea
582 3941 765 3995 cautio
826 3941 1131 3997 adhibenda
1183 3947 1268 3996 est
1327 3941 1394 3995 ad
1452 3956 1515 3996 ea
1556 3942 1676 3995 loca
1726 3952 2049 4012 praetergre-

477 4021 700 4097 dienda,
749 4034 985 4087 maxime
1007 4032 1142 4087 siin
1191 4032 1376 4087 hostili
1427 4042 1572 4087 terra
1605 4031 1796 4098 fueris,
1825 4034 2046 4090 hostes-

477 4136 581 4193 que
634 4121 976 4177 immineant.

549 4212 639 4267 76.
670 4211 729 4266 Si
753 4211 935 4267 hostes
964 4213 1017 4267 in
1045 4220 1243 4269 terram
1266 4220 1501 4270 vestram
1524 4214 1840 4285 irruperint,
1872 4231 1940 4271 ne
1962 4230 2050 4270 co-

479 4318 592 4357 ram
640 4311 695 4357 et
720 4310 906 4371 aperte
934 4318 1057 4358 cum
1099 4303 1207 4359 illis
1231 4304 1479 4369 dimices.
1505 4305 1552 4362 si
1578 4306 1661 4361 vel
1693 4306 1929 4375 majores
1959 4309 2041 4362 vel
2073 4343 2125 4402 Β

477 4393 715 4463 :cquales
746 4393 986 4448 hostium
1046 4395 1217 4465 copiae
1235 4397 1352 4451 tuis
1388 4396 1613 4461 fuerint,
1643 4399 1736 4452 sed
1770 4400 2045 4455 insidieris

478 4487 682 4555 potius,
725 4486 951 4540 structis
986 4487 1221 4552 insidiis,
1258 4496 1312 4542 ct
1347 4489 1469 4544 aliis
1503 4490 1897 4556 molitionibus,
1930 4491 2046 4546 sive

477 4583 639 4630 noctu
665 4575 781 4630 sive
810 4575 1068 4639 interdiu.
1099 4578 1326 4648 viasque
1368 4577 1583 4633 illorum
1612 4580 1888 4642 obstruas.
1923 4598 2046 4636 mu-

477 4667 830 4739 nitionesque
860 4669 1148 4740 anticipes,
1181 4669 1264 4725 vel
1289 4684 1385 4740 per
1428 4670 1659 4740 pedites,
1694 4674 1776 4726 vel
1798 4674 2044 4742 equites,

478 4760 559 4815 vel
608 4775 704 4830 per
762 4770 1043 4831 utrosque,
1077 4769 1132 4818 et
1180 4762 1439 4832 pabulum
1481 4762 1537 4817 in
1569 4764 1749 4820 medio
1790 4764 2042 4822 hostibus

479 4854 714 4923 positum
783 4855 1070 4926 populare.

554 5143 640 5198 77.
671 5143 726 5199 Si
754 5160 878 5201 cum
915 5154 1073 5204 hoste
1125 5149 1416 5219 conﬂigere
1442 5149 1623 5220 cupis,
1674 5157 1789 5205 tum
1859 5153 2044 5222 potius

478 5229 648 5287 facito
703 5236 922 5300 quando
952 5253 981 5291 ιι
1019 5238 1353 5307 praedatione
1391 5239 1553 5302 redit.
1609 5255 1772 5310 quam
1812 5258 1936 5297 cum
1981 5244 2048 5299 ad

479 5324 827 5388 praedandum
888 5327 1157 5384 discedit:
1215 5339 1327 5384 tum
1375 5332 1518 5385 enim
1563 5331 1616 5386 in
1666 5332 1843 5401 prmda
1880 5350 2046 5390 oecu-

479 5420 636 5476 patus
659 5425 761 5483 est,
793 5427 844 5475 et
871 5428 1133 5490 praetcrea
1157 5422 1343 5476 labore
1364 5423 1630 5479 lassatus:
1670 5425 1832 5494 idque
1861 5429 2036 5495 potis-

2151 1777 2323 1841 εἰκὸς,
2359 1773 2821 1844 ὑποστηρίζοντας
2872 1771 2985 1842 (Η)
3018 1772 3083 1823 ὲκ
3133 1769 3228 1822 τοῦ
3279 1767 3533 1839 στρατοῦ,
3585 1768 3623 1838 ἢ
3664 1767 3741 1820 δι’

2150 1866 2484 1938 ἀρρωστίαν,
2517 1865 2550 1936 ἢ
2580 1863 2722 1917 κατὰ
2749 1863 2941 1933 ἑτέραν
2975 1862 3097 1916 τινὰ
3114 1862 3303 1932 χρείαν
3324 1878 3338 1892 ·
3360 1861 3508 1919 ὅπως
3537 1861 3731 1927 αἰφνι-

2150 1958 2282 2019 δίως
2307 1958 2358 2010 οἱ
2405 1955 2593 2027 ἐχθροὶ
2621 1952 2977 2015 ἐπιπεσόντες
3000 1950 3370 2006 συλλάϐωνται
3400 1949 3621 2013 αὐτούς.

2220 2045 2317 2116 οβ’.
2380 2044 2617 2099 Εἱώθασι
2674 2043 2784 2114 γάρ
2832 2042 2952 2095 τότε
3004 2041 3243 2112 μάλιστα
3287 2038 3560 2093 ποιεῖσθαι
3629 2037 3737 2100 τὰς

2151 2137 2492 2207 ἐγχειρήσεις
2529 2138 2576 2188 οἱ
2602 2134 2825 2204 ἐχθροὶ,
2865 2133 2953 2185 ὅτε
2989 2133 3083 2185 καὶ
3106 2131 3427 2202 ἀμερίμνως
3452 2131 3737 2184 ὁδεύουσιν

2151 2229 2200 2280 οἱ
2228 2225 2593 2295 στρατιῶται,
2623 2226 2715 2277 καὶ
2742 2225 2791 2276 οί
2822 2223 3137 2294 ἔμπροσθεν
3161 2224 3277 2285 τοῖς
3315 2221 3543 2275 ὄπισθεν
3573 2220 3734 2272 εὐκό-

2151 2320 2258 2382 λως
2288 2317 2500 2388 βοηθεῖν
2531 2317 2593 2369 οὐ
2618 2316 2897 2371 δύνανται.

2221 2414 2321 2475 ογ’.
2357 2406 2528 2459 Τοῦτο
2552 2406 2610 2460 δὲ
2651 2405 2746 2458 καὶ
2775 2408 2832 2459 ὲν
2870 2408 2936 2476 τῇ
2966 2405 3211 2476 ἡμετέρᾳ
3234 2406 3303 2475 γῇ
3338 2405 3432 2458 ὲάν
3460 2405 3730 2477 ποιήσῃς,

2151 2501 2250 2554 οὐκ
2268 2500 2515 2571 ἀπρεπές
2540 2501 2655 2552 ἐστι
2670 2498 2759 2552 διά
2770 2499 2925 2561 τοὺς,
2946 2500 3020 2561 ob;
3045 2497 3215 2563 εἰκὸς,
3230 2497 3601 2569 ῥεμϐομένους
3624 2492 3731 2551 ὧδε

2153 2594 2375 2647 κάκεῖσε
2424 2590 2783 2662 στρατιώτας,
2830 2591 2923 2643 καὶ
2967 2590 3041 2659 μὴ
3088 2589 3270 2653 καλῶς
3314 2589 3729 2658 διαγινομένους

2153 2686 2304 2756 παρά
2339 2683 2562 2754 γνώμην
2590 2683 2684 2737 τοῦ
2732 2683 2994 2753 ἄρχοντος
3036 2681 3237 2735 αὐτῶνθ
3285 2682 3351 2733 ὲκ
3396 2681 3589 2733 τούτου
3614 2681 3731 2750 γὰρ

2153 2774 2442 2844 γινώσκεις
2475 2773 2558 2838 τίς
2589 2773 2784 2843 ἀμελεῖ
2812 2773 2910 2843 τῆς
2934 2772 3042 2827 τῶν
3068 2771 3416 2843 στρατιωτῶν
3459 2771 3734 2826 καταστά-

2156 2883 2312 2930 σεως.
2386 2908 2387 2911 η

2218 2959 2314 3014 08'.
2348 2957 2481 3028 Περλ.
2501 2956 2557 3010 δὲ
2580 2955 2778 3010 στενῶν
2801 2956 2980 3009 τόπων
3002 2955 3095 3009 καὶ
3123 2955 3184 3008 δυ
3195 2956 3404 3010 σϐἀτων
3420 2956 3732 3011 διαϐάσεων

2152 3051 2210 3103 ὲν
2235 3052 2304 3121 γῇ
2333 3045 2604 3119 πολεμίων
2632 3046 2958 3119 μεμνήμεθα
2989 3047 3533 3118 παρακελευσάμενοι
3559 3052 3623 3118 τῇ
3654 3051 3727 3120 σῇ

2152 3141 2450 3209 ὲνδοξότητι
2472 3180 2486 3202 ,
2516 3133 2561 3192 ὦ
2590 3137 2883 3208 στρατηγὲ,
2918 3139 3005 3192 ὅτε
3050 3139 3150 3209 τὴν
3190 3142 3320 3209 περὶ
3378 3140 3479 3210 τῆς
3510 3140 3732 3192 ὁδοιπο-

2159 3232 2279 3303 ρίας
2303 3229 2543 3294 διάταξιν
2570 3230 2924 3299 ἑποιοὺμεθα.
2956 3230 3047 3283 Διὸ
3075 3231 3202 3301 περὶ
3232 3231 3339 3284 τῶν
3364 3231 3541 3284 αὐτῶν
3561 3230 3729 3285 πάλιν

2150 3322 2436 3385 διεξελθεῖν
2468 3322 2830 3389 ἀπειρόκαλον
2871 3321 3185 3392 ἡγούμεθα,
3220 3323 3296 3385 ὡς
3333 3324 3538 3375 ἐκεῖθεν
3572 3323 3729 3394 ἕχον-

2151 3415 2239 3477 τός
2282 3431 2374 3467 σου
2425 3415 2525 3485 ἡδη
2573 3414 2673 3484 τὴν
2698 3416 2825 3485 περὶ
2874 3413 3079 3467 τούτων
3125 3415 3440 3482 διάγνωσιν,
3471 3415 3611 3469 ὥστε
3644 3418 3728 3486 μὴ

2154 3507 2574 3577 ἀπερισκέπτως
2601 3506 2694 3559 καὶ
2728 3505 2803 3567 ὡς
2834 3506 3023 3575 ἔτυχεν
3052 3507 3298 3575 ἀνάγκης
3330 3509 3498 3578 χωρὶς
3536 3508 3734 3576 smm-

2150 3596 2325 3651 δεύειν
2357 3600 2436 3659 είς
2479 3598 2662 3660 δασεῖς
2708 3596 2803 3650 καὶ
2842 3595 3144 3661 δυσϐάτους
3178 3597 3273 3651 καὶ
3319 3598 3605 3668 δυσχερεῖς
3636 3599 3733 3650 τό-

2154 3707 2289 3753 πους
2320 3689 2638 3747 διαϐαίνειν.
2856 3758 2863 3763 υ

2211 3783 2314 3835 οε’.
2358 3783 2499 3835 Εἰδὲ
2538 3800 2621 3845 τις
2661 3781 2819 3836 τοῦτο
2862 3783 3074 3854 ἀνάγκη
3108 3782 3362 3851 γενέσθαι
3385 3783 3733 3851 κατεπείγει,

2154 3873 2291 3944 μετά
2320 3873 2789 3945 τῆςέίρημένης,
2826 3876 2903 3938 ὼς
2933 3876 3159 3945 εἴπομεν
3190 3877 3249 3927 ὲν
3285 3877 3352 3945 τῇ
3404 3875 3535 3947 περὶ
3585 3876 3731 3928 ὁδοι-

2151 3963 2346 4034 πορίας
2359 3964 2616 4030 διατάξει,
2640 3962 2825 4036 [μετὰ]
2856 3964 3293 4034 παρατηρήσεως
3328 3964 3596 4018 ποιεῖσθαι
3625 3964 3731 4031 τὴν

2149 4056 2258 4109 τῶν
2308 4057 2564 4112 τοιούτων
2611 4058 2792 4111 τόπων
2827 4058 3079 4129 πάροδον,
3118 4059 3350 4129 μάλιστα
3384 4060 3442 4112 ὲν
3466 4061 3535 4129 γῇ
3567 4058 3729 4111 πολε-

2154 4149 2285 4219 μίᾳ,
2322 4151 2416 4204 xci.
2449 4150 2725 4219 πολεμίων
2759 4150 3146 4219 ἐπικειμένων.

2221 4244 2330 4303 οςθ.
2386 4238 2512 4292 Ἐὰν
2557 4238 2614 4290 δὲ
2664 4237 2912 4307 πολέμιοι
2948 4240 3032 4302 είς
3070 4241 3171 4309 τὴν
3211 4241 3495 4311 ἡμετέραν
3539 4241 3730 4311 χώραν

2154 4334 2524 4399 εἰσϐάλλωσιν,
2555 4335 2755 4396 σκοπός
2779 4348 2862 4385 σοι
2891 4331 3063 4398 ἔστω,
3094 4327 3138 4387 ὦ
3170 4336 3442 4405 στρατὴγὲ
3461 4373 3476 4398 ,
3512 4336 3585 4407 μὴ
3617 4353 3728 4404 φα-

2145 4425 2351 4496 νερῶς,
2401 4425 2494 4479 καὶ
2545 4427 2609 4478 ὲκ
2658 4424 3018 4494 παρατάξεως
3064 4426 3249 4488 αὐτοῖς
3287 4426 3580 4496 πολεμεῖν,
3631 4428 3728 4479 καὶ

2149 4520 2383 4590 μάλιστα
2449 4519 2508 4571 ἐν
2539 4520 2605 4589 τῇ
2651 4516 2842 4587 εἰσόδῳ
2888 4517 3091 4584 αὐτῶν,
3136 4516 3233 4571 ἐὰν
3268 4517 3512 4589 ὑπερέχῃ
3561 4519 3597 4587 ἢ
3632 4519 3728 4571 καὶ

2148 4612 2421 4682 ίσόμοιρὸς
2467 4614 2615 4663 ἐστιν
2663 4611 2695 4679 ἡ
2743 4608 2972 4678 δύναμις
3011 4607 3106 4662 τοῦ
3169 4608 3397 4679 ἐχθροῦ,
3451 4610 3587 4663 ἀλλὰ
3635 4612 3725 4661 ὲν-

2146 4701 2385 4772 εδρεύειν
2424 4699 2625 4770 μᾶλλον
2659 4699 2727 4751 δι’
2748 4700 3161 4769 ἑγκρυμμάτων
3192 4700 3284 4751 καὶ
3320 4699 3496 4753 ἄλλων
3527 4703 3722 4767 ἐπιτη-

2153 4792 2407 4856 δεύσεων,
2440 4792 2473 4861 ἡ
2507 4792 2562 4845 ὲν
2591 4792 2804 4862 ἡμέρᾳ,
2845 4791 2878 4861 ἢ
2924 4791 2982 4844 ὲν
3010 4792 3167 4844 νυκτὶ
3210 4791 3469 4861 ἀσφαλῶς
3504 4794 3597 4845 καλ⁸
3625 4792 3724 4856 τὰς

2153 4886 2305 4947 ὀδοὺς
2326 4883 2683 4953 ὲμφράσσειν,
2711 4884 2804 4936 καὶ
2827 4883 3374 4954 προκαταλαμϐάνειν
3396 4884 3722 4956 ὀχυρώματα

2153 4976 2185 5046 ἢ
2214 4975 2305 5029 διὰ
2339 4973 2540 5038 πεζῶν,
2577 4974 2723 5043 ἥδιά
2752 4972 3155 5044 καϐαλλαρίων,
3190 4975 3222 5045 ἡ
3257 4974 3327 5027 δι’
3373 4976 3718 5045 ἀμφοτέρων,

2154 5068 2245 5121 καὶ
2268 5066 2549 5136 ἀφανίζειν
2578 5064 2822 5127 δαπάνας
2850 5065 3220 5134 προκειμένας
3252 5065 3360 5119 τῶν
3386 5065 3616 5137 ἐχθρῶν.

2222 5159 2319 5223 οξ.
2361 5160 2422 5213 El
2454 5159 2510 5212 δὲ
2558 5155 2823 5228 βουληθῇς
2856 5156 3152 5227 συμϐαλεῖν
3194 5157 3272 5228 τῷ
3322 5158 3567 5229 πολεμίῳ
3597 5160 3723 5213 ὅταν

2152 5250 2352 5319 μᾶλλον
2402 5249 2771 5318 ἑπανέρχηται
2807 5246 2915 5299 ἀπὸ
2940 5246 3041 5316 τῆς
3076 5248 3334 5319 πραίδας,
3365 5249 3399 5318 ἦ
3432 5251 3720 5321 ὲξέρχηται

2143 5341 2244 5408 τῆς
2274 5338 2477 5410 χώραςο
2510 5339 2629 5392 τότε
2652 5339 2758 5407 γὰρ
2786 5337 2879 5390 καὶ
2902 5338 2981 5400 εἰς
3004 5338 3101 5408 τὴν
3128 5340 3363 5411 πραῖδαν
3388 5342 3720 5411 περισπᾶτει

2146 5433 2239 5485 καὶ
2286 5432 2601 5502 κοπωμένος
2647 5431 2816 5498 ἐστὶν,
2860 5428 3096 5500 μάλιστα
3146 5433 3240 5488 etv
3289 5433 3384 5487 καὶ
3420 5436 3535 5498 τοῖς
3576 5432 3723 5494 ἰδίοις

2031 5550 2266 5607 NOTAE.

553 5606 665 5677 (ii)
693 5608 1234 5683 Ὑποστηρίζοντας.
1269 5614 1479 5682 Scribe,
1521 5616 1921 5689 ὑστερίζοντας.
