4074 6222
235 236 366 300 933

1278 228 1613 291 TACTICA.
1636 252 1705 264 -
1733 224 2243 288 CONSTITUTIO
2279 227 2470 290 XVII.

3421 220 3527 286 934

240 347 479 419 ἐγγίζῖι·
499 346 620 402 τότε
649 339 742 401 οὖν
773 343 1047 416 σύμϐαλλε
1077 342 1246 414 αὐτῷ,
1278 345 1332 398 εί
1357 343 1468 414 ἄρά
1502 341 1670 414 βούλῃ
1700 357 1839 410 συμ-

1957 337 2163 407 simum,
2198 339 2248 394 si
2278 353 2443 408 prope
2507 345 2632 391 tuos
2659 333 2850 402 fueris;
2907 343 3020 390 tum
3049 333 3196 390 enim
3248 347 3374 388 cum
3412 335 3526 391 illis

241 440 426 494 ϐάλλε
434 455 502 491 ιν.
1604 478 1608 482 »

329 528 438 597 οη’.
490 528 550 580 ’0
593 525 701 598 γὰρ
745 527 806 579 ἐν
839 523 946 596 ἰδίᾳ
993 521 1152 597 χώρᾳ
1195 523 1419 594 διάγων,
1476 522 1846 593 ἀμελέστερον

247 621 536 675 διάκειται
565 618 691 688 περὶ
714 617 812 687 τὴν
841 616 1042 687 μάχην,
1067 614 1269 677 πολλὰς
1301 613 1558 684 ἀφορμὰς
1587 612 1726 683 ἔχων
1750 612 1844 665 τοῦ

252 709 560 776 σώζεσθαι,
589 708 685 762 καὶ
710 707 1045 761 κινδυνεύειν
1083 705 1145 759 οὐ
1173 704 1517 776 βουλόμενος.
1565 704 1622 756 '0
1652 703 1709 756 δέ
1746 701 1846 772 τῆς

251 801 549 872 ἀλλοτρίας
595 799 700 870 γῆς
748 797 1047 853 ἐπιϐαίνων
1087 797 1183 850 καὶ
1224 795 1598 866 κατατρέχων,
1628 795 1756 848 ὅταν
1788 794 1847 847 ἐν

251 892 491 964 τοιαύτῃ
538 891 764 960 γένηται
806 888 1056 958 ἀνάγκῃ,
1107 890 1186 951 εἰς
1234 886 1494 941 ἀπόνοιαν
1548 884 1844 956 τρέπεται,

254 987 484 1048 πάντως
516 981 866 1052 λογιζόμενος
913 981 994 1035 ὅτι
1026 981 1062 1051 ἡ
1104 978 1251 1050 φυγή
1292 976 1441 1050 αὐτῷ
1478 977 1567 1042 ,είς
1597 975 1847 1031 κίνδυνον

258 1077 366 1133 καὶ
395 1074 672 1130 ἀπώλειαν
698 1073 930 1141 γίνεται.

336 1256 436 1312 σθ’.
471 1253 665 1327 Χρεὼν
687 1253 745 1310 δέ
771 1270 853 1319 σε,
878 1247 924 1308 ὧ
959 1254 1260 1326 στρατηγέ,
1288 1252 1522 1307 πάντοθε
1553 1250 1848 1320 φυλάττειν

262 1347 464 1400 ἐαυτὸν
488 1345 677 1414 άπαθῆ
719 1346 810 1400 καὶ
848 1344 1194 1416 ἀπλήγωτον,
1233 1345 1292 1398 ἐν
1325 1343 1487 1398 παντὶ
1532 1341 1712 1413 καιρῷ
1734 1341 1848 1414 (45)

263 1439 364 1496 καὶ
388 1437 566 1507 τόπῳ,
605 1437 839 1509 μάλιστα
864 1436 1074 1508 ἐχθρῶν
1103 1435 1549 1508 παρακειμένων.
1598 1432 1702 1488 Σοῦ
1743 1433 1851 1504 γὰρ

264 1529 670 1599 φυλαττομένου
695 1527 820 1582 οὗτε
852 1528 1211 1583 πλατύνονται
1239 1528 1291 1582 οἱ
1331 1527 1514 1600 ἐχθροὶ
1534 1528 1614 1590 είς
1645 1526 1850 1598 βλάϐην

263 1622 368 1691 τῆς
393 1622 594 1691 χώρας,
618 1621 745 1675 οὔτε
767 1621 1079 1693 πολιορκίας
1099 1619 1345 1692 εὐχερῶς
1359 1622 1472 1683 τοῖς
1493 1618 1850 1691 ὀχυρώμασιν

265 1690 495 1779 ἐπάγειν
523 1711 798 1767 δύνανται.
846 1690 1195 1784 Ὑφορῶνται
1219 1690 1327 1785 γὰρ
1353 1711 1447 1767 καὶ
1478 1690 1848 1769 ὑποπτεύουσι
1883 1690 1922 1745 Β

261 1803 359 1860 τὸν
387 1805 617 1878 στρατὸν
646 1807 896 1860 συνιστάι
907 1824 982 1858 αι.

340 1982 416 2036 π’.
458 1984 569 2038 Καὶ
592 1984 702 2054 γάρ
731 1983 847 2053 εἴγε
881 1984 957 2057 μὴ
1003 1985 1150 2038 δοκεῖ
1181 2002 1263 2038 σοι
1317 1986 1644 2055 συμϐάλλειν
1673 1987 1844 2059 δημο-

269 2075 364 2146 σίᾳ
407 2077 519 2138 τοῖς
548 2074 785 2147 ἐχθροῖς,
811 2076 961 2146 ὅμως
992 2075 1165 2140 οὕτως
1196 2075 1612 2147 εὐτρεπίζεσθαί
1642 2095 1699 2130 σε
1725 2079 1843 2142 δεῖ,

267 2166 365 2220 καὶ
394 2166 700 2233 φαίνεσθαι,
745 2167 840 2221 καὶ
868 2167 1123 2221 ὑπόνοιαν
1169 2167 1303 2221 πᾶσι
1341 2170 1453 2230 τοῖς
1483 2166 1576 2222 τοῦ
1613 2171 1845 2240 στρατοῦ

269 2257 554 2328 παρέχειν,
603 2257 678 2320 ὡς
725 2258 948 2322 πάντως
1000 2258 1334 2328 συμϐάλλειν
1383 2261 1497 2322 τοῖς
1546 2259 1840 2332 πολεμίοις.

266 2347 440 2401 Τοῦτο
484 2351 594 2420 γὰρ
635 2349 686 2402 οἱ
731 2348 964 2403 ἐναντίοι
997 2349 1364 2420 μανθάνοντες
1409 2351 1504 2404 καὶ
1552 2351 1844 2407 λυποῦνται

267 2439 361 2491 καὶ
392 2455 456 2490 συ
464 2437 786 2493 στέλλονται.
1154 2443 1161 2450 ’

340 2535 454 2582 mf.
501 2527 629 2582 Ἐὰν
669 2529 727 2583 δὲ
760 2530 869 2583 τῶν
897 2531 1156 2586 ἐναντίων
1185 2533 1264 2596 εἰς
1300 2534 1400 2604 τὴν
1433 2535 1708 2606 ἡμετέραν
1738 2535 1848 2589 εἱσ-

270 2618 596 2686 ϐαλλόντων,
625 2623 654 2674 ὁ
678 2620 841 2685 τόπος
880 2622 975 2677 καὶ
1011 2624 1044 2694 ή
1079 2624 1229 2687 θέσις
1262 2623 1363 2694 τῆς
1406 2624 1633 2684 ἐκείνων
1664 2627 1848 2699 χώρας

277 2710 551 2780 ἐπιτηδεία
596 2711 713 2764 ἐστὶ
760 2711 897 2783 πρὸς
939 2711 1037 2786 τὴν
1083 2713 1289 2784 ἔφοδον,
1343 2714 1411 2767 δι’
1443 2715 1632 2787 ἐτέρου
1679 2719 1845 2771 τόπου

277 2800 472 2870 μᾶλλον
501 2803 785 2873 ἐπιτήδευε
816 2805 1055 2875 πέμπειν
1091 2805 1320 2878 στρατὸν
1370 2806 1429 2860 ἐν
1456 2808 1592 2880 αὐτῇ
1614 2849 1628 2873 ,
1663 2809 1752 2863 ῖνα
1784 2811 1847 2863 ἐκ

271 2891 460 2946 τούτου
491 2895 834 2966 περισπάσῃς
866 2897 994 2959 τοὺς
1024 2896 1276 2970 ἐχθρούς.

343 2982 453 3055 πβ’.
497 2985 720 3049 Πάντως
753 2985 809 3038 δέ
837 2985 931 3038 καὶ
959 2985 1060 3057 τὴν
1091 2986 1265 3050 θέσιν,
1291 2986 1368 3049 ὡς
1402 2989 1638 3060 εἴρηται,
1674 3006 1846 3043 κατα-

1948 430 2232 501 confliges,
2283 431 2329 486 si
2363 431 2594 500 quando
2620 429 2718 484 tibi
2753 427 3025 486 videbitur
3066 426 3495 499 conﬂigendum.

2019 518 2109 573 78.
2161 518 2265 586 Qui
2307 521 2453 574 enim
2497 533 2622 573 cum
2677 517 2853 587 ipsius
2905 517 2959 570 in
2990 523 3136 571 terra
3181 526 3287 581 est,
3347 516 3527 587 negli—

1947 612 2162 682 gentior
2221 610 2288 666 ad
2328 611 2684 682 pugnandum
2744 616 2851 672 est,
2907 616 2961 662 et
3019 608 3221 663 multas
3271 607 3522 664 occasio-

1949 717 2048 758 nes
2101 701 2264 757 habet
2309 701 2395 757 vel
2448 710 2505 756 ut
2545 709 2815 764 servetur,
2869 697 2954 752 vel
3003 697 3364 766 periclitetur.
3419 696 3527 762 Qui

1948 807 2079 848 vero
2141 792 2374 846 alienam
2441 799 2646 849 terram
2703 791 2912 847 invadit
2945 799 3001 845 et
3041 790 3424 860 depopulatur,
3479 792 3527 846 si

1949 885 2003 940 in
2065 884 2161 939 tali
2219 884 2630 955 perturbatione
2698 881 2888 947 fuerit,
2943 880 2996 935 in
3061 880 3276 951 magnis
3322 895 3568 940 aerum-9.

1950 976 2037 1032 nis
2079 982 2186 1038 est.
2243 978 2350 1031 hoc
2401 991 2589 1032 secum
2656 982 2939 1046 reputans,
2997 973 3179 1043 fugam
3241 981 3300 1028 et
3351 973 3530 1044 tergi-

1948 1071 2320 1126 versationem
2375 1083 2484 1123 non
2529 1067 2692 1123 modo
2739 1067 3066 1138 periculum,
3121 1080 3309 1124 verum
3361 1066 3528 1122 etiam

1952 1161 2395 1218 internecionem
2445 1159 2662 1217 afferre.

2021 1253 2112 1311 79.
2169 1252 2429 1323 Teipsum
2488 1253 2557 1307 ab
2624 1252 2775 1309 omni
2837 1253 3065 1308 vulnere
3115 1250 3531 1322 oﬂensioneque

1953 1342 2234 1414 integrum
2308 1358 2679 1413 securumque
2742 1343 2993 1399 servabis
3067 1343 3218 1399 omni
3283 1343 3406 1398 loco
3463 1351 3522 1398 et

1955 1447 2220 1506 tempore,
2259 1435 2511 1491 hostibus
2552 1435 2902 1506 potissimum
2941 1434 3378 1492 imminentibus.
3416 1432 3531 1489 Hoc

1951 1529 2096 1584 enim
2154 1528 2444 1598 diligenter
2504 1527 2823 1600 observato,
2886 1541 3064 1604 neque
3098 1526 3187 1583 'se
3244 1527 3435 1583 hostes
3463 1526 3573 1584 ad,

1952 1619 2390 1691 depopulandam
2451 1619 2730 1690 regionem
2808 1626 3056 1673 nostram
3119 1617 3285 1674 facile
3353 1618 3520 1674 dissi-

1953 1721 2106 1782 pant,
2160 1725 2340 1782 neque
2409 1709 2576 1766 facile
2653 1710 3021 1767 munitionem
3087 1709 3326 1778 aliquam
3387 1709 3534 1765 obsi-

1951 1802 2133 1859 dendo
2165 1811 2507 1874 oppugnant.
2577 1801 2894 1859 Exercitum
2931 1801 3080 1860 enim
3116 1808 3368 1857 nostrum
3413 1801 3532 1862 cols-

1953 1895 2044 1964 ligi
2109 1894 2539 1965 congregariqne
2593 1909 2763 1950 unum
2821 1894 2878 1950 in
2934 1895 3119 1950 locum
3180 1894 3526 1956 existimant.

2023 1984 2115 2042 80.
2157 1980 2482 2056 Quanquam
2533 1992 2718 2041 autem
2750 1985 3112 2043 constitutum
3146 1986 3244 2042 tibi
3273 1986 3345 2044 sit
3373 1986 3536 2043 mini-

1954 2093 2041 2133 me
2062 2085 2115 2133 te
2139 2077 2278 2132 velle
2320 2090 2446 2132 cum
2484 2076 2735 2134 hostibus
2760 2075 3075 2148 conﬂigere,
3104 2077 3428 2133 assimulato
3456 2084 3540 2132 ta»

1954 2185 2080 2226 men
2133 2169 2186 2224 id
2233 2178 2285 2224 te
2321 2168 2463 2224 velle
2520 2169 2722 2232 facere,
2753 2176 2808 2223 et
2842 2167 3160 2239 apparanda
3189 2168 3297 2224 tibi
3351 2167 3536 2240 omnia

1953 2265 2102 2323 sunt,
2163 2255 2465 2328 Opinioque
2511 2255 2790 2312 afferenda
2848 2262 2958 2311 tute
3029 2271 3154 2312 cum
3203 2255 3315 2312 illis
3366 2255 3537 2310 dimi-

1952 2349 2209 2405 cationis.
2264 2347 2380 2404 Hoc
2425 2356 2610 2405 autem
2661 2348 2738 2405 illi
2781 2348 3068 2404 audientes
3107 2347 3284 2418 magis
3333 2361 3537 2407 excru-

1953 2442 2247 2497 ciabuntur
2313 2441 2788 2512 vexabunturque.

2029 2533 2121 2589 81.
2183 2533 2242 2589 Si
2301 2533 2554 2589 hostibus
2623 2540 2862 2588 vestram
2900 2532 2955 2588 in
2992 2533 3271 2603 regionem
3331 2532 3538 2588 irrum-

1953 2626 2230 2697 pentibus,
2295 2625 2449 2680 locus
2491 2635 2546 2679 et
2590 2625 2732 2681 situs
2778 2625 3023 2695 regionis
3081 2624 3304 2680 illorum
3357 2625 3425 2678 ad
3457 2625 3538 2679 ἰησ-

1953 2717 2264 2773 cursionem
2314 2715 2545 2772 idoneus
2565 2722 2672 2780 est,
2725 2729 2821 2784 per
2867 2715 3037 2769 alium
3086 2715 3269 2771 locum
3310 2725 3542 2770 conten—

1954 2809 2022 2864 de
2071 2807 2246 2878 magis
2269 2809 2574 2863 exercitum
2607 2806 2834 2871 ducere.
2885 2813 2947 2861 ut
3005 2805 3110 2862 hoc
3141 2806 3308 2864 modo
3366 2810 3540 2879 magis

1957 2901 2142 2957 hostes
2172 2900 2480 2970 perturbes.

2024 2991 2115 3045 82.
2157 2991 2394 3047 Omnino
2437 3002 2644 3058 autem,
2681 2991 3151 3059 quemadmodum
3185 2993 3324 3058 dixi,
3381 3001 3436 3048 et
3457 2995 3539 3048 si-

273 3076 484 3145 νοήσεις
509 3115 525 3140 ,
561 3077 657 3129 καὶ
683 3075 751 3130 τὰ
776 3076 1139 3146 διαστήματα,
1168 3076 1256 3129 ἴνα
1294 3077 1453 3147 εἴπερ
1483 3079 1702 3148 γνωσθῇ
1737 3081 1852 3142 τοῖς

1957 3088 2069 3134 tum
2111 3081 2382 3148 advertes,
2409 3091 2463 3137 et
2493 3081 2802 3146 intervalla,
2833 3088 2892 3135 ut
2947 3082 2996 3136 si
3054 3082 3304 3138 incursio
3349 3092 3540 3138 nostra

276 3163 487 3237 ἐχθροῖς
523 3161 700 3228 τοῦτο,
731 3165 827 3218 καὶ
847 3165 1132 3236 ὁρμήσωσι
1163 3165 1308 3219 κατὰ
1326 3165 1442 3220 τῶν
1474 3167 1850 3238 πεμπομένων

277 3259 356 3320 είς
385 3256 481 3328 τὴν
503 3256 686 3326 χώραν
715 3255 924 3322 αὐτῶν,
956 3258 984 3310 ὁ
1010 3259 1280 3330 ἡμέτερος
1309 3259 1536 3330 στρατὸς
1567 3259 1636 3312 δι’
1663 3259 1850 3331 ἐτέρου
1887 3325 1890 3329 ,

277 3349 438 3404 τόπου
461 3348 650 3420 ἐξέλθῃ
668 3347 902 3420 ἀπαθής
924 3349 1071 3413 ὅπως
1096 3349 1170 3420 μή
1197 3348 1493 3420 ὁρμώντων
1512 3351 1621 3403 τῶν
1641 3351 1852 3421 ἐχθρῶν

278 3442 484 3495 ἐκεῖθεν
515 3443 591 3504 εἰς
615 3441 737 3510 δψιν
760 3442 939 3495 αὐτῶν
967 3441 1357 3510 περιπέσωσιν.

351 3531 462 3601 πγ’.
521 3533 778 3585 Τοιοῦτον
822 3531 1090 3602 πεποίηκε
1138 3532 1451 3602 Νικηφόρος
1501 3534 1530 3585 ὁ
1585 3531 1855 3602 ἡμέτερος

281 3624 600 3697 στρατηγός.
666 3623 1033 3695 Ἀπουλφέρου
1059 3623 1168 3700 γὰρ
1224 3622 1319 3676 τοῦ
1365 3623 1474 3676 τῶν
1522 3623 1854 3694 Σαρακηνῶν

279 3717 468 3786 ἀμηρᾶ
497 3717 594 3787 τὴν
626 3715 1020 3770 Καππαδοκίαν
1046 3716 1491 3788 καταδραμόντος
1517 3755 1532 3781 ,
1559 3715 1725 3779 αὐτὸς
1757 3715 1856 3787 τὴν

283 3807 492 3876 ταρσὸν
539 3810 636 3861 καὶ
684 3809 864 3862 πᾶσαν
914 3808 1168 3862 Κιλικίαν
1205 3807 1602 3879 κατεληΐσατο,
1652 3808 1855 3879 πολλὴν

285 3896 615 3967 Σαρακηνοῒς
641 3898 1016 3969 ἐργασάμενος
1046 3896 1144 3971 τὴν
1177 3897 1402 3968 βλάϐην.
1433 3888 1438 3892 ’

352 3987 457 4044 τπδ’.
525 3988 764 4060 Ἑχθρῶν
793 3987 974 4041 τοίνυν
998 3987 1096 4058 τὴν
1125 3987 1229 4041 ὑπὸ
1277 3987 1336 4042 σέ
1382 3985 1590 4058 χώραν,
1625 3989 1676 4041 εί
1715 3986 1858 4042 οὕτω

289 4080 492 4151 συμϐῇ,
521 4081 987 4150 κατατρεχόντων,
1002 4081 1119 4136 δέον
1135 4081 1249 4136 ἐστὶ
1271 4081 1447 4135 πάντα
1477 4080 1545 4133 τά
1572 4079 1862 4148 ἀναγκαιό-

290 4188 422 4239 τερα
493 4170 796 4243 πράγματα
852 4176 911 4227 ἐν
959 4177 1072 4239 τοῖς
1113 4173 1475 4246 ὀχυρωτέροις
1519 4173 1781 4245 κάστροις
1822 4173 1855 4244 ἢ

287 4265 469 4329 τόποις
516 4262 810 4333 ἀναλώτοις
858 4265 1156 4338 συλλέγειν,
1205 4264 1531 4335 φυγαδεύειν
1560 4265 1618 4318 δὲ
1663 4264 1858 4318 καὶτὰ

1956 3171 2174 3241 cognita
2226 3171 2478 3228 hostibus
2531 3171 2719 3236 fuerit.
2761 3181 2816 3227 et
2871 3171 3135 3242 impetum
3187 3172 3244 3227 in
3297 3188 3397 3229 eos
3445 3188 3544 3228 co-

1958 3273 2164 3318 nantur
2215 3265 2400 3321 hostes
2459 3263 2662 3328 facere,
2694 3264 2971 3319 exercitus
3021 3270 3210 3319 noster
3259 3279 3356 3333 per
3399 3264 3538 3319 alias

1959 3356 2077 3411 vias
2111 3369 2340 3412 securus
2371 3355 2642 3417 discedat,
2694 3361 2754 3407 ut
2806 3369 2875 3409 ne
2922 3353 3112 3410 hostes
3157 3353 3433 3410 irruentes
3486 3355 3541 3409 in

1962 3452 2318 3512 conspectum
2374 3443 2593 3497 illorum
2640 3442 2888 3496 veniant.

2031 3532 2120 3587 85.
2149 3533 2281 3586 Tale
2309 3531 2592 3602 quidpiam
2615 3530 2962 3602 Nicephorius
2991 3532 3103 3588 dux
3130 3541 3319 3589 noster
3342 3532 3542 3589 fecisse

1961 3632 2322 3678 memoratur.
2353 3621 2490 3676 Nam
2520 3637 2646 3678 cum
2679 3623 2960 3694 Apulpher
2993 3625 3396 3680 Saracenorum
3420 3625 3535 3679 dux

1965 3714 2367 3785 Cappadociam
2408 3716 2853 3786 depopularetur,
2883 3718 3000 3787 ipse
3031 3717 3267 3772 Tarsum
3325 3717 3544 3772 univer-

1968 3817 2195 3874 samque
2222 3802 2470 3857 Ciliciam
2508 3805 2778 3869 vastabat,
2833 3812 2889 3861 et
2922 3806 3093 3860 multa
3122 3805 3326 3860 damna
3375 3803 3546 3861 Sara-

1966 3894 2123 3950 cenis
2171 3893 2463 3950 inferebat.

2032 3984 2123 4041 84.
2155 3985 2417 4041 Hostibus
2460 3986 2741 4056 regionem
2781 3993 2953 4054 tuam,
2986 3986 3034 4042 si
3083 3987 3134 4042 id
3167 3987 3239 4043 ita
3265 3987 3548 4060 contingat

1964 4076 2396 4143 incursantibus,
2432 4080 2616 4131 omnia
2643 4093 2766 4148 qua:
2809 4079 3123 4134 necessaria
3148 4089 3298 4144 sunt,
3328 4079 3398 4134 ad
3426 4095 3548 4134 mu-

1961 4167 2224 4234 nitiones,
2273 4166 2524 4233 castella,
2550 4174 2605 4222 et
2651 4167 2768 4222 loca
2823 4167 2892 4222 ad
2931 4169 3258 4239 capiendum
3289 4164 3542 4224 difﬁcilia

1963 4258 2366 4315 conferantur:
2414 4261 2666 4330 jumenta
2729 4267 2910 4314 autem
2967 4259 3153 4316 omnia
3200 4275 3266 4316 ex
3299 4274 3362 4314 ea
3393 4268 3548 4329 parte

289 4354 453 4420 ἄλογα
496 4355 596 4426 τῆς
625 4355 810 4427 χώρας
832 4395 848 4422 ,
879 4357 968 4412 ἵνα
1012 4359 1086 4429 μὴ
1122 4357 1322 4426 μᾶλλον
1370 4355 1855 4428 συλλαμϐανόμενα

1967 4351 2208 4421 regionis
2239 4351 2624 4414 amandentur,
2655 4357 2714 4405 ut
2743 4365 2810 4404 ne
2844 4351 2891 4404 si
2922 4350 2992 4403 ab
3024 4349 3279 4404 hostibus
3325 4349 3548 4418 capian-

294 4449 664 4519 ἰσχυροτέρους
693 4449 818 4513 τοὺς
845 4448 1075 4520 ἐχθροὺς
1100 4449 1416 4519 ποιήσωσιν.

357 4542 462 4604 πε’.
520 4545 646 4598 Ἐὰν
674 4543 730 4597 δὲ
758 4543 790 4613 ή
820 4542 945 4604 λαὸς
973 4542 1006 4612 ἢ
1033 4540 1334 4610 πράγματα
1353 4539 1434 4602 είς
1456 4535 1721 4592 ’δοκοῦντα
1752 4539 1855 4609 μὲν

290 4636 478 4708 ὀχυρὸν
499 4641 684 4701 τόπον,
712 4635 785 4707 μή
813 4634 941 4688 ὄντα
981 4632 1036 4687 δὲ
1067 4630 1304 4694 ἀληθῶς,
1338 4629 1686 4694 συνέλθωσιν,
1719 4632 1858 4684 πάν-

291 4744 394 4788 τως
426 4729 507 4779 δεῖ
551 4728 746 4786 αὐτοὺς
788 4724 876 4777 διὰ
907 4723 1005 4790 τῆς
1035 4720 1134 4788 σῆς
1173 4719 1429 4788 προνοίας
1466 4718 1859 4788 μεθίστασθαι,

295 4817 383 4869 καὶ
411 4819 489 4878 εἰς
518 4816 888 4888 ὀχυρωτέρους
915 4810 1172 4866 ἀπελθεῖν
1199 4810 1416 4875 τόπους,
1449 4809 1576 4863 ἔνθα
1612 4811 1709 4864 καὶ
1731 4812 1862 4880 ἄφο-

293 4907 382 4969 ϐος
411 4907 593 4968 αὐτοῖς
626 4907 658 4974 ἡ
690 4904 904 4975 φυλακὴ
930 4903 1239 4972 γενήσεται.

362 5003 481 5059 πς⁹.
525 4996 664 5047 Ὅσα
682 4994 737 5046 δέ
767 4992 841 5063 μὴ
871 4991 1012 5044 κατὰ
1033 4991 1192 5060 φύσιν
1212 4991 1386 5060 ὀχυρά
1411 4992 1548 5045 εἰσιν
1569 4994 1602 5060 ἢ
1625 4994 1862 5065 κάστρα,

296 5087 326 5158 ἦ
371 5087 522 5139 τόποι
549 5084 748 5154 ἕτεροι,
782 5081 1190 5153 προασφαλίζου
1221 5082 1381 5134 αὑτά.
1421 5082 1607 5152 Keller
1639 5099 1770 5135 ποτε
1813 5083 1864 5136 oi

297 5177 476 5248 ἐχθροὶ
529 5174 836 5246 βουληθῶσι
883 5172 1258 5244 παρακαθίσαι
1310 5173 1522 5236 αὐτοῖς,
1561 5173 1726 5241 μέρος
1762 5173 1864 5242 τῆς

299 5269 555 5340 στρατιᾶς
590 5265 808 5336 ἀφανῶς
856 5267 935 5329 είς
971 5264 1222 5334 βοήθειαν
1251 5264 1344 5316 καὶ
1380 5264 1660 5334 ἐκδίκησιν
1686 5264 1866 5319 αὐτῶν

1970 4451 2077 4503 tur.
2110 4441 2366 4496 fortiores
2393 4443 2578 4497 hostes
2607 4441 2833 4496 faciant.

2041 4531 2130 4586 85.
2161 4529 2216 4584 Si
2251 4531 2405 4600 plebs
2451 4546 2540 4592 res
2573 4532 2827 4602 bonaque
2860 4547 2960 4589 sua
2989 4531 3055 4591 ad
3105 4532 3224 4586 lora
3266 4545 3388 4603 qua
3426 4547 3548 4592 mu-

1969 4621 2081 4676 nita
2130 4619 2404 4693 fortiaque
2450 4621 2703 4678 videntur
2731 4640 2877 4689 esse,
2911 4640 3017 4678 non
3040 4630 3222 4678 tamen
3250 4632 3402 4690 sunt,
3448 4623 3548 4677 ah-

1969 4713 2248 4780 duxerint,
2303 4713 2648 4784 providentia
2691 4725 2784 4771 tua
2832 4716 3178 4773 elliciendum
3221 4724 3328 4781 est,
3372 4723 3431 4770 ut
3473 4715 3541 4770 ad

1970 4805 2198 4861 fortiora
2272 4806 2681 4883 munitioraqne
2735 4810 2853 4868 loca
2902 4810 3300 4875 traducantur,
3343 4809 3435 4864 ubi
3461 4823 3548 4866 sev

1970 4913 2102 4953 cura
2137 4897 2244 4953 illis
2275 4913 2454 4952 rerum
2487 4914 2714 4953 suarum
2745 4899 2998 4955 custodia
3029 4901 3154 4955 erit.

2037 4987 2127 5042 86.
2159 4975 2510 5058 Qua'cunqne
2557 4998 2753 5043 natura
2813 4991 2997 5045 minus
3041 4991 3262 5052 (munita
3290 4998 3419 5046 sunt
3463 4991 3548 5046 vel

1972 5081 2194 5134 castella
2230 5081 2313 5134 vel
2343 5081 2462 5134 alia
2513 5081 2652 5142 loca.
2691 5080 2956 5135 ﬁrmanda
3003 5083 3117 5151 jam
3172 5091 3303 5137 sunt
3345 5101 3358 5138 :
3401 5090 3456 5137 et
3501 5081 3550 5136 si

1973 5178 2180 5238 partem
2215 5170 2452 5239 aliquam
2513 5170 2791 5227 exercitus
2836 5171 2921 5226 sui
2963 5173 3030 5227 ad
3085 5187 3149 5228 ea
3181 5172 3550 5244 oppugnanda

1975 5261 2164 5316 hostes
2216 5262 2566 5332 reliquerint,
2616 5264 2841 5321 occulte
2896 5265 2964 5320 ad
3032 5267 3375 5338 repellendos
3419 5265 3552 5320 ulci-

297 5359 565 5430 Ξκπεμπε,
599 5358 692 5410 καὶ
724 5358 802 5428 μὴ
826 5359 920 5430 ἐᾷς
949 5357 1074 5420 τοὺς
1118 5353 1345 5426 ἐχθροὺς
1391 5353 1561 5418 ἀδεῶς
1598 5354 1696 5418 τὰς
1735 5354 1855 5419 ἔξω·

1976 5353 2325 5425 scendosque
2373 5369 2467 5412 eos
2517 5354 2784 5426 quosdam
2835 5357 3075 5427 emittes,
3128 5371 3307 5429 neque
3363 5357 3554 5419 hostes

1837 5485 2068 5543 ΝΟΤᾸΕ.

366 5635 475 5705 (45)
509 5633 612 5688 Ἐν
639 5634 815 5688 παντὶ
879 5632 1079 5701 καιρῷ.
1142 5631 1520 5702 Scribebatur,
1575 5633 1670 5687 ἐὰν
1732 5632 1892 5687 παντὶ
1948 5629 2147 5704 καιρῷ.
