4074 6222
475 189 583 255 935

1745 190 2021 255 LEOle
2056 190 2518 255 PHILOSOPIII

3657 177 3845 241 936

473 304 760 376 permittas
783 282 955 363 libere
1018 305 1291 376 pabulari,
1329 304 1425 361 sed
1478 319 1575 360 eos
1607 306 1698 375 qui
1731 308 2046 377 pabulatum
2076 365 2078 370 ,

2187 325 2245 361 εν
2282 304 2530 367 δαπάνας
2559 300 2858 370 συλλέγειν·
2900 296 3036 352 ἀλλὰ
3071 294 3430 366 περισκόπει,
3480 294 3587 347 καὶ
3647 296 3835 356 τοὺς

472 405 607 453 eunt
660 397 952 463 adoriaris,
985 407 1041 454 et
1067 399 1273 470 capias,
1310 406 1476 469 atque
1507 397 1642 454 adeo
1687 399 1877 455 hostes
1909 400 2044 455 affli—

475 506 596 562 ges.

546 670 639 727 87.
670 672 849 741 Atque
892 670 1008 726 haec
1042 671 1265 743 quidem
1289 670 1357 727 de
1382 670 1817 736 incursionibus,
1853 672 1967 729 sive
1994 680 2051 728 tn

477 763 531 815 in
562 758 816 815 hostilem
868 767 1073 814 terram
1131 760 1422 830 irruperis,
1489 762 1606 816 sive
1660 761 1849 816 hostes
1905 771 2053 816 tuam

479 853 763 920 invadant,
828 854 970 910 satis
1012 855 1171 911 nobis
1203 855 1407 910 dictum
1454 854 1546 913 sit.
1583 854 1742 911 Nune
1796 856 1902 910 alia
1930 871 2052 927 qua!

480 946 547 1000 ad
604 946 857 1001 militiam
926 947 1223 1017 pertinent,
1282 946 1604 1017 explicanda
1669 956 1822 1013 sunt,
1892 959 2058 1020 atque

482 1032 585 1086 hoc
648 1031 707 1086 in
761 1032 976 1103 primis,
1031 1031 1492 1103 quemadmodum
1564 1034 1940 1103 speculatores
2000 1034 2057 1088 in

483 1126 736 1182 hostilem
768 1133 968 1183 terram
1015 1127 1329 1193 immittere,
1374 1136 1427 1182 et
1464 1127 1926 1196 quemadmodum
1963 1127 2063 1183 bo-

483 1218 648 1273 stium
700 1218 1074 1289 Speculatores
1129 1219 1184 1273 in
1232 1220 1477 1275 exercitu
1542 1232 1730 1276 nostro
1767 1220 1908 1276 clam
1943 1220 2033 1274 la-

484 1318 664 1367 tentes
720 1313 1010 1381 exquirere
1040 1324 1355 1381 possumus.

555 1403 644 1457 88.
675 1402 912 1459 Omnino
956 1403 1053 1459 tibi
1107 1404 1344 1459 hostium
1421 1405 1593 1476 copiae
1644 1413 1913 1475 quantum
1968 1419 2065 1475 po-

487 1505 571 1552 tes
595 1499 997 1569 cognnscendae
1033 1509 1181 1560 sunt,
1217 1507 1424 1569 quanta
1458 1499 1861 1568 magnitudine,
1892 1511 2071 1568 quau-

489 1591 669 1659 lisque
702 1591 916 1645 viribus
942 1592 1078 1654 sint,
1128 1599 1290 1660 atque
1340 1588 1416 1645 ita
1456 1590 1558 1645 tibi
1595 1589 1945 1659 suscipienda
1976 1586 2071 1641 ad-

2153 491 2371 560 έδρευε,
2425 490 2520 543 καὶ
2568 482 2954 555 συλλάμδανε.

2153 584 2279 649 τοὺς
2310 582 2403 654 ὲχθ
2412 581 2559 652 ρούς.

2153 399 2247 452 ἐπὶ
2303 398 2540 467 συλλογῇ
2586 394 2696 447 τῶν
2768 389 3177 459 δαπανημάτων
3230 384 3642 456 πεμπομένους
3708 386 3835 436 ἐν-

3003 481 3096 535 καὶ
3134 476 3393 533 ἐντεῦθεν
3426 475 3823 545 στενοχὼρεε

2228 676 2337 741 τις.
2376 675 2486 730 Καὶ
2521 673 2694 728 ταῦτα
2725 670 2823 742 μὲν
2854 665 2985 738 περὶ
3017 663 3225 735 ἐφόδων
3258 662 3352 716 σοῦ
3382 679 3441 715 τε
3474 659 3631 732 πρὸς
3681 659 3823 729 τὴν

2158 769 2427 841 πολεμίαν
2470 768 2563 821 καὶ
2590 765 2702 820 τῶν
2754 760 3034 833 πολεμίων
3080 758 3217 830 πρὸς
3259 757 3360 829 τὴν
3391 755 3491 827 σὴν
3526 752 3819 823 γινομέ-

2159 884 2288 931 νων,
2319 866 2533 936 εἴρηται
2576 860 2728 932 ἡμῖν.
2766 857 2959 931 Χρεὼν
3008 855 3064 909 δὲ
3104 854 3200 908 καὶ
3224 851 3353 922 περὶ
3380 851 3488 904 τῶν
3535 849 3796 904 ἄλλων.

2160 960 2262 1012 ὅσα
2308 956 2555 1027 χρήσιμα
2597 950 2731 1022 πρὸς
2790 946 3132 1021 στρατηγίαν
3173 944 3392 998 δοκοῦσι
3440 943 3535 997 καὶ
3585 940 3816 1008 ἀισφά-

2161 1050 2337 1113 λειαν,
2367 1044 2682 1111 διεξελθεῖν,
2726 1042 2824 1094 καὶ
2868 1040 3104 1111 μάλιστα
3148 1035 3278 1106 περλ⁵
3321 1033 3413 1087 τοῦ
3465 1034 3587 1096 πῶς
3656 1032 3813 1084 δέον

2164 1135 2533 1193 κατασκοπεῖν
2558 1132 2809 1202 ἐχθροὺς,
2835 1130 2931 1183 καὶ
2953 1129 3100 1191 ὅπως
3130 1126 3293 1179 πάλιν
3315 1125 3442 1187 τοὺς
3477 1123 3574 1176 ἀπ’
3616 1123 3807 1175 ἐκεί-

2165 1248 2271 1285 νων
2320 1226 2711 1299 πεμπομένους
2777 1220 3160 1282 κατασκόπους
3206 1218 3426 1289 κρατεῖν
3470 1213 3807 1267 λανθάνειν

2168 1322 2423 1383 θέλοντας
2457 1321 2514 1374 ὲν
2548 1317 2625 1389 τῷ
2654 1315 2892 1389 στρατῷ.

2240 1419 2353 1484 σπη’.
2385 1412 2479 1465 Δεῖ
2506 1405 2599 1464 06v
2621 1426 2679 1462 σε
2708 1409 2929 1461 σκοπεῖν
2961 1404 3227 1478 ἀκριὸὦς,
3263 1396 3306 1458 ὦ
3334 1399 3645 1471 στρατηγὲ,
3680 1398 3800 1467 τὴν

2172 1503 2447 1572 ποσότητα
2476 1500 2577 1571 τῆς
2604 1498 2710 1552 τῶν
2750 1496 3011 1552 ἐναντίων
3048 1494 3332 1565 δυνάμεως
3365 1492 3616 1555 πάντως,
3687 1492 3798 1544 καὶ

2174 1598 2310 1670 πρὸς
2341 1594 2499 1650 τοῦτο
2532 1590 2835 1655 κανονίζειν
2866 1590 2959 1643 καὶ
2982 1590 3201 1643 διοικεῖν
3225 1605 3282 1639 σε
3312 1586 3381 1639 τά
3408 1584 3532 1638 κατ’
3562 1585 3791 1653 αὐτῆς.

489 1681 967 1750 ministrandaque
996 1690 1186 1737 contra
1210 1682 1332 1736 illos
1355 1683 1537 1736 omnia
1563 1691 1709 1735 sunt.
1740 1678 1877 1732 Nam
1902 1694 2071 1747 eque-

2184 1660 2256 1744 Τά
2289 1688 2399 1761 γὰρ
2432 1688 2690 1758 σχήματα
2721 1684 2832 1739 τῶν
2858 1680 3274 1750 καδαλλαρικῶν
3303 1697 3362 1733 τε
3394 1680 3486 1732 καὶ
3518 1675 3793 1741 πεζικῶν

491 1771 687 1825 strium
742 1772 1185 1841 pedestriumque
1233 1772 1513 1841 copiarum
1558 1770 1764 1831 formai,
1806 1768 2077 1822 iocorum-

489 1880 602 1935 que
636 1867 795 1930 situs,
825 1880 1075 1937 magnam
1115 1864 1480 1921 differentiam
1507 1864 1706 1917 virium
1768 1876 1832 1916 ae
1856 1859 2075 1915 roboris

492 1956 549 2010 in
574 1956 816 2011 exercitu
855 1958 1080 2024 habent,
1109 1965 1163 2012 et
1195 1955 1468 2010 infinitum
1498 1951 1789 2025 quemdam
1824 1964 2072 2006 errorem

494 2045 731 2102 aﬂerunt
782 2046 849 2103 iis
892 2049 985 2118 qui
1054 2048 1377 2117 simpliciter
1451 2055 1615 2117 atque
1664 2041 1921 2114 imperite
1968 2040 2075 2094 ista

492 2136 789 2192 aestimant.
847 2136 960 2192 Hoc
1010 2147 1219 2201 autem,
1290 2135 1440 2208 quod
1498 2134 1645 2201 dico,
1692 2146 1890 2189 verum
1948 2141 2076 2186 esse

493 2238 617 2294 quae
667 2235 971 2295 sequuntur
1015 2224 1179 2281 facile
1219 2224 1704 2281 demonstrahuut.

566 2317 653 2375 89.
685 2315 836 2374 Pone
863 2328 1048 2375 autem
1106 2327 1405 2375 sexcentos
1441 2316 1659 2387 equites
1711 2314 1766 2369 in
1827 2309 2073 2381 longitu-

494 2406 700 2472 dinem,
733 2416 787 2461 ct
815 2408 1149 2479 quingentos
1192 2408 1248 2461 in
1282 2406 1629 2461 latitudinem
1686 2401 1909 2465 instrui,
1979 2397 2073 2468 qui

494 2513 757 2553 numerus
791 2499 1040 2554 continet
1097 2506 1340 2554 trecenta
1376 2498 1546 2553 millia
1576 2495 1859 2566 equitum:
1882 2505 2078 2547 unum-

494 2604 767 2658 quemque
784 2604 984 2659 eqnum
1016 2590 1140 2644 loco
1169 2605 1272 2646 suo
1292 2590 1652 2645 constitutum
1680 2587 1901 2650 habere,
1930 2580 2075 2653 quod

497 2678 565 2732 ad
618 2679 966 2733 latitudinem
1020 2688 1257 2750 spectat,
1288 2678 1458 2749 pedes
1496 2687 1632 2742 tres,
1660 2692 1727 2734 ex
1776 2691 1887 2747 quo
1941 2673 2079 2727 iiunt

497 2767 664 2836 pedes
698 2767 851 2822 mille
870 2768 1174 2836 octingenti
1202 2784 1216 2821 :
1248 2781 1701 2837 unumquemque
1727 2763 1873 2836 quod
1908 2762 1975 2817 ad
2000 2761 2080 2815 al-

501 2858 789 2914 titudinem
820 2868 1033 2929 spectat
1070 2859 1272 2916 habere
1306 2859 1471 2930 pedes
1500 2868 1647 2923 octo.
1675 2872 1741 2913 ex
1778 2871 1889 2927 quo
1940 2854 2079 2909 nunt

499 2947 697 3018 pedum
735 2956 973 3017 quatuor
998 2948 1213 3003 millia:
1267 2948 1451 3019 itaque
1490 2948 1758 3018 quadrata
1810 2945 1868 2999 in
1905 2943 2079 2998 forma

498 3042 726 3105 propter
768 3035 1161 3106 longitudinem
1187 3038 1335 3092 mille
1361 3036 1805 3107 octingentorum
1856 3034 2080 3104 pedum,

498 3133 553 3181 et
574 3132 799 3196 propter
826 3125 1171 3182 latitudinem
1192 3136 1431 3197 quatuor
1460 3124 1610 3182 mille
1633 3124 1855 3196 pedum,
1880 3126 2088 3194 Septin-

500 3221 676 3283 genta:
703 3214 895 3285 viginti
922 3215 1201 3286 myriades
1239 3215 1440 3286 pedum
1500 3214 1872 3284 integrorum:
1910 3214 2086 3267 ambi-

500 3310 591 3359 tus
624 3308 805 3359 autem
844 3309 1200 3359 externorum
1232 3303 1431 3375 pedum
1463 3305 1673 3358 circum
1734 3318 1830 3373 per
1884 3301 2082 3365 latera,

502 3395 760 3450 undecim
804 3396 974 3452 millia
1012 3396 1261 3453 sexcenti
1290 3397 1481 3467 pedes.
1514 3396 1580 3450 Et
1603 3394 1833 3466 quando
1856 3408 1951 3449 sex
1985 3407 2081 3462 pe-

501 3487 599 3545 des
640 3488 847 3545 laciunt
875 3490 1083 3555 ulnam,
1133 3496 1354 3546 centum
1381 3490 1526 3545 ulnae
1572 3487 1789 3543 faciunt
1824 3486 2086 3550 stadium,

501 3587 710 3649 septem
747 3578 921 3635 stadia
956 3588 1011 3636 et
1054 3579 1342 3637 dimidium
1376 3579 1588 3636 iaciunt
1622 3580 1879 3643 milliare,
1913 3578 2090 3634 conii-

501 3672 647 3726 citur
707 3671 948 3728 ambitus
986 3674 1282 3729 universus
1334 3672 1594 3729 undecim
1627 3673 1801 3727 millia
1842 3669 2087 3728 sexcenti

502 3761 692 3832 pedes,
717 3762 827 3816 duo
858 3763 1113 3817 milliaria
1142 3771 1199 3819 et
1220 3763 1463 3819 sexcenti
1489 3778 1703 3833 passus.
1738 3762 1852 3817 liae
1923 3761 2093 3833 igitur

503 3854 681 3906 forma
720 3855 1016 3923 capiuntur
1048 3863 1294 3910 trecenta
1327 3856 1497 3909 millia
1536 3855 1849 3919 hominum,
1884 3856 1931 3909 si
1968 3868 2090 3924 per-

506 3943 651 3999 fecte
676 3945 1066 4001 addensentur.
1100 3946 1197 4002 Sin
1242 3948 1486 4003 rariores
1533 3948 1761 4013 fuerint,
1792 3964 1859 4003 ex
1903 3947 2092 4003 densi-

505 4035 637 4090 tatis
680 4036 894 4092 ratione
924 4038 1166 4094 raritatis
1189 4038 1535 4093 intervallum
1582 4038 1949 4110 reputantium
1984 4042 2090 4103 est,

507 4134 674 4196 atque
731 4124 869 4180 adeo
928 4141 994 4181 ex
1048 4124 1155 4182 loci
1202 4125 1385 4198 spatio
1431 4126 1843 4183 multitudinem
1902 4125 2090 4197 pepuli

506 4217 962 4277 animadvertere.

578 4534 668 4589 90.
711 4534 977 4590 Trecenta
1027 4534 1143 4589 haec
1192 4533 1364 4589 millia
1423 4533 1706 4588 hominum
1741 4531 1794 4586 in
1850 4532 2090 4601 simplici

508 4633 844 4696 extentoque
908 4627 1277 4681 contubernio
1334 4626 1695 4682 instruemns.
1746 4623 2093 4694 Unoquoque

509 4736 654 4790 equo
689 4720 742 4774 in
771 4719 1171 4791 longitudinem
1212 4718 1349 4773 aciei
1405 4719 1696 4783 instructo,
1727 4718 1864 4773 iiunt
1889 4718 2089 4789 pedum

510 4823 787 4885 nongenta
810 4814 1000 4879 millia,
1034 4828 1156 4883 quae
1216 4811 1270 4867 in
1322 4810 1593 4868 directum
1635 4810 1928 4881 producta,
1983 4809 2093 4867 duo

513 4909 684 4964 millia
717 4921 978 4979 passuum
1000 4906 1153 4974 juxta
1185 4904 1439 4976 perfectae
1463 4903 1803 4960 densationis
1823 4903 2091 4959 rationem

513 5003 743 5062 faciunt.
771 5000 925 5069 Quod
986 5000 1032 5057 si
1086 4998 1321 5070 dispersi
1373 4996 1737 5067 dissipatique
1788 4995 2091 5062 ambulent,

514 5096 871 5167 multiplicem
919 5093 1079 5164 longe
1131 5092 1305 5164 magis
1357 5090 1461 5145 hoc
1507 5090 1629 5145 loco
1683 5089 1860 5144 locum
1911 5088 2095 5160 possi-

514 5187 645 5243 dent
673 5205 687 5240 :
728 5187 994 5258 longeque
1027 5186 1209 5253 plures
1241 5182 1498 5239 videntur
1527 5197 1674 5247 esse,
1705 5196 1830 5237 cum
1856 5180 2091 5255 dispersi

515 5288 664 5346 sunt,
693 5294 857 5351 quam
901 5277 947 5334 si
979 5276 1226 5332 ordinem
1260 5273 1674 5344 stationemque
1717 5288 1873 5329 suam
1903 5288 2094 5330 servae

2175 1782 2405 1849 τάξεων,
2436 1779 2530 1833 καὶ
2561 1780 2617 1831 αἱ
2650 1778 2760 1831 τῶν
2794 1776 2974 1830 τόπων
3006 1774 3213 1836 Θέσεις,
3249 1772 3449 1840 πολλὴν
3501 1770 3610 1839 τῆς
3683 1785 3793 1820 πε-

2179 1876 2403 1944 σότητος
2435 1872 2530 1927 τοῦ
2563 1869 2696 1924 λαοῦ
2745 1866 3009 1938 διαφορὰν
3050 1864 3353 1929 ποιοῦνται,
3398 1862 3492 1917 καὶ
3520 1860 3791 1931 ἀνυπέρ-

2178 1968 2373 2040 6λητον
2406 1964 2717 2032 εἰσάγουσιν
2765 1960 2972 2029 πλάνην
3006 1961 3120 2020 τοῖς
3149 1957 3336 2020 ἁπλῶς
3378 1956 3473 2009 καὶ
3517 1954 3790 2041 dissipat;

2177 2056 2532 2115 κατανοοῦσιν
2561 2054 2717 2108 αὑτά.
2748 2053 2860 2106 Καὶ
2881 2053 2961 2105 ὅτι
2993 2050 3021 2103 δ
3044 2051 3188 2119 λέγω
3209 2048 3319 2121 (46)
3345 2048 3544 2119 ἀληθές
3590 2050 3784 2105 ἐστιν,

2181 2150 2525 2223 μαρτυρήσει
2550 2146 2689 2218 τάχα
2728 2144 2839 2218 (47)
2866 2146 2933 2215 τῇ
2965 2142 3170 2214 Θεωρία
3198 2143 3225 2195 ό
3256 2139 3466 2212 μέλλων
3494 2137 3782 2209 λεχθῆναι

2175 2242 2399 2316 τρόπος.

2250 2335 2360 2389 πΘ’.
2421 2330 2654 2387 ’Υπόθου
2702 2329 2811 2400 γὰρ
2863 2327 3175 2393 ἑξακοσίους
3229 2320 3631 2393 καόαλλαρίους
3690 2320 3781 2383 είς

2183 2429 2359 2501 μῆκος
2390 2427 2485 2481 ἐπὶ
2514 2423 2893 2487 πεντακοσίοις
2940 2424 3019 2485 είς
3055 2420 3256 2482 πλάτος
3281 2415 3577 2471 τάσσεσθαι
3611 2414 3733 2483 (48)
3756 2454 3775 2475 .

2177 2525 2206 2578 ὃ
2236 2523 2445 2593 γίνεται
2478 2518 2774 2591 τριάκοντα
2805 2513 3089 2587 μυριάδες,
3136 2512 3304 2583 ἤγουν
3334 2507 3651 2579 τριακόσιαι
3687 2523 3777 2575 χι-

2178 2615 2359 2680 λιάδες
2403 2610 2806 2680 καϐαλλαρίων.
2858 2607 3125 2661 Ἔκάστου
3178 2603 3234 2656 δὲ
3271 2604 3442 2655 ἵππου
3474 2601 3555 2662 είς
3602 2597 3774 2651 τόπον

2179 2706 2520 2778 τασσομένου
2565 2701 2896 2774 κρατοῦντος
2946 2700 3111 2761 πόδας
3154 2697 3302 2767 τρεῖς
3350 2692 3496 2747 κατά
3526 2691 3773 2751 πλάτος,

2180 2803 2420 2871 γίνονται
2448 2798 2605 2860 πόδες
2633 2796 2790 2865 χίλιοι
2821 2792 3150 2846 ὀκτακόσιοι·
3186 2789 3282 2843 καὶ
3318 2787 3549 2840 ἑκάστου
3586 2785 3763 2835 insto.)

2182 2895 2238 2947 ὲν
2284 2892 2362 2963 τῷ
2406 2889 2559 2961 βάθει
2604 2884 2940 2957 τασσομένου
2990 2882 3321 2954 κρατοῦντος
3370 2877 3535 2940 πόδας
3586 2872 3769 2932 ὀκτὼ.

2110 2999 2151 3057 c
2183 2984 2425 3053 γίνονται
2450 2980 2609 3043 πόδες
2634 2976 3083 3051 τετρακισχίλιοι,
3133 2974 3276 3028 ὥστε
3310 2968 3553 3040 γίνεσθαι
3592 2968 3647 3020 ὲν
3682 2982 3774 3018 τε-

2186 3071 2517 3143 τραπλεύρῳ
2572 3070 2815 3140 σχήματι
2869 3066 2975 3120 ὑπὸ
3024 3062 3117 3121 τοῦ
3172 3063 3383 3133 μήκους
3425 3059 3533 3112 τῶν
3580 3057 3770 3127 χιλίων

2187 3162 2544 3225 ὀκτακοσίων,
2582 3162 2678 3215 καὶ
2696 3159 2791 3217 τοῦ
2823 3158 3021 3230 βάθους
3051 3156 3161 3211 τῶν
3190 3150 3634 3225 τετρακισχιλίων
3668 3166 3771 3201 πο-

2186 3258 2316 3323 δῶν,
2356 3253 2689 3318 ἑπτακοσίας
2741 3253 2917 3309 είκοσι
2972 3246 3243 3322 μυριάδας
3279 3248 3447 3309 πόδας
3493 3241 3765 3313 στερεῶς·

2188 3352 2222 3422 ἡ
2254 3351 2310 3404 δὲ
2339 3350 2670 3420 περίμετρος
2716 3346 2885 3418 μόνης
2917 3342 3243 3414 ἐπιφανείας
3289 3338 3489 3404 ἔξωθεν
3535 3334 3620 3389 διὰ
3655 3333 3769 3387 τῶν

2187 3445 2468 3516 τεσσάρων
2498 3440 2774 3512 πλευρῶν,
2811 3440 3051 3509 γίνονται
3078 3435 3238 3498 πόδες
3271 3433 3454 3503 μύριοι
3487 3429 3581 3484 καὶ
3608 3428 3768 3498 χίλιοι

2189 3536 2485 3604 ἑξακόσιοι,
2505 3533 2601 3588 καὶ
2629 3531 2817 3601 ἐπειδὴ
2838 3530 2895 3585 δὲ
2920 3531 2968 3585 οἱ
2998 3527 3058 3595 ἒξ
3083 3526 3243 3589 πόδες
3269 3520 3515 3579 ποιοῦσιν
3542 3517 3770 3590 ὀργυιὰν

2192 3628 2348 3698 μίαν,
2381 3629 2436 3682 αἱ
2462 3625 2519 3682 δὲ
2554 3624 2747 3679 ἑκατὸν
2774 3622 2994 3691 ὀργυιαὶ
3025 3618 3240 3674 ποιοῦσι
3272 3615 3487 3671 στάδιον
3518 3611 3597 3676 ἒν,
3625 3609 3689 3663 τὰ
3709 3607 3767 3662 δὲ

2190 3718 2331 3774 ἑπτά
2367 3720 2459 3773 καὶ
2482 3719 2655 3789 ἥμισυ
2694 3715 2887 3770 στάδια
2918 3712 3133 3767 ποιοῦσι
3166 3710 3341 3780 μίλιον
3372 3707 3452 3766 ἒν,
3482 3704 3768 3771 συνάγεται

2190 3811 2224 3880 ἡ
2264 3809 2595 3880 περίμετρος
2636 3809 2819 3869 πᾶσα,
2856 3806 2975 3876 ἦτοι
3007 3806 3053 3858 οί
3092 3802 3277 3871 μύριοι
3331 3798 3426 3852 καὶ
3471 3796 3628 3867 χίλιοι
3675 3794 3769 3847 καὶ

2191 3902 2463 3969 ἑξακόσιοι
2488 3901 2648 3962 πόδες
2671 3900 2749 3962 είς
2780 3899 2929 3969 μίλια
2957 3895 3050 3950 δύο
3078 3896 3249 3967 ἥμισυ
3276 3893 3499 3947 δέκατον
3524 3890 3760 3954 ἔγγιστα.

2205 3995 2294 4049 Ἐν
2350 3990 2524 4062 τούτῳ
2581 3985 2675 4044 οῦν
2719 3988 2797 4059 τῷ
2844 3986 3173 4057 διαστήματι
3228 3984 3323 4037 καὶ
3378 3982 3611 4051 σχήματι
3654 3993 3764 4046 χω-

2197 4084 2414 4158 ροῦνται
2475 4084 2530 4137 αἱ
2580 4081 2875 4153 τριάκοντα
2921 4075 3185 4147 μυριάδες
3232 4073 3342 4127 τῶν
3394 4067 3761 4135 καδαλλαρίων

2193 4176 2337 4234 κατὰ
2375 4175 2585 4230 τελείαν
2620 4172 2920 4226 πύκνωσιν.
2965 4170 3028 4225 Ei
3059 4169 3115 4223 δὲ
3159 4163 3753 4239 ἀραιότεροιῐστανται,

2194 4274 2258 4325 ὲκ
2291 4270 2392 4343 τῆς
2440 4266 2774 4328 πυκνώσεως
2824 4260 3230 4330 ἐπιλογίζεσθαι
3284 4259 3363 4313 δεῖ
3405 4254 3505 4325 τὴν
3547 4251 3760 4307 ἐνοῦσαν

2124 4358 2166 4412 D
2196 4363 2515 4431 ἀραιότητα,
2552 4358 2645 4411 καὶ
2696 4356 2868 4418 οὕτως
2908 4353 3240 4423 συμϐάλλειν
3275 4352 3339 4404 ἐκ
3382 4349 3477 4404 τοῦ
3510 4344 3758 4418 μεγέθους

2196 4453 2291 4508 τοῦ
2326 4454 2493 4507 τόπου
2519 4452 2580 4506 τὸ
2614 4449 2780 4504 ποσὸν
2808 4447 2902 4501 τοῦ
2938 4446 3093 4501 λαοῦ.

2271 4542 2342 4611 μ’.
2378 4541 2625 4611 Τάξομεν
2654 4540 2709 4592 δὲ
2738 4538 2837 4599 τὰς
2860 4536 3153 4606 τριάκοντα
3188 4533 3453 4603 μυριάδας
3488 4531 3646 4599 ἢγουν
3668 4526 3757 4587 τὰς

2198 4633 2517 4706 τριακοσίας
2548 4630 2790 4701 χιλιάδας
2818 4629 2909 4682 ἐπὶ
2940 4628 3117 4698 ἁπλῆς
3151 4626 3311 4688 άκίας
3344 4622 3439 4676 καὶ
3479 4618 3753 4685 ἐκτεταμέ-

2200 4743 2317 4796 νης.
2362 4725 2623 4777 Ἐκάστου
2663 4723 2718 4775 δὲ
2764 4724 2930 4776 ἵππου
2965 4722 3045 4783 είς
3091 4718 3265 4789 μῆκος
3304 4712 3635 4781 τασσομένου
3668 4708 3756 4777 τῆς

2199 4815 2561 4886 παρατάξεως
2591 4814 2919 4885 κρατοῦντος
2941 4854 2955 4879 ,
2980 4812 3055 4874 ὡς
3106 4808 3344 4877 εἴρηται,
3402 4804 3568 4866 πόδας
3599 4803 3753 4871 τρεῖς,

2193 4911 2431 4978 γίνονται
2467 4908 2628 4970 πόδες
2662 4908 2922 4978 μυριάδες
2970 4904 3312 4975 ἐνενήκοντα,
3341 4899 3391 4953 οἶ
3424 4896 3631 4951 ποιοῦσι
3651 4892 3752 4946 διά-

2196 5019 2382 5072 στημα
2415 5001 2504 5055 ἐπ’
2544 4999 2763 5064 εὐθείας
2812 4999 2965 5069 μίλια
3006 4995 3259 5051 διακόσια
3308 4992 3560 5061 ἔγγιστα,
3606 4984 3758 5039 ταῦτα

2205 5096 2322 5166 μὲν,
2355 5096 2429 5159 ὡς
2464 5094 2695 5165 εἴρηται,
2728 5093 2871 5145 κατὰ
2899 5089 3111 5144 τελείαν
3158 5088 3456 5141 πύκνωσιν.
3507 5082 3571 5136 Εἰ
3602 5080 3650 5132 δὲ
3682 5077 3755 5131 δι-

2204 5186 2594 5253 εσκεδασμένοι
2618 5184 2714 5239 καὶ
2740 5180 3159 5253 ἐσκορπισμένοι
3183 5169 3756 5244 κινοῦνται,όμολογοῦ-

2210 5278 2369 5347 μενόν
2404 5278 2551 5330 ἐστιν
2576 5319 2589 5344 ,
2619 5277 2697 5330 ὅτι
2732 5271 3167 5329 πολλαπλασίονα
3205 5270 3300 5323 τοῦ
3348 5268 3550 5340 μέτρου
3591 5262 3756 5317 τούτου

2030 5436 2270 5495 ΝΟΤιΕ.

593 5572 701 5637 (46)
736 5574 918 5642 Λέγω.
952 5574 1326 5638 Scribebztttlr,
1362 5573 1557 5639 λέγων.

597 5644 707 5711 (47)
751 5644 926 5712 Τάχα.
953 5646 1328 5711 Scribebatur,
1360 5644 1522 5714 τύχα.

2276 5573 2386 5645 (48)
2423 5573 2783 5629 Τάσσεσθαι.
2817 5567 3196 5630 Scribt‘batttr,
3231 5561 3299 5617 τὰ
3330 5557 3633 5615 σέσσεσθαι.
