4052 6216
269 341 395 405 93τ

1317 344 1647 406 TACTICA.
1690 370 1755 379 —
1797 345 2299 407 CONSTITUTIO
2335 345 2515 406 XVII.

3428 344 3536 407 938

274 449 580 521 κατέχουσι
614 447 797 511 τόπον,
828 449 920 501 καὶ
954 448 1195 515 πλείονες
1219 451 1323 505 τῶν
1350 454 1408 505 ὲν
1438 456 1501 522 τῇ
1523 454 1672 519 τάξει
1696 454 1864 523 ἑστώ-

1984 462 2106 509 'ent.
2140 454 2236 509 Sin
2284 456 2340 509 in
2389 452 2600 509 deflexo
2629 450 2862 522 quodam
2918 449 3040 506 loco
3076 448 3538 522 entinentioreque

273 556 398 592 των
440 537 518 608 τῷ
562 536 826 607 ὀφθαλμῷ
873 538 1292 595 ὑποπίπτουσιν.
1346 541 1408 594 Ei
1458 543 1514 596 δὲ
1562 545 1621 596 ἐν
1654 544 1867 615 πλαγίῳ

276 630 440 698 τόπῳ
464 630 558 683 καὶ
586 627 902 699 ὑψηλοτέρῳ
925 630 1339 701 περιπατοῦσιν,
1368 632 1449 686 ἔτι
1474 633 1656 688 πλέον.

360 724 468 787 ba’.
499 720 591 772 Διὸ
618 720 711 773 καὶ
727 721 776 772 οί
806 719 1118 791 βουλόμενοι
1146 722 1372 792 στρατὸν
1396 722 1483 777 διὰ
1511 724 1723 796 κόμπον
1748 725 1868 780 τινὰ

279 813 591 878 ὑποδεῖξαι,
619 811 652 883 ἢ
674 812 768 864 ἐπὶ
792 812 1117 883 λεπτοτέρου
1145 812 1341 883 βάθους
1363 816 1652 871 τάσσουσιν
1682 818 1863 881 αὑτὸν,

279 903 319 973 ἢ
352 902 656 971 κεχυμένον
688 901 947 972 μηκόθεν,
973 902 1475 973 ἧδιεσκεδασμένον
1502 905 1595 959 καὶ
1610 905 1871 976 διεσπαρ-

285 992 475 1063 μένον.
506 993 567 1045 οί
600 991 657 1045 δὲ
691 991 1035 1061 παλαιότεροι
1063 990 1171 1044 τῶν
1202 990 1478 1045 τακτικῶν
1509 991 1607 1064 τὴν
1637 992 1875 1065 πεζικὴν

281 1082 469 1150 τάξιν,
507 1082 632 1135 ὅταν
670 1082 771 1152 μέν
812 1082 927 1135 ἐστι
970 1083 1312 1152 τεταγμένη,
1356 1083 1626 1153 τέσσαρας,
1678 1085 1877 1153 πήχεις

290 1174 488 1226 ίστῶσι
516 1172 606 1225 τὸν
630 1172 726 1225 ἕνα
755 1172 924 1243 ἀνδρα
948 1174 1219 1243 κατέχειν.
1252 1174 1422 1228 Ὅταν
1446 1173 1502 1227 δέ
1537 1172 1654 1228 ἐστι
1690 1193 1870 1229 πεπυ-

287 1262 575 1333 κνωμένη,
605 1262 685 1326 είς
710 1262 802 1315 δύο
838 1264 1054 1333 πήχεις·
1084 1264 1214 1316 δταν
1243 1262 1297 1316 δὲ
1330 1262 1471 1317 κατὰ
1496 1265 1872 1336 συνασπισμὸν

286 1352 351 1403 ὲν
388 1350 695 1422 παρατάξει
726 1351 901 1420 πῆχυν
935 1351 1032 1403 ἕνα
1075 1350 1327 1423 κατέχειν
1364 1353 1456 1405 τὸν
1496 1352 1869 1425 στρατιώτην,

288 1440 436 1497 ὥστε
465 1441 559 1495 καὶ
589 1445 652 1495 ὲκ
675 1442 867 1495 τούτου
896 1440 991 1495 τοῦ
1020 1442 1221 1513 μέτρου
1253 1444 1344 1496 τὸν
1375 1444 1579 1515 ἀκριϐῆ
1606 1446 1874 1499 σκουλκά-

289 1548 432 1602 τορα
465 1530 878 1599 ἀναλογίζεσθαι
912 1530 1017 1584 ἀπὸ
1037 1531 1202 1585 αὐτοῦ
1229 1532 1321 1586 τοῦ
1347 1537 1554 1604 μήκους
1582 1534 1676 1589 τοῦ
1706 1536 1871 1590 τόπου

290 1623 356 1676 οὐ
378 1624 539 1694 μόνον
554 1622 663 1677 τῶν
677 1622 1079 1693 καὸαλλαρίων,
1098 1623 1235 1678 ἀλλὰ
1256 1625 1352 1681 καὶ
1364 1625 1546 1691 πεζῶν
1564 1627 1625 1680 τδ
1645 1627 1874 1699 πλῆθος.

1970 545 2250 611 incedant,
2298 546 2457 618 longe
2490 544 2673 616 plures
2705 557 2828 600 esse
2856 548 3141 627 putantur.

2040 724 2126 781 91.
2161 723 2345 795 Itaque
2385 722 2480 793 qui
2523 721 2590 778 ad
2622 719 2863 791 speciem
2896 718 3135 787 aliquam
3167 730 3536 787 pompamque

1967 816 2243 871 exercitus
2273 813 2673 875 demonstrant,
2703 810 2787 867 vel
2807 810 3057 865 tenuiore
3096 824 3223 864 cum
3251 807 3542 862 altitudine

1970 903 2249 959 instruunt
2272 916 2417 967 eum,
2453 901 2539 957 vel
2590 900 2807 954 eminus
2856 898 3037 953 fusum
3100 898 3541 966 dispersumque.

1972 992 2325 1063 Antiquiores
2369 998 2549 1044 autem
2582 990 2661 1043 rei
2716 988 2971 1043 militaris
3026 986 3185 1057 periti
3233 985 3542 1055 pedestrem

1972 1084 2166 1151 aciem,
2218 1082 2441 1154 quando
2475 1081 2744 1137 instructa
2790 1089 2896 1147 est,
2938 1087 3175 1150 quatuor
3228 1078 3542 1135 cubitorum

1975 1173 2265 1244 unicuique
2317 1173 2437 1229 viro
2486 1172 2723 1242 spatium
2785 1170 3009 1225 dabant.
3062 1169 3165 1225 Ubi
3208 1168 3544 1222 densabatur

1974 1262 2162 1326 acies,
2196 1258 2427 1315 duorum
2482 1259 2792 1314 cubitorum
2842 1259 3081 1328 spatium
3130 1256 3444 1312 tribuebant
3487 1257 3541 1312 in

1974 1353 2216 1436 perfecta
2243 1351 2628 1423 aggregatione
2680 1351 2937 1417 militum,
2975 1360 3032 1404 ut
3068 1351 3311 1405 cubitum
3374 1365 3543 1404 unum

1976 1447 2197 1502 haberet
2224 1445 2636 1514 unusquisque:
2679 1459 2788 1513 qua
2822 1460 2888 1499 ex
2939 1460 3198 1499 mensura
3246 1445 3547 1513 unusquis-

1972 1552 2080 1609 que
2110 1537 2289 1591 bonus
2312 1534 2646 1607 speculator,
2678 1544 2735 1589 et
2764 1550 2831 1589 ex
2874 1535 3051 1603 spatio
3107 1533 3236 1601 loci,
3272 1532 3433 1588 facile
3461 1549 3548 1589 re-

1974 1628 2190 1703 putabit
2220 1644 2332 1684 non
2375 1627 2536 1683 modo
2566 1626 2841 1699 equitum,
2876 1641 3069 1686 verum
3103 1627 3267 1684 etiam
3303 1625 3545 1698 peditum

1978 1736 2293 1777 numerum.

369 1804 478 1875 ιιβκ
512 1804 795 1874 Τοσαύτης
828 1803 1006 1858 τοίνυν
1037 1805 1298 1877 διαφορᾶς
1330 1806 1496 1878 οὔσης
1545 1807 1626 1875 εἴς
1668 1827 1728 1863 τε
1771 1811 1869 1874 τὼς

2038 1812 2132 1867 92.
2159 1811 2297 1867 Cum
2332 1810 2498 1883 igitur
2539 1818 2687 1866 tanta
2728 1810 2802 1869 sit
2834 1809 3150 1868 differentia
3190 1809 3245 1866 in
3300 1809 3418 1866 acie
3457 1808 3548 1863 in-

294 1896 484 1959 τάξεις
511 1894 604 1947 καὶ
630 1895 710 1957 είς
735 1894 803 1947 τὰ
834 1894 1113 1965 σχήματα,
1149 1896 1207 1949 οὐ
1241 1897 1358 1951 δέον
1390 1914 1471 1962 σε,
1501 1890 1546 1951 ὧ
1577 1898 1871 1970 στρατηγέ,

294 1986 380 2048 είς
414 1984 678 2054 ἀπείρους
704 1983 812 2037 τῶν
834 1985 1089 2038 τοιούτων
1116 1985 1435 2057 ἀνθρώπους
1462 1989 1558 2053 τὰς
1585 1988 1874 2054 σκοόλκας,

294 2075 418 2144 ἦτοι
451 2073 553 2137 τὰς
590 2073 677 2126 διὰ
711 2074 820 2127 τῶν
859 2076 1226 2130 κατασκόπων
1266 2076 1376 2130 τῶν
1418 2078 1529 2131 σῶν
1573 2079 1875 2150 διακρίσεις

297 2164 742 2230 καταπιστεύειν,
775 2165 808 2236 ἦ
835 2166 935 2229 τὰς
960 2166 1089 2238 περὶ
1113 2168 1317 2221 τούτων
1342 2168 1535 2239 βίγλας
1553 2209 1568 2233 ,
1599 2170 1735 2243 μηδὲ
1764 2175 1877 2237 τοῖς

298 2256 433 2327 παρ’
463 2255 662 2321 αὐτῶν,
689 2255 765 2319 ὡς
794 2254 1005 2328 ἔτυχεν,
1037 2259 1351 2330 λεγομένοις
1373 2261 1683 2331 metatis.er
1701 2265 1873 2319 Ἀνεί-

297 2362 503 2399 παστον
541 2345 650 2416 γάρ
692 2347 841 2401 ἐστιν
881 2350 996 2412 τοῖς
1040 2348 1288 2415 πολλοῖς,
1333 2352 1428 2404 καὶ
1468 2352 1875 2426 ἀκατανόητον,

298 2437 414 2513 εἴγε
437 2437 577 2508 ὑπὲρ
599 2438 697 2502 τὰς
722 2438 896 2492 εἰκοσι
926 2440 960 2509 ἢ
992 2441 1292 2512 τριάκοντα
1315 2443 1558 2513 χιλιάδας
1613 2447 1752 2509 ἐστὶ,
1782 2446 1879 2500 καὶ

302 2509 538 2597 μάλιστα
567 2529 661 2581 ἐπὶ
697 2528 886 2597 ἐθνῶν,
936 2509 1131 2596 οίτινες
1162 2509 1389 2597 πολλοθς
1448 2534 1648 2598 ἵππους
1682 2537 1878 2589 ἐπισύ-

303 2635 519 2689 ρονται,
553 2618 741 2691 διόπερ
779 2621 1069 2693 ἐμπείροις
1102 2622 1330 2694 ἀνδράσι
1374 2623 1445 2679 τά
1490 2624 1719 2679 τοιαῦτα
1770 2626 1895 2700 χρὴ,

305 2707 747 2762 καταπιστεύειν.

374 2796 483 2864 ιγ’.
509 2797 661 2869 Μηδὶ
712 2798 1018 2873 προχείρως
1041 2803 1250 2872 ἀγωνία
1270 2802 1363 2857 ἐπὶ
1389 2808 1510 2871 ταῖς
1530 2805 1753 2870 λεπταῖς
1780 2806 1878 2861 καὶ

308 2887 546 2955 μακραῖς
577 2886 920 2956 παρατάξεσι
956 2888 1044 2942 διὰ
1086 2892 1326 2963 πλήθους
1352 2894 1637 2948 ὑπόνοιαν
1676 2897 1725 2948 εί
1766 2896 1874 2970 γὰρ

310 2977 382 3045 μή
418 2977 557 3029 εἰσιν
601 2978 879 3047 ἀναλόγως
924 2980 1144 3051 ἔχουσαι
1198 2984 1259 3036 τὸ
1296 2984 1462 3053 βάθος
1498 2986 1664 3056 μέγα,
1710 2987 1876 3042 ποσὸν

1978 1904 2273 1970 struenda,
2305 1914 2473 1975 atque
2499 1903 2555 1958 in
2586 1902 2761 1960 forma
2798 1903 3097 1969 exercitus,
3126 1901 3353 1957 minime
3378 1901 3551 1969 impe-

1975 1997 2101 2054 ritis
2144 1997 2392 2054 excubiis
2420 1997 2970 2068 speculatoribusque
3009 2003 3107 2049 aut
3156 1993 3401 2049 fortuitis
3426 1991 3549 2062 qui-

1974 2084 2208 2141 busdam
2248 2084 2571 2142 bominibus
2628 2085 2766 2141 fides
2790 2084 3100 2140 adhibenda
3151 2091 3234 2140 est
3278 2100 3291 2137 :
3324 2081 3551 2137 minime

1975 2178 2122 2235 enim
2152 2178 2257 2232 hoc
2288 2178 2495 2247 percipi
2524 2176 2709 2247 vulgo,
2729 2174 3238 2247 eomprebendique
3270 2188 3298 2227 ο
3317 2171 3548 2243 plebeiis

1975 2277 2177 2340 potest,
2205 2269 2365 2340 idque
2389 2270 2711 2340 praesertim,
2754 2270 2800 2324 si
2841 2283 3008 2338 supra
3046 2267 3282 2321 ducenta
3319 2272 3414 2319 aut
3442 2271 3549 2319 tre-

1977 2366 2137 2413 centa
2164 2358 2335 2413 millia
2364 2358 2650 2414 hominum
2678 2357 2903 2414 fuerint.
2930 2356 3177 2412 Etbnica:
3204 2355 3349 2411 enim
3373 2354 3551 2408 natio-

1976 2462 2095 2518 nes,
2117 2463 2287 2519 equos
2313 2464 2443 2508 suos
2486 2450 2796 2506 aretissime
2834 2450 2892 2504 in
2944 2451 3061 2504 acie
3092 2447 3414 2519 adjungunt.
3446 2440 3525 2498 Its

1975 2557 2083 2613 que
2130 2541 2322 2612 peritis
2368 2541 2505 2598 viris
2550 2541 2646 2597 tali
2682 2542 2739 2596 in
2774 2555 2937 2597 causa
2966 2538 3302 2596 credendum
3341 2543 3447 2595 eet.

2049 2800 2135 2857 93.
2164 2799 2241 2857 Ne
2266 2798 2433 2857 nimis
2482 2801 2891 2891 praecipitanter
2916 2802 3146 2858 dimices
3173 2800 3437 2859 adversus
3468 2812 3554 2859 te-

1978 2908 2115 2949 nues
2154 2892 2452 2965 longasque
2492 2894 2662 2957 acies,
2695 2902 2918 2964 propter
2952 2893 3269 2962 opinionem
3299 2891 3554 2948 multitu-

1980 2982 2126 3040 dinis
2163 3001 2177 3037 :
2215 2982 2470 3054 quamvis
2497 2983 2643 3038 enim
2695 2991 2847 3039 certa
2879 2982 3115 3054 quadam
3161 2999 3285 3037 cum
3327 2997 3557 3053 propor—

304 3066 405 3120 οὐκ
430 3066 662 3137 ἔχουσιν.
695 3070 807 3132 Τὰς
826 3069 882 3122 δὲ
915 3068 1134 3140 βαθείας
1172 3074 1796 3146 πολυπραγμονείτωσαν
1825 3078 1873 3130 οί

1984 3075 2127 3129 tione
2147 3090 2257 3131 non
2294 3075 2624 3143 collocatur,
2681 3089 2859 3143 neque
2906 3072 3253 3130 altitudinem
3302 3088 3405 3144 pro
3455 3089 3559 3131 nu-

310 3160 666 3224 κατάσκοποι,
697 3161 744 3213 εί
769 3159 829 3213 τὸ
851 3161 1066 3216 τοῦλδον
1099 3165 1459 3221 συντέτακται
1490 3168 1558 3237 τῇ
1580 3168 1882 3242 παρατάξει

1992 3180 2143 3221 mero
2200 3181 2301 3221 suo
2358 3164 2564 3235 justam
2631 3166 2868 3230 habent,
2926 3165 3301 3236 speculatores
3374 3171 3555 3219 tamen

308 3249 551 3319 ὄπισθεν,
582 3251 614 3322 ἢ
657 3250 808 3323 μόνοι
837 3248 1054 3308 ὁπλῖται
1085 3256 1245 3311 εἰσιν.

381 3516 483 3585 ἥδ’.
535 3517 620 3571 Td
672 3518 775 3590 μὲν
816 3519 911 3575 οὖν
960 3523 1214 3593 περὶτοῦ
1261 3523 1429 3579 ποσοῦ
1472 3526 1697 3583 δυνατόν
1742 3527 1893 3585 ἐστιν

309 3609 701 3681 ἀκριϐέστερον
715 3612 1079 3680 γινώσκεσθαι
1104 3614 1198 3668 διά
1222 3631 1282 3669 τε
1307 3615 1416 3669 τῶν
1437 3619 1893 3689 προσφευγόντων

312 3701 450 3771 πρὸς
477 3703 627 3772 ἡμᾶς
650 3741 665 3768 ,
696 3703 794 3756 καὶ
830 3704 919 3757 8ιά
955 3704 1068 3759 τῶν
1104 3707 1492 3777 κρατουμένων
1544 3708 1793 3781 ἐχθρῶν,
1843 3712 1892 3766 εί

318 3793 548 3866 βουληθῇ
574 3794 632 3847 δέ
664 3812 748 3859 τις
785 3795 881 3849 καὶ
909 3794 999 3850 διὰ
1032 3797 1268 3868 παρόδου
1309 3800 1654 3871 στενωτέρων
1685 3802 1889 3870 τόπων,

317 3885 395 3938 ἔτι
424 3886 543 3955 (49)
575 3886 635 3939 δὲ
667 3887 760 3940 καὶ
800 3885 890 3940 διὰ
917 3886 1028 3941 τῶν
1060 3887 1375 3959 ἀπλήκτων,
1406 3891 1455 3943 εί
1484 3890 1671 3963 συμϐῇ
1694 3892 1895 3956 αὐτοὺς

317 3978 612 4048 ἡνωμένως
647 3977 988 4033 ἀπλικεύειν.

386 4073 492 4135 ιβ’.
524 4068 653 4123 Ἐὰν
679 4071 735 4123 δὲ
760 4071 834 4144 μή
865 4070 1013 4125 ἐστιν
1043 4071 1315 4140 φοσσάτον
1340 4070 1550 4145 ἐχθρῶν
1577 4073 1635 4126 ἐν
1661 4074 1761 4145 μὲν
1782 4076 1897 4138 τοῖς

321 4160 673 4229 στενωτέροις
707 4162 895 4225 τόποις
936 4161 1007 4215 δι’
1034 4163 1232 4231 ὀλίγων
1264 4163 1405 4217 κατὰ
1447 4165 1546 4230 τὰς
1571 4165 1681 4219 τῶν
1713 4166 1899 4221 τόπων

322 4248 502 4311 θέσεις
527 4250 681 4302 ποιοῦ
718 4250 815 4314 τὰς
846 4252 1137 4316 σκούλκας,
1176 4256 1256 4319 είς
1287 4255 1344 4308 δὲ
1376 4256 1504 4319 τοὺς
1533 4255 1770 4326 ὁμαλοὺς
1802 4257 1898 4311 καὶ

322 4341 561 4409 γυμνοὺς
600 4341 798 4404 τόπους
830 4343 887 4395 ὲν
923 4343 1198 4413 διαφόροις
1234 4345 1422 4415 μέρεσι
1452 4346 1565 4418 (50)
1596 4346 1685 4399 διὰ
1716 4346 1898 4400 πλειό-

323 4447 427 4484 νων
459 4430 618 4484 ποιοῦ
647 4433 744 4495 τὰς
786 4434 1081 4497 σκούλκας,
1122 4435 1218 4487 καὶ
1261 4436 1400 4489 κατὰ
1452 4436 1752 4506 συνέχειαν,
1800 4437 1896 4490 καὶ

1992 3254 2285 3325 diligenter
2331 3255 2679 3309 altitudinem
2719 3255 3033 3323 exquirant,
3086 3262 3269 3309 utrum
3324 3252 3556 3321 impedi-

1993 3355 2174 3400 menta
2206 3349 2389 3401 omnia
2418 3360 2449 3399 ει
2506 3355 2660 3415 tergo
2689 3344 2827 3398 aciei
2856 3344 3127 3400 collocata
3174 3343 3309 3409 sint,
3341 3358 3425 3396 an.
3453 3343 3557 3397 soli

1994 3439 2188 3495 armati
2214 3439 2288 3494 ibi
2315 3437 2603 3493 constituti
2638 3436 2862 3494 fuerint.

2063 3529 2153 3584 9L.
2184 3529 2290 3585 Res
2352 3527 2590 3583 hostium
2628 3528 2726 3583 abs
2772 3535 2827 3582 te
2880 3525 3079 3585 melius
3132 3533 3560 3596 cognoscantur.

1991 3620 2079 3677 vel
2118 3636 2211 3691 per
2240 3634 2337 3675 eos
2375 3619 2469 3689 qui
2507 3619 2577 3674 ad
2609 3627 2661 3673 te
2707 3619 3086 3689 profugerunt,
3129 3618 3212 3673 vel
3252 3632 3348 3687 per
3376 3616 3564 3673 hostes

1992 3712 2086 3781 qui
2113 3710 2255 3781 capti
2289 3719 2437 3773 sunt,
2470 3710 2555 3764 vel
2582 3710 2630 3765 si
2657 3710 2783 3777 quis
2814 3711 3049 3767 voluerit
3069 3726 3167 3779 per
3201 3718 3560 3779 angustarqu

1993 3800 2240 3857 locorum
2274 3799 2589 3866 transitum.
2618 3800 2705 3857 vel
2756 3801 2925 3855 etiam
2964 3816 3060 3870 per
3106 3810 3313 3866 castra,
3353 3802 3398 3857 si
3429 3816 3565 3857 con-

1994 3892 2170 3963 tingat
2196 3892 2319 3946 illos
2351 3890 3091 3961 unoinlococaponere-

2063 4066 2155 4123 95.
2185 4066 2242 4124 Si
2265 4067 2507 4123 hostium
2532 4066 2803 4125 fossatum
2834 4067 3044 4123 nullum
3075 4067 3263 4132 fuerit,
3309 4068 3363 4125 in
3391 4083 3567 4139 angue

1996 4159 2260 4216 stioribns
2286 4160 2422 4217 locis
2454 4176 2551 4231 pro
2580 4162 2825 4217 locorum
2848 4161 2956 4219 situ
2980 4176 3184 4231 paucos
3215 4160 3467 4217 homines
3496 4160 3564 4216 ad

1995 4253 2256 4307 excubias
2294 4254 2592 4308 collocabis
2637 4268 2651 4304 :
2695 4254 2780 4307 sin
2825 4253 2880 4305 in
2932 4252 3294 4321 aequabilibus
3342 4250 3566 4318 exposi-

1997 4343 2177 4412 tisque
2211 4343 2347 4397 locis
2376 4343 2621 4398 diversas
2646 4344 2699 4397 in
2728 4350 2910 4412 partes
2939 4341 3361 4402 distribuantur,
3381 4338 3566 4409 plures

2001 4431 2067 4485 ad
2102 4430 2368 4488 excubias
2415 4429 2654 4496 emittes,
2691 4438 2804 4483 tum
2839 4428 3128 4482 intervallo
3177 4428 3427 4483 locorum
3484 4426 3570 4481 di-

323 4519 428 4575 ἀπὸ
456 4521 846 4591 διαστήματος,
876 4524 972 4575 και
1006 4494 1244 4593 μάλιστα
1284 4526 1363 4588 εις
1394 4526 1493 4588 τὰς
1515 4494 1882 4589 νύίταςξδταη

1999 4530 2230 4589 stantes,
2265 4529 2379 4575 tum
2426 4522 2687 4577 continue
2714 4536 2773 4575 se
2814 4528 3005 4574 mutuo
3034 4518 3416 4583 admonentes,
3472 4533 3571 4576 no-

323 4610 605 4680 εὐχάρειαν
631 4612 729 4683 ἔχῃ
764 4615 794 4666 ὁ
820 4614 1016 4684 ἐχθρὸς
1035 4615 1125 4667 διὰ
1152 4615 1249 4668 τοῦ
1278 4619 1445 4669 τόπου
1470 4612 1531 4672 οὗ
1557 4619 1624 4671 ἂν
1648 4619 1896 4689 βούλεται

324 4701 507 4756 λαθεῖν
555 4705 649 4758 καὶ
694 4705 1483 4777 αίφνιδιάσαι,προιιανονίζων
1526 4711 1624 4774 τὰς
1673 4710 1892 4781 βίγλας,

324 4793 418 4848 ἐὰν
444 4793 623 4861 ὀλίγαι
652 4796 783 4860 είσὶ,
825 4796 919 4851 καὶ
949 4798 1037 4851 διὰ
1063 4800 1221 4853 τοῦτο
1261 4800 1371 4852 ἀπὸ
1398 4800 1767 4872 διαστήματος
1799 4803 1900 4867 τὰς

329 4884 516 4953 βίγλας
542 4885 623 4938 δεῖ
652 4886 917 4953 γίνεσθαι,
947 4889 1045 4944 καὶ
1064 4889 1504 4961 ἀλλεπαλλήλους
1535 4893 1592 4943 ὲν
1622 4892 1901 4964 διαφόροις

326 4976 509 5040 τόποις
539 4979 651 5041 τοῖς
682 4979 1005 5049 ἐπιτηδείοις
1038 4981 1131 5034 καὶ
1164 4983 1375 5051 ωχνῶς
1403 4982 1794 5038 ἀλλάσσεσθαι.

396 5150 509 5218 ις’.
547 5153 720 5209 Γνῶθι
744 5154 802 5208 δὲ
827 5156 911 5208 ὅτι
932 5156 1062 5210 ἴδιον
1084 5157 1355 5225 ἁρμοδίων
1377 5158 1740 5211 κατασκόπων
1763 5158 1902 5222 ἐστὶ,

330 5244 388 5298 τὸ
417 5247 679 5318 φρονήσει
732 5248 830 5301 καὶ
876 5249 1155 5320 ἀγρυπνίᾳ
1200 5250 1399 5314 τόπους
1430 5267 1491 5302 τε
1526 5250 1619 5303 καὶ
1660 5250 1905 5321 κινήσεις

333 5336 606 5406 πολεμίων
638 5343 1026 5394 κατασκοπεῖν.

399 5427 507 5496 ιιξν.
545 5428 683 5495 Τοὺς
729 5431 786 5484 δὲ
833 5432 1109 5496 τοιούτους
1154 5433 1365 5504 ἐλαφρᾷ
1409 5431 1620 5487 ὁπλίσει
1666 5432 1902 5503 χρῆσθαι

1996 4620 2197 4683 ctuque
2220 4610 2589 4682 potissimum,
2620 4611 2838 4681 quando
2864 4609 3024 4666 facile
3048 4609 3221 4664 hostis
3246 4608 3447 4679 poterit
3474 4622 3570 4677 per

1996 4720 2120 4759 eum
2175 4705 2356 4758 locum
2388 4717 2546 4775 quem
2590 4703 2826 4759 voluerit
2865 4702 3005 4758 clam
3049 4700 3329 4773 progredi,
3363 4710 3417 4755 ct
3464 4713 3566 4754 nec

1999 4797 2279 4866 opinatam
2334 4794 2706 4850 incursionem
2759 4794 2962 4850 facere.
3004 4791 3343 4864 Preparnbis
3388 4799 3567 4845 autem

1998 4886 2283 4952 excubias,
2318 4893 2379 4941 ut
2404 4886 2658 4956 quamvis
2695 4901 2883 4956 pauere
2914 4883 3135 4944 fuerint,
3167 4898 3262 4954 per
3286 4881 3568 4936 intervalla

2007 4986 2187 5032 tamen
2221 4978 2491 5041 locentur,
2525 4983 2583 5031 et
2611 4976 2845 5031 diversis
2877 4974 3199 5047 idoneisque
3248 4972 3304 5026 in
3348 4971 3485 5033 locis
3512 4985 3571 5027 se

2004 5079 2199 5123 mutuo
2233 5069 2548 5141 frequenter
2577 5071 2937 5118 commutent.

2074 5160 2163 5216 96.
2233 5159 2510 5213 Bonorum
2558 5155 2965 5224 speculatorum
3021 5155 3125 5209 boc
3175 5153 3412 5209 ofﬁcium
3463 5160 3570 5213 est.

2003 5252 2290 5322 prudentia
2325 5259 2379 5305 et
2404 5248 2706 5321 vigilantia,
2726 5246 2842 5302 loca
2870 5252 3161 5320 metusque
3183 5247 3419 5303 hostium
3443 5259 3573 5317 pcr-

2011 5357 2259 5398 noscere.

2079 5430 2262 5486 97.lli
2319 5429 2423 5486 levi
2477 5435 2642 5498 atque
2700 5426 2950 5496 expedita
2985 5439 3262 5485 armatura
3328 5434 3573 5492 utantur,

1837 5542 2070 5600 ΝΟΤᾹΙ.
2152 5568 2155 5571 ·

406 5632 520 5703 (49)
551 5634 701 5690 Ἔτι.
733 5634 946 5699 Scribe,
970 5637 1099 5691 εἴτε.

412 5703 522 5773 (50)
557 5706 867 5774 Διαφόροις
908 5705 1138 5775 μέρεσι.
1192 5705 1570 5775 Scribe-batur,
1624 5707 1897 5777 διαφόρων
1934 5708 2174 5778 μέτρεσι.
