4074 6222
540 336 646 411 939

1798 336 2072 404 LEONIS
2107 337 2569 406 PHILOSOPHI

3708 332 3879 405 940

542 470 823 529 equosque
861 451 1096 511 habeant
1132 447 1357 522 celeres,
1386 456 1444 509 ut
1494 452 1610 510 sine
1648 453 1946 511 oﬂensione
2001 456 2099 509 ali-

2204 459 2343 523 δέον,
2373 456 2467 511 καὶ
2497 459 2697 519 ἵππους
2727 454 2869 526 ἔχειν
2909 454 3111 524 ταχεῖς,
3149 454 3228 517 είς
3266 451 3326 506 τδ
3370 452 3865 523 ἀνεμποδίστως

542 561 650 616 qua
682 546 786 600 iter
814 545 1039 599 faciant.
1077 543 1463 613 Exploratores
1495 551 1676 597 autem
1707 546 1823 599 sive
1853 544 2105 615 specula-

544 644 693 691 tores
723 636 972 690 securius
1005 635 1056 688 in
1085 635 1322 689 hostium
1353 634 1527 704 cepiis
1546 635 1855 705 castrisque
1886 651 2106 691 versen-

545 734 652 789 tur,
689 732 747 778 ut
778 727 1069 795 populares
1100 725 1319 779 illorum
1344 741 1465 781 esse
1492 725 1802 780 videantur.
1848 723 2108 781 Excubim

543 825 721 872 autem
751 816 935 873 ﬁdeles
961 819 1091 882 sint,
1131 826 1185 873 et
1210 818 1436 872 robusta
1472 818 1724 887 corporis
1747 819 1951 887 specie,
1983 818 2103 871 ani-

541 922 632 961 mo
696 906 866 962 alacri
930 915 1093 978 atque
1150 908 1417 971 incitato,
1490 916 1765 962 armatura
1824 907 2106 977 splendida

541 999 706 1052 etiam
746 1000 973 1069 reliquis
1032 1000 1297 1054 militibus
1337 994 1627 1063 anteeant,
1684 1010 1742 1052 ut
1793 998 1873 1053 vel
1927 998 2105 1069 aliqua

542 1091 801 1159 praeclara
834 1104 1168 1159 strenuaque
1198 1107 1255 1145 re
1292 1100 1442 1160 gesta
1490 1090 1709 1143 domum
1747 1089 1993 1155 redeant,
2021 1089 2106 1144 vel

540 1184 585 1239 si
619 1184 686 1238 ab
713 1184 964 1239 hostibus
986 1184 1295 1253 capiantur,
1325 1183 1391 1237 ab
1424 1182 1532 1236 illis
1566 1188 1746 1235 tamen
1775 1181 1827 1234 in
1864 1179 2105 1235 admira-

541 1274 686 1327 tione
712 1274 841 1329 sint.

606 1358 697 1421 98.
732 1364 1052 1420 Praefectum
1085 1363 1440 1419 excubiarum
1480 1364 1815 1435 vigilantem,
1860 1363 2104 1434 pruden-

541 1461 1093 1531 tem,eXperientem,
1118 1466 1171 1513 et
1209 1468 1314 1512 non
1372 1459 1657 1513 fortuitum
1710 1459 1960 1529 quemvis
2006 1459 2107 1513 eli-

538 1561 635 1619 gas
681 1566 697 1603 :
746 1560 923 1620 neque
979 1548 1126 1605 enim
1190 1558 1403 1603 tantum
1437 1546 1779 1613 fortitudine,
1840 1558 2104 1618 quantum

541 1642 830 1711 prudentia
873 1655 937 1698 ac
975 1641 1257 1711 vigilantia
1290 1641 1345 1695 in
1402 1638 1650 1696 excubiis
1702 1640 1922 1712 agendis
1969 1654 2107 1709 opus

539 1741 647 1789 εει.

2206 551 2430 617 ὁδεύειν,
2463 551 2558 604 καὶ
2590 550 2716 612 τοὺς
2750 548 2849 618 μὲν
2886 547 3305 617 ἐξπλοράτωρας
3341 548 3458 617 ἦτοι
3505 546 3856 598 κατασκό-

2207 661 2340 703 πους
2373 643 2531 713 δῆθεν
2570 639 2915 710 ἀῳοϐώτερον
2958 639 3264 706 συνδιάγειν
3307 640 3416 700 τοῖς
3453 637 3791 705 πολεμίοις
3826 677 3850 695 ,

2207 734 2345 787 ὥστε
2390 735 2671 804 ὁμογενεῖς
2719 733 2913 794 αὐτοὺς
2968 726 3106 784 εἶναι
3147 730 3503 800 νομίζεσθαι,
3554 731 3715 793 τοὺς
3772 729 3849 781 δὲ

2208 822 2531 893 βιγλὰτορας
2578 820 2801 884 πιστοὺς
2834 816 3000 884 εἶναι,
3054 820 3151 874 καὶ
3200 820 3331 871 εῖδει
3377 818 3649 888 σώματος
3706 821 3842 872 ἀν·-

2204 908 2385 981 δρείῳ,
2422 910 2515 963 καὶ
2548 909 2695 979 ψυχῇ
2735 909 2981 979 εὐτόλμῳ
3005 948 3019 973 ,
3059 909 3150 960 καὶ
3190 906 3401 959 ὁπλίσει
3446 906 3785 976 λαμπροὺς
3817 945 3839 966 ,

2206 1000 2299 1056 καὶ
2351 1002 2459 1054 τῶν
2514 1000 2717 1055 λοιπῶν
2775 998 3123 1065 στρατιωτῶν
3183 997 3459 1066 διαφέρειν
3492 1038 3508 1062 ,
3544 996 3715 1049 ὥστε
3791 996 3835 1064 ἦ

2206 1093 2536 1165 ποιήσαντάς
2573 1110 2626 1146 τι
2666 1095 2912 1160 γενναῖον
2938 1090 3097 1162 ἔργον
3128 1090 3220 1143 καὶ
3260 1089 3502 1159 ἀνδρεῖον
3544 1089 3833 1141 ἐπανελο

2206 1184 2351 1248 θεῖν,
2388 1185 2422 1255 ἦ
2462 1183 2841 1256 ζωγρηθέντας
2887 1181 3037 1253 ποιρά
3083 1182 3196 1244 τοῖς
3240 1180 3519 1255 πολεμίοις
3561 1180 3827 1249 θαυμά-

2207 1276 2417 1339 ζεσθαι.

2276 1373 2382 1436 ιιην.
2418 1366 2519 1419 Τὸν
2546 1366 2602 1419 δὲ
2631 1366 2865 1435 ἄρχοντα
2893 1364 2991 1433 τῆς
3039 1363 3305 1426 σκοῦλκας
3346 1362 3457 1431 (51)
3493 1362 3818 1432 ἄγρυπνον

2206 1463 2300 1516 καὶ
2349 1462 2611 1531 φρόνιμον
2654 1461 2749 1513 καὶ
2780 1459 3045 1528 ἔμπειρον
3084 1456 3362 1523 ἐπιλέγου,
3412 1456 3507 1508 καὶ
3553 1455 3641 1524 μὴ
3704 1455 3814 1505 τὸν

2204 1554 2452 1624 τυχόντα.
2472 1553 2603 1606 Οὑδέ
2624 1553 2729 1622 γὰρ
2749 1550 2999 1605 τοσοῦτον
3023 1548 3293 1619 ἀνδρείας,
3317 1549 3438 1601 ὅσον
3462 1548 3812 1616 φρονήσεως

2206 1646 2301 1699 καὶ
2324 1644 2629 1715 ἀγρυπνίας
2649 1644 2820 1697 δεῖται
2847 1643 2881 1712 ἡ
2912 1640 3021 1694 τῶν
3052 1640 3459 1709 σκουλκατόρων
3485 1639 3683 1708 χρεία.

618 1821 709 1882 99.
765 1825 1149 1896 Speculatores
1212 1827 1359 1881 solos
1402 1826 1619 1880 emittes
1680 1822 1930 1878 hostibus
1988 1819 2099 1890 jam

2274 1825 2378 1891 ιιθη
2420 1824 2628 1884 Μόνους
2665 1822 2721 1875 δὲ
2761 1838 2885 1884 τους
2917 1819 3296 1881 κατασκόπους
3335 1816 3638 1871 ἀπόστελλε
3689 1834 3805 1885 με..

541 1918 758 1971 eminus
811 1915 1222 1978 exsistentibus,
1254 1914 1299 1968 si
1347 1912 1587 1967 volueris
1629 1911 1711 1966 vel
1762 1917 1944 1965 motus
1998 1908 2099 1962 lio-

544 2009 733 2071 stium,
768 2006 851 2060 vel
892 2005 1031 2061 situs
1057 2005 1291 2069 viarum,
1328 2003 1411 2058 vel
1460 1999 2100 2056 locorum-munitionem

541 2108 890 2170 cognoscere.

610 2187 737 2243 100.
760 2186 990 2253 Quando
1025 2186 1093 2241 ad
1138 2185 1435 2255 capiendos
1470 2184 1683 2255 aliquos
1738 2182 1979 2237 incursio
2022 2179 2098 2244 lit,

538 2281 656 2330 tum
683 2277 981 2346 permissos
1008 2274 1107 2329 bos
1138 2275 1510 2344 exploratores
1538 2288 1661 2329 eum
1692 2272 1938 2328 excubiis
1974 2271 2097 2324 mit-

540 2374 644 2429 tes,
698 2372 861 2436 atque
906 2365 963 2419 hi
1006 2364 1225 2435 quidem
1260 2371 1637 2428 antecurrant,
1668 2362 2099 2433 expeditioribus

536 2450 675 2507 locis
708 2451 1081 2522 specuientur,
1112 2451 1356 2506 excubize
1387 2458 1706 2521 sequantur,
1743 2457 1796 2504 et
1827 2448 2101 2504 ducantur

540 2542 609 2598 ab
632 2540 764 2599 illis.

608 2724 733 2779 101.
760 2723 1036 2778 Excubias
1058 2720 1398 2791 temporibus
1426 2720 1766 2775 necessarias
1818 2733 1927 2772 non
1962 2734 2099 2773 unas

537 2808 819 2883 simplices
848 2812 1019 2868 facies
1062 2827 1170 2867 una
1202 2806 1383 2881 aliqua
1412 2825 1476 2865 ex
1508 2818 1686 2882 parte,
1712 2809 1806 2865 sed
1854 2808 2101 2863 diversas

538 2908 593 2956 et
630 2914 729 2971 pro
760 2902 863 2957 loci
892 2901 1025 2966 situ,
1067 2900 1375 2969 idoneoque
1417 2900 1707 2954 intervallo
1742 2898 1884 2953 inter
1916 2911 1974 2953 se
2008 2912 2102 2966 po-

538 2991 693 3057 sitas,
721 3001 780 3046 ut
826 2991 872 3046 si
914 2992 1099 3046 hostes
1144 2990 1358 3061 aliquos
1401 2990 1616 3043 illorum
1648 2989 1870 3053 lateant,
1916 2996 2096 3041 tamen

536 3084 591 3137 in
623 3083 761 3138 alios
788 3082 1091 3138 incidentes
1129 3087 1552 3151 cognoscantur.
1603 3080 1782 3150 Atque
1810 3080 1864 3133 in
1906 3077 2098 3148 primis

2203 1916 2395 1986 κρόθεν
2439 1914 2517 1968 ἔτι
2547 1914 2656 1965 τῶν
2706 1912 2979 1980 πολεμίων
3041 1908 3562 1977 ἀπαγγελλομένων,
3610 1908 3801 1976 ἡνίκα

2205 2008 2436 2078 μάλιστα
2485 2003 2645 2073 βούλῃ
2702 2002 2893 2071 μαθεῖν
2935 1999 2969 2071 ἢ
3006 2001 3219 2070 κίνησιν
3255 1998 3508 2069 ἐχθρῶν,
3553 1998 3586 2068 ἢ
3624 1997 3799 2050 θέσιν

2201 2090 2355 2159 ὁδῶν,
2384 2096 2415 2165 ἢ
2444 2095 2625 2147 τόπων
2653 2093 2923 2163 ὀχύρωσιν
2962 2092 3106 2173 (52).⁸
3428 2114 3433 2117 -

2271 2193 2340 2256 ρ’.
2376 2184 2544 2237 Ὅταν
2585 2178 2639 2235 δὲ
2668 2183 2759 2235 ἐπὶ
2794 2183 2871 2251 τῷ
2903 2183 3193 2253 κατασχεῖν
3228 2198 3381 2243 τινας
3427 2182 3460 2251 ἡ
3497 2180 3783 2250 ἐπιδρομή

2201 2278 2335 2342 ἐστι,
2365 2275 2482 2329 τότε
2507 2275 2988 2343 ἀναμεμιγμένους
3015 2274 3242 2337 τούτους
3274 2272 3413 2342 μετά
3434 2272 3543 2324 τῶν
3576 2272 3789 2324 σκουλ-

2202 2368 2445 2437 κατόρων
2474 2366 2780 2436 πρόστασσε
2810 2359 2973 2431 εἶναι,
3001 2365 3094 2418 καὶ
3119 2364 3318 2425 αὐτοὺς
3343 2364 3440 2433 μὲν
3467 2363 3789 2432 προεκτρέ-

2201 2478 2338 2532 χειν,
2382 2459 2476 2513 καὶ
2519 2458 2578 2524 ἐξ
2628 2455 2887 2510 ἀπόπτων
2921 2455 3029 2524 (55)
3070 2455 3239 2525 ἤγουν
3286 2453 3507 2523 ὑψηλῶν
3557 2453 3791 2522 χωρίων

2199 2544 2584 2609 κατασκοπεῖν,
2621 2540 2745 2607 τοὺς
2775 2544 2831 2599 δὲ
2861 2543 3263 2615 σκουλκὰτορας
3290 2542 3603 2596 ἀκολουθεῖν
3630 2542 3787 2595 ἐκεί-

2201 2650 2332 2706 νοις,
2366 2638 2460 2692 καὶ
2496 2635 2812 2706 ὁδηγεῖσθαι
2852 2636 2979 2705 παρ’
3009 2634 3221 2688 αὐτῶν.

2275 2735 2377 2798 ρα¹.
2407 2727 2517 2790 Τὰς
2541 2726 2599 2779 δέ
2633 2725 2900 2789 σκούλκας
2940 2726 2973 2795 ἢ
3011 2725 3199 2795 βίγλας
3228 2726 3286 2778 ἐν
3312 2708 3425 2788 τοῖς
3450 2723 3781 2791 ἀναγκαίοις

2201 2822 2411 2889 καιροῖς
2445 2819 2519 2888 μὴ
2543 2816 2695 2870 ποιοῦ
2732 2818 2909 2880 ἁπλᾶς
2951 2817 3057 2870 ἀπὸ
3086 2816 3203 2879 eve;
3233 2816 3455 2887 μέρους,
3485 2815 3619 2867 ἀλλὰ
3650 2814 3775 2868 δια-

2201 2910 2395 2980 φόρους
2429 2910 2520 2963 καὶ
2557 2906 3011 2977 ἀλλεπαλλήλους,
3051 2908 3189 2961 κατά
3228 2908 3327 2975 τὴν
3354 2906 3448 2960 τοῦ
3482 2906 3645 2958 τόπου
3680 2906 3774 2957 θέο

2202 3019 2304 3063 σιν,
2332 3000 2425 3054 καὶ
2454 3000 2560 3053 ἀπὸ
2592 2999 2962 3068 διαστήματος
2994 2997 3178 3053 ἱκανοῦ
3206 3014 3221 3029 ο
3250 2998 3337 3051 ἵνα
3363 3000 3409 3050 εί
3438 2998 3615 3067 συμϐῇ
3640 2997 3774 3058 τοὺς

2201 3088 2425 3160 ἐχθροὺς
2450 3089 2721 3142 διαλαθεῖν
2754 3090 2833 3151 είς
2862 3089 2987 3151 τοὺς
3017 3087 3656 3159 ἄλλους’περιπίπτοντες
3694 3087 3771 3157 μὴ

535 3171 784 3227 excubiis
814 3184 1017 3241 paucos
1044 3168 1362 3234 collocabis,
1397 3168 1449 3222 in
1491 3168 1750 3224 secundis
1802 3167 2008 3236 plures,
2042 3165 2095 3219 in

2202 3153 2510 3233 διαλάθωσιο
2545 3181 2639 3231 καὶ
2685 3180 2811 3241 τοὺς
2860 3180 2958 3248 μὲν
2991 3180 3048 3232 ἐν
3094 3181 3159 3249 τῇ
3420 3178 3578 3248 βίγλα
3608 3153 3770 3237 ὄντας

535 3262 712 3319 tertiis
735 3262 822 3318 his
847 3264 1009 3316 etiam
1043 3263 1249 3331 plures.

606 3430 730 3492 102.
756 3435 1012 3493 Excubiis
1039 3432 1321 3507 praecipies
1354 3441 1414 3492 ut
1439 3446 1619 3509 neque
1646 3430 1891 3501 sedeant,
1926 3444 2103 3505 neque

535 3527 820 3593 recubent,
852 3527 1313 3596 quemadmodum
1349 3536 1508 3582 antea
1542 3526 1668 3581 alibi
1716 3525 2096 3594 prmcepimus,

537 3623 597 3668 ut
648 3630 716 3669 ne
764 3616 1113 3670 socordiores
1163 3616 1216 3669 in
1261 3631 1318 3670 re
1363 3615 1598 3684 gerenda
1631 3622 1881 3685 peccent.
1914 3612 2099 3669 Sessio

531 3704 678 3760 enim
714 3713 769 3760 et
798 3705 1101 3769 recubatio,
1133 3719 1385 3759 somnum
1431 3704 1668 3758 maxime
1692 3703 1925 3758 aderunt
1957 3722 1969 3755 :
2003 3703 2097 3771 qui

531 3804 711 3848 autem
740 3793 845 3848 hoc
872 3792 1103 3856 faciunt,
1136 3794 1364 3863 vigilare
1393 3804 1501 3846 nan
1550 3800 1804 3862 possunt.
1854 3790 1960 3847 Sed
2000 3808 2098 3845 ne-

532 3897 638 3950 que
660 3883 705 3935 si
738 3896 835 3950 per
867 3889 1035 3936 totam
1070 3891 1285 3936 noctem
1340 3896 1400 3937 se
1431 3882 1754 3951 vigilaturos
1807 3882 2095 3950 recipiant,

532 3971 643 4027 illis
693 3970 888 4026 credas
928 3979 1169 4026 :natura
1232 3974 1378 4025 enim
1404 3971 1552 4041 quod
1612 3971 1677 4025 ad
1732 3986 1793 4027 se
1861 3972 2098 4041 pertinet

532 4070 750 4130 semper
802 4059 1053 4130 requirit,
1086 4068 1138 4114 et
1161 4071 1219 4113 tu
1244 4059 1394 4128 quod
1434 4060 1769 4115 tutissimmn
1826 4058 1971 4113 facto
2013 4067 2098 4113 est

533 4150 729 4216 facies,
762 4150 808 4207 si
854 4150 1102 4204 excubiae
1124 4150 1278 4218 {alias
1306 4150 1567 4205 excubias
1609 4150 1947 4217 excipientes
2001 4163 2097 4205 uo-

529 4250 675 4299 ctetn
706 4243 1099 4299 transmittant.

2201 3270 2552 3339 ὀλιγωτέρους
2584 3268 2762 3332 ποιοῦ,
2791 3269 2918 3331 τοὺς
2945 3268 3001 3320 δὲ
3045 3268 3183 3337 μετά
3213 3268 3454 3330 ἐκείνους
3481 3269 3533 3320 ἐν
3555 3269 3617 3335 τῇ
3640 3266 3767 3317 δευ-

2200 3360 2335 3431 τέρᾳ
2366 3359 2584 3423 πλείους
2608 3400 2622 3424 ,
2656 3360 2748 3411 καὶ
2778 3359 2903 3421 τοὺς
2933 3359 2991 3411 ἐν
3024 3360 3091 3428 τῇ
3117 3358 3274 3428 τρίτῃ
3304 3357 3384 3410 ἔτι
3421 3358 3653 3420 πλείους.

2272 3449 2374 3521 ρβ’.
2409 3449 2561 3520 Μηδέ
2612 3448 2876 3514 καθίζειν,
2928 3448 3067 3519 μήτε
3112 3447 3496 3501 ἀνακλίνεσθαι
3526 3448 3648 3510 τοὺς
3681 3446 3768 3516 βι-

2202 3536 2492 3611 γλεύοντας
2518 3526 2888 3612 παράγγελλε,
2921 3541 3172 3610 καθάπερ
3199 3542 3293 3595 καὶ
3322 3542 3379 3594 ἐν
3407 3541 3618 3612 ἑτέροις
3639 3543 3769 3613 περὶ

2201 3636 2388 3687 τούτου
2420 3650 2504 3686 σοι
2536 3632 3007 3705 παρηγγείλαμεν,
3039 3633 3125 3687 ἵνα
3154 3632 3228 3703 μὴ
3259 3632 3630 3704 ῥαθυμότερον
3673 3633 3765 3687 τοῦ

2202 3719 2361 3794 ἔργου
2392 3724 2569 3779 αὐτῶν
2596 3726 2881 3795 γινομένου
2914 3725 3243 3779 ἀπόλωνται’
3280 3724 3376 3778 καὶ
3427 3724 3595 3795 γὰρὴ
3631 3726 3763 3778 καθ-

2208 3809 2340 3886 έδρα
2384 3816 2475 3869 καὶ
2498 3818 2533 3888 ἡ
2558 3816 2837 3879 ἀνάκλισις
2870 3814 3037 3869 ὕπνον
3084 3815 3315 3885 μάλιστα
3359 3815 3541 3885 φέρει.
3583 3815 3689 3867 Καὶ
3716 3816 3763 3866 οῖ

2126 3950 2131 3953 ν
2200 3904 2356 3959 τοῦτο
2387 3906 2686 3972 ποιοῦντες,
2720 3907 3020 3978 ἀγρυπνεῖν
3046 3906 3106 3959 οὐ
3145 3906 3416 3961 δύνανται·
3449 3906 3585 3959 ἀλλά
3630 3907 3761 3975 μηδὲ

2200 3997 2295 4051 saw
2322 3996 2760 4066 ἐπαγγέλλωνταί
2783 4014 2927 4060 τινες
2944 3996 3011 4050 δι’
3032 3997 3159 4067 ὅλης
3181 3998 3280 4066 τῆς
3304 3995 3497 4059 νυκτὸς
3520 3996 3757 4065 κρατεῖν,

2201 4089 2459 4161 πιστεύῃς
2483 4090 2695 4150 αὐτοῖς’
2732 4091 2765 4160 ἠ
2790 4089 2899 4160 γάρ
2926 4087 3086 4158 φύσις
3123 4088 3183 4142 τὸ
3214 4088 3342 4140 ἴδιον
3374 4089 3639 4158 ἐπιζητεῖ,
3668 4089 3759 4141 καὶ

2201 4180 2265 4233 σὺ
2298 4180 2393 4251 τὴν
2420 4180 2718 4248 ἀσφάλειαν
2762 4179 2852 4233 διά
2878 4179 2975 4248 τῆς
3002 4180 3112 4233 τῶν
3143 4178 3345 4249 βιγλῶν
3373 4178 3620 4247 διαδοχῆς
3647 4195 3759 4231 ποι·

2200 4267 2378 4324 εῖτθαι
2434 4271 2509 4341 μὴ
2557 4270 2787 4342 ἀμελῇς,
2821 4268 3072 4325 ἵστασθαι
3129 4271 3186 4324 δὲ
3236 4272 3362 4334 τοὺς
3422 4269 3757 4340 βιγλεύοντας

2202 4362 2436 4427 πάντως.

600 4440 722 4505 103.
753 4445 991 4504 Pedibus
1019 4446 1245 4502 o‘mnino
1291 4445 1541 4503 excubiae
1587 4441 1897 4504 consistant
1932 4465 1945 4501 :
1982 4447 2097 4504 haec

2275 4484 2376 4547 ργ’.
2420 4477 2484 4529 Ἦ
2532 4476 2638 4545 γὰρ
2692 4475 2786 4528 ἐπί
2846 4475 2943 4545 τῆς
2992 4474 3096 4544 γῆς
3142 4473 3332 4537 στάσις
3360 4473 3613 4543 μαραίνει
3663 4473 3751 4526 τὸν

525 4542 670 4600 enim
697 4541 892 4612 pedum
917 4540 1080 4596 statio
1104 4554 1354 4594 somnum
1386 4539 1626 4609 depellit,
1657 4539 1829 4610 magis
1853 4539 2091 4610 vigilan-

528 4636 609 4691 tes
638 4652 734 4692 eos
766 4639 859 4706 qdi
900 4642 1051 4690 stant
1079 4632 1209 4689 facit
1242 4652 1255 4687 :
1288 4631 1377 4688 ubi
1402 4649 1529 4689 vero
1560 4634 1751 4690 lassati
1773 4632 2094 4704 fatigatique

528 4738 679 4794 sunt,
714 4730 1141 4787 committentur.
1164 4722 1487 4797 opportunis
1518 4727 1918 4797 descriptisque
1941 4727 2093 4784 boris

526 4821 726 4877 noctis.
762 4814 877 4876 Nisi
902 4818 1048 4874 enim
1088 4815 1376 4889 diligenter
1411 4816 1478 4872 ad
1506 4818 1842 4888 vigilandum
1870 4814 2091 4892 labora-

526 4912 723 4978 verint,
763 4918 1123 4980 naturamque
1153 4926 1182 4963 a
1232 4924 1429 4965 somno
1478 4904 1895 4977 refrenaverint,
1929 4904 2094 4967 facile

526 5004 595 5061 ab
623 4997 877 5061 hostibus
909 4996 1274 5058 trbcidentur.

596 5098 719 5153 101.
755 5097 944 5167 itaque
976 5089 1327 5167 exquirendae
1351 5094 1544 5164 vigiliae
1575 5100 1722 5160 sunt,
1745 5091 1927 5149 ﬁdeles
1958 5111 2093 5164 prae-

2204 4559 2371 4613 ὕπνον
2400 4561 2492 4613 καὶ
2524 4560 2725 4630 μᾶλλον
2743 4560 3080 4631 ὲγρηγόρους
3096 4560 3222 4623 τοὺς
3250 4562 3569 4629 ἱσταμένους
3595 4563 3747 4614 ποιεῖ.

2204 4653 2372 4705 Ὅταν
2397 4651 2451 4703 δὲ
2482 4652 2659 4721 χρεία,
2691 4652 2812 4705 τότε
2837 4650 3184 4715 κοπωθέντας
3228 4652 3589 4706 ἀλλάσσεσθαι
3621 4654 3750 4704 κατά

2202 4744 2299 4807 τὰς
2327 4742 2551 4807 δεούσας
2576 4744 2675 4813 τῆς
2704 4742 2891 4806 νυκτὸς
2913 4742 3357 4814 διαμερισθείσας
3383 4745 3568 4807 αὐτοῖς
3591 4744 3745 4814 ὥρας.

2200 4836 2263 4889 Εἰ
2309 4835 2416 4905 γὰρ
2453 4833 2528 4905 μὴ
2576 4834 2937 4906 φροντίσωσιν
2987 4834 3263 4904 ἐπιμελῶς
3286 4838 3432 4898 ὅπως
3482 4837 3745 4905 ἀγρυπνή-

2201 4942 2334 4979 σωσι
2364 4926 2461 4994 τὴν
2496 4925 2659 4994 φύσιν
2703 4925 2839 4989 τέως
2872 4925 2967 4978 τοῦ
3009 4925 3177 4979 ὕπνου
3210 4926 3626 4995 χαλινώσαντες,
3658 4927 3743 4995 ρᾳ-

2190 5015 2316 5078 δίως
2345 5015 2411 5068 ἂν
2449 5016 2600 5083 παρά
2628 5015 2737 5069 τῶν
2768 5014 2979 5086 ἐχθρῶν
3009 5016 3364 5070 ἀπολοῦνται.

2262 5105 2360 5177 ρδ’.
2393 5107 2485 5159 Διὸ
2508 5107 2615 5177 χρή
2651 5123 2711 5159 σε
2762 5107 3088 5176 καταζητεῖν
3132 5107 3230 5170 τὰς
3269 5107 3461 5177 βίγλας
3493 5108 3587 5160 καὶ
3613 5107 3744 5169 ὅπως

528 5188 655 5244 fecti
710 5187 985 5253 mittendi,
1034 5190 1127 5260 qui
1170 5189 1353 5269 subito
1403 5187 1666 5243 excubias
1722 5186 2003 5250 invadant,
2038 5197 2094 5242 et

2202 5199 2463 5264 γίνονται,
2514 5199 2610 5252 καὶ
2658 5199 2898 5269 πέμπειν
2940 5200 3065 5259 τοὺς
3119 5196 3473 5268 πιστοτέρους
3493 5198 3603 5267 (54)
3648 5197 3743 5248 τῶν

526 5279 847 5348 pervideant
877 5265 1337 5350 quemadmodum
1388 5284 1699 5341 Serventur,
1730 5284 1784 5331 et
1814 5275 2091 5346 negligen-

2187 5289 2462 5359 ἀρχόντων
2496 5290 2620 5353 τοὺς
2665 5290 2978 5359 ὲςεί).οντας
3026 5289 3391 5358 αἱφνιδιάσαι,
3441 5290 3535 5342 καὶ
3560 5288 3741 5342 ἐπιδεῖν

2019 5451 2249 5518 ΝΟΤᾸΞ.

598 5573 711 5644 (51)
746 5578 1073 5643 Σκούλκας.
1102 5577 1478 5642 Scribebatur,
1518 5581 1768 5644 σκόλκας.

748 5641 1092 5720 κύρωσίν.
1113 5646 1497 5720 _Sc_r_ibellatur,
1531 5641 1898 5720 ὀχυρώμασιν.

620 5709 709 5770 53)
748 5709 1062 5768 Ἁπόζνττων.
1098 5717 1469 5779 Seribcbatur,
1504 5709 1799 5772 ἁπτόντων.

2272 5584 2384 5649 (5.1)
2424 5586 2563 5651 Τοὺς
2586 5587 2997 5654 πιστοτέρους.
3034 5584 3550 5650 Βριὶιιοιηιιυι-,τους
3586 5582 3746 5635 στοτέ·

2203 5671 2347 5723 ρους.
2842 5688 2861 5699 .
