4074 6222
363 299 496 366 941»

1398 315 1742 380 TACTICA-
1769 347 1840 356 —
1869 321 2579 392 CONSTITUTIOXVII.

3508 331 3625 395 94‘).

367 409 500 472 πῶς
538 400 700 462 αὗται
739 427 998 478 γινονται,
1035 413 1278 480 καὶτοὺς
1330 419 1667 489 ἀμελοῦντας
1694 430 1941 497 τιμωρεῖ-

2056 438 2140 486 tes
2170 432 2471 502 puniantur
2505 453 2519 489 :
2548 435 2677 507 quia
2727 449 2982 507 magnum
3024 437 3339 507 imperatori
3390 457 3490 498 sua
3527 459 3621 501 ne-

369 499 548 562 σθαι,
581 499 657 564 ώς
713 503 923 569 αἰτίους
972 507 1206 576 μεγάλου
1241 511 1484 565 κινδύνου
1537 514 1614 584 τῷ
1666 519 1941 590 στρατηγιξ

2050 499 2311 594 gligentia
2341 499 2589 584 inferunt
2613 499 2942 599 pericufum.

367 590 725 659 γινομένους.

449 689 550 752 με’.
622 682 1024 754 Ὑπολαμϐάνω
1067 689 1123 742 δὲ
1168 691 1250 744 ὅτι
1298 693 1325 745 ό
1368 692 1632 764 ἔμπειρος
1695 696 1954 751 σκουλκάο

2123 696 2247 754 105.
2277 698 2581 760 Prudentes
2614 707 2862 763 excubiae
2893 709 3220 778 quibusdam
3249 709 3424 779 signis
3455 710 3631 780 prius-

373 791 500 843 τωρ
529 773 752 828 δύναται
787 776 896 829 άπό
927 796 1084 832 τινων
1117 781 1381 851 σημείων,
1414 785 1510 837 καὶ
1541 784 1646 856 πρὸ
1677 785 1773 840 τοῦ
1826 787 1941 841 ἰδεῖι

2050 799 2218 854 quam
2252 790 2474 850 videant
2521 795 2711 853 hostes
2747 773 3187 857 animadvertere
3217 773 3627 856 multitudinem

367 866 540 920 αὐτὸν
580 868 710 929 τοὺς
749 867 1044 938 πολεμίους
1108 873 1443 944 κατανοῆσαι
1487 875 1558 931 τὸ.
1619 876 1818 948 μέτρον
1857 875 1941 930 τοί

2050 876 2289 936 hostium
2329 900 2395 940 ex
2417 901 2685 958 equorqu
2721 890 3089 948 collocatione
3129 901 3184 949 et
3247 893 3450 948 castris
3502 893 3625 948 illo-

369 958 618 1028 πλήθους
643 959 821 1012 αὐτῶν
845 961 908 1013 ἐκ
924 961 1024 1030 τῆς
1070 962 1178 1016 τῶν
1201 964 1382 1019 ἵππων
1411 965 1590 1033 αὐτῶν
1616 967 1949 1034 συστάσεως,

2050 984 2171 1026 rum
2204 986 2453 1044 possunt.

368 1050 474 1150 καὶ
488 1051 554 1152 ἐκ
579 1051 687 1104 τῶν
709 1051 1217 1152 άπλίκτωναύτῶψ
1245 1055 1468 1152 δύναται
1488 1059 1543 1113 δὲ
1563 1059 1656 1113 καὶ
1675 1060 1769 1114 τδν
1785 1060 1976 1131 χρόνον
2006 1066 2371 1137 στοχάσασθαι
2403 1091 2536 1128 ποτε
2561 1075 2652 1130 διά
2683 1075 2778 1131 τοῦ
2828 1077 2995 1132 τόπου
3026 1078 3313 1152 παρελθὼν
3385 1079 3452 1133 ὲκ
3523 1053 3642 1150 τῆςί

370 1137 490 1192 τῶν
518 1139 700 1192 ἵππων
731 1140 826 1194 καί⁵
850 1140 958 1194 τῶν
992 1141 1296 1214 ἀνθρώπων
1325 1147 1554 1218 κόπρου.

451 1229 567 1302 ρς·’.
612 1233 738 1288 Ἐάν
767 1233 824 1287 δὲ
873 1235 1139 1304 φοσσάτον
1185 1240 1422 1313 ποιήσῃς
1447 1285 1462 1307 ,
1497 1243 1666 1314 ἤγουν
1711 1244 1951 1316 χάρακα,

2125 1248 2246 1304 106.
2285 1249 2342 1305 Si
2370 1251 2632 1309 fossatum
2663 1255 2882 1320 feceris.
2921 1265 3015 1311 aut
3043 1258 3266 1320 vallum,
3288 1265 3342 1312 et
3367 1257 3448 1313 vel
3475 1257 3622 1313 fossa

373 1324 478 1420 καὶ
505 1324 539 1393 ἢ
570 1325 762 1420 τάφρῳ
789 1324 822 1396 ἦ
849 1326 1244 1404 οἰκοδομήματι
1271 1329 1557 1402 ὀχυρώσῃς
1584 1332 1739 1399 αὐτὸ,
1782 1335 1816 1404 ἦ
1847 1351 1941 1387 τινι

2051 1341 2570 1402 circummuniveris
2624 1347 2792 1412 illud,
2845 1349 2928 1404 vel
2971 1350 3151 1420 aliqua
3205 1350 3308 1402 alia
3370 1348 3621 1412 materia,

378 1416 550 1488 ἑτέρα
576 1415 675 1489 ὕλῃ
695 1456 710 1480 ,
741 1417 866 1488 δόξῃ
904 1435 985 1471 σοι
1011 1419 1068 1472 δὲ
1112 1419 1312 1476 ἔσωθεν
1337 1423 1652 1492 εἰσαγαγεῖν
1695 1426 1822 1488 τοὺς
1847 1443 1950 1482 καφ

371 1509 722 1580 σαλλαρίους,
745 1509 830 1581 ⁷μὴ
853 1511 989 1564 πολὺ
1019 1512 1125 1566 άπὸ
1150 1513 1536 1584 διαστημάτων
1588 1519 1820 1589 ποιήσῃς
1849 1520 1950 1582 τάς

371 1600 590 1670 βίγλας,
625 1601 712 1654 ἴνα
742 1602 818 1672 μὴ
858 1602 1248 1672 συντρίϐωνται
1275 1606 1605 1678 άκαίρωςοί
1642 1609 1818 1663 ἵπποι.

449 1691 548 1762 ρξ’.
601 1693 826 1756 Πάντως
849 1693 905 1747 δὲ
943 1695 1068 1759 τοὺς
1102 1699 1492 1768 πεμπομένους
1529 1701 1622 1753 ἐπὶ
1671 1701 1944 1755 σκούλκαν

374 1782 771 1856 παραγγέλλῃς
797 1782 936 1840 ὥστε
954 1786 1234 1859 ζωγρῆσαι
1251 1805 1391 1856 τινα,
1411 1791 1504 1843 καὶ
1522 1790 1706 1860 ὥσπερ
1727 1794 1818 1845 ἐπὶ
1837 1792 1948 1847 τῶν
1968 1831 1970 1833 ›

369 1875 648 1944 κυνηγίων
670 1875 846 1938 οὕτως
870 1877 1152 1947 σχολάζειν
1188 1879 1282 1932 καὶ
1301 1880 1621 1945 σπουδάζειν
1642 1882 1781 1937 ὥστε
1809 1901 1945 1954 προσ

370 1966 749 2035 σκουλκεύειν,
779 1968 872 2021 καὶ
898 1969 1234 2038 ἀσυμφανῶς
1251 1973 1348 2025 καὶ
1374 1972 1823 2043 ἀγνώστωςτοὺς
1845 1973 1946 2044 μὲν

368 2058 442 2111 δι’
471 2059 648 2128 ὄψεως
697 2060 984 2129 φαίνεσθαι
1017 2062 1232 2131 ὀλίγους
1290 2065 1450 2128 ὄντας
1476 2069 1573 2122 καὶ
1614 2068 1942 2138 ὑποχωρεῖν,

367 2150 562 2214 ἄλλους
589 2151 647 2205 δὲ
680 2153 1095 2224 κεκρυμμένους
1147 2157 1247 2210 καῖ
1292 2158 1518 2226 ἀφανῶς
1561 2159 1941 2214 κατακυκλοῦν

369 2243 511 2311 πρὸς
547 2243 646 2312 τὴν
694 2244 804 2296 τῶν
855 2245 1037 2302 τόπων
1074 2249 1491 2320 ἐπιτηδειότητα
1516 2269 1529 2282 ·
1575 2253 1670 2306 καὶ
1702 2253 1940 2324 ἀλλαχοῦ

371 2333 473 2402 μὲν
499 2332 764 2386 δεικνύειν
796 2335 918 2404 ὄψιν
963 2336 1060 2390 καὶ
1104 2337 1303 2405 μόνως,
1340 2340 1606 2411 ἑτέρωθεν
1633 2341 1688 2395 δὲ
1715 2343 1944 2414 ἐπέρχε-

371 2423 496 2478 σθαι
529 2425 665 2494 μετά
717 2425 979 2480 πλειόνων
1023 2428 1328 2498 λεληθότως
1363 2432 1456 2484 καὶ
1483 2432 1939 2503 διανυκτερεύειν,

372 2516 610 2588 μάλιστα
657 2519 786 2583 ὅταν
821 2519 1098 2588 μακρόθεν
1124 2519 1373 2574 δοκοῦσιν
1397 2517 1534 2573 εἶναι
1581 2522 1631 2574 οἰ
1668 2523 1941 2594 πολέμιοι,

370 2609 500 2663 ὅταν
527 2608 647 2662 οὐδὲ
678 2609 935 2665 ὑπόνοιαν
958 2610 1122 2683 ἔχωσι
1142 2610 1333 2664 τούτου
1369 2610 1464 2664 τοῦ
1500 2612 1802 2682 δράματος.

445 2797 550 2862 ρη’.
624 2791 736 2854 Τάς
790 2790 850 2844 δὲ
902 2793 1198 2864 γινομένας
1249 2791 1441 2862 βίγλας
1479 2791 1554 2862 μὴ
1609 2792 1768 2863 μόνον
1818 2793 1943 2858 τοὺς

373 2883 646 2947 ζναντίους
676 2883 752 2953 μὴ
799 2882 997 2937 εἰδέναι
1030 2885 1214 2950 καλὸν,
1249 2885 1387 2938 ἀλλὰ
1427 2885 1564 2955 μηδὲ
1597 2886 1724 2948 τοὺς
1755 2886 1940 2951 ἰδίους,

2050 1431 2449 1505 decretumque
2480 1446 2564 1491 est
2595 1438 2810 1506 equites
2854 1439 2997 1492 intra
3028 1438 3290 1494 fossatum
3322 1439 3622 1500 deducere,

2049 1538 2120 1578 ne
2153 1523 2316 1592 longo
2345 1525 2632 1581 intervallo
2664 1526 2863 1581 abillis
2889 1527 3150 1583 excubias
3177 1527 3531 1596 disjunxeris,
3565 1535 3625 1581 ut

1970 1637 2020 1695 Β
2048 1630 2117 1670 ne
2155 1616 2468 1685 importune
2496 1619 2622 1688 equi
2651 1618 2980 1689 afﬂigantur.

2121 1706 2245 1761 107.
2273 1707 2367 1764 Eis
2396 1707 2512 1779 qui.
2542 1708 2611 1763 ad
2663 1710 2928 1765 excubias
2973 1710 3304 1765 emittuntur
3336 1709 3626 1780 prmeipieaz

2051 1807 2113 1853 ut
2141 1800 2362 1871 capiant
2397 1801 2613 1871 aliquos
2643 1817 2709 1856 ex
2747 1800 2999 1856 hostibus
3025 1800 3200 1864 vivos,
3238 1801 3285 1854 si
3338 1810 3570 1868 possunt
3605 1812 3620 1849 :

2048 1901 2103 1948 et
2149 1893 2615 1962 quemadmodum
2673 1894 2729 1948 in
2778 1896 3052 1958 venando,
3112 1893 3195 1949 sic
3252 1903 3522 1948 conentur
3563 1899 3620 1946 et

2047 1985 2309 2040 studeant
2358 1984 2624 2040 excubias
2673 1991 2801 2040 ante
2834 1999 2998 2055 agere
3048 1983 3266 2040 occulte
3308 1993 3362 2038 et
3395 1983 3622 2037 clancu-

2048 2078 2262 2142 lum,ut
2291 2077 2349 2132 hi
2379 2078 2602 2148 quidem
2637 2077 2732 2147 qui
2778 2077 2936 2147 pauci
2970 2085 3103 2133 sunt
3145 2077 3202 2131 in
3263 2084 3620 2145 conspectum

2048 2167 2227 2223 solum
2255 2165 2503 2233 veniant,
2527 2173 2584 2221 et
2610 2164 2900 2221 discedant
2933 2166 3155 2229 iterum,
3190 2163 3280 2218 alii
3300 2171 3486 2218 autem
3523 2163 3619 2216 ab—

2046 2258 2148 2314 diti
2201 2274 2300 2330 pro
2352 2259 2599 2314 locorum
2665 2257 3059 2314 commoditate
3101 2255 3382 2312 includere
3427 2269 3524 2310 eos
3571 2254 3620 2309 si

2045 2355 2296 2420 possunt,
2329 2357 2622 2414 conentur,
2647 2357 2811 2418 atque
2838 2362 2948 2404 uno
2978 2347 3033 2402 in
3069 2347 3189 2401 loco
3223 2361 3282 2401 se
3306 2353 3519 2399 tantum
3555 2357 3621 2398 ac

2046 2440 2093 2496 si
2133 2440 2289 2508 pauci
2321 2448 2504 2496 essent
2527 2438 2928 2501 demonstrare,
2964 2439 3075 2492 alio
3099 2453 3168 2493 ex
3195 2439 3315 2492 loco
3339 2452 3463 2490 eum
3496 2435 3619 2506 plu-

2047 2529 2200 2584 ribus
2243 2528 2554 2583 clanculum
2591 2527 2873 2593 invadere,
2905 2535 2960 2582 et
3007 2532 3352 2596 pernoctent,
3385 2525 3619 2578 maxime

2045 2618 2264 2688 quando
2310 2618 2522 2672 hostes
2549 2618 2767 2674 eminus
2823 2617 3050 2684 fuerint,
3087 2626 3140 2673 et
3166 2616 3484 2687 opinionem
3519 2615 3620 2667 ali-

2045 2709 2204 2778 cujus
2233 2709 2359 2763 talis
2387 2706 2517 2762 facti
2549 2706 2868 2762 habuerint.

2121 2798 2249 2855 108.
2280 2797 2554 2855 Excubias
2589 2806 2713 2855 tuas
2745 2813 2855 2854 non
2888 2797 3052 2854 modo
3081 2797 3268 2853 hostes
3296 2795 3397 2860 tui,
3422 2795 3514 2850 sed
3551 2809 3620 2849 ne

2049 2889 2252 2945 milites
2275 2889 2383 2956 tui,
2413 2890 2460 2944 si
2493 2890 2608 2945 fieri
2641 2891 2840 2960 possit,
2871 2898 3197 2960 agnoscant,
3223 2897 3281 2942 ut
3317 2887 3365 2944 si
3397 2886 3618 2956 quidam

371 2972 654 3027 λανθάνειν
679 2972 736 3026 δὲ
769 2974 863 3026 καὶ
891 2973 982 3027 τὸν
1020 2974 1109 3028 σὺν
1131 2977 1383 3046 στρατὸν,
1419 2975 1632 3028 ἴναιμὲάν
1662 2993 1832 3038 τινες,
1864 2975 1940 3036 ώς

2046 2979 2335 3050 profugere
2368 2980 2436 3036 ad
2488 2980 2677 3035 hostes
2726 2991 2853 3034 tuos
2907 2980 3201 3045 voluerint,
3244 2979 3622 3047 imprudentes

370 3065 536 3132 εἰκὸς,
578 3068 914 3136 προσφυγεῖν
961 3068 1075 3130 τοῖς
1117 3067 1332 3138 ἐχθροῖς
1372 3066 1705 3136 βουληθῶσιν
1735 3069 1799 3121 ὲκ
1845 3066 1940 3120 τοῦ

374 3157 627 3228 στρατοῦ,
667 3157 943 3227 ἀδοκήτως
976 3157 1202 3221 ταύταις
1228 3159 1656 3228 περιπέσωσιν..

442 3248 544 3320 ρθ’.
619 3251 744 3306 Ἐάν
779 3251 837 3305 δὲ
893 3245 1160 3323 βουληθῇς
1231 3255 1617 3318 κατασκόπους
1667 3254 1940 3326 κρατῆσαι

368 3339 476 3393 τῶν
508 3339 738 3412 ἐχθρῶν,
768 3340 884 3395 δέον
916 3359 975 3394 σε
997 3341 1270 3412 θαρρῆσαι
1302 3345 1414 3405 τοῖς
1445 3343 1677 3414 ἄρχουσι
1715 3344 1776 3398 τὸ
1801 3347 1942 3416 πρᾶ-

370 3447 505 3502 γμα,
540 3431 626 3484 ἴνα
650 3431 882 3496 ἕκαστος
942 3433 1057 3496 τοῖς
1109 3433 1202 3486 ὑπ’
1233 3433 1400 3488 αὐτὸν
1451 3433 1812 3502 στρατιώταις
1849 3435 1941 3488 καὶ

368 3525 479 3587 τοῖς
537 3525 744 3587 λοιποῖς
771 3523 1147 3596 παραγγέλλῃ,
1197 3524 1277 3578 ὅτι
1305 3523 1482 3593 Τυχδν
1518 3527 1585 3596 τῇ
1619 3524 1750 3593 ἑξῆς
1810 3527 1939 3595 περὶ
1985 3552 1989 3556 η

369 3614 624 3686 δευτόραν
667 3617 700 3689 ἢ
731 3615 921 3686 τρίτην
948 3614 1099 3685 ὥραν
1122 3615 1218 3685 τῆς
1247 3615 1460 3686 ἡμέρας
1493 3616 1635 3670 κατὰ
1674 3616 1772 3685 τὴν
1791 3615 1939 3686 πρώ-

373 3721 470 3776 την
498 3705 680 3776 φωνὴν
725 3704 821 3760 τοῦ
852 3705 1122 3775 βουκίνου,
1149 3705 1260 3758 εἴτε
1286 3705 1650 3776 στρατιώτης,
1675 3706 1786 3760 εἴτε
1812 3708 1937 3770 παῖς

372 3797 540 3860 ἐστιν,
562 3796 795 3860 ἕκαστος
829 3798 911 3860 εἰς
939 3796 1037 3867 τὴν
1069 3797 1204 3850 ἰδίαν
1237 3797 1430 3851 τὲνταν
1453 3798 1540 3852 ἴνα
1570 3798 1812 3870 εἰσέλθῃ.
1848 3800 1940 3852 καὶ

376 3887 560 3959 μηδεὶς
587 3889 840 3960 τολμήσῃ
871 3887 1071 3953 ἔξωθεν
1106 3887 1208 3956 τῆς
1251 3889 1443 3952 τέντας
1466 3889 1783 3960 εὑρεθῆναι,
1816 3891 1940 3944 ἐπεὶ

373 3980 780 4050 σωφρονίζεται.
810 3980 919 4033 Καὶ
946 3979 1085 4051 μετὰ
1111 3981 1171 4034 τὸ
1199 3985 1407 4044 πάντας
1435 3969 1720 4048 εἰσελθεῖν,
1741 3985 1940 4048 αὐτοὺς

372 4069 492 4132 τοὺς
547 4070 810 4141 ἄρχοντας
839 4070 1026 4142 μένειν
1065 4071 1265 4139 ἔξωθεν
1295 4073 1403 4127 τῶν
1446 4073 1646 4127 τεντῶν
1675 4074 1772 4126 καί⁸
1801 4072 1939 4127 θεω-

376 4161 519 4229 ρεῖν,
549 4161 636 4214 ἵνα
675 4161 832 4226 ὅσους
884 4162 1085 4230 ἔξωθεν
1122 4163 1231 4217 τῶν
1259 4164 1463 4218 τεντῶν
1494 4163 1729 4236 εὕρωσιν
1763 4164 1937 4229 αὐτοὶ,

2044 3073 2098 3127 in
2129 3071 2394 3128 excubias
2431 3079 2558 3130 tuas
2600 3070 2868 3126 incidant.

2114 3259 2237 3315 l09.
2297 3257 2353 3313 Si
2420 3257 2658 3315 hostium
2719 3257 3097 3327 speculatores
3145 3268 3342 3323 capere
3401 3252 3617 3316 studes,

2043 3350 2563 3406 communicandum
2604 3364 2729 3403 cum
2774 3349 3003 3418 reliquis
3053 3347 3325 3418 praefectis
3367 3346 3479 3400 tuis
3514 3345 3619 3398 hoc

2043 3439 2319 3508 negotium
2351 3445 2457 3501 est,
2492 3446 2551 3491 ut
2583 3436 2966 3507 unusquisque
3015 3436 3283 3491 militibus
3328 3436 3443 3491 suis
3489 3434 3620 3488 reli-

2041 3530 2277 3600 quisque
2303 3528 2587 3599 przecipiat
2617 3530 2683 3582 ad
2710 3529 2901 3582 horam
2931 3528 3036 3583 diei
3062 3528 3361 3583 secundam
3387 3534 3483 3580 aut
3505 3537 3616 3580 ter-

2042 3619 2195 3682 tiam,
2233 3626 2287 3672 et
2320 3616 2388 3671 ad
2440 3616 2687 3672 buccina:
2736 3616 2970 3685 primum
3004 3617 3266 3681 sonitum,
3299 3616 3414 3670 sive
3463 3614 3620 3668 miles

2041 3709 2156 3764 sive
2187 3708 2509 3764 administer
2527 3706 2846 3778 sit,singuli
2883 3707 2950 3762 ad
2979 3721 3077 3762 sua
3107 3707 3342 3762 tentoria
3373 3708 3616 3770 veniant,

2041 3812 2314 3867 nemoque
2343 3798 2539 3852 audeat
2577 3805 2731 3852 extra
2778 3797 3012 3852 tentoria
3052 3811 3198 3858 esse,
3231 3811 3300 3850 ne
3345 3794 3618 3865 supplicio

2041 3888 2479 3960 constringatur.
2520 3888 2621 3945 Ubi
2651 3903 2848 3944 omnes
2875 3887 3112 3959 ingressi
3146 3886 3204 3940 in
3249 3886 3485 3940 tentoria
3518 3899 3630 3940 sua-

2042 3978 2270 4042 fuerint,
2299 3978 2538 4048 prefecti
2581 3976 2715 4032 foris
2773 3986 3054 4045 maneant,
3087 3984 3142 4031 et
3197 3977 3242 4032 si
3291 3992 3432 4047 quos
3465 3974 3619 4030 vide-

2042 4071 2154 4127 rint
2202 4071 2358 4137 foris,
2391 4086 2490 4126 eos
2532 4070 3024 4140 comprehendant.
3082 4071 3190 4124 Eos
3244 4084 3374 4124 vero
3413 4068 3504 4138 qui
3565 4066 3620 4120 in

2041 4163 2278 4217 tentoria
2331 4160 2736 4229 ingrediuntur,
2809 4160 3244 4230 unumquodque
3319 4157 3618 4211 contuber-

373 4255 710 4325 κρατήσωσιν
745 4254 959 4318 αὐτούς.
999 4256 1135 4319 Τοὺς
1155 4257 1234 4320 δὲ,
1269 4257 1345 4320 ὡς
1399 4259 1572 4321 εἰκὸς,
1611 4257 1930 4328 εἰσερχομέ-

2042 4255 2192 4330 nium
2225 4251 2424 4322 capiet,
2454 4259 2509 4306 et
2569 4266 2670 4306 suo
2720 4250 2976 4319 praefecto
3011 4249 3210 4303 tradet.
3260 4249 3442 4304 Unum
3473 4247 3620 4301 enim

370 4363 487 4410 νους
519 4348 599 4411 εἰς
644 4345 742 4410 τὰς
772 4346 982 4410 τέντας,
1015 4348 1064 4400 οἰ
1088 4346 1194 4400 τῶν
1224 4347 1648 4418 κοντουϐερνίων
1679 4349 1922 4418 συλλαμ,

369 4440 636 4505 ϐάνονται,
689 4437 785 4492 καὶ
851 4438 1186 4509 κρατήσουσι
1241 4438 1336 4490 καὶ
1393 4439 1790 4509 παραδώσουσιξ
1851 4440 1928 4512 τῷ

371 4530 479 4601 ἰδίῳ
513 4530 756 4600 ἄρχοντι.
796 4528 892 4581 Ἔν
933 4515 1043 4596 γάρ
1083 4525 1421 4595 γίνεταιντῶν
1465 4525 1560 4580 δύο
1589 4529 1668 4590 εἰς
1701 4528 1794 4581 τὸν
1833 4546 1932 4584 κα-

368 4621 650 4675 τάσκοπονο
689 4618 861 4690 ἢγὰρ
908 4616 1109 4683 ἔξωθεν
1164 4617 1452 4687 ἱστάμενος
1518 4617 1805 4688 συνέχεται
1855 4619 1934 4683 ὡς

371 4712 440 4781 μὴ
466 4710 620 4774 εἰδὼς
639 4708 742 4763 ποῦ
776 4709 1030 4763 ἀπελθεῖν
1054 4725 1068 4739 ο
1099 4708 1132 4778 ἢ
1160 4709 1273 4772 καὶ,
1305 4709 1380 4771 ώς
1400 4709 1570 4776 εἰκὸς,
1603 4710 1696 4764 ἐὰν
1729 4709 1936 4784 θαρῤή-

2035 4361 2066 4401 c
2097 4344 2314 4399 duobus
2343 4357 2570 4398 necesse
2599 4351 2684 4397 est
2709 4340 2825 4397 fieri
2861 4357 2874 4393 :
2915 4341 2999 4396 vel
3039 4349 3098 4394 ut
3127 4340 3264 4395 foris
3304 4340 3622 4409 speculator

2040 4445 2277 4497 maneat.
2317 4442 2373 4490 et
2410 4434 2620 4490 nesciat
2648 4449 2758 4504 quo
2797 4448 2857 4488 se
2900 4431 3154 4488 conferre
3201 4433 3418 4495 debeat,
3449 4430 3530 4484 vel
3571 4427 3630 4484 si

2040 4525 2251 4598 ingredi
2301 4526 2503 4580 audeat
2568 4539 2692 4579 cum
2757 4523 2944 4593 aliquo
3005 4522 3393 4585 contubernio,
3461 4519 3627 4590 quasi

2043 4621 2242 4690 hospes
2289 4625 2680 4688 cognoscatur,
2725 4625 2779 4672 et
2825 4614 3178 4670 contubernii
3213 4612 3472 4684 pratfecto
3505 4620 3622 4665 tra-

2042 4711 2226 4766 datur.

370 4818 431 4872 σῃ
459 4799 720 4854 εἰσελθεῖν
763 4798 820 4852 εν
864 4815 969 4852 τινι
1013 4800 1123 4852 τῶν
1175 4801 1616 4874 κοντουὸερνίων,
1652 4804 1727 4868 ὡς
1770 4803 1924 4870 ξένος
1982 4803 2436 4873 ἐπιγινώσκεται,
2492 4802 2587 4856 καὶ
2642 4799 2996 4872 παραδίδοται
3072 4798 3150 4869 τῷ
3225 4797 3447 4868 ἄρχοντι
3527 4795 3624 4850 τοῦ

368 4889 788 4962 κοντουσερνίου.

430 4984 517 5058 ρι’.
549 4985 766 5048 Πάντας
810 4979 903 5040 οὖν
949 4985 1078 5047 τοὺς
1128 4987 1390 5041 ὁπωσοῦν.
1429 4989 1570 5042 κατὰ
1606 4989 1797 5042 taken
1836 4988 1930 5042 τὸν

2098 4988 2220 5042 ΗΟ.
2250 4985 2454 5042 Omnes
2489 4994 2672 5040 autem
2702 4985 2793 5054 qui
2850 4983 2954 5037 hoc
3008 4979 3171 5035 modo
3229 4979 3614 5042 inveniuntur,

366 5079 552 5146 τρόπον
583 5077 1000 5149 εὑρισκομένους
1034 5078 1115 5132 δεῖ
1145 5079 1461 5149 κρατεῖσθαι
1481 5121 1496 5144 ,
1519 5080 1632 5134 εἴτε
1668 5080 1927 5150 Ῥωμαϊοι

2042 5083 2239 5154 :xquiri
2271 5094 2435 5150 atque
2451 5079 2753 5136 examinari
2794 5085 3029 5148 oportet,
3056 5076 3173 5130 sive
3206 5073 3619 5139 Rouiani,,sivc

365 5167 601 5222 δοκοῦσιν
649 5164 810 5233 εἶναι,
863 5168 974 5222 εἴτε
1020 5169 1348 5238 άλλογενείς,
1397 5172 1493 5225 καὶ
1550 5171 1928 5237 ἐξετάξεσθαι,

369 5260 496 5314 ὥστε
521 5261 730 5314 ἐκεῖθεν
762 5260 1117 5330 εὑρίσκεσθαι
1151 5261 1248 5332 τὴν
1277 5262 1562 5331 ἀλήθειαν.

431 5351 554 5422 ρια’.
591 5351 763 5406 Τοῦτο
799 5354 858 5408 δὲ
890 5355 1101 5421 γίνεται
1132 5355 1225 5409 καὶ
1260 5356 1316 5409 ὲν
1361 5355 1615 5426 φοσσάτῳ
1644 5357 1923 5426 συνηγμέ-

367 5463 447 5499 νου
473 5443 702 5515 στρατοῦ
731 5447 764 5518 ἢ
800 5445 1027 5510 πεζικοῦ
1058 5449 1092 5521 ἢ
1146 5447 1551 5518 καδαλλαρικοῦ
1585 5449 1929 5519 ἐπιτηδείως,

367 5536 552 5605 ὁμοίως
581 5537 636 5590 δὲ
669 5539 764 5591 καὶ
794 5540 935 5593 κατά
979 5540 1041 5592 τὸ
1077 5540 1242 5612 μέρος
1257 5542 1720 5613 “μεμερισμένως,
1755 5542 1788 5613 ἢ
1826 5544 1926 5597 πά-

369 5628 440 5680 λιν
467 5627 606 5682 κατὰ
644 5628 830 5700 τάγμα
853 5630 1275 5688 άπλικευόντων.

431 5719 550 5792 ριβ¹.
582 5721 794 5777 Γίνεται
824 5722 880 5778 δὲ
900 5722 1074 5778 καίδι’
1094 5724 1296 5796 ἑτέρων
1314 5726 1571 5781 τοιούτων
1596 5728 1685 5782 καὶ
1723 5724 1924 5797 ὁμοίων

2024 5174 2355 5242 alienigena:
2379 5170 2611 5234 fuerint,
2664 5177 2830 5240 atque
2875 5167 3012 5223 adeo
3065 5165 3348 5222 veritatem
3395 5164 3464 5220 ab
3508 5163 3618 5218 illis

2023 5280 2218 5335 quzm.

2104 5357 2225 5412 ill.
2278 5353 2402 5410 llaec
2454 5369 2544 5410 res
2601 5353 2718 5409 fieri
2763 5351 2940 5423 possit
2987 5351 3042 5407 in
3105 5350 3372 5406 fossatum
3425 5354 3618 5404 coacto

2033 5448 2278 5503 exercitu
2307 5449 2391 5505 vel
2424 5447 2666 5518 pedestri
2705 5447 2791 5501 vel
2824 5445 3090 5516 equestri,
3120 5443 3202 5498 vel
3238 5441 3502 5512 dispersis
3529 5441 3615 5496 di-

2031 5541 2277 5610 visisque
2329 5539 2625 5611 separatim
2662 5547 2842 5594 castra
2887 5535 3242 5605 ponentibus,
3283 5533 3366 5588 vel
3416 5545 3612 5599 rursus

2031 5649 2128 5704 per
2161 5631 2418 5687 cohortes
2447 5637 2629 5685 castra
2655 5626 3008 5683 habentibus.

2105 5726 2227 5783 112.
2283 5725 2420 5781 Aliis
2462 5720 2792 5795 quibusdam
2850 5717 3165 5791 huiusmodi
3221 5726 3275 5775 et
3337 5713 3611 5772 similibus
