4074 6222
442 362 551 427 943
1665 346 1945 409 LEONIS
1976 345 2037 404 Pl

2145 294 2433 404 .osom’il
3648 319 3801 386 944

442 472 620 542 signis
671 466 908 525 diversis
953 462 1337 535 praedictorum
1405 458 1806 529 speculatorum
1855 470 2005 510 com-

2145 452 2352 522 ημείων
2384 452 2655 521 διαφόρων
2698 451 2730 519 ὴ
2781 449 3079 516 ἐπίγνωσις
3120 446 3229 499 τῶν
3264 442 3627 543 εἰρημένων
3657 454 3799 490 κα-

445 531 737 633 ρτῖξὴθηςὶο
774 573 898 616 esse
952 557 1111 621 solet,
1168 568 1290 625 qua:
1370 550 1685 607 necessario
1736 546 2020 603 efficienda

2145 542 2428 608 νασκδπων,
2500 542 2661 595 ἅτινα
2727 539 3030 607 ἀναγκαῖόν
3110 538 3260 589 ἐστιν
3323 531 3787 604 ἐπιτηδεύειν,

445 626 614 718 sunt,
648 664 704 707 ut
743 652 960 706 diversa
1012 648 1169 717 signa
1226 652 1600 716 praeceptaque
1642 641 2019 696 adhibeantur.

2145 632 2274 685 ὥστε
2305 633 2536 704 διάφορα
2588 634 2791 702 σημεῖα
2838 632 2958 700 *ήτοι
3013 626 3455 700 παραγγέλματα
3503 626 3795 722 ποεεῑμ.

449 746 621 801 Simul
649 743 790 797 enim
821 740 926 796 hoc
957 716 1118 793 modo
1138 737 1511 807 speculatores
1548 734 1787 789 hostium
1831 737 2024 784 tenen-

2145 726 2286 794 Ἀμα
2315 724 2424 796 γὰρ
2474 726 2569 777 καὶ
2597 725 2648 777 oi.
2693 724 3032 777 κατάσκοποι
3080 719 3188 771 τῶν
3220 716 3429 789 ἐχθρῶν
3478 717 3565 767 ὲκ
3610 716 3788 764 τοῦ-

447 852 555 899 tur,
593 845 645 890 et
697 833 899 887 milites
942 828 1217 901 praefectis
1269 830 1386 885 suis
1420 826 1643 882 obedire
1698 821 2021 888 assuefiunt,

2145 816 2367 887 :wv(55)
2403 814 2794 887 φανεροῦνται,
2848 813 2963 883 ἅμα
3016 811 3073 864 δὲ
3128 812 3223 864 καὶ
3275 812 3322 861 οἱ
3367 811 3792 879 στρατιῶται

442 936 496 983 et
522 927 788 996 imperata
821 922 1039 978 illorum
1071 920 1317 977 studiose
1363 920 1566 983 facere,
1614 918 1659 973 si
1694 917 1778 971 vel
1814 914 2026 970 medio-

2145 908 2395 973 ιθίζονται
2430 908 2715 961 πείθεσθαι
2745 905 2858 969 τοῖς
2908 904 3167 976 ἄρχουσιν
3211 902 3411 965 αὐτῶν,
3467 901 3591 953 καὶ
3640 914 3787 964 cpu-

444 1019 610 1069 t-riter
639 1016 976 1085 castigentur
998 1014 1091 1083 qui
1120 1012 1460 1083 negligentes
1484 1010 1867 1063 mandatorum
1906 1004 2026 1061 fue-

2145 1000 2344 1053 ldttsstv
2362 999 2637 1070 ἐπιμελῶς
2665 998 2734 1052 τά
2770 997 3032 1067 μανδάτα,
3067 996 3163 1049 ὲάν
3190 994 3427 1065 μάλιστα
3466 1009 3593 1062 μετ
3607 988 3791 1085 picta;

446 1108 576 1160 rint.
616 1105 672 1160 Si
691 1079 836 1161 enim
868 1079 1445 1172 mandatumvaliquod
1482 1101 1645 1156 detur
1686 1098 1958 1153 militibus
1997 1111 2027 1149 a

2145 1108 2248 1154 πως
2270 1089 2709 1161 σωφρονίζωνται
2738 1090 2788 1142 οἰ
2817 1087 3142 1158 ἀμελοῦντες
3194 1088 3321 1158 περὶ
3373 1083 3540 1137 αὐτά.
3611 1079 3789 1132 Ἐὰν

445 1199 723 1269 praefecto,
752 1198 842 1269 qui
867 1197 1144 1253 curiosius
1183 1196 1235 1249 in
1280 1196 1386 1251 hoc
1426 1195 1673 1264 inquirit,
1706 1193 1752 1247 is
1781 1189 2030 1261 specula-

2145 1183 2236 1254 γὰρ
2263 1182 2325 1235 τὸ
2371 1182 2738 1253 παράγγελμα
2782 1178 2910 1251 δοθῇ
2970 1178 3124 1248 παρὰ
3166 1177 3262 1230 τοῦ
3294 1176 3577 1247 ἄρχοντος
3625 1172 3787 1234 τοῖς

444 1267 530 1342 lor
586 1267 823 1343 hostium
866 1286 1299 1357 deprehenditur
1356 1285 1569 1340 alienus
1625 1299 1655 1340 a
1709 1292 1941 1347 tessera,
1976 1288 2030 1335 et

2145 1270 2491 1342 στρατιώταις
2542 1270 2968 1345 μυστικώτερον,
3004 1271 3097 1324 καὶ
3141 1268 3303 1321 τοῦτο
3334 1268 3519 1334 άγνοεῖ
3555 1267 3597 1317 ὁ
3640 1280 3780 1315 κα-

444 1377 665 1433 socialis
688 1377 965 1432 exercitus
993 1376 1149 1445 signo
1169 1389 1387 1429 carens.

2145 1366 2406 1427 τάσκοπος
2434 1364 2525 1417 τοῦ
2574 1362 2767 1435 ἐχθροῦ
2801 1362 3011 1432 ταχέως
3062 1360 3381 1431 εὑρίσκεται
3426 1357 3784 1455 ἀλλάτριοξ

2132 1454 2206 1508 ὣν
2251 1454 2343 1508 τοῦ
2376 1455 2738 1525 συνθήματος,
2770 1453 2866 1508 καὶ
2903 1453 3001 1506 ούκ
3051 1450 3188 1521 ἔχων
3212 1451 3272 1504 τὸ
3306 1450 3613 1519 σύσσημον
3653 1450 3780 1497 τοῦ

1326 1602 1332 1611 ⁸
2136 1546 2314 1614 φιλίου
2352 1545 2582 1615 στρατοῦ
2594 1586 2606 1599 .

518 1645 642 1701 115.
673 1642 791 1696 Νυη
830 1643 928 1695 abs
964 1656 1022 1695 re
1052 1639 1217 1694 fuerit
1248 1639 1455 1695 formas
1487 1648 1540 1694 et
1596 1640 1852 1693 mandata
1899 1639 2033 1692 dare

2211 1633 2336 1705 ριγ’.
2375 1636 2488 1691 Οὐκ
2520 1636 2720 1690 ἄτοπον
2739 1635 2817 1703 δὲ,
2856 1634 2993 1690 ἀλλὰ
3024 1636 3119 1689 καὶ
3146 1635 3404 1705 σχήματα
3433 1631 3528 1685 καὶ
3578 1646 3781 1702 μανι

448 1735 747 1800 militibus,
778 1732 1001 1800 quando
1041 1731 1281 1785 maxime
1338 1740 1517 1796 vacat,
1576 1741 1633 1784 ut
1680 1730 2034 1800 explorentur

2145 1724 2269 1779 δάτα
2299 1725 2498 1780 διδόναι
2527 1729 2637 1789 τοῖς
2672 1723 3047 1797 στρατιώταις,
3071 1726 3198 1779 ὃταν
3245 1723 3478 1793 μάλιστα
3518 1724 3779 1776 εὐκαι-

448 1827 671 1889 milites,
709 1833 871 1895 atque
904 1824 968 1877 ad
995 1839 1057 1878 ca
1092 1822 1449 1879 custodienda
1482 1821 1802 1879 assucliant.

2145 1817 2304 1886 ρῶσιν
2329 1833 2341 1846 ·
2382 1817 2469 1870 ἵνα
2493 1817 2587 1871 καὶ
2616 1795 3042 1888 δοκιμασθῶσιν,
3074 1817 3170 1870 καὶ
3194 1816 3253 1868 ἐν
3304 1814 3772 1885 ἐθεμγένωπττι

2134 1909 2229 1961 τοῦ
2253 1910 2545 1976 φυλάττειν
2575 1911 2736 1964 αὑτά.

2205 2002 2325 2080 ριδ’.
2370 2002 2497 2055 Ἐάν
2543 2001 2600 2056 δέ
2658 2020 2789 2056 ποτε
2844 2001 3114 2074 συλλάδῃς
3177 2002 3586 2065 κατασκόπους,
3658 1999 3763 2070 μὴ

2096 2122 2099 2125 -
2134 2092 2373 2163 κέχρησο
2411 2094 2490 2157 είς
2530 2093 2729 2158 αὐτοὺς
2766 2096 2865 2165 μιᾷ
2904 2095 3001 2147 καί⁸
3045 2096 3182 2165 αύτῇ
3233 2093 3428 2167 γνώμῃ
3454 2094 3760 2155 πάντοτε,

2134 2183 2254 2235 ἀλλ’
2277 2182 2372 2237 ὲάν
2406 2184 2506 2254 μὲν
2538 2183 2904 2255 ἀσθενέστερα
2941 2184 3142 2255 μᾶλλον
3171 2184 3240 2237 τὰ
3277 2183 3347 2236 σά
3380 2179 3519 2236 εἶναι
3556 2182 3758 2251 παρὰ

2137 2270 2248 2344 [τὰ]
2276 2272 2383 2326 τῶν
2433 2273 2709 2345 πολεμίων
2731 2274 2978 2347 νομίζῃς,
2997 2275 3118 2328 τότε
3160 2276 3394 2329 κτείνειν
3420 2274 3669 2337 τούτους
3712 2274 3753 2345 ἦ

2136 2364 2378 2434 συνέχειν
2396 2365 2451 2416 ὲν
2463 2365 2695 2434 ἀσφαλεῖ
2712 2367 2944 2439 φρουρᾷ.
2963 2366 3089 2420 Ἐὰν
3110 2367 3168 2419 δὲ
3194 2364 3565 2435 καθοπλισμὸν
3586 2366 3753 2436 ἔχῃς

2138 2454 2359 2524 ἰσχυρὸν
2386 2456 2479 2508 καὶ
2497 2456 2679 2521 καλὸν,
2699 2458 2793 2509 καὶ
2824 2456 3175 2529 παρασκευὴν
3197 2458 3409 2528 ἱκανὴν,
3442 2457 3538 2510 καὶ
3555 2457 3754 2510 δύνα-

520 2001 644 2056 H4.
691 1999 748 2055 Si
800 1998 1175 2071 speculatores
1231 1998 1469 2054 hostium
1520 1999 1755 2069 ceperis,
1807 2013 1875 2055 ne
1922 2014 2033 2055 uno

450 2105 615 2164 atque
647 2093 837 2149 eodem
895 2093 1059 2148 modo
1092 2092 1214 2147 illos
1265 2090 1643 2145 tractaveris:
1686 2091 1781 2146 sed
1836 2092 1883 2147 si
1936 2105 2030 2146 co-

450 2186 571 2255 pias
622 2194 748 2241 tuas
780 2184 1022 2240 hostium
1074 2184 1319 2238 exercitu
1367 2180 1756 2237 imbecilliores
1790 2195 1915 2237 esse
1942 2182 2033 2250 ju-

447 2277 743 2344 dicaveris,
795 2278 879 2333 vel
927 2275 1173 2332 interfice
1225 2289 1343 2336 eos,
1379 2274 1462 2329 vel
1504 2273 1656 2329 firma
1686 2273 1740 2328 in
1778 2272 2031 2329 custodia

448 2370 649 2425 detiue.
685 2368 784 2425 Sin
828 2378 1168 2425 armaturam
1213 2366 1416 2422 habeas
1445 2368 1666 2429 bonam,
1704 2372 2030 2436 apparatum

447 2460 728 2525 idoneum,
764 2461 949 2530 copias
977 2461 1200 2525 multas,
1252 2459 1421 2514 robur
1456 2458 1685 2528 justum,
1714 2456 2030 2512 ﬁrmitatem

447 2566 769 2622 corporum,
790 2551 1136 2607 obedientem
1168 2552 1495 2615 exercitum,
1523 2560 1781 2605 strenuos
1806 2548 2029 2613 milites,

447 2643 843 2712 experientiam
912 2658 1117 2705 acrem,
1197 2654 1388 2696 omnes
1437 2642 1623 2709 copias
1667 2647 1791 2694 tuas
1841 2640 2033 2693 ordine

446 2737 683 2806 quodam
717 2736 781 2790 ad
808 2751 1057 2805 pompam
1092 2737 1359 2799 instrues,
1388 2749 1592 2803 easque
1638 2735 1872 2789 hostium
1901 2749 2029 2802 spe-

450 2826 793 2881 culatoribus
839 2822 1252 2879 demonstrabis
1283 2840 1296 2876 :
1330 2824 1476 2893 quod
1513 2824 1600 2877 ubi
1656 2824 1874 2891 feceris,
1904 2826 2030 2881 illos

450 2917 629 2971 Salvos
661 2927 825 2985 atque
861 2920 1107 2985 integros
1160 2915 1227 2970 ad
1289 2930 1423 2971 suos
1471 2917 1738 2971 remittes.
1787 2914 1919 2972 Nam
1966 2934 2031 2974 eo

450 3022 573 3061 eum
607 3008 873 3069 venerint,
922 3021 1042 3076 quae
1090 3006 1346 3061 viderunt
1394 3007 1577 3061 omnia
1630 3022 2032 3064 commemora-

2137 2563 2228 2616 μιν
2246 2546 2466 2617 πολλὴν,
2498 2549 2593 2603 καὶ
2623 2548 2858 2615 εὐεξίαν,
2892 2551 3010 2622 ἢτοι
3037 2550 3265 2621 μέγεθος
3294 2550 3389 2602 καὶ
3416 2549 3584 2620 ρῶσιν
3612 2566 3745 2602 σωο

2139 2637 2344 2707 μάτων,
2372 2637 2468 2690 καὶ
2492 2638 2768 2709 πειθήνιον
2802 2640 3140 2710 στράτευμα,
3168 2640 3262 2694 καὶ
3302 2638 3567 2709 ἄρχοντας
3590 2636 3745 2710 ἀρί-

2137 2744 2291 2789 στους
2346 2728 2439 2781 καὶ
2468 2729 2765 2796 ἀνδρείους,
2799 2730 2895 2783 καὶ
2919 2730 3211 2801 ἐμπειρίαν
3244 2728 3735 2800 μεμελετημένην,

2136 2820 2331 2888 στῆσον
2364 2818 2463 2888 μὲν
2495 2821 2597 2890 τὴν
2621 2822 2913 2889 πρατειάν
2948 2823 3005 2874 ὲν
3034 2821 3223 2891 κόσμῳ
3256 2822 3349 2873 καὶ
3382 2818 3739 2874 καταστάσει

2138 2911 2281 2983 πρὸς
2316 2912 2526 2981 κόμπον
2553 2927 2569 2945 ο
2598 2912 2885 2983 παράλαϐε
2916 2914 2974 2966 δὲ
3004 2913 3135 2976 τοὺς
3180 2913 3580 2976 κατασκόπους,
3624 2909 3738 2963 καὶ

2130 3000 2335 3070 ταύτην
2365 3000 2636 3069 ἐπίδειξον
2657 3004 2859 3066 αὐτοῖς.
2896 3003 3048 3072 Τάχα
3083 3003 3163 3066 δὲ,
3198 3002 3246 3055 ει
3288 3000 3450 3055 τοῦτο
3480 3002 3732 3071 ποιήσας

449 3098 605 3153 bunt.
637 3099 715 3152 Ac
742 3114 885 3167 saepe
911 3098 1157 3151 omnium
1196 3113 1379 3153 rerum
1417 3101 1701 3166 ‘exoptata
1756 3098 2027 3156 afﬂuentia

2145 3091 2345 3157 ὶθώους
2379 3095 2576 3157 αὐτοὺς
2611 3093 2958 3164 ἀποπέμψεις
2991 3095 3073 3158 εἰς
3121 3094 3249 3158 τοὺς
3297 3094 3479 3159 ἰδίους,
3522 3095 3623 3147 οὐκ
3655 3093 3734 3147 ἂν

448 3191 635 3246 hostes
665 3191 719 3244 in
752 3192 1004 3246 timorem
1034 3192 1278 3261 coniicit,
1306 3192 1770 3261 quemadmodum
1811 3195 1856 3250 si
1901 3196 2035 3251 sub-

449 3280 604 3337 sitliis
630 3281 887 3338 onmlhus
923 3282 1243 3349 destituere,
1275 3296 1528 3353 magnam
1567 3282 1674 3338 illis
1704 3284 2041 3343 alacritatem

450 3371 684 3435 afferret.
768 3396 787 3440 ί

519 3636 645 3693 115.
676 3637 949 3704 Quocirca
970 3638 1015 3692 si
1064 3646 1116 3693 to
1149 3638 1407 3694 meliores
1452 3642 1626 3695 multo
1668 3641 2045 3713 haberejudi-

449 3727 684 3793 caveris,
717 3727 840 3783 illos
872 3728 1093 3783 domum
1133 3729 1285 3784 abire
1314 3731 1625 3799 permittas,
1666 3740 1727 3786 ut
1760 3731 1873 3788 haec
1920 3747 2047 3788 nar-

449 3828 636 3874 rantes
676 3820 1147 3888 perturbationem
1181 3820 1421 3891 aliquam
1459 3821 1715 3879 hostibus
1760 3825 2044 3883 invehant.

455 3906 555 3963 Sin
578 3909 853 3962 deteriore
881 3909 934 3963 in
972 3910 1097 3963 loco
1123 3926 1289 3979 quam
1326 3908 1512 3967 h05tes
1537 3912 1731 3980 fueris,
1767 3914 2047 3971 truciden-

456 4005 573 4062 tur,
607 4011 710 4052 nec
748 3997 1228 4068 pcrmittanturad
1265 4015 1395 4056 suos
1425 4002 1632 4058 redire.

524 4088 646 4144 116.
676 4087 735 4143 Si
786 4088 1087 4158 transfugae
1123 4091 1300 4161 aliqui
1352 4093 1423 4146 ab
1461 4093 1715 4150 hostibus
1748 4097 1815 4151 ad
1847 4105 1899 4153 te
1953 4100 2048 4155 de-

456 4179 708 4243 fecerint,
746 4186 803 4235 et
847 4178 930 4241 vel
964 4189 1183 4251 tempus
1238 4183 1571 4241 incursionis
1620 4187 1702 4240 vel
1739 4187 1879 4241 viam
1918 4202 2047 4259 pro-

452 4272 680 4326 mittunt
734 4284 796 4326 se
845 4277 1280 4337 monstraturos,
1336 4281 1390 4329 et
1447 4274 1615 4331 duces
1693 4275 1932 4341 futuros,
1994 4288 2049 4335 et

454 4361 631 4417 modis
701 4362 1033 4433 quibusdam
1093 4364 1237 4419 haud
1306 4366 1541 4437 cegnitis
1619 4365 1685 4423 ad
1746 4371 2047 4426 exercitum

2150 3186 2498 3256 ἁμαρτήσῃς.
2528 3188 2638 3239 Καὶ
2665 3189 2771 3259 γὰρ
2800 3187 3149 3252 ἀπελθόντες,
3172 3187 3315 3260 άπερ
3359 3183 3519 3252 εἶδον,
3545 3187 3693 3256 ἀναγ

2149 3272 2371 3342 γελοῦσι
2398 3274 2510 3339 τοῖς
2535 3276 2704 3339 ἰδίοις.
2742 3276 2824 3331 Τὰ
2865 3280 2965 3349 μὲν
2987 3279 3097 3350 γάρ
3136 3280 3579 3349 πλεονεκτήματα
3603 3278 3723 3331 τῶν

2152 3365 2462 3423 ἀντιπάλων
2498 3369 2954 3442 ἀπαγγελλόμενα
2992 3371 3251 3435 πολλάκις
3298 3370 3593 3441 ἀναγκάζει
3623 3386 3727 3438 φο-

2151 3458 2362 3513 δεῐσθαι
2393 3462 2519 3524 τοὺς
2569 3459 2889 3529 ἀκούοντας,
2926 3462 2994 3516 τὰ
3045 3462 3101 3516 δὲ
3135 3461 3493 3532 ἐλαττώματα
3542 3460 3726 3516 αὐτῶν

2151 3551 2376 3625 θαρρεῖν
2408 3554 2533 3616 τοὺς
2564 3554 3053 3624 ἀντιτεταγμένους
3074 3556 3505 3626 παρεσκεύασεν.

2224 3648 2341 3711 ριε’.
2370 3641 2534 3694 Ὥστε
2569 3645 2615 3695 εἰ
2652 3642 2750 3713 μὲν
2800 3640 3159 3714 ἐλαττώματα
3200 3643 3363 3713 ἔχεις,
3406 3642 3725 3697 ἀπολέσθωο

2152 3749 2253 3787 σαν
2299 3732 2347 3785 οἱ
2376 3731 2735 3788 κατάσκοποι.
2784 3732 2849 3788 Εί
2887 3733 2943 3787 δὲ
2992 3734 3464 3805 πλεονεκτήματα,
3517 3734 3724 3802 μᾶλλον

2150 3821 2513 3886 ἀπολυθέντες
2562 3824 2656 3875 καὶ
2702 3821 3050 3895 διηγούμενοι
3104 3824 3587 3895 τοῖςδὸμοεθνὲσιν
3641 3825 3727 3888 είς

2146 3913 2353 3975 δειλίαν
2377 3913 2572 3979 αὐτοὺς
2599 3917 3041 3989 περιστήσουσιν.

2227 4091 2357 4162 ρις’.
2402 4090 2529 4145 Ἐάν
2570 4093 2627 4145 δὲ
2674 4092 2989 4162 πρόσφυγες
3034 4089 3140 4148 ἀπδ
3194 4092 3307 4147 τῶν
3344 4090 3554 4165 ἐχθρῶν
3587 4087 3727 4167 πρῦς

2154 4182 2216 4235 σὲ
2272 4181 2709 4253 παραγένωνται,
2748 4184 2843 4233 καὶ
2893 4182 2926 4254 ἢ
2967 4180 3115 4251 ὥραν
3160 4182 3284 4234 τινὰ
3322 4180 3641 4243 ἐπιθέσεως,
3692 4182 3727 4252 ἢ

2153 4274 2273 4327 ὁδὸν
2294 4272 2741 4341 ἐπαγγέλλωνται
2772 4269 3094 4336 ὑποδείξειν,
3129 4273 3222 4325 καὶ
3264 4270 3725 4342 προπορεύεσθαι,

2156 4366 2249 4417 καὶ
2283 4364 2371 4418 διὰ
2402 4364 2623 4417 σκοπῶν
2658 4365 2907 4434 ἀοράτων
2954 4364 3049 4416 ἐπὶ
3098 4364 3225 4427 τοὺς
3266 4365 3560 4431 πολεμίους
3612 4363 3732 4415 etc-

455 4454 694 4508 hostium
754 4455 1044 4518 ducturos,
1098 4471 1166 4513 ne
1234 4457 1460 4513 omnino
1512 4459 1707 4516 credas
1746 4460 1879 4529 illis,
1941 4464 2035 4519 sed

2152 4456 2411 4523 αγαγεῖν,
2454 4453 2528 4524 μὴ
2564 4453 2749 4517 ἁπλῶς
2774 4453 3016 4518 πίστευε,
3046 4453 3181 4506 ἀλλὰ
3204 4453 3377 4523 δήσας
3410 4454 3606 4514 αὐτοὺς
3635 4451 3731 4504 οὗ⁹

452 4545 650 4615 ligatos
684 4560 781 4601 eos
804 4544 970 4600 duces
995 4557 1198 4611 tecum,
1226 4548 1557 4618 promittens
1599 4549 1731 4619 illis,
1760 4553 1806 4608 si
1843 4568 2035 4609 verum

454 4635 714 4705 dixerint,
764 4648 817 4693 et
869 4639 936 4693 ad
1004 4639 1238 4695 salutem
1306 4640 1707 4714 victoriamque
1758 4649 2041 4704 exercitus

454 4732 628 4786 nostri
660 4732 844 4811 omnia
878 4731 1130 4796 fecerint,
1170 4748 1229 4788 se
1265 4734 1434 4788 multa
1463 4734 1607 4791 dona
1644 4752 1983 4808 muneraque
2015 4752 2045 4792 a

454 4817 615 4875 nobis
652 4830 1015 4891 recepturos:
1054 4822 1140 4878 sin
1168 4823 1508 4879 mentiantur
1533 4832 1587 4879 et
1617 4826 1953 4897 deceperint,
1994 4838 2048 4884 et

454 4916 508 4969 in
541 4912 848 4984 periculum
868 4915 1143 4983 conjicere
1198 4926 1420 4971 nostros
1466 4916 1760 4985 voluerint,
1804 4920 1897 4974 illo
1928 4922 2048 4991 ipso

456 5017 703 5076 tempore
744 5005 819 5060 ibi
854 5007 907 5059 in
944 5004 1179 5063 vinculis
1208 5007 1370 5063 abiis
1398 5007 1490 5078 qui
1522 5007 1575 5062 in
1608 5010 1909 5078 periculum
1951 5030 2045 5069 ve-

456 5097 638 5151 nerint
671 5096 1025 5153 trucidandos
1060 5114 1200 5154 esse.
1241 5096 1376 5153 Nam
1413 5098 1710 5170 transfuga:
1759 5100 1895 5157 iides
1927 5118 2043 5159 cer-

456 5185 670 5240 tissima
699 5195 801 5252 est,
837 5196 949 5241 tum
997 5188 1170 5245 hostis
1205 5190 1270 5243 ad
1306 5199 1378 5254 te,
1406 5198 1519 5245 tum
1552 5191 1629 5245 tui
1675 5192 1743 5245 ad
1803 5192 2040 5261 hostem,

456 5277 500 5329 si
539 5279 763 5336 minime
790 5282 1054 5351 suiipsius
1093 5284 1216 5337 vitae
1240 5283 1497 5340 dominus
1530 5286 1622 5347 sit,
1652 5286 1743 5340 sed
1788 5296 2032 5357 potesta-

458 5373 567 5419 tem
595 5368 746 5425 illius
777 5371 1033 5437 habeant,
1064 5374 1148 5428 vel
1171 5373 1236 5427 ad
1278 5389 1417 5444 quos
1444 5375 1708 5445 confugit,
1747 5376 1829 5430 vei
1858 5393 1886 5430 a
1918 5380 2034 5447 qui-

458 5452 821 5597 bustaufugit.
861 5462 1037 5533 Atque
1071 5461 1187 5520 iure
1208 5465 1427 5534 quidem
1453 5465 1520 5521 de
1547 5466 1655 5523 illis
1688 5466 1844 5522 nobis
1884 5469 2032 5524 dicta

461 5555 563 5597 sun
590 5558 645 5597 ο.

461 5555 645 5600 sunto.

2145 4562 2252 4610 τως
2283 4547 2404 4614 ἄγε,
2430 4546 2829 4617 παραγγέλλων
2857 4546 3041 4609 αὐτοῖς
3070 4546 3174 4611 ὅτι,
3204 4547 3298 4599 ἐὰν
3327 4544 3728 4615 ἀληθεύσωσιν,

2148 4642 2242 4696 καὶ
2269 4640 2361 4702 ἐπὶ
2388 4642 2631 4714 σωτηρίᾳ
2653 4641 2747 4695 καὶ
2767 4641 2894 4713 νίκῃ
2924 4641 3105 4695 πάντα
3128 4640 3398 4710 ποιήσωσι
3430 4639 3524 4694 τοῦ
3559 4657 3733 4707 στρα-

2148 4733 2437 4806 τεύματος,
2478 4733 2749 4804 ὡφελείας
2779 4734 2875 4788 καὶ
2914 4735 3125 4806 δωρεᾶς
3182 4733 3724 4805 καταξιωθήσονται.

2153 4824 2216 4879 Εἰ
2262 4826 2307 4878 δ’
2366 4826 2755 4895 ἐξαπατήσωσι
2811 4824 2907 4878 καὶ
2945 4824 3256 4895 ψεύσωνται
3288 4828 3369 4888 εἰς
3402 4826 3527 4887 τοὺς
3562 4825 3731 4885 ἰδίους

2152 4917 2439 4988 ὲπιρῤίψαι
2473 4918 2790 4987 βουλόμενοι
2823 4919 2884 4971 τὸ
2924 4918 3265 4989 στράτευμα,
3304 4919 3730 4986 γινωσκέτωσαν

2148 5009 2229 5063 δτι
2253 5010 2385 5079 παρ’
2416 5010 2579 5062 αὑτὸν
2609 5011 2819 5063 ἐκεῖνον
2859 5008 2950 5061 τὸν
2981 5009 3172 5079 καιρὸν
3201 5010 3355 5071 ὄντες
3382 5011 3439 5062 ὲν
3478 5010 3725 5077 δεσμοῖς,

2149 5100 2253 5154 ὑπὸ
2274 5100 2383 5154 τῶν
2411 5102 2831 5154 κινδυνευόντων
2874 5103 3417 5169 κατασφαγήσονται.
3463 5101 3572 5153 Καὶ
3616 5100 3728 5168 γὰρ

2150 5192 2464 5263 προσφύγου
2515 5193 2697 5255 πίστις
2747 5191 3093 5261 βεϐαιοτάτη.
3127 5193 3235 5245 εἴτε
3297 5193 3557 5261 πολεμίου
3590 5192 3728 5260 πρὸς

2150 5285 2228 5350 σὲ,
2259 5285 2369 5339 εἶτε
2419 5284 2526 5336 ἀπὸ
2550 5282 2642 5335 σοῦ
2680 5285 2817 5352 πρὸς
2846 5285 2973 5347 τοὺς
2999 5284 3314 5352 πολεμίους,
3344 5284 3406 5335 τὸ
3435 5284 3532 5352 μὲν
3588 5278 3723 5335 εἶναι

2143 5375 2308 5429 αὐτὸν
2340 5374 2531 5445 κύριον
2569 5376 2668 5445 τῆς
2714 5376 2850 5439 ἰδίας
2878 5375 3077 5445 ψυχῆς,
3114 5374 3249 5428 ἀλλά
3304 5375 3432 5437 τοὺς
3487 5374 3725 5443 ἡγουμέ-

2142 5483 2265 5529 νους
2308 5467 2523 5536 αὐτοὺς,
2560 5468 2593 5540 ἢ
2653 5468 2713 5521 ἐν
2746 5466 2828 5531 οἷς
2883 5467 3228 5540 προσέφυγεν
3256 5514 3271 5537 ⁷
3329 5468 3359 5541 ἢ
3396 5468 3454 5532 ἐξ
3501 5462 3577 5524 ὧν
3627 5469 3727 5522 ἀπ-

2149 5562 2371 5629 ἔφυγεν.

1982 5651 2212 5710 ΝΟΤᾸΞ.

540 5726 655 5808 (55)
703 5728 797 5789 Ἐκ
832 5735 1070 5791 τούτων.
1105 5735 1479 5809 Scribebatur,
1510 5742 1565 5794 ὲν
1602 5739 1825 5797 τούτων.
