4052 6216
415 2551 426 2560 ι
496 2532 623 2573 esse
655 2518 954 2583 invenitur,
989 2532 1114 2572 cum
1153 2516 1368 2588 seipsas
1409 2532 1518 2572 non
1545 2517 1774 2585 pellant.

493 395 602 458 947
1322 400 1325 402 ’
1763 389 2034 452 LEONIS
2071 385 2530 450 PHILOSOPHI
3671 388 3806 455 948

567 513 620 564 7.
654 507 774 562 Alia
807 507 979 578 forma
1005 515 1108 570 est,
1139 505 1362 576 quando
1391 504 1446 559 in
1482 504 1598 560 acie
1624 519 1882 561 cursores
1903 515 1958 560 et
1983 506 2081 560 de-

2259 502 2323 569 ζ¹.
2370 503 2435 556 Ἦ
2479 504 2537 556 δὲ
2589 501 2723 573 άλλη
2770 502 2889 556 ἐστὶ
2941 503 3272 573 παράταξις,
3331 506 3459 559 ὅταν
3503 505 3599 558 ἐπὶ
3645 508 3806 575 μιᾶς

495 603 743 658 fensores
775 603 1123 656 instruuntur
1175 616 1190 653 :
1239 615 1477 668 cumque
1523 599 1604 652 hac
1658 607 1841 669 partes
1895 599 2086 654 divisa:

2205 596 2394 664 τάξεως
2432 597 2737 650 τάσσωνται
2779 596 2883 649 ὑπὸ
2928 595 3246 668 κούρσωρας
3278 597 3371 649 καὶ
3412 597 3800 667 διφένσωρας,

492 695 756 748 ducentos
797 697 892 744 aut
944 690 1377 758 quadringentos
1405 690 1745 756 contineant,
1803 689 1964 759 longo
1997 688 2084 742 in-

2205 688 2525 762 ῑιῃρημένας
2578 688 2635 741 δὲ
2679 689 2798 752 τὰς.
2821 687 3016 760 μοίρας
3052 687 3162 741 ἀπὸ
3196 686 3262 753 c’,
3303 689 3335 760 ἢ
3373 687 3438 752 υ’,
3482 689 3621 742 πολὺ
3680 689 3803 743 ἁλ-

491 782 725 838 tervallo
756 795 787 834 a
812 796 872 836 se
898 780 1125 843 distent,
1155 788 1210 833 et
1235 780 1381 836 inter
1409 779 1736 836 movendum
1769 781 1912 836 velut
1943 779 2085 835 facto

2205 781 2364 849 ιήλων
2399 779 2823 844 άποδιεστώσας,
2877 780 2972 832 καὶ
3019 781 3076 832 ὲν
3122 783 3188 851 τῇ
3220 781 3429 850 κινήσει
3479 781 3804 852 συνελασίᾳ

491 871 707 942 agmine
739 885 996 926 cursores
1022 870 1087 924 ad
1122 870 1494 940 insequendos
1514 871 1654 925 alios
1685 882 1901 936 exeant,
1924 872 2084 928 dein-

2205 872 2292 926 τῶν
2315 872 2643 942 κουρσώρων
2696 871 3069 941 ἐξερχομένων
3109 873 3189 934 είς
3239 871 3565 937 καταδίωξιν
3591 916 3608 936 ,
3654 869 3803 928 εἶτα.

490 967 559 1022 de
591 965 838 1030 redeant,
893 966 1167 1020 interdum
1215 964 1436 1035 quidem
1468 981 1563 1034 per
1608 973 1916 1034 Opportuna
1967 966 2082 1021 loca

2205 965 2666 1033 lmozpecpévtwv,
2717 963 2806 1016 ὁτὲ
2850 964 2948 1034 μὲν
2997 965 3076 1026 είς
3127 963 3195 1016 τά
3235 963 3602 1034 διαλείμματα
3654 968 3798 1035 ἦτοι

489 1076 557 1115 eo
589 1059 920 1121 dilabantur.
948 1066 1002 1114 et
1030 1059 1194 1114 simul
1225 1073 1348 1112 cum
1379 1055 1766 1112 defensoribus
1789 1057 2081 1111 adversum

2205 1051 2266 1112 ;ἰς
2297 1051 2364 1103 τά
2389 1049 2629 1120 εὔκαιρα
2669 1050 2844 1121 χωρία
2881 1051 3063 1114 αὐτοῖς
3098 1051 3496 1116 ἐξελίσσεσθαι,
3533 1055 3632 1107 καὶ
3658 1055 3800 1123 ἄμα

493 1152 685 1208 hostes
736 1151 1056 1221 procedant,
1104 1149 1378 1205 interdum
1423 1165 1519 1218 per
1555 1154 1743 1204 eadem
1778 1150 1955 1216 spatia
1989 1166 2079 1203 re-

2205 1141 2292 1194 τῶν
2319 1143 2670 1213 διφενσώρων
2717 1144 2914 1213 χωρεῖς
2944 1144 3088 1196 κατὰ
3125 1145 3234 1196 τῶν
3287 1145 3517 1214 ἐχθρῶν,
3552 1146 3690 1199 ποτὲ
3726 1146 3799 1198 δὲ

491 1244 676 1307 deant,
717 1253 772 1297 et
820 1244 874 1296 in
909 1242 1170 1296 extremis
1217 1241 1331 1296 oris
1373 1242 1604 1296 duarum
1647 1240 1881 1309 partium
1918 1238 2081 1292 iidem

2205 1233 2635 1303 Snootps'rpovra;
2663 1233 2732 1287 δι’
2765 1234 2944 1286 αὐτῶν
2979 1233 3087 1286 τῶν
3108 1234 3496 1304 διαστημάτων
3521 1236 3787 1307 ἀπέρχει

491 1345 793 1407 appareant
813 1338 905 1407 qui
936 1344 1063 1391 ante
1093 1335 1148 1390 in
1184 1335 1292 1390 illis
1324 1335 1759 1390 collocabantur.

2205 1325 2332 1390 ιθαι,
2373 1327 2470 1379 καὶ
2523 1327 2618 1379 ἐπὶ
2641 1325 2712 1379 τά
2757 1325 2902 1394 ἄκρα
2931 1325 3025 1379 τοῦ
3056 1326 3260 1397 μέρους
3307 1327 3618 1396 φαίνεσθαι,
3647 1328 3797 1390 τοὺς

2185 1419 2251 1471 ὲκ
2282 1417 2391 1470 τῶν
2413 1417 2505 1470 δύο
2537 1417 2718 1487 μερῶν
2747 1417 3065 1488 κούρσωρας
3094 1417 3327 1471 ἕκαστον
3359 1419 3431 1482 ὡς
3457 1419 3684 1488 ἐτάχθη.

2253 1508 2324 1580 η’.
2372 1509 2435 1562 ’Π
2465 1511 2522 1563 δὲ
2558 1510 2720 1579 ἑτέρα
2754 1508 3072 1580 ςπαράταξίς
3116 1510 3289 1573 ἐστιν,
3342 1511 3477 1564 ὅταν
3503 1513 3595 1564 ἐπὶ
3644 1513 3796 1582 μιᾶς

2186 1599 2542 1671 παρατάξεως
2575 1599 2908 1663 τάσσωνται,
2940 1599 3036 1652 καὶ
3069 1600 3102 1670 ἡ
3137 1599 3238 1668 μὲν
3293 1601 3436 1670 μέση
3479 1603 3644 1670 μοῖρα
3698 1604 3796 1662 εἰς

2184 1693 2523 1762 διφένσωρας
2551 1692 2784 1759 γίνεται,
2818 1694 2874 1746 αί
2901 1692 2958 1745 δὲ
2997 1691 3344 1762 ἑκατέρωθεν
3379 1693 3550 1762 αὐτῆς
3587 1695 3796 1762 μοῖραι

2185 1781 2264 1844 είς
2314 1778 2654 1850 κούρσωρας,
2689 1776 2805 1834 εἶτα
2862 1780 2964 1850 τῆς
3019 1781 3240 1844 ὲλασίας
3270 1780 3346 1844 ὡς
3379 1784 3457 1844 είς
3498 1783 3799 1848 ὲπιδίωξιν

2186 1872 2499 1942 γινομένης,
2546 1873 2580 1942 ή
2623 1871 2721 1936 μὲν
2758 1872 2896 1942 μέση
2931 1875 3095 1944 μοῖρα
3127 1875 3184 1926 ἐν
3222 1873 3373 1940 τάξει
3414 1875 3799 1932 ἐπακολουθεῖ

2185 1966 2259 2027 ὡς
2279 1964 2629 2033 διφένσωρες,
2649 1965 2703 2015 αἱ
2723 1965 2777 2017 δὲ
2797 1965 3136 2035 ἑκατέρωθεν
3156 1969 3339 2037 μοῖραι
3365 1967 3440 2029 ὡς
3463 1967 3797 2039 κούρσωρες

2186 2057 2514 2127 εξέρχονται.
2545 2051 2674 2110 Εἶτα
2702 2057 2762 2108 ὲν
2785 2055 2862 2126 τῷ
2894 2056 3259 2126 ὑποστρέφειν
3294 2059 3327 2127 ἡ
3362 2058 3461 2126 μὲν
3483 2058 3584 2128 μία
3613 2061 3798 2130 μοῖρα

2189 2151 2363 2221 μένει,
2422 2152 2538 2221 ἦτοι
2587 2150 2917 2221 ὲμὸραδύνει
2974 2150 3100 2217 ἔξω,
3133 2152 3168 2221 ἡ
3212 2152 3270 2206 δὲ
3308 2151 3442 2224 άλλη
3484 2154 3794 2225 συνελασίεξ⁵

2187 2242 2522 2313 ὑποστρέφει
2557 2243 2634 2306 ὡς
2672 2242 2766 2295 ἐπὶ
2809 2243 2935 2306 τοὺς
2977 2243 3338 2313 διφένσωρας,
3373 2245 3468 2298 καὶ
3506 2246 3671 2300 πάλιν
3697 2243 3806 2300 au?

2187 2333 2336 2388 νοῦσι
2359 2334 2456 2404 τῆς
2488 2334 2867 2404 ἀπομεινόωης
2898 2334 2974 2397 ὡς
3009 2334 3144 2405 πρὸς
3174 2335 3303 2399 τοὺς
3324 2335 3665 2409 διφένσωρας
3690 2353 3709 2368 ⁶
3754 2341 3794 2408 ἡ

2188 2425 2322 2493 ἄλλη
2373 2423 2447 2486 ὡς
2498 2425 2578 2485 εις
2631 2423 2937 2493 ἀπάντησιν
2989 2423 3260 2494 τρέχουσα
3307 2425 3375 2478 δι’
3414 2425 3534 2490 ἑνὸς
3577 2427 3793 2498 μέρους

562 1509 616 1564 8.
665 1509 784 1564 Alia
825 1508 1001 1564 forma
1057 1516 1164 1572 est,
1205 1509 1428 1579 quando
1473 1524 1579 1562 una
1630 1507 1878 1577 quzedam
1933 1506 2082 1560 acies

493 1602 810 1668 instruitur,
856 1611 910 1657 et
947 1602 1125 1656 media
1186 1617 1315 1672 pars
1356 1601 1410 1654 in
1466 1600 1806 1665 defensores,
1859 1600 2083 1669 reliquae

494 1705 678 1764 partes
721 1695 777 1748 in
821 1709 1080 1748 cursores
1124 1691 1536 1748 conferuntur:
1576 1692 1776 1748 deinde
1823 1692 2082 1747 excursio

492 1784 743 1852 qua-dam
779 1784 936 1848 quasi
977 1783 1042 1836 ad
1079 1782 1452 1853 insequendos
1482 1783 1619 1837 alios
1652 1783 1765 1847 ﬁat,
1801 1791 1856 1836 et
1904 1782 2079 1836 media

494 1891 621 1944 pars
652 1876 810 1944 quasi
843 1874 1162 1932 defensores
1195 1886 1592 1946 consequatur,
1640 1875 1865 1945 reliquae
1896 1881 2081 1943 partes

495 1969 754 2036 utrinque
794 1967 955 2036 quasi
1003 1983 1263 2023 cursores
1306 1974 1527 2029 exeant,
1563 1973 1679 2020 tum
1713 1966 1765 2020 in
1803 1964 2082 2020 redeundo

496 2075 603 2112 una
653 2074 780 2130 pars
817 2068 1112 2114 Cunctator
1137 2102 1152 2126 ,
1186 2069 1241 2115 et
1276 2059 1457 2114 tardat
1504 2058 1666 2126 foris,
1708 2060 1881 2112 altera
1925 2058 2082 2129 quasi

497 2154 641 2206 facto
664 2154 878 2222 agmine
908 2154 1054 2209 cedit
1096 2153 1163 2208 ad
1191 2153 1534 2216 defensores,
1578 2161 1631 2206 et
1665 2167 1865 2207 cursus
1903 2165 2086 2221 proce-

494 2245 658 2300 dente
683 2244 795 2314 jam
824 2259 886 2298 ea
913 2259 1035 2315 quae
1060 2244 1313 2300 constitit
1347 2244 1669 2300 defensores
1698 2259 1911 2306 versus,
1951 2243 2086 2296 alte-

495 2351 556 2389 ra
612 2335 665 2389 in
712 2350 1004 2390 occursum
1055 2335 1204 2390 illius
1250 2351 1484 2390 currens
1526 2350 1623 2404 per
1663 2349 1824 2387 unam
1875 2341 2084 2402 partem

497 2426 716 2494 transit,
749 2434 912 2495 atque
941 2427 1043 2482 hoc
1072 2429 1236 2481 modo
1272 2441 1378 2481 una
1411 2441 1538 2495 pars
1575 2425 1730 2479 alteri
1761 2441 1826 2478 ex
1852 2424 2086 2478 adverso

2117 1845 2157 1898 Β

2192 2516 2506 2587 ἐπέρχεται,
2535 2513 2735 2584 καὶτῷ
2768 2514 2955 2587 τρόπῳ
2981 2514 3155 2586 τούτῳ
3191 2517 3291 2586 μία
3317 2519 3574 2589 παραμία
3611 2523 3788 2591 μοῖρα

2188 2606 2592 2675 ἀντιπρόσωποι
2615 2605 2861 2678 ἀλλήλων
2885 2605 3256 2678 εὑρίσκονται,
3299 2611 3375 2679 μὴ
3406 2611 3782 2680 ὲγκρούουσαι

2191 2699 2435 2760 ἑαυταῖς.

567 2785 620 2840 9.
651 2785 769 2839 Alia
793 2787 1043 2854 quzedam
1071 2783 1242 2841 forma
1262 2792 1346 2840 est
1378 2783 1506 2838 huic
1532 2782 1758 2837 omnino
1784 2780 2087 2842 contraria,

2205 2715 2435 2760 εαυταις.

2263 2786 2328 2842 θ’.
2364 2789 2552 2840 Ἔστιν
2597 2787 2655 2840 δὲ
2707 2787 2803 2841 καὶ
2853 2787 2989 2858 άλλη
3024 2790 3390 2862 ὁμοιότροπος
3421 2792 3589 2864 αὐτῆς
3611 2793 3690 2857 είς
3723 2795 3794 2848 τὸ

500 2893 620 2947 quae
677 2879 910 2932 mediam
982 2887 1193 2947 partem
1256 2891 1514 2932 cursores
1579 2873 1787 2940 habet,
1853 2873 2091 2942 reliquas

2205 2880 2436 2935 ἐναντίον
2461 2881 2797 2952 τασσομένη,
2860 2881 3106 2936 τουτέσιν
3129 2883 3227 2954 τὴν
3259 2884 3358 2952 μὲν
3391 2886 3560 2955 μέσην
3586 2889 3792 2956 ea?”

503 2972 761 3041 utrinque
790 2979 974 3041 partes
1007 2971 1074 3024 ad
1119 2969 1442 3026 defensores
1477 2966 1711 3023 confert.

572 3151 658 3207 10.
683 3149 957 3206 Consueta
983 3149 1100 3204 hzee
1133 3147 1395 3202 Romanis
1436 3146 1583 3200 acies
1614 3144 1878 3198 adversus
1904 3155 2094 3195 omnes
2121 3187 2165 3244 ϐ

503 3246 757 3301 nationes
810 3243 960 3298 utilis
1007 3252 1060 3297 et
1122 3239 1413 3296 commoda
1460 3253 1584 3293 esse
1618 3235 1830 3290 videtur
1873 3231 2096 3303 quando

505 3339 654 3393 acies
713 3338 766 3391 in
830 3343 1268 3406 propugnatores
1317 3344 1370 3387 et
1421 3329 1824 3391 subsidiarios,
1871 3327 1923 3380 id
1984 3335 2092 3390 est,

506 3445 762 3485 cursores
805 3437 860 3484 et
887 3428 1228 3491 defensores,
1263 3427 1562 3488 lateranos,
1595 3420 1935 3482 cornistites,
1978 3423 2096 3471 ter-

509 3523 745 3590 gistites,
777 3529 832 3577 et
865 3519 1095 3576 insidias
1121 3517 1406 3583 dividitur,
1440 3511 1900 3588 quemadmodum
1929 3521 2098 3578 supra

509 3629 541 3670 ὃ
569 3629 657 3670 me
678 3624 1171 3670 commemoratum
1205 3621 1311 3669 εει.

584 3797 672 3850 Η.
707 3794 798 3850 llae
847 3795 1275 3852 exercitationes
1318 3793 1398 3849 sic
1450 3790 1822 3862 suscipienda:
1859 3798 2010 3855 sunt,
2047 3798 2103 3844 ut

511 3904 584 3943 ne
611 3888 860 3943 hostibus
889 3897 1032 3942 nota:
1069 3897 1484 3956 pervagatarquc
1515 3885 1669 3939 liant.
1719 3883 1900 3938 Prima
1940 3882 2108 3953 igitur

511 3977 665 4032 acies
702 3977 996 4038 instructa.
1033 3976 1328 4032 secundam
1367 3976 1528 4030 simul
1573 3990 1759 4031 secum
1788 3975 1962 4030 aciem
1996 3989 2105 4028 non

517 4069 737 4134 habeat,
775 4068 871 4124 sed
901 4073 1142 4140 seipsam
1174 4069 1372 4134 solam,
1404 4068 1525 4122 sine
1559 4067 1824 4122 laterariis
1844 4076 1896 4120 et
1918 4063 2104 4119 corni-

516 4161 763 4227 stitibus,
791 4162 910 4217 sine
937 4161 1302 4230 terglstitibus
1335 4169 1389 4213 et
1440 4159 1678 4222 insidiis,
1727 4173 1850 4228 quae
1889 4155 2104 4212 exerci-

514 4255 654 4308 tatio
704 4255 942 4309 maxime
980 4254 1209 4324 simplex
1257 4265 1313 4308 et
1363 4253 1674 4308 necessaria
1730 4252 1996 4305 videtur:
2049 4255 2106 4304 ct

518 4349 639 4403 vice
685 4350 938 4405 secundae
976 4349 1139 4414 aciei,
1193 4349 1543 4404 mediocriter
1593 4346 1885 4402 intervallo
1936 4345 2105 4398 inter-

513 4441 684 4510 iecto.
722 4457 926 4512 paucos
955 4444 1223 4513 quosdam
1255 4442 1471 4512 equites
1503 4456 1532 4495 a
1571 4448 1726 4511 tergo
1768 4438 2104 4494 constitutos

522 4533 779 4599 habeant,
839 4533 907 4587 ad
935 4549 1077 4604 quos
1127 4551 1187 4589 se
1236 4535 1480 4602 recipere
1534 4533 1775 4588 discant.
1835 4529 2102 4584 Similiter

462 4655 480 4663 κ
521 4626 816 4696 separatim
843 4625 1142 4683 secundam
1170 4627 1342 4681 aciem
1370 4627 1627 4691 instrnes,
1651 4633 1707 4679 et
1743 4638 1950 4694 paucos
1977 4628 2104 4676 ante

523 4720 733 4788 equites
759 4720 1082 4783 collocabis,
1133 4730 1192 4775 ut
1228 4721 1407 4776 discat
1437 4719 1676 4775 secunda
1714 4717 1862 4772 acies
1896 4730 1992 4770 eos
2021 4713 2106 4766 fu-

521 4811 736 4880 gientes
766 4812 960 4868 idonee
985 4814 1248 4882 recipere.

2193 2971 2517 3044 κούρσωρας
2567 2972 2787 3040 ἔχουσα,
2841 2972 2940 3036 τὰς
2970 2973 3027 3026 δὲ
3069 2974 3416 3044 ἑκατέρωθεν
3466 2976 3558 3030 δύο
3585 2979 3792 3048 μοίρας

2194 3064 2556 3133 διιρένσωρας,
2589 3066 2646 3116 ὲν
2674 3065 2796 3126 ταῖς
2830 3062 3151 3135 εἰρημέναις
3181 3067 3482 3134 κινήσεσιν.

2273 3150 2324 3206 ι’.
2360 3151 2427 3204 'H
2459 3150 2644 3220 μέντοι
2678 3152 2914 3220 συνήθης
2949 3151 3244 3222 Ῥωμαίοις
3271 3153 3422 3219 τάξις
3458 3145 3551 3210 καὶ
3574 3174 3791 3227 γυμνα-

2203 3243 2294 3297 σία
2321 3242 2462 3314 αὕτη
2511 3244 2648 3314 πρὸς
2682 3246 2790 3296 πᾶν
2815 3242 2967 3308 ἔθνος
3009 3244 3291 3315 ἐπιτηδεία
3320 3248 3453 3317 ἡμῖν
3484 3250 3736 3318 φαίνεται
3771 3267 3788 3282 ’

2202 3336 2479 3390 τουτέστιν
2529 3336 2658 3388 ὅταν
2699 3336 2778 3398 είς
2820 3333 2913 3388 δύο
2966 3334 3149 3400 τάξεις
3205 3338 3286 3399 είς
3323 3339 3633 3409 προμάχους
3684 3345 3794 3396 καὶ.

2207 3427 2433 3498 βοηθοὺς
2475 3426 2732 3480 τάσσεται
2762 3425 2866 3478 ὑπὸ
2890 3426 3233 3498 κούρσωρας,
3281 3431 3377 3482 καὶ
3412 3431 3789 3504 διφένσωρας,

2206 3521 2298 3574 καὶ
2327 3519 2774 3588 πλαγιοφύλακάς
2818 3535 2878 3571 τε
2919 3520 3013 3573 καὶ
3057 3521 3512 3592 ὑπερκεράστας,
3553 3527 3648 3579 καὶ
3701 3528 3796 3579 ἐν-

2205 3611 2413 3682 ἐδρους,
2447 3611 2540 3664 καὶ
2567 3609 2979 3680 νωτοφύλακας,
3011 3611 3154 3665 κατά
3191 3613 3282 3667 τὸν
3308 3615 3499 3687 πρώην
3531 3616 3796 3688 λεχθέντα

2207 3704 2338 3774 ἡμῖν
2365 3721 2392 3755 τ
2404 3704 2588 3774 ρόπον,

2281 3793 2371 3848 ια’.
2401 3794 2520 3866 Χρὴ
2557 3791 2650 3848 οὗν
2675 3797 2708 3866 ἢ
2733 3797 2830 3862 τὰς
2861 3796 3158 3869 εἰρημένας
3184 3797 3450 3868 διαφορὰς
3473 3799 3582 3852 τῶν
3610 3819 3793 3872 παρα-

2208 3883 2413 3950 τάξεων
2451 3885 2651 3950 ἐθίζειν
2675 3887 2766 3940 τὸν
2793 3889 3044 3959 στρατὸν,
3081 3890 3165 3943 ἵνα
3209 3891 3287 3962 μὴ
3322 3891 3795 3965 πουόλικίζεταιή

2207 3976 2632 4049 ἀναγκαιοτέρα,
2659 3977 2692 4048 ἢ
2729 3979 2832 4048 τῆς
2866 3979 3092 4051 πρώτης
3119 3981 3323 4048 τάξεως
3352 3984 3794 4054 γυμναζομένης,

2189 4063 2306 4138 ’τὴν
2350 4067 2606 4139 δευτέραν
2649 4068 2802 4135 τάξιν
2852 4071 2928 4142 μὴ
2983 4073 3169 4144 φέρειν
3223 4074 3364 4143 μετὰ
3411 4075 3604 4144 αὐτῆς,
3654 4076 3794 4130 ἀλλὰ

2211 4161 2379 4232 μόνην
2413 4162 2510 4233 τὴν
2539 4161 2764 4232 πρώτην
2788 4162 2918 4216 ἄνευ
2946 4163 3404 4232 πλαγιοφυλάκων
3433 4167 3527 4219 καὶ
3559 4167 3794 4238 ὑπερκε-

2211 4253 2422 4323 ραστῶν
2468 4253 2715 4322 δηλονότι
2771 4255 2864 4308 καὶ
2925 4256 3158 4326 ὲνέδρων
3218 4257 3314 4310 καὶ
3374 4260 3794 4327 νωτοφυλάκων,

2206 4345 2344 4414 ὅπερ
2394 4343 2555 4398 πλέον
2604 4347 2734 4416 ἡμῖν
2791 4345 3162 4416 ἁπλούστερον
3227 4348 3319 4399 καὶ
3369 4348 3797 4418 ἀναγκαιότερον

2209 4435 2482 4504 φαίνεται,
2531 4434 2668 4488 ἀλλὰ
2710 4436 2834 4489 τότε
2879 4437 3001 4489 ἀντί
3036 4439 3136 4506 τῆς
3167 4436 3422 4505 δευτέρας
3449 4439 3657 4506 τάξεως
3691 4441 3798 4492 ὀλί-

2210 4543 2340 4595 γους
2391 4526 2792 4600 καὸαλλαρίους
2837 4530 3194 4598 σχηματικῶς
3230 4529 3454 4582 ὄπισθεν
3487 4532 3661 4600 ίστᾷν,
3714 4533 3798 4584 ἴνα

2213 4623 2349 4692 πρὸς
2386 4622 2448 4674 τὸ
2487 4621 2761 4690 διάστημα
2791 4622 2967 4674 έκεῖνο
3005 4620 3295 4685 ἐθίζωνται
3341 4622 3710 4691 προσφεύγειν
3751 4625 3798 4676 oi

2211 4717 2312 4784 τῆς
2344 4711 2568 4782 πρώτης
2603 4710 2823 4774 τάξεως.
2868 4710 3102 4780 Ὁμοίως
3127 4711 3183 4762 δὲ
3211 4710 3337 4781 ,ἰδίᾳ
3367 4711 3462 4763 καὶ
3491 4711 3590 4781 τὴν
3616 4711 3798 4764 δευτέ-

2217 4821 2317 4874 ραν
2349 4801 2503 4866 τάξιν
2530 4799 2832 4870 γυμνάζεις
2870 4801 2965 4854 καὶ
3003 4799 3218 4866 ὀλίγους
3251 4801 3307 4852 ἐν
3344 4799 3495 4864 τάξει
3524 4801 3625 4869 τῆς
3649 4799 3798 4872 πρώ-

523 4921 625 4974 της
657 4903 866 4971 τάξεως
914 4907 1090 4968 ποιεῖς
1143 4905 1262 4975 ἦτοι
1299 4902 1652 4974 προτάσσεις,
1684 4901 1770 4955 ἵνα
1816 4901 2062 4971 ἐθίζηται
2101 4901 2134 4970 ἡ
2163 4896 2391 4966 δευτέρα
2420 4893 2680 4957 ὡσαύτως
2708 4893 2837 4956 τοὺς
2876 4892 2973 4962 τῆς
3004 4891 3228 4962 πρώτης
3256 4890 3462 4954 τάξεως
3524 4891 3802 4961 καταφεύ-

525 5012 720 5064 γοντας
753 4998 833 5060 είς
861 4997 1059 5060 αὐτοὺς
1095 4996 1368 5066 δέχεσθαι.

600 5089 687 5143 12.
738 5088 978 5145 Possunt
1021 5090 1186 5146 etiam
1232 5088 1463 5143 laterani
1504 5095 1560 5144 et
1598 5088 1916 5144 cornistites
1949 5104 2103 5145 suam

529 5182 825 5252 quamdam
872 5191 1000 5238 ante
1051 5183 1254 5238 bellum
1299 5182 1500 5238 habere
1543 5181 2014 5247 exercitationem,
2050 5190 2110 5236 ut

533 5276 639 5332 hoc
685 5276 848 5332 modo
900 5277 1194 5331 universus
1248 5274 1522 5331 exercitus
1569 5289 1761 5330 omnes
1817 5274 1886 5329 ad
1932 5282 2114 5329 niotus

537 5368 799 5424 assueliat
837 5385 852 5422 :
892 5368 946 5421 bi
997 5375 1178 5421 tamen
1225 5367 1450 5421 minime
1491 5367 1743 5421 hostibus
1780 5375 1874 5420 aut
1900 5365 2116 5422 caeteris

542 5461 717 5527 palam
747 5459 900 5513 fiant.
928 5457 1040 5513 Hoc
1073 5459 1184 5524 Iiet,
1209 5457 1254 5511 si
1283 5457 1626 5519 cornistites,
1651 5455 1707 5511 id
1731 5464 1837 5520 est,
1871 5456 1962 5526 qui
1995 5455 2119 5510 dex-

543 5560 681 5604 tram
732 5550 785 5604 in
833 5558 1040 5620 partem
1089 5548 1155 5603 ad
1186 5548 1694 5604 circumcludendos
1741 5549 1925 5603 hostes
1958 5547 2131 5602 collo-

543 5648 765 5705 cantur,
796 5642 912 5696 sive
944 5641 1137 5695 dextro
1170 5655 1344 5695 cornu
1394 5641 1536 5694 clam
1583 5646 1985 5710 supponantur,
2016 5638 2129 5692 sive

551 5748 581 5786 a
613 5730 784 5783 latere
811 5730 1091 5798 aequaliter
1120 5745 1243 5783 cum
1278 5728 1454 5785 fronte
1476 5729 1612 5784 aciei
1643 5730 2008 5792 instruantur,
2035 5726 2128 5780 ubi

551 5819 774 5874 occasio
809 5833 979 5873 cornu
1027 5818 1347 5873 transeundi
1406 5819 1472 5874 ad
1529 5820 1890 5875 ineludeudos
1943 5818 2130 5875 hostes

2289 5077 2376 5151 ιβ’.
2409 5076 2646 5131 Δυνατὺν
2679 5075 2736 5129 δὲ
2771 5074 2918 5138 ίδίως
2957 5074 3054 5128 καὶ
3088 5074 3213 5137 τοὺς
3241 5072 3689 5142 πλαγιοφύλακας
3712 5079 3802 5130 καὶ

2213 5174 2340 5234 τοὺς
2381 5168 2798 5238 ὑπερκεράστας
2846 5165 2945 5237 τὴν
2997 5166 3134 5219 ίδίαν
3173 5167 3327 5229 τάξιν
3364 5166 3458 5218 καὶ
3498 5166 3805 5236 γυμνασίαν

2219 5263 2328 5334 πρὸ
2353 5261 2446 5314 τοῦ
2485 5260 2722 5329 πολέμου
2753 5261 2925 5312 ποιεῖν
2955 5274 2969 5289 ο
3003 5259 3090 5311 ἴνα
3117 5257 3213 5310 καὶ
3234 5257 3480 5326 ἐθίζηται
3507 5260 3535 5310 ὁ
3577 5256 3801 5327 στρατὸς

2224 5355 2362 5426 πρδς
2385 5353 2483 5416 τὰς
2521 5350 2788 5420 κινήσεις,
2819 5350 2916 5403 καὶ
2953 5349 3026 5420 μὴ
3058 5347 3514 5413 πουϐλικίζωνται
3553 5349 3632 5411 είς
3681 5348 3805 5407 τοὺς

2224 5445 2451 5518 ἐχθροὺς
2496 5445 2550 5496 αἱ
2589 5441 2872 5512 χρειώδεις
2919 5439 3278 5512 παρατάξεις,
3319 5439 3600 5491 τουτέστιν
3643 5438 3725 5489 ἴνα
3757 5440 3807 5491 oi

2233 5535 2641 5606 ὑπερκεράσται
2686 5533 2853 5602 ἤγουν
2887 5534 2936 5586 οἱ
2969 5533 3061 5585 ἐπὶ
3089 5531 3180 5584 τοῦ
3224 5529 3399 5595 δεξιοῦ
3432 5530 3632 5601 μέρους
3673 5528 3808 5598 πρὸς
3855 5575 3860 5580 .

2229 5630 2330 5698 τὴν
2363 5625 2634 5680 κύκλωσιν
2680 5623 2790 5677 τῶν
2832 5623 3108 5694 πολεμίων
3145 5622 3402 5689 ἑστῶτες,
3441 5621 3550 5673 είτε
3575 5619 3808 5673 ὑποτάσο

2231 5735 2414 5774 σονται
2456 5715 2828 5778 λανθανόντως
2865 5716 2942 5786 τῷ
2968 5714 3127 5786 δεξιῷ
3167 5714 3386 5784 κέρατι,
3425 5712 3535 5766 είτε
3579 5713 3644 5763 ὲκ
3675 5709 3808 5761 πλα-

2230 5812 2349 5885 γίου
2396 5807 2839 5879 παρετάσσονται
2888 5806 3263 5880 καθ-πά)πωῦ
3292 5807 3422 5861 ὅταν
3465 5799 3675 5873 καερδςι
3717 5797 3808 5868 τέ’
