4074 6222
352 420 461 494 9ίῦ

1383 421 1716 486 TACTICA.
1747 449 1817 460 —
1849 419 2359 486 CONSTITUTIO
2397 426 2620 486 XVIII.

3506 429 3614 494 950

351 561 511 615 νηται
532 543 627 614 τῆς
661 540 1103 614 ὑπερκεράσεως,
1129 536 1222 595 ἐπὶ
1246 538 1373 611 δόρυ
1399 541 1686 603 κλίναντας
1707 538 1926 602 αὐτοὺς,

2033 548 2136 602 est,
2171 541 2236 593 ad
2286 541 2499 594 hastam
2528 538 2884 607 declinantes,
2925 537 3121 595 deinde
3148 540 3465 596 universum
3493 559 3618 614 spa-

353 634 473 691 εἶτα
504 636 628 690 ὅσον
649 636 877 689 άπαιτεῖ
912 635 946 703 ἡ
978 633 1137 704 χρεία
1173 631 1454 704 διάστημα
1493 630 1932 703 περιπατοῦντας

353 725 526 790 οῦτως
553 726 634 788 είς
658 723 819 795 ὀρθὸν
863 723 1434 794 άποκαθισταμένους,
1476 726 1646 777 κινεῖν
1676 725 1734 776 ἐν
1761 721 1933 794 τάξει,

355 817 447 870 καὶ
477 815 806 880 σπουδάζειν
847 813 1052 868 ὡσανεὶ
1089 816 1188 884 τὴν
1224 813 1332 868 τῶν
1376 815 1632 870 ἐναντίων
1660 813 1813 878 τάξιν
1841 829 1937 866 πε-

353 905 725 977 ριλαμσάνειν.

425 995 512 1066 ιγ’.
552 997 723 1051 Πάλιν
761 997 819 1050 δέ
851 997 980 1060 τοῦς
1023 998 1475 1068 πλαγιοφύλακας
1501 1001 1628 1065 τούς
1655 1002 1798 1057 κατὰ
1830 1005 1924 1058 τοῦ

352 1087 644 1159 ἀριστεροῦ
679 1089 884 1157 μέρους
917 1089 1284 1159 τασσομένους
1330 1091 1552 1160 ὁμοῗως,
1587 1093 1679 1146 ἐπὶ
1711 1111 1938 1148 σκουτα-

353 1183 481 1253 ρίων
508 1181 808 1246 κλίνοντας,
844 1175 962 1234 εἶτα
991 1181 1114 1234 ὅσον
1153 1182 1429 1252 άπαιτεῐὴ
1466 1184 1625 1254 χρεία
1663 1185 1935 1256 διάστημα

354 1271 794 1342 περιπατοῦντας
819 1270 990 1330 οὓτως
1019 1273 1098 1333 είς
1139 1267 1297 1343 ὀρθὸν
1329 1273 1816 1339 ἀποκαθίστασθαι,
1845 1279 1938 1328 καὶ

355 1363 604 1416 σπεύδειν
635 1361 833 1414 ὡσανεὶ
862 1362 942 1433 τῷ
988 1363 1218 1433 ἐναντίῳ
1258 1363 1446 1434 κέρατι
1477 1364 1584 1417 τῶν
1626 1366 1938 1436 ὐπερκερα-

355 1454 494 1506 στῶν
525 1452 856 1517 ἐξισοῦσθαι.

421 1543 482 1598 ιδ’
489 1586 502 1599 .
539 1543 754 1607 Ταύτας
779 1543 836 1597 δέ
884 1561 968 1598 σοι
1011 1543 1111 1608 τὰς
1134 1540 1401 1616 διαφορὰς
1426 1545 1533 1598 τῶν
1577 1544 1938 1617 παρατάξεων

352 1635 801 1705 ὐπεσημάναμεν,
838 1651 882 1688 ω
913 1634 1208 1707 πρατηγέ,
1238 1635 1328 1687 ἵνα
1356 1635 1414 1686 ἐν
1450 1633 1628 1705 καιρῷ
1654 1633 1938 1702 εὐκαιρίας

349 1725 534 1796 ἐθίζῃς
554 1726 648 1778 καὶ
678 1727 734 1776 ἐν
761 1725 954 1788 αὐταῖς
991 1721 1364 1793 γυμνάζεσθαι
1387 1724 1447 1776 τὸ
1475 1725 1809 1796 στράτευμα,
1843 1725 1938 1778 καὶ

349 1816 493 1886 ἔχειν
523 1816 749 1870 πλείονα
775 1817 1072 1888 ἐμπειρίαν
1093 1817 1191 1887 τῆς
1216 1815 1325 1868 τῶν
1356 1816 1610 1886 πολέμων
1647 1817 1934 1886 τακτικῆς,

349 1907 489 1960 ὥστε
515 1909 606 1961 καὶ
637 1908 694 1961 ἐν
719 1925 828 1961 τισι
852 1907 1122 1971 πολλάκις
1153 1908 1513 1977 περιστάσεσι
1540 1905 1820 1979 χρειώδεις
1851 1924 1934 1961 σοι

348 1999 720 2070 εὑρίσκεσθαι,
757 2000 886 2054 ὅταν
906 1997 1080 2060 οὕτως
1112 2001 1145 2068 ἡ
1174 1999 1333 2069 χρεία
1364 1996 1544 2052 καλεῖ.

420 2088 498 2143 ιε’.
526 2091 638 2144 Καὶ
668 2091 860 2160 ἐτέρας
901 2091 961 2144 δὲ
1001 2090 1294 2160 διαφόρους
1330 2091 1686 2160 παρατάξεις,
1719 2093 1813 2146 καὶ
1833 2092 1934 2145 ὅσα

347 2181 465 2236 δέον
498 2181 768 2254 πράσσειν
818 2198 878 2234 σε
917 2182 1058 2252 ὑπέρ
1094 2199 1156 2234 τε
1196 2181 1288 2234 τοῦ
1328 2182 1531 2235 οίκείου
1570 2182 1801 2252 στρατοῦ
1839 2185 1935 2237 κα.)⁸

346 2271 490 2325 κατὰ
517 2271 625 2325 τῶν
656 2271 952 2342 πολεμίων,
974 2271 1049 2336 ὤς
1078 2271 1134 2324 ἐν
1161 2271 1374 2325 ἐκθέσει
1420 2272 1770 2343 διατάξομεν,
1801 2276 1933 2338 ὅσας

344 2362 453 2415 ἀπὸ
503 2363 777 2434 διαφόρων
826 2363 994 2416 ἐθνῶν
1042 2364 1106 2416 ἐκ
1157 2363 1255 2434 τῆς
1309 2363 1509 2434 πείρας
1569 2364 1828 2435 Ῥωμαῖοι
1877 2367 1935 2419 ἐν

344 2455 542 2520 γνώσει
609 2456 956 2524 παρέλαϐον,
1006 2456 1092 2508 ἵνα
1143 2454 1418 2526 γινώσκῃς
1492 2455 1695 2520 ταύτας
1743 2459 1802 2510 ἐν
1858 2457 1936 2528 τῷ

343 2544 513 2598 δέοντι
545 2545 644 2615 μὲν
669 2545 849 2616 καιρῷ
893 2546 1131 2616 χρῆσθαι
1176 2547 1318 2615 ὑπὲρ
1366 2547 1618 2610 σεαυτοῦ,
1668 2548 1837 2601 ἐνίοτε
1876 2549 1934 2602 δὲ

343 2635 450 2687 τῶν
501 2636 775 2704 πολεμίων
803 2637 993 2699 αὐταῖς
1021 2634 1320 2708 χρωμένων
1356 2635 1498 2706 ὐπέρ
1533 2637 1744 2691 ἑαυτῶν
1782 2639 1935 2692 ἀντι-

346 2727 690 2796 μηχανᾶσθαι
725 2727 848 2780 κατ’
872 2724 1074 2781 αὐτῶν.

415 2824 513 2880 ις’.
549 2817 686 2872 Ἴσθι
731 2817 846 2884 οῦν,
883 2813 926 2872 ὧ
959 2817 1250 2889 πρατηγέ,
1277 2820 1358 2873 ὅτι
1389 2819 1445 2873 οὐ
1481 2818 1640 2890 μόνον
1675 2820 1741 2874 σὺ
1777 2821 1938 2886 αὐτὸς

345 2905 583 2974 ὀφείλεις
604 2901 744 2960 εἶναι
769 2909 1056 2971 σπουδαῖος
1084 2908 1194 2978 (59)
1229 2911 1322 2961 καὶ
1352 2909 1520 2978 φιλῶν
1551 2912 1651 2980 τὴν
1676 2913 1932 2983 πατρίδα,

342 2996 438 3050 καὶ
476 2998 616 3067 ὑπὲρ
645 2999 741 3068 τῆς
775 2998 940 3068 ὀρθῆς
996 2999 1104 3052 τῶν
1141 3000 1482 3067 Χριστιανῶν
1521 3002 1756 3065 πίστεως
1793 3004 1936 3057 ἐτοι-

349 3106 469 3158 μος,
507 3090 556 3141 εί
584 3088 758 3152 οὕτως
808 3089 986 3160 τύχοι,
1033 3091 1128 3144 καὶ
1155 3090 1325 3162 αὐτὴν
1365 3091 1462 3162 τὴν
1491 3090 1669 3160 ψυχὴν
1698 3092 1932 3160 τιθέναι,

2038 632 2174 685 tium
2230 640 2494 700 quantum
2548 632 2850 687 necessitas
2893 634 3135 701 postulat
3181 635 3616 700 inambulantes,

2037 723 2244 776 directe
2290 723 2489 776 iterum
2544 721 2597 775 in
2629 722 2746 776 acie
2781 730 3058 789 moveant,
3089 730 3144 775 ct
3174 723 3413 778 hostium
3444 726 3618 778 aciem

2040 813 2411 868 intercludere
2447 821 2737 867 conentur.

2114 995 2197 1049 15.
2235 991 2446 1047 Rursus
2477 993 2702 1047 laterani
2740 992 2804 1046 ad
2828 992 3125 1048 sinistram
3168 1000 3378 1061 partem
3415 994 3620 1046 instru-

2037 1089 2133 1152 cti,
2159 1096 2213 1141 et
2254 1088 2319 1140 ad
2346 1098 2500 1141 scuta
2533 1087 2894 1146 declinantes,
2923 1095 2975 1139 et
3019 1086 3150 1140 illud
3192 1087 3336 1156 quod
3365 1100 3502 1154 Opus
3536 1095 3620 1140 est

2039 1179 2276 1248 Spatium
2313 1179 2677 1243 ambulantes,
2727 1194 2921 1233 rursus
2956 1179 3163 1234 directe
3213 1179 3529 1249 procedant,
3564 1187 3616 1232 tt

2039 1281 2313 1326 conentur
2343 1272 2693 1326 cornistitum
2727 1270 2956 1326 adverso
2995 1286 3168 1326 cornu
3215 1272 3512 1341 exa’quari.

2109 1538 2194 1595 Μ.
2231 1538 2340 1596 Ilas
2387 1539 2506 1604 tibi,
2537 1540 2856 1610 imperator,
2883 1539 3123 1593 acierum
3157 1541 3494 1595 dill'ereutias
3538 1541 3616 1595 id-

2037 1633 2186 1688 circo
2210 1629 2600 1703 explicuimus,
2635 1639 2693 1684 ιιι
2720 1641 3032 1702 opportuno
3071 1641 3318 1701 tempore
3349 1634 3612 1687 assuciiat

2038 1725 2160 1780 istis
2199 1725 2482 1780 exercitus
2525 1733 2673 1787 tuus,
2711 1731 2765 1778 et
2822 1723 3084 1794 majorem
3137 1725 3456 1779 bellicorum
3499 1743 3616 1779 mo-

2040 1828 2191 1872 tuum
2230 1818 2478 1888 peritiam
2513 1817 2737 1879 habeas,
2778 1825 2835 1869 ut
2865 1817 3050 1871 multis
3095 1819 3422 1871 necessariis
3455 1819 3616 1873 rebus

1969 1883 2010 1938 Β
2040 1924 2182 1974 saepe
2213 1906 2702 1962 circumstantibus
2755 1906 2906 1962 utilis
2935 1907 3130 1961 borum
3166 1923 3299 1963 usus
3341 1908 3613 1962 interdum

2035 1999 2366 2055 inveniatur.

2107 2089 2195 2143 15.
2257 2088 2408 2143 Alias
2443 2097 2626 2142 autem
2659 2088 2909 2142 diversas
2964 2089 3202 2144 acierum
3254 2093 3455 2146 formas
3495 2108 3618 2160 qua:

2035 2179 2133 2233 a'bs
2156 2186 2207 2234 te
2232 2179 2299 2233 ad
2325 2178 2402 2233 tui
2421 2179 2697 2233 exercitus
2719 2180 3141 2248 apparitiouem,
3166 2182 3248 2234 vel
3276 2181 3342 2234 ad
3376 2182 3613 2236 hostium

2036 2271 2501 2342 expugnationem
2531 2272 2894 2341 suscipienda:
2917 2281 3066 2336 sunt,
3101 2273 3197 2327 tibi
3227 2274 3608 2344 esplicuimus,

2036 2377 2174 2434 qius
2211 2378 2242 2416 a
2265 2362 2499 2417 diversis
2536 2363 2850 2418 nationibus
2880 2361 3112 2418 Romani
3159 2366 3226 2419 ad
3260 2382 3416 2421 usum
3452 2385 3614 2424 suum

2037 2462 2388 2524 acceperunt,
2441 2463 2498 2509 ut
2529 2469 2622 2510 cas
2669 2455 2883 2509 id'oueis
2936 2458 3279 2526 temporibus
3322 2461 3499 2527 possis
3547 2460 3613 2513 ad

2038 2549 2325 2603 utilitatem
2361 2557 2507 2600 tuam
2544 2563 2832 2618 usurpare,
2859 2549 3132 2602 interdum
3165 2550 3330 2602 etiam
3367 2551 3616 2607 hostibus

2037 2641 2158 2694 istis
2191 2639 2490 2704 utentibus,
2523 2639 2784 2694 adversus
2828 2639 3044 2693 illorum
3079 2641 3388 2697 molitiones
3408 2645 3614 2714 aliquid

2036 2730 2374 2785 contrarium
2410 2729 2743 2799 excogitare.

2108 2823 2196 2877 16.
2251 2820 2438 2889 Neque
2501 2835 2629 2874 vero
2670 2829 2748 2885 tu,
2803 2821 3116 2890 imperator,
3154 2824 3328 2878 solum
3363 2826 3536 2880 bonus
3566 2838 3616 2882 et

2037 2930 2232 2969 amans
2264 2915 2474 2984 patriae,
2507 2923 2561 2967 et
2590 2912 2657 2966 ad
2693 2916 3142 2984 propuguandam
3179 2915 3616 2971 Christianorum

2039 3005 2198 3060 ﬁdem
2232 3006 2398 3056 vitam
2429 3003 2787 3073 profundere,
2820 3004 2866 3057 si
2926 3003 2998 3055 ita
3037 3020 3172 3057 usus
3204 3004 3360 3065 ferat,
3394 3017 3618 3075 paratus

2038 3099 2134 3163 sis,
2163 3094 2257 3152 sed
2292 3105 2346 3148 et
2377 3111 2568 3149 omnes
2603 3095 2887 3164 praefectos
2929 3105 3051 3150 tuos
3089 3104 3142 3148 et
3196 3097 3440 3164 singulos
3479 3100 3601 3152 mili

342 3179 476 3232 ἀλλὰ
505 3180 597 3254 καὶ
618 3181 744 3244 τοὺς
769 3181 872 3234 ὐπὸ
896 3180 956 3233 σε
983 3182 1190 3246 πάντας
1220 3183 1485 3254 ἄρχοντας
1513 3182 1606 3234 καὶ
1629 3183 1739 3237 τῶν
1765 3201 1927 3256 στρα-

2037 3197 2120 3244 tes
2181 3189 2262 3244 sic
2328 3187 2610 3254 tractabis,
2664 3196 2722 3240 ut
2774 3187 2866 3256 qui
2897 3189 3032 3242 tales
3083 3188 3214 3249 sint,
3249 3189 3350 3242 boc
3386 3184 3438 3242 in
3471 3200 3616 3244 statu

339 3271 549 3324 τιωτῶν
597 3272 746 3326 ἂπαν
792 3273 852 3326 τδ
896 3273 1102 3344 πλῆθος
1153 3273 1429 3338 τοιούτους
1474 3278 1913 3347 παρασκευάζειν

337 3360 606 3429 γίνεσθαι,
633 3363 718 3416 ἵνα
745 3364 797 3416 oi
842 3365 1094 3435 μένοντες
1117 3365 1224 3435 (60)
1253 3367 1344 3418 ἐπὶ
1372 3367 1465 3419 τοῦ
1491 3367 1656 3422 αὐτοῦ
1683 3369 1914 3422 τοιοῦτοι

341 3453 595 3523 μένωσιν.
635 3455 773 3518 Τοὺς
801 3455 857 3507 δέ
885 3456 962 3526 μὴ
987 3455 1146 3519 ὄντας
1173 3456 1296 3510 ὅσον
1325 3457 1466 3525 ἔχεις
1495 3459 1777 3529 δυνάμεως
1824 3458 1914 3512 διὰ

339 3544 437 3614 τῆς
481 3544 579 3616 σῆς
613 3545 933 3616 ἐπιμελείας
974 3548 1067 3601 καὶ
1100 3547 1334 3616 σπουδῆς
1358 3548 1802 3618 γυμναζομένους
1837 3549 1914 3620 μὴ

2023 3288 2380 3354 permaneant
2413 3297 2427 3335 :
2460 3280 2552 3350 qui
2579 3295 2684 3332 non
2719 3280 2850 3342 sint,
2888 3278 3158 3332 industria
3208 3279 3497 3348 studiaque
3525 3288 3616 3336 tuo

2022 3376 2263 3438 adducti,
2300 3370 2612 3443 bujusmodi
2641 3373 2871 3425 virtutes
2903 3386 3008 3424 uou
3043 3371 3343 3440 negligant,
3385 3372 3478 3425 sed
3503 3373 3616 3426 sive

2021 3481 2208 3520 amore
2237 3467 2352 3520 sive
2386 3466 2580 3518 timore
2611 3463 2854 3532 impulsi,
2887 3465 3074 3532 patria:
3096 3473 3344 3519 amantes
3379 3473 3433 3518 et
3475 3479 3606 3534 prac-

2031 3555 2196 3611 l'ectis
2230 3553 2550 3610 obedientes
2583 3555 2717 3609 sint.

337 3640 586 3710 ἳμοιρείν
610 3643 708 3715 τῆς
734 3642 990 3716 τοιαύτης
1023 3641 1244 3714 ἀρετῆς,
1286 3641 1400 3696 ἀλλ’
1431 3637 1570 3696 εἶναι
1597 3643 1792 3708 αὐτοὺς
1815 3644 2204 3719 φιλοπάτριδας
2251 3650 2343 3704 καὶ
2399 3648 2670 3712 εὐπειθεῖς
2723 3651 2834 3712 τοῖς
2895 3647 3151 3720 ἄρχουσιν
3202 3649 3232 3721 ἢ
3284 3650 3351 3703 δι’
3397 3651 3615 3724 άγὰπτρι

339 3737 373 3806 ἢ
408 3736 495 3789 διὰ
526 3736 714 3804 φόϐον.

410 3825 495 3890 ιζ’.
531 3823 684 3880 Εἶναι
737 3825 793 3882 δέ
837 3826 1034 3891 αὐτοὺς
1083 3829 1177 3880 καὶ
1221 3828 1582 3899 καρτερικούς
1627 3830 1764 3900 πρὸς
1792 3833 1921 3895 τοὺς

341 3920 557 3982 πόνους,
607 3921 702 3974 καὶ
750 3920 1044 3992 ὑπομένειν
1099 3920 1226 3980 τούς
1275 3919 1415 3990 ὑπὲρ
1466 3920 1724 3991 πατρίδος
1765 3921 1925 3976 πολέ-

343 4027 496 4078 μους.

412 4101 503 4170 ιη’.
537 4105 648 4157 Και
697 4103 859 4168 αὐτὸς
906 4105 1067 4175 βουλῇ
1112 4105 1206 4158 κα)⁸
1261 4103 1564 4176 στρατηγίᾳ
1609 4104 1811 4175 μᾶλλον
1854 4106 1923 4160 τά

339 4187 509 4244 πολλὰ
528 4193 635 4245 τῶν
667 4194 1116 4265 σπουδαζομένων
1147 4213 1230 4249 σοι
1269 4195 1560 4268 κατόρθου,
1599 4196 1692 4249 καὶ
1717 4197 1919 4261 τάξεως

339 4281 600 4352 ἐπιμελοῦ
631 4285 746 4354 ἅμα
773 4286 850 4356 τῷ
880 4286 986 4338 ὐπὸ
1014 4287 1072 4340 σέ
1104 4285 1320 4358 στρατῷ
1350 4285 1442 4340 καὶ
1475 4287 1549 4358 μὴ
1573 4287 1803 4356 θράσους
1829 4290 1922 4341 καὶ

339 4375 690 4446 προπετείας.

2092 3831 2181 3890 I7.
2234 3829 2356 3885 Sitit
2411 3828 2658 3885 laborum
2711 3829 3003 3900 patientes,
3044 3839 3098 3886 et
3148 3831 3212 3885 ad
3249 3830 3450 3888 bellum
3502 3849 3602 3903 pro

2022 3925 2203 3995 patria
2237 3923 2650 3992 suscipiendum
2685 3923 2881 3994 parati.

2097 4100 2180 4155 l8.
2217 4097 2296 4153 Tu
2336 4113 2466 4153 vero
2507 4099 2610 4153 hoc
2659 4099 2848 4154 eodem
2881 4115 3002 4155 cum
3047 4101 3154 4156 illis
3199 4104 3383 4158 animo
3418 4104 3516 4168 sis,
3551 4114 3608 4159 et

2025 4192 2312 4262 prudentia
2345 4189 2580 4262 quadam
2619 4190 2993 4265 imperatoria,
3033 4209 3142 4249 non
3176 4195 3488 4250 temeritate
3518 4207 3611 4250 aut

2027 4284 2260 4339 audacia
2301 4300 2388 4340 res
2421 4293 2544 4339 tuas
2575 4284 2948 4349 administres,
2975 4293 3138 4354 atque
3169 4288 3340 4342 aciem
3375 4288 3609 4342 militum

2027 4377 2296 4432 instruas.

410 4466 497 4524 t0'.
529 4470 641 4523 Καὶ
675 4441 916 4536 ἐθίζεσθε
947 4471 1147 4535 πάντες
1181 4471 1316 4540 ὁμοῦ
1353 4471 1402 4524 oi
1431 4471 1520 4524 διὰ
1552 4472 1786 4540 Χριστὸν
1831 4472 1923 4526 τὸν

2100 4468 2188 4524 19.
2211 4470 2521 4523 Assuefiant
2546 4483 2739 4524 omnes
2763 4467 2854 4538 qui
2880 4474 3100 4537 propter
3115 4465 3390 4523 Christum
3415 4467 3601 4522 Iesum

336 4559 470 4612 Θεὸν
499 4560 653 4631 ἡμῶν
683 4561 778 4614 καὶ
807 4561 948 4632 ὐπέρ
981 4560 1260 4629 συγγενῶν
1282 4560 1374 4613 καὶ
1404 4559 1573 4627 φίλων
1601 4560 1695 4612 καὶ
1726 4561 1924 4632 πατρί-

335 4651 425 4716 δος
456 4653 550 4706 καὶ
577 4653 670 4706 τοῦ
698 4653 821 4706 ὅλου
852 4654 960 4707 τῶν
980 4651 1324 4724 Χριστιανῶν
1363 4652 1553 4716 ἐθνους
1585 4653 1925 4725 ἀγωνιζόμε-

337 4760 417 4794 νοι
455 4744 694 4809 εὐκόλως
728 4746 1024 4815 ὑποφέρειν
1060 4746 1153 4797 καὶ
1182 4743 1342 4813 δίψης
1385 4743 1610 4815 ὄχλησιν
1634 4787 1648 4810 ,
1691 4747 1785 4800 καὶ
1829 4746 1923 4800 δα-

337 4832 516 4902 πάνης
567 4834 802 4899 ἔνδειαν,
861 4835 958 4888 καὶ
1011 4834 1217 4904 ψύχους
1265 4832 1360 4886 καὶ
1402 4835 1682 4904 καύματος
1722 4839 1918 4906 ἐπιφοο

338 4924 462 4992 ραν,
501 4925 598 4976 καὶ
632 4925 766 4994 πρὸς
792 4925 860 4978 τὰ
889 4925 1253 4995 ἐμπίπτοντα,
1291 4925 1365 4990 ὡς
1403 4927 1573 4989 εἰκὸς,
1610 4926 1757 4981 δεινὰ
1791 4945 1916 4996 γεν-

335 5016 498 5079 ναίως
553 5017 932 5086 ἐγκαρτερεῖν.
988 5018 1145 5070 Ἐστι
1207 5017 1316 5088 γὰρ
1368 5019 1477 5071 τῶν
1532 5019 1917 5090 ἀποκειμένων

2024 4555 2316 4608 Dominum
2347 4565 2618 4618 nostrum,
2651 4563 2704 4608 et
2739 4563 3126 4623 cognatorum,
3159 4554 3487 4619 alllit'Orlllll,
3520 4572 3611 4623 pa-

2025 4650 2160 4712 trize,
2195 4654 2248 4703 et
2287 4647 2558 4702 universa:
2590 4645 2921 4703 Christianae
2973 4647 3144 4716 plebis
3193 4646 3367 4718 gratia
3405 4650 3604 4703 bellum

2020 4740 2354 4814 suscipiunt,
2375 4738 2533 4794 facile
2580 4738 2701 4794 sitis
2724 4737 3135 4801 turbulentiam,
3165 4737 3323 4794 famis
3349 4738 3606 4801 inediam,

2020 4833 2280 4903 frigorum
2328 4832 2680 4900 calorumque
2728 4832 2994 4902 appulsus
3042 4831 3299 4894 tolerare,
3329 4839 3383 4884 et
3416 4846 3608 4885 omnes

2019 4928 2463 4998 ingravescenles
2515 4940 2697 4979 rerum
2731 4923 3170 4995 perturbationes
3214 4939 3372 4993 atquo
3405 4923 3607 4976 animo

2019 5020 2291 5072 sustinere
2324 5033 2339 5082 ;
2377 5030 2616 5080 namque
2639 5023 2724 5070 cst
2755 5015 2951 5068 borum
2995 5012 3243 5067 laborum
3277 5011 3606 5067 oﬂieiorum-

337 5107 547 5175 μισθῶν
579 5108 643 5162 ἐκ
683 5126 740 5162 τε
780 5109 914 5162 Θεοῦ
959 5109 1124 5164 αὐτοῦ
1173 5112 1265 5162 καὶ
1302 5111 1400 5180 τῆς
1451 5109 1511 5174 ἐξ
1541 5110 1706 5163 αὐτοῦ
1765 5111 1921 5181 βασι-

2027 5124 2122 5178 que
2149 5119 2456 5163 vestrorum
2489 5107 2725 5176 reposita
2750 5105 2890 5175 apud
2920 5104 3086 5159 Deum
3130 5119 3359 5171 merces,
3381 5113 3436 5158 et
3461 5105 3601 5174 apud

333 5198 481 5262 λείας
531 5200 626 5253 καὶ
673 5201 830 5270 ἡμῶν
879 5201 1008 5271 παρ’
1060 5201 1214 5270 ὑμῶν
1253 5200 1518 5272 ἐργασία·
1552 5200 1785 5274 καὶγὰρ
1826 5204 1917 5256 καὶ

2027 5219 2116 5258 nos
2175 5217 2394 5272 quoque
2455 5200 2851 5254 remuneratio.
2910 5200 3234 5269 Quanquam
3289 5201 3451 5255 etiam
3504 5215 3604 5254 nos

333 5291 496 5361 ἡμεῖς
533 5291 621 5346 διὰ
666 5293 764 5363 τῆς
796 5292 935 5362 ὑπὲρ
974 5292 1127 5362 ὐμῶν
1173 5292 1433 5361 ἐπιμὸνου
1477 5293 1751 5364 μερίμνης
1788 5311 1915 5362 συγ-

334 5383 756 5452 κακοπαθοῦμεν
786 5384 937 5454 ὑμῖν.

403 5472 470 5529 κ’.
506 5477 669 5530 Γενοῦ
716 5478 773 5530 δὲ
837 5479 1038 5542 ἱκανὸς,
1082 5479 1196 5546 εἴγε
1235 5478 1358 5532 τινὰ
1419 5478 1602 5549 συμϐῇ
1649 5479 1707 5531 ἐν
1737 5478 1916 5549 καιρῷ

329 5563 570 5638 λυπηρά,
591 5570 685 5622 ἐπὶ
713 5571 847 5625 πολύ
869 5569 1042 5625 ταῦτα
1065 5570 1332 5642 κρύπτειν
1351 5570 1459 5624 άπὸ
1480 5571 1589 5624 τῶν
1612 5571 1906 5641 πολεμίων,

2013 5294 2180 5350 vestri
2199 5310 2362 5348 causa
2386 5293 2608 5349 solliciti
2636 5308 2778 5362 saepe
2803 5309 3013 5353 sumus.
3038 5305 3085 5348 et
3109 5293 3161 5347 in
3187 5293 3384 5347 vestris
3403 5307 3606 5346 avrum-

2015 5387 2099 5441 nis
2136 5386 2296 5441 simul
2331 5383 2647 5439 earumdem
2683 5385 3026 5439 miseriarum
3059 5384 3355 5454 participes
3387 5397 3600 5438 sumus.

2087 5479 2176 5531 ΞΟ.
2214 5475 2269 5530 Si
2322 5477 2529 5546 aliquid
2559 5477 2852 5531 adversum
2899 5476 3003 5530 hoc
3028 5486 3271 5545 tempore
3299 5474 3600 5544 contingat,

2023 5571 2094 5625 ita
2126 5579 2180 5625 te
2227 5585 2381 5641 para,
2420 5577 2480 5624 ut
2509 5568 2582 5624 ab
2630 5570 2878 5625 hostibus
2905 5569 3232 5635 occultetur,
3276 5577 3330 5624 et
3353 5567 3406 5622 in
3436 5567 3602 5622 rebus

1849 5731 2078 5790 NOTE.

401 5849 516 5921 (59)
549 5851 904 5915 Σ.τουδαῖος.
939 5853 1313 5922 Scrilmbatur,
1346 5855 1616 5920 τιουδαίος.

2093 5853 2205 5925 (60)
2240 5853 2304 5905 οἱ
2326 5849 2634 5922 μένοντες.
2669 5844 2882 5912 Scribe,
2915 5845 2964 5898 οἱ
3007 5843 3104 5916 μὲν
3134 5841 3306 5906 ὄντες.
