4074 6222
502 368 604 436 951

1777 376 2053 437 LEONIS
2082 375 2541 439 PHILOSOPHI

3674 381 3830 444 952

502 486 719 540 aﬂlictis
788 486 1279 542 circumstantibus
1330 487 1608 542 constanti
1648 488 1868 560 altoque
1897 493 2080 547 animo

2188 494 2275 546 καὶ
2307 491 2572 561 γενναίως
2621 489 2882 560 ἐμμένειν
2911 487 3004 542 καὶ
3036 490 3326 558 καρτερεῖν
3358 491 3415 541 ἐν
3449 491 3569 552 ταῖς
3616 506 3685 540 πε
3699 507 3815 559 pt-

500 590 626 630 esse
657 574 912 638 videaris,
940 586 994 630 et
1033 576 1368 631 contrarium
1421 580 1602 648 potius
1635 580 2004 650 demonstres,
2038 597 2090 641 Ic

505 665 730 718 hilarem
755 681 1094 736 vacuumque
1130 683 1160 720 a
1183 682 1313 721 cura
1340 683 1487 724 esse.

574 756 660 808 2|.
695 754 947 820 Qua'dam
981 757 1126 810 enim
1159 759 1429 824 nationes,
1456 760 1510 814 in
1546 763 1746 830 quibus
1779 763 1957 819 Persa:
1981 764 2092 820 fue-

417 907 428 910 __
502 856 644 909 rant,
693 864 814 901 cum
851 850 1114 904 adversus
1160 852 1435 909 Romanos
1479 868 1810 926 pugnarent,
1835 866 1999 928 atque
2035 861 2088 912 in

500 938 716 1006 aliquod
749 939 1047 1007 periculum
1104 943 1428 1016 inciderent,
1478 962 1544 1000 ne
1596 948 1829 1002 salutem
1870 949 2089 1018 quidem

500 1042 661 1094 quam
687 1029 1026 1096 exoptabant
1057 1031 1160 1083 sibi
1188 1031 1320 1100 ipsis
1350 1049 1659 1102 proponere
1693 1037 1966 1101 volebant,
1996 1037 2088 1092 sed

496 1133 616 1185 eam
671 1119 738 1170 ab
797 1117 1048 1172 hostibus
1111 1123 1448 1190 propositam
1501 1126 1888 1196 accipiebant:
1941 1137 2090 1181 tanta

499 1218 614 1262 crat
663 1208 718 1261 in
753 1210 860 1262 illis
893 1210 1160 1264 muluium
1193 1227 1256 1265 ac
1283 1216 1529 1282 gravium
1577 1233 1757 1272 rerum
1783 1220 2089 1288 perpessio.

564 1378 657 1432 92.
711 1376 782 1432 Ut
817 1395 943 1433 vero
992 1396 1114 1448 quae
1148 1389 1273 1433 ante
1319 1383 1694 1437 demonstrata
1747 1393 1873 1439 sunt
1902 1383 2092 1452 paucis

499 1477 835 1537 repetamus,
860 1473 1162 1523 exercitum
1197 1480 1349 1524 tuum
1379 1473 1548 1526 armis
1574 1482 1722 1542 teges
1747 1474 1812 1527 ad
1858 1475 2090 1526 formam

497 1579 526 1612 a
568 1578 654 1613 me
692 1571 817 1614 ante
862 1561 1220 1629 descriptam.
1271 1561 1327 1616 In
1378 1563 1568 1630 primis
1617 1572 1796 1616 autem
1853 1563 2090 1618 arcubus

497 1653 823 1722 sagittisque
853 1653 1103 1720 plurimis
1141 1671 1154 1706 :
1189 1669 1384 1722 magna
1419 1657 1563 1708 enim
1592 1670 1745 1708 arma
1780 1664 1945 1725 atque
1977 1655 2091 1708 eili-

2192 586 2436 648 στάσεσι,
2491 583 2586 636 καὶ
2648 580 2852 644 ταύτας
2880 580 2958 643 είς
2996 578 3056 632 τδ
3102 579 3343 633 ἐναντίον
3380 582 3824 636 ἀποδεικνύειν

2193 672 2392 744 μᾶλλον
2415 674 2580 744 ἤγουν
2603 673 2679 732 είς
2709 669 2974 739 εὐθυμίαν
3005 668 3098 720 καὶ
3129 668 3419 723 ἀπάθειαν.

2263 761 2369 816 κα’.
2399 758 2578 813 *Ησαν
2621 759 2729 827 γάρ
2759 774 2878 808 τινα
2923 754 3031 808 τῶν
3065 755 3254 821 ἐθνῶν,
3291 751 3377 811 οἶα
3416 758 3484 811 τά
3517 758 3826 829 Περσικὰ

2193 855 2342 926 φῦλά,
2371 870 2501 905 ποτε
2533 850 2666 922 πρὸς
2711 847 3016 918 Ῥωμαίους
3050 847 3354 917 μαχόμενα,
3393 847 3694 918 άπερὸταν
3732 851 3818 903 ἐν

2191 951 2305 1011 τοῖς
2339 946 2529 1006 δεινοῖς
2561 942 2840 1002 ἐνέπιπτε,
2862 938 2998 1008 μηδὲ
3024 937 3120 1008 τὴν
3144 939 3418 1008 σωτηρίαν
3451 941 3518 1008 ῆν
3537 939 3818 1010 ηὔχοντο

2192 1039 2402 1101 ἑαυτοῖς
2433 1032 2686 1103 γενέσθαι
2715 1028 3018 1100 προτείνειν
3046 1027 3267 1081 θέλοντα
3292 1067 3306 1090 ,
3345 1029 3476 1080 ἀλλὰ
3509 1032 3605 1083 καὶ
3645 1031 3808 1083 ταύ-

2189 1148 2290 1201 την
2342 1127 2495 1198 παρὰ
2553 1124 2660 1177 τῶν
2713 1120 2922 1192 ἐχθρῶν
2989 1119 3168 1172 αὐτῶν
3237 1121 3617 1190 προτείνεσθαι
3679 1122 3807 1175 ὲκ-

2190 1226 2473 1296 δεχὸμενα.
2526 1219 2790 1274 Τοσοῦτον
2845 1217 2902 1269 ἐν
2957 1215 3141 1278 αὐτοῖς
3183 1214 3356 1284 ἡτῶν
3388 1214 3579 1268 δεινῶν
3639 1232 3806 1284 καρ-

2191 1332 2366 1369 τερια.

2416 1402 2533 1454 Ἵνα
2575 1399 2632 1453 δὲ
2683 1397 2777 1452 καὶ
2811 1397 2972 1448 πάλιν
3009 1395 3077 1448 τά
3095 1394 3304 1467 πρώην
3354 1396 3473 1466 (61)
3500 1395 3804 1466 εἰρημένα

2196 1503 2438 1575 μετρίως
2457 1495 3025 1569 άνακεφαλαιώσωμέν
3057 1489 3461 1559 σοι,καθόπλιζε
3486 1488 3578 1542 τὸν
3601 1503 3794 1558 utpa-

2192 1599 2282 1650 τὸν
2320 1598 2430 1658 τιίς
2462 1594 2647 1654 ὅπλοις
2680 1589 2820 1644 κατὰ
2855 1589 2944 1641 τον
2969 1587 3070 1658 ήδη
3104 1603 3186 1638 σοι
3215 1582 3548 1654 διορισθέντα
3571 1579 3788 1642 τύπον,

2193 1687 2287 1738 καὶ
2331 1685 2567 1755 μάλιστα
2608 1680 2878 1750 τοξαρίοις
2921 1677 3031 1747 (62)
3067 1677 3161 1728 καὶ
3213 1673 3494 1740 σαγίτταις
3531 1670 3788 1722 πλείοσι.

496 1746 650 1798 Cacia
695 1755 825 1798 sunt
856 1747 1087 1810 sagittae,
1121 1753 1173 1798 et
1220 1747 1491 1816 praecipue
1526 1755 1719 1802 contra
1781 1747 2080 1801 Saracenos

2194 1746 2350 1844 Μέγα
2390 1772 2498 1843 γὰρ
2554 1770 2716 1828 ὅπλον
2747 1746 2851 1821 ’καὶ
2879 1746 3209 1838 δραστήριον
3236 1764 3268 1832 ἡ
3298 1759 3500 1825 τοξεία,
3541 1758 3640 1811 καὶ
3666 1757 3793 1826 pci-

496 1851 560 1890 ac
610 1835 850 1898 Turcas,
887 1837 1146 1905 quoniam
1206 1853 1331 1907 spes
1367 1838 1547 1894 omnis
1585 1837 1824 1893 victoriae
1864 1837 2080 1893 iilorum

2188 1825 2340 1920 λιστα
2400 1825 2542 1920 κατὰ
2601 1863 2708 1914 τῶν
2779 1856 3171 1931 Σαρακηνικῶν
3220 1853 3390 1906 ἐθνῶν
3437 1851 3531 1905 καὶ
3591 1850 3792 1920 Toup-

499 1928 552 1981 in
583 1928 798 1998 sagittis
825 1929 1066 1998 punitur.

567 2121 659 2175 25.
711 2120 926 2175 Etenim
961 2122 1027 2175 ad
1061 2122 1378 2192 sagittarios
1413 2121 1632 2177 illorum
1675 2123 1953 2180 feriendus
1983 2140 2078 2178 va-

497 2211 630 2278 lent,
670 2215 761 2282 qui
794 2213 1072 2266 nudantur
1099 2228 1222 2267 cum
1262 2215 1491 2286 sagittas
1510 2214 1744 2285 jaciunt.
1775 2215 1881 2270 Sed
1913 2216 2080 2270 etiam

496 2302 566 2358 ad
616 2319 788 2372 equos
827 2305 1074 2373 equitum
1110 2305 1481 2360 vulnerandos
1525 2321 1855 2377 magnopere
1899 2305 2082 2362 valent

495 2397 710 2466 sagitta:
744 2409 773 2448 a
828 2396 1034 2450 nostris
1080 2396 1395 2452 hominibus
1442 2398 1683 2463 emissae,
1737 2399 2083 2469 multumque

493 2487 681 2542 damni
740 2487 980 2542 inimicis
1029 2487 1306 2553 iul'eruut,
1372 2490 1596 2558 optimis
1635 2491 1793 2560 cquis
1819 2493 2080 2546 continua

495 2579 821 2648 sagittarum
851 2579 1195 2647 conjectione
1224 2579 1514 2634 trucidatis
1539 2598 1557 2644 ;
1581 2597 1687 2651 qua
1716 2597 1779 2636 ex
1814 2599 1870 2636 re
1899 2585 2079 2638 omnis

495 2672 898 2724 Saracenorum
958 2680 1313 2724 strenuorum
1369 2671 1633 2727 alacritas
1677 2673 1731 2727 in
1778 2662 1920 2728 bello
1948 2689 2080 2730 con-

495 2759 657 2813 cidit.

563 2935 654 2989 ﬂi.
687 2933 806 2988 Non
849 2934 996 2989 enim
1039 2935 1303 2989 servitute
1336 2944 1390 2989 et
1422 2935 1614 2992 militia
1647 2936 1780 3000 ulla,
1809 2937 1900 2993 sed
1938 2936 2076 2992 lucri

495 3035 548 3079 ct
579 3023 852 3079 libertatis
876 3024 1195 3094 cupiditate,
1227 3024 1310 3078 vel
1351 3025 1530 3092 potius
1566 3026 1844 3095 praadandi
1891 3028 2077 3083 studio

2185 1978 2297 2014 κων
2325 1959 2462 2029 (65),
2501 1951 2583 2018 οἷς
2636 1954 2698 2007 τδ
2726 1954 2832 2006 πᾶν
2871 1951 2973 2020 τῆς
3007 1949 3165 2020 νίκης
3196 1949 3253 2000 ὲν
3291 1945 3464 1998 ἐλπίδι
3502 1942 3600 2014 τῆς
3635 1942 3790 2014 παρ’

2183 2050 2363 2105 αὐτῶν
2396 2047 2609 2112 τοξείας
2641 2046 2816 2098 κεῖται
2828 2083 2840 2096 ,

2251 2137 2356 2208 κγ’.
2389 2138 2502 2191 Καὶ
2523 2137 2633 2206 γὰρ
2661 2132 2802 2186 κατά
2824 2149 2884 2185 τε
2922 2130 3099 2184 αὐτῶν
3129 2125 3238 2181 τῶν
3275 2124 3510 2192 τοξοτῶν
3527 2139 3779 2193 γυμνου-

2184 2228 2358 2300 μένων
2389 2231 2446 2281 ὲν
2489 2226 2568 2296 τῷ
2608 2224 2824 2294 βάλλειν
2851 2221 2950 2292 τὴν
3003 2221 3286 2288 σαγῖτταν,
3322 2215 3456 2270 ἀλλὰ
3489 2215 3581 2269 καὶ
3617 2215 3772 2268 κατά

2179 2319 2289 2374 τῶν
2328 2318 2508 2372 ἵππων
2545 2315 2654 2369 τῶν
2709 2312 3110 2383 κα6αλλαρίων,
3158 2311 3302 2382 μέγα
3349 2308 3664 2379 ἰσχύσουσιν
3708 2307 3774 2360 αἱ

2179 2411 2329 2482 παρά
2363 2409 2457 2463 τοῦ
2513 2408 2783 2479 ἡμετέρου
2837 2402 3067 2476 στρατοῦ
3111 2401 3440 2473 βαλλόμεναι
3483 2402 3773 2468 σαγίτται,

2180 2501 2275 2555 καὶ
2309 2499 2511 2569 πολλὴν
2558 2499 2655 2569 τὴν
2686 2496 2892 2568 βλάϐην
2921 2497 3032 2557 τοῖς
3061 2493 3273 2563 ἐχθροῖς
3307 2487 3626 2557 παρέξουσι,
3655 2488 3780 2541 τῶν

2185 2591 2571 2662 πολυτιμήτων
2627 2589 2757 2660 παρ’
2793 2588 2973 2649 αὐτοῖς
3025 2586 3205 2638 ἵππων
3257 2582 3346 2636 διὰ
3371 2582 3472 2651 τῆς
3506 2581 3774 2651 συνεχοῦς

2179 2684 2391 2750 τοξείας
2442 2679 2875 2751 ἀφανιζομένων.
2942 2679 3036 2732 καὶ⁹
3083 2675 3330 2730 ἐντεῦθεν
3379 2672 3476 2726 τοῦ
3525 2671 3772 2742 εὐψύχου

2177 2775 2286 2829 τῶν
2339 2777 2420 2838 είς
2472 2772 2736 2842 πολέμους
2768 2771 2970 2838 ἐξιέναι
3006 2765 3473 2840 προθυμουμένων
3509 2765 3775 2836 Σαρακη-

2178 2867 2283 2920 νῶν
2317 2867 2591 2919 άνακοπτο
2599 2863 2785 2934 μένου.

2250 2956 2353 3013 κδ’.
2403 2957 2479 3011 Οὐ
2509 2956 2616 3026 γὰρ
2657 2953 2868 3024 δουλείᾳ
2907 2952 3001 3006 καὶ
3041 2949 3302 3020 στρατείᾳ
3341 2947 3771 3018 ἐκστρατεύουσι

2177 3049 2501 3122 Σαρακηνοὶ,
2547 3047 2684 3102 ἀλλὰ
2723 3043 3038 3115 φιλοκερδία
3082 3043 3283 3115 μᾶλλον
3321 3039 3417 3094 καὶ
3453 3039 3768 3110 ἐλευθερίᾳ,

494 3126 547 3171 et
595 3135 708 3172 sua:
756 3117 996 3186 ipsorqu
1026 3117 1172 3181 ﬁdei,
1212 3126 1308 3171 aut
1341 3118 1680 3174 inﬁdelitatis
1733 3123 1916 3190 potius
1944 3123 2074 3176 reli-

2188 3144 2214 3215 ἢ
2247 3117 2307 3197 τὸ
2333 3117 2494 3194 πλέον
2525 3141 2696 3192 εἰπεῖν
2734 3135 2958 3209 λῃστείᾳ
2999 3135 3093 3188 καὶ
3123 3135 3222 3204 τῆς
3270 3131 3476 3186 ἑαυτῶν
3505 3130 3769 3194 πίστεως,

493 3211 654 3277 gione
683 3212 942 3279 quadam,
973 3225 1079 3278 qua
1113 3209 1179 3264 de
1225 3225 1392 3265 causa
1436 3211 1578 3265 mala
1606 3215 1887 3282 patiuntur
1919 3231 1948 3267 a
1975 3231 2076 3270 no-

497 3299 607 3364 bis,
635 3311 688 3353 et
725 3299 894 3352 Deum
925 3307 1189 3369 putantur
1227 3300 1435 3355 hostem
1467 3302 1690 3370 habere,
1736 3313 1792 3359 et
1821 3303 2080 3362 offensio-

497 3405 623 3444 nem
657 3389 916 3459 iniectam
947 3405 1057 3443 non
1092 3405 1257 3458 posse
1288 3389 1585 3446 sustinere.

564 3563 655 3618 25.
691 3562 924 3630 Quando
955 3563 1022 3618 ad
1059 3564 1260 3618 bellum
1291 3567 1569 3636 procedis,
1614 3575 1773 3624 extra
1806 3553 2078 3629 fossatum

494 3656 738 3720 tirmum,
795 3669 863 3708 ne
917 3663 1099 3708 castra
1149 3671 1343 3724 ponas,
1391 3657 1436 3711 si
1466 3659 1550 3712 vel
1593 3660 1760 3727 intra,
1799 3663 1882 3718 vel
1915 3678 2080 3734 prope

496 3747 747 3800 hostilem
789 3755 991 3799 terram
1045 3746 1240 3802 fueris.
1269 3748 1505 3813 Quando
1539 3766 1672 3804 vero
1720 3753 1924 3808 bellum
1963 3756 2077 3825 jam

495 3839 690 3897 instat,
718 3838 921 3890 fossam
957 3838 1200 3906 undique
1223 3839 1408 3893 ducito
1439 3840 1506 3894 ad
1542 3842 1666 3896 valli
1702 3843 1958 3910 formam,
1993 3863 2080 3907 re-

494 3928 757 3996 liquaqtte
796 3929 1051 3996 prarsidia
1082 3930 1266 3982 omnia
1294 3931 1576 3997 adhibeto,
1605 3943 1662 3989 ut
1691 3950 1758 3988 eo
1784 3939 2079 4007 confugere

495 4017 702 4088 possis,
728 4017 772 4070 si
812 4017 1015 4083 aliquid
1052 4018 1344 4074 adversum
1381 4021 1435 4075 in
1471 4023 1611 4079 bello
1649 4026 1830 4082 cadat.

565 4107 653 4164 96.
699 4107 1095 4163 Demonstraho
1128 4112 1292 4165 etiam
1328 4114 1788 4182 quemadmodum
1829 4119 2079 4175 oratione

497 4208 712 4272 potero,
765 4197 1007 4269 reliquas
1065 4201 1116 4254 in
1161 4200 1302 4257 bello
1341 4204 1584 4259 acierum
1629 4206 2076 4264 instrucndarum

497 4292 726 4354 formas.

556 4384 651 4444 ~27.
688 4384 785 4439 Est
809 4384 1055 4455 quaedam
1080 4385 1242 4440 etiam
1284 4387 1422 4441 aciei
1457 4386 1632 4444 forma
1663 4389 1716 4445 in
1751 4399 1861 4448 tres
1889 4409 2076 4464 atqua-

2187 3236 2388 3307 μᾶλλον
2445 3232 2502 3286 δὲ
2549 3232 2724 3284 εἰπεῖν
2783 3227 3038 3296 ἀπιστίας
3097 3230 3163 3300 τῇ
3212 3225 3636 3296 δεισιδαιμονίᾳ,
3687 3223 3773 3286 ὡς

2186 3326 2422 3379 ἐνταῦθα
2480 3323 2622 3391 τάχα
2679 3321 2978 3390 πάσχοντες
3037 3320 3169 3388 παρ’
3227 3317 3406 3388 ἡμῶν,
3468 3316 3556 3370 καὶ
3623 3314 3774 3368 Θεὸν

2181 3413 2441 3484 ἡγοῦνται
2491 3410 2745 3481 πολέμιον
2783 3408 2948 3479 ἔχειν,
2994 3406 3090 3461 καὶ
3130 3406 3231 3478 τὴν
3279 3404 3482 3477 ζημίαν
3520 3403 3593 3475 μὴ
3622 3403 3771 3457 6m-

2183 3500 2398 3578 φέρεινς

2250 3595 2346 3652 κε’.
2405 3595 2515 3647 Καὶ
2553 3595 2679 3648 ὅταν
2727 3593 2827 3664 μὲν
2877 3590 3012 3664 πρδς
3064 3591 3300 3662 πόλεμον
3337 3591 3590 3662 κινῆσῃς,
3633 3588 3772 3644 ἄνευ

2181 3688 2448 3758 φοσσάτου
2482 3684 2558 3756 μὴ
2584 3684 2887 3755 άπλικεύῃς
2909 3683 3128 3755 ὀχυροῦ,
3166 3683 3400 3754 μάλιστα
3423 3684 3472 3734 εἰ
3496 3683 3589 3735 καὶ
3626 3681 3772 3750 πλη-

2183 3783 2295 3835 σίον
2323 3779 2527 3851 ἦὲντὺς
2575 3779 2828 3849 ὑπάρχῃς
2879 3780 2978 3846 τῆς
3032 3776 3321 3845 πολεμίας,
3351 3773 3565 3828 δτανδδ
3628 3772 3770 3842 πρὸς

2179 3873 2269 3925 τὸν
2328 3871 2560 3940 πόλεμον
2610 3869 2860 3940 ὲγγίσῃς,
2924 3867 3139 3937 τάφρον
3191 3868 3373 3930 ποίει,
3435 3867 3528 3919 καὶ
3597 3862 3770 3933 ἄλλην

2179 3963 2476 4032 ἀσφάλειαν
2502 3959 2588 4012 διὰ
2625 3959 2866 4028 χάρακος
2896 3957 2972 4020 ὡς
3006 3957 3233 4011 δύνασαι
3270 3955 3521 4027 ἀκριϐῶς
3555 3953 3643 4008 διά
3667 3953 3775 4025 τὴν

2179 4058 2242 4109 ἐκ
2271 4053 2645 4124 περιστάσεως
2685 4053 2742 4102 ὲν
2769 4050 2947 4120 καιρῷ
2975 4049 3154 4119 μάχης
3179 4048 3528 4117 καταφυγήν.

2248 4143 2360 4210 κς’.
2425 4143 2721 4208 ’Υποδείξω
2777 4142 2834 4195 δέ
2873 4159 2956 4193 σοι
2995 4143 3189 4212 ἑτέρας
3225 4140 3321 4194 καὶ
3359 4141 3468 4195 τῶν
3513 4139 3574 4194 ὲν
3611 4136 3772 4211 μάχῃ

2179 4235 2538 4310 παρατάξεων
2566 4233 2826 4306 διαφοράς
2861 4235 2935 4299 ὡς
2975 4236 3032 4287 ὲν
3056 4234 3284 4302 ὀλίγοις.

2249 4410 2352 4476 κζ’.
2387 4412 2543 4468 Ἔστι
2571 4414 2670 4485 μὲν
2699 4409 2809 4481 γάρ
2837 4427 2920 4472 τις
2957 4408 3261 4479 παράταξις
3289 4408 3466 4478 μάχης
3498 4407 3558 4461 ὲν
3582 4406 3767 4476 τρισὶν

495 4475 574 4528 les
616 4485 801 4546 partes
835 4476 889 4529 in
921 4475 1063 4529 bello
1096 4476 1296 4543 divisa,
1345 4479 1506 4548 cujus
1538 4497 1704 4551 supra
1745 4484 2070 4539 mentionem

2188 4475 2312 4568 ἴσοις
2363 4505 2552 4575 μέρεσι
2571 4475 2925 4573 ’τασσομένῳ
2961 4475 3156 4574 ἧς’καὶ
3196 4475 3307 4556 ἄνω
3359 4475 3462 4553 που
3485 4475 3764 4569 ἐμνήσθη-

497 4564 624 4631 feci,
680 4567 939 4631 mediam,
997 4566 1246 4621 dextram
1312 4578 1366 4624 et
1422 4571 1731 4627 sinistram.
1783 4573 1840 4628 In
1898 4577 2074 4631 media

497 4669 650 4728 parte
691 4659 852 4712 habet
905 4659 1460 4730 quadringentorum,
1509 4673 1604 4718 aut
1646 4667 2074 4738 quingentorum

397 4783 400 4790 ι
493 4752 734 4804 virorum
768 4752 1194 4806 multitudinem.
1229 4753 1477 4809 Altitudo
1505 4756 1670 4827 hujus
1700 4760 1836 4813 aciei
1871 4761 2075 4816 nullam

494 4851 701 4896 certam
743 4859 1058 4897 mensuram
1106 4842 1292 4910 habet,
1348 4847 1442 4901 sed
1475 4849 1712 4916 equites,
1748 4867 2078 4924 unaquaque

496 4935 548 4988 in
579 4937 806 4990 cohorte
849 4945 962 4990 tum
1002 4937 1198 5007 prima,
1246 4947 1358 4991 tum
1397 4941 1635 4994 secunda
1672 4943 1725 4996 in
1757 4945 1874 4999 acie
1904 4947 2075 5002 collo-

495 5034 714 5092 cantur,
744 5037 797 5081 et
835 5029 972 5082 aciei
1000 5029 1150 5084 frons
1193 5030 1421 5098 aequalis
1447 5031 1782 5101 densataque
1814 5043 1916 5089 est.
1967 5040 2077 5108 Ap-

497 5128 748 5183 paratum
780 5127 834 5172 et
892 5119 1102 5174 tuldum
1142 5135 1171 5174 a
1209 5129 1361 5192 tergo
1397 5121 1530 5177 aciei
1582 5123 1866 5180 instructae
1893 5128 2076 5183 habet.

495 5207 647 5271 Quod
683 5209 729 5263 si
762 5217 1004 5278 tempore
1038 5212 1235 5281 przelii,
1282 5214 1375 5282 qui
1420 5214 1492 5266 ita
1541 5215 1713 5269 aciem
1747 5215 2074 5273 instructam

496 5298 676 5367 habet,
731 5301 927 5356 habeat
974 5303 1241 5368 hastatos,
1277 5305 1332 5358 in
1370 5305 1684 5362 difﬁcilibus
1749 5310 2074 5380 asperisque

497 5390 631 5447 locis
654 5394 825 5448 aciem
857 5411 1010 5449 suam
1055 5397 1313 5461 instruat,
1352 5414 1412 5453 ac
1445 5401 1746 5468 sagittariis
1781 5405 2072 5472 quamplu-

499 5479 653 5537 rimis
686 5494 888 5553 utatur,
913 5496 970 5542 ut
992 5488 1235 5544 locorum
1271 5487 1587 5548 diﬂicultate
1614 5492 1870 5564 dispersi,
1901 5495 2069 5552 dissi-

2175 4615 2298 4668 μεν,
2333 4599 2579 4652 τουτέστι
2643 4599 2818 4667 μέσῳ,
2851 4595 2949 4648 καὶ
2987 4594 3170 4664 δεξιῷ,
3199 4593 3293 4647 καὶ
3323 4593 3619 4664 ἀριστερῷ.
3673 4593 3764 4645 Ἐν

2172 4689 2230 4742 δὲ
2255 4689 2334 4760 τῷ
2375 4690 2527 4760 μέσῳ
2569 4689 2727 4760 μέρει
2759 4688 2872 4756 ἔχει
2901 4687 3030 4757 ἄχρι
3072 4685 3440 4756 τετρακοσίων
3487 4685 3520 4754 ἢ
3567 4701 3763 4736 πεντα-

2174 4780 2370 4833 κοσίων
2420 4779 2626 4850 ἀνδρῶν
2671 4779 2968 4832 ἐπιλέκτων
3007 4777 3148 4831 κατὰ
3211 4776 3557 4846 περίσσειαν,
3587 4776 3659 4827 τὰ
3701 4777 3759 4828 δὶ

2177 4868 2315 4940 βάθη
2342 4870 2439 4939 τῆς
2467 4869 2722 4937 τοιαύτης
2765 4869 2967 4932 τάξεως
2995 4869 3093 4936 οὐχ
3125 4866 3416 4938 ὡρισμένῳ
3459 4870 3645 4935 μέτρῳ
3671 4865 3759 4932 τί·

2176 4978 2346 5022 νεται,
2372 4960 2506 5014 ἀλλὰ
2537 4961 2733 5030 μᾶλλον
2759 4959 2807 5012 oi
2841 4958 3196 5027 καϐαλλάριοι
3224 4960 3280 5011 ὲν
3311 4957 3762 5026 ὲκάστφτάγμα·

2173 5063 2226 5098 τι
2251 5047 2309 5098 ὲν
2339 5048 2402 5117 τῇ
2441 5046 2632 5119 πρώτῃ
2660 5043 2758 5099 καῖ
2780 5047 3007 5117 δευτέρᾳ
3035 5047 3186 5110 τάξει
3224 5046 3537 5108 τάσσονται,
3577 5045 3673 5097 καὶ
3699 5044 3760 5096 τὸ

2178 5138 2430 5208 μέτωπον
2477 5139 2576 5207 τῆς
2610 5140 2815 5204 τάξεως
2856 5138 2968 5190 ῐσον
3017 5140 3112 5192 καὶ
3162 5137 3590 5204 πεπυκνωμένον
3619 5137 3757 5191 ἐστί.

2174 5229 2287 5302 Τὴν
2341 5229 2396 5282 δὲ
2440 5230 2784 5298 ἀποσκευὴν,
2831 5231 2926 5282 καὶ
2971 5230 3032 5282 τὸ
3076 5228 3321 5293 τοῦλδον,
3359 5229 3582 5282 ὃπισθεν
3617 5228 3761 5281 κατά

2179 5319 2349 5374 νώτου
2388 5324 2487 5390 τῆς
2525 5320 2884 5391 παρατάξεως
2922 5319 3054 5391 ἔχει,
3097 5321 3193 5374 καὶ⁵
3222 5323 3318 5375 ἐὰν
3347 5321 3405 5373 ιν
3436 5319 3614 5390 καιρῷ
3652 5322 3758 5388 μάψ

2180 5431 2281 5484 χης
2311 5414 2340 5466 ὁ
2371 5413 2540 5476 οὕτως
2572 5414 3055 5483 παρατασσόμενος
3092 5413 3190 5484 ἔχῃ
3233 5412 3529 5482 πολεμίους
3564 5427 3758 5464 κοντα-

2181 5504 2398 5574 ράτους,
2431 5508 2510 5570 εἰς
2537 5506 2818 5577 δυσχερεῖς
2853 5505 2947 5560 καὶ
2979 5508 3202 5577 τραχεῖς
3233 5506 3434 5570 τόπους
3458 5505 3556 5577 τὴν
3579 5505 3759 5579 παρά·

2061 5610 2297 5669 ΝΟἸἈΞ.

721 5689 946 5768 lips-5mg.
979 5691 1356 5768 Scribebatur,
1387 5699 1604 5768 πρώκυ.

571 5751 684 5825 (62)
725 5751 1042 5827 Τοξαρίοις.
1075 5751 1448 5834 Seribcbaiur',
1479 5751 1724 5841 τοξαρία.

2259 5713 2370 5782 (ϋό)
2403 5714 2582 5770 (20ch
2615 5712 2779 5771 Laur.
2808 5714 2969 5771 habet
3001 5713 3266 5787 κοὺρτων.
