4074 6222
526 281 634 343 ςεῐῶ
1752 264 2029 326 LEONIS
2083 264 2106 322 Ι

2210 258 2537 321 ’LOSOPHI
3388 339 3403 343 Α
3440 340 3448 343 Α
3571 339 3581 343 _
3655 244 3832 343 A956

525 339 819 437 fligendum
874 365 1206 436 impediunt;
1279 363 1459 430 itaque
1510 359 1686 430 planis
1727 355 2102 427 expositisque

2210 351 2299 403 καὶ
2338 349 2472 419 πρὸς
2504 348 2603 417 τὴν
2636 345 2909 416 συμϐολὴν
2931 343 3353 405 ἀνακόπτονται,
3383 339 3466 394 διὸ
3498 339 3597 394 καὶ
3647 339 3832 405 ὁμα-

526 464 666 517 locis
700 461 898 516 hastati
931 460 996 513 ad
1032 455 1402 512 dimicandum
1430 463 1609 526 egent.

2210 441 2433 510 ίωτέρου
2463 441 2677 494 δέονται
2710 438 2873 491 τόπου
2900 438 2958 489 ὲν
2979 438 3099 498 ταῖς
3143 434 3345 503 μάχαις
3380 432 3430 484 οί
3467 430 3827 499 κονταρίοις

2198 536 2489 605 χρώμενοι.
3640 528 3648 537 ’

2266 628 2365 698 λη’.
2412 626 2537 682 Ἐὰν
2566 627 2621 679 δὲ
2650 625 2965 695 κατανοήσῃ
2997 625 3025 676 ὁ
3052 619 3373 691 στρατηγδς,
3395 620 3478 672 ὃτι
3504 619 3611 671 οὐκ
3637 618 3829 671 ἐστιν

2198 718 2495 786 ἀξιόμαχος
2524 718 2552 769 ὁ
2589 714 2819 783 στρατὸς
2844 713 3012 767 αὑτοῦ
3048 711 3185 782 πρὸς
3215 710 3339 773 τοὺς
3383 710 3699 769 ἐναντίους,
3745 709 3829 760 οὐ

2198 812 2277 862 δεῖ
2310 809 2473 863 αὐτὸν
2506 807 2773 877 μάχεσθαι
2801 805 3062 873 πολέμοις
3092 803 3393 873 δημοσίοις,
3425 801 3540 853 ἀλλ’
3570 800 3830 868 ἐφόδοις

2201 903 2366 972 ἤγουν
2418 900 2737 956 ἐπελεύσεσι
2780 899 2876 951 καὶ⁵
2914 896 3145 958 κλοπαῖς
3206 893 3346 947 κατά
3402 891 3513 944 τῶν
3570 890 3830 961 ἐχθρῶν

599 642 688 695 '58.
732 640 825 693 Sin
853 654 910 692 se
937 640 1000 689 ad
1031 636 1337 689 bellandum
1365 648 1488 688 cum
1516 630 1767 685 hostibus
1796 629 1974 683 minus
2002 628 2098 681 ha-

525 734 685 790 bilem
715 748 835 787 esse
869 731 1163 799 imperator
1190 726 1536 788 intellexerit,
1561 739 1667 777 non
1702 721 1935 791 publicis
1965 735 2099 789 prae-

527 825 615 878 liis
655 838 776 877 cum
821 836 885 874 eo
927 818 1252 877 conﬂictari,
1292 817 1387 871 sed
1430 813 1861 876 incursionibus,
1896 818 1950 864 et
1995 810 2098 863 im-

528 913 903 984 pressionibus
949 926 1048 964 nec
1081 909 1354 978 Opinatis,
1396 916 1447 962 et
1493 907 1734 958 lucorum
1780 900 2099 973 opportuni-

528 1014 640 1058 tate
672 1003 736 1056 ad
775 1003 1006 1055 furtivas
1046 998 1310 1061 insidias,
1346 1004 1399 1051 et
1446 996 1826 1065 aggressiones
1859 991 2098 1046 hostimn

531 1105 749 1162 utatur;
780 1110 955 1163 neque
983 1106 1150 1146 causa
1182 1106 1280 1145 cur
1309 1088 1507 1142 bellum
1539 1085 1820 1140 differatur
1848 1084 1932 1137 vel
1963 1081 2099 1143 suis,

528 1190 609 1241 vel
644 1188 893 1241 hostibus
928 1182 1169 1253 pateﬁat,
1201 1190 1257 1234 ut
1289 1196 1355 1234 ne
1386 1195 1449 1232 ex
1481 1195 1545 1233 eo
1576 1178 1761 1232 hostes
1791 1176 2103 1230 animentur

525 1280 591 1334 ad
626 1280 895 1350 praelium,
922 1276 999 1329 tui
1031 1289 1060 1327 a
1092 1273 1280 1341 prtelio
1308 1272 1719 1325 abstrahautur.

2203 993 2504 1063 κεχρῆσθαι
2535 991 2791 1061 ἀσφαλῶς
2821 991 2913 1044 κα)⁵
2958 986 3312 1057 εὐσχημόνως
3339 985 3426 1039 διὰ
3453 983 3643 1039 τόπων
3677 986 3829 1035 ἐπι-

2202 1081 2428 1155 τηδείων
2462 1085 2541 1148 είς
2570 1084 2629 1138 τὸ
2663 1084 2736 1153 μὴ
2764 1081 3113 1153 δηλοῦσθαιῆ
3146 1081 3254 1141 τοῖς
3288 1078 3573 1143 ἐναντίοις,
3599 1076 3634 1147 ἢ
3682 1080 3829 1140 τοῖς

2205 1180 2358 1242 ίδίοις
2400 1178 2491 1231 τὸν
2539 1176 2739 1230 σκοπὸν
2774 1175 2842 1228 δι’
2876 1175 2935 1228 δν
2985 1174 3193 1242 γίνεται
3223 1174 3256 1242 ὴ
3336 1171 3637 1242 ὑπέρθεσις
3693 1170 3826 1237 τῆς

2202 1270 2492 1340 δημοσίας,
2518 1270 2605 1322 ἵνα
2640 1268 2714 1339 μὴ
2737 1269 2802 1322 ἐκ
2830 1267 3022 1323 τούτου
3049 1269 3161 1328 τοῖς
3194 1264 3293 1335 μὲν
3314 1262 3601 1333 πολεμίοις
3627 1262 3824 1317 αὑτοῦ

2207 1362 2429 1433 θράσος,
2469 1360 2546 1431 τῷ
2576 1360 2631 1413 δέ
2655 1360 2769 1429 λαῷ
2802 1358 2965 1416 αὐτοῦ
2985 1358 3153 1411 δειλία
3184 1356 3427 1425 γένηται.

596 1458 687 1513 '59.
732 1454 1138 1516 Revolutiones,
1172 1450 1223 1504 id
1256 1457 1361 1515 est,
1414 1448 1803 1503 conversiones
1831 1454 1885 1501 et
1920 1458 2104 1499 rever-

2274 1451 2375 1509 λθ’.
2414 1452 2525 1515 Τὰς
2555 1450 2611 1504 δὲ
2645 1449 2924 1515 ἐξελίξεις,
2954 1449 3145 1520 ἤγουν,
3182 1448 3279 1508 τάς
3315 1444 3659 1514 ἐπιστροφὰς
3706 1445 3825 1496 καὶ

528 1552 714 1605 siones
758 1550 810 1601 in
856 1543 1307 1605 discessionibus,
1347 1555 1454 1594 non
1500 1538 1785 1592 manifeste
1830 1545 1993 1600 atque
2034 1550 2101 1587 ex

2210 1545 2556 1615 ἀναστροφὰς
2603 1546 2661 1599 ἐν
2718 1546 2836 1606 ταῖς
2892 1541 3295 1611 ὑποχωρήσεσι,
3352 1537 3427 1608 μὴ
3469 1538 3539 1589 δι’
3616 1536 3823 1601 ὅψεως

529 1642 761 1695 adverso
798 1639 1035 1691 hostium
1074 1634 1235 1697 fiant,
1268 1632 1361 1686 sed
1399 1631 1464 1683 ad
1500 1630 1643 1682 latus
1679 1644 1737 1682 se
1772 1625 2106 1695 obliquaudo

2210 1636 2476 1691 ποιεῖσθαι
2509 1634 2617 1687 τῶν
2652 1634 2929 1698 ἐναντίων,
2973 1632 3107 1684 ἀλλά
3135 1631 3225 1683 διὰ
3261 1630 3370 1682 τῶν
3408 1629 3662 1695 πλαγίων
3695 1630 3820 1681 αὐ-

528 1738 854 1786 couvertant
911 1735 1073 1795 atque
1106 1725 1298 1778 iterum
1330 1737 1359 1774 a
1391 1732 1541 1790 tergo
1572 1721 1695 1774 illos
1724 1718 2101 1787 intercipiant;

2211 1728 2315 1781 τῶν
2337 1726 2695 1796 ἀναστρέφειν
2729 1724 2822 1778 καὶ
2860 1724 2987 1786 τοὺς
3015 1722 3216 1784 νὼτους
3255 1720 3433 1773 αὐτῶν
3456 1720 3821 1787 ἀπολαμϐά-

528 1823 750 1893 quidam
798 1820 940 1874 enim
988 1834 1053 1873 ex
1100 1816 1372 1880 hostibus,
1415 1822 1475 1869 ut
1520 1812 1719 1873 Persas,
1763 1826 1887 1865 cum
1933 1809 2104 1863 aciem

2210 1837 2337 1872 νειν.
2369 1818 2501 1872 Τινά
2530 1818 2639 1888 γὰρ
2693 1816 2803 1871 τῶν
2847 1815 3015 1868 ἐθνῶν
3055 1808 3141 1869 οἷα
3183 1813 3277 1868 καὶ
3316 1812 3385 1865 τὰ
3416 1812 3525 1863 τῶν
3558 1812 3817 1881 Περσῶν

532 1913 833 1967 dissolvere
867 1910 1078 1974 nolint,
1113 1906 1272 1960 facile
1304 1916 1451 1973 terga
1484 1918 1580 1957 sua
1612 1900 1876 1970 objiciunt
1912 1899 1978 1952 iis
2012 1896 2105 1967 qui

2210 1910 2338 1965 ποτὲ
2379 1909 2453 1980 μὴ
2496 1908 2796 1979 βουλόμενα
2828 1906 3062 1959 διαλύειν
3104 1903 3257 1968 τάξιν
3312 1902 3515 1966 αὐτῶν,
3549 1903 3816 1967 εὐκόλως

532 2012 723 2059 contra
765 2016 858 2055 eos
901 1999 1149 2054 conversi
1192 2005 1355 2061 sunt,
1398 2002 1453 2050 et
1497 1994 1654 2064 quasi
1703 1990 1958 2061 fugiendo
2004 2004 2108 2058 pu-

532 2104 719 2168 gnant.
743 2094 875 2148 Nam
901 2094 992 2163 qui
1020 2090 1334 2153 discedunt,
1362 2097 1415 2145 et
1442 2086 1872 2156 subterfugiuut,
1900 2082 1946 2136 si
1974 2097 2106 2137 con-

535 2192 674 2245 versi
700 2188 973 2241 voluerint
1000 2200 1065 2239 ex
1094 2183 1329 2237 adverso
1357 2181 1594 2235 hostium
1627 2196 1683 2235 se
1713 2177 1951 2246 obiicere
1978 2175 2107 2239 illis,

532 2295 861 2352 magnopere
909 2278 1203 2343 lazduntur,
1248 2276 1295 2330 si
1346 2275 1403 2331 in
1451 2274 1574 2329 illos
1624 2272 1922 2328 instructos
1966 2265 2107 2321 inci-

529 2376 682 2429 dant.

600 2555 690 2609 40.
730 2553 925 2607 Terea:
952 2550 1226 2620 fugientes
1251 2547 1439 2602 hostes
1465 2544 1693 2600 confuse
1722 2542 2109 2609 insequuntur.

533 2646 679 2701 unde
717 2645 973 2699 facillime
1009 2641 1303 2702 laeduntur,
1340 2639 1386 2693 si
1418 2636 1510 2706 qui
1547 2636 1685 2705 fuga:
1720 2650 1778 2690 se
1815 2637 2072 2686 mandant
2095 2671 2109 2694 ,

534 2742 652 2793 sine
683 2737 819 2792 aciei
852 2748 965 2789 sua:
995 2731 1403 2802 perturbatione
1434 2728 1657 2785 faciant.
1686 2734 1739 2779 et
1772 2739 1989 2777 rursum
2020 2739 2111 2776 ea-

533 2829 656 2881 dem
690 2841 814 2880 cum
851 2822 1062 2879 ordinis
1094 2819 1513 2876 conservatione
1549 2818 1603 2872 iu
1635 2816 1759 2871 illos
1793 2814 1991 2869 iterum
2027 2813 2111 2866 in-

532 2921 754 2975 vadant.

2206 2003 2337 2064 τοὺς
2393 2000 2595 2063 νώτους
2659 1998 2835 2053 αὐτῶν
2892 1994 3199 2069 προδιδοῦσι
3272 1996 3384 2057 τοῖς
3433 1993 3553 2048 κατ’
3612 1992 3815 2045 αὐτῶν

2211 2091 2638 2161 ὑποστρέφουσιν
2681 2090 2847 2143 οἱονεὶ
2876 2085 3360 2158 ’φυγομαχοῦντες.
3398 2083 3559 2137 Ἀλλά
3605 2085 3699 2136 καὶ
3750 2084 3811 2135 of

2212 2183 2627 2253 ὑποχωροῦντες
2658 2182 2752 2235 καὶ
2806 2179 3209 2248 ὑποφεύγοντες
3262 2177 3460 2240 αὐτοὺς
3503 2178 3550 2229 εί
3591 2174 3809 2245 βουλη-

2212 2278 2378 2333 θῶσιν
2405 2276 2887 2346 ἀντιστρεφόμενοι
2936 2274 3015 2337 είς
3046 2274 3167 2344 ὄψιν
3208 2272 3316 2325 τῶν
3346 2270 3658 2325 διωκόντων
3695 2272 3807 2323 αὑ-

2213 2371 2335 2432 τοὺς
2360 2369 2533 2422 ἐλθεῖν
2564 2368 2895 2439 βλάπτονται
2930 2365 3383 2435 συντεταγμένοις
3420 2365 3607 2427 αὐτοῖς
3640 2381 3805 2434 περι-

2213 2462 2525 2524 πίπτοντες.

2286 2552 2358 2619 μ’.
2389 2555 2468 2607 Τά
2495 2553 2593 2623 μὲν
2622 2553 2730 2625 γάρ
2762 2552 2871 2606 τῶν
2897 2551 3065 2608 ἐθνῶν
3095 2544 3206 2605 οἷον
3239 2551 3289 2603 οί
3312 2549 3547 2621 Τοῦρκοι
3591 2550 3654 2601 ἐν
3677 2551 3804 2611 ταῖς

2211 2644 2461 2709 διώξεσιν
2486 2645 2739 2708 ἀτάκτως
2765 2644 3099 2698 ἐπιτίθενται
3129 2644 3245 2705 τοῖς
3266 2640 3641 2709 διωκομένοις,
3674 2640 3801 2692 ὅθεν

2212 2738 2308 2794 καὶ
2337 2737 2721 2807 εὐχερέστερον
2751 2736 3081 2807 βλάπτονται
3111 2718 3264 2804 παρά
3295 2734 3403 2786 τῶν
3436 2731 3799 2801 διωκομένων

2212 2830 2488 2894 εὐτάκτως
2520 2830 2951 2903 ὑποχωρούντων
2983 2830 3077 2884 καὶ
3105 2828 3577 2899 ὑποστρεφόντων.

602 3036 692 3090 41.
735 3033 869 3086 Aliae
906 3030 1156 3085 nationes
1190 3028 1473 3099 permulta:
1505 3026 1793 3094 ordinatae,
1829 3034 1993 3098 atque
2026 3025 2106 3080 in-

2286 3042 2395 3106 μα’.
2430 3033 2511 3090 Τά
2540 3033 2597 3088 δέ
2642 3032 2831 3103 πράως
2876 3032 2972 3086 καὶ¹
3022 3031 3468 3102 συντεταγμένως
3506 3028 3795 3085 διώκουσι.

534 3132 757 3182 structae
782 3123 1049 3193 fugientes
1076 3121 1468 3189 insequuntur;
1500 3119 1683 3187 itaque
1705 3119 1929 3173 minime
1951 3133 2111 3189 opor-

533 3226 608 3272 tet
642 3232 859 3280 coram,
891 3224 1055 3283 atque
1086 3228 1150 3268 ex
1188 3211 1417 3267 adverso
1453 3212 1505 3264 iu
1548 3211 1668 3265 illos
1700 3211 1980 3273 conversi,
2015 3210 2110 3266 scd

533 3308 601 3363 ad
634 3309 798 3368 latus,
832 3316 993 3375 atque
1025 3319 1053 3357 a
1084 3314 1257 3374 tergo,
1290 3303 1751 3374 quemadmodum
1787 3304 2107 3369 memoravi,

534 3400 901 3455 incursionem
936 3396 1135 3450 facere.

601 3490 687 3548 42.
723 3489 989 3555 Quoniam
1009 3486 1311 3541 Turcarum
1335 3485 1667 3540 mentionem
1690 3484 1942 3547 fecimus.
1965 3484 2106 3538 haud

531 3585 628 3640 abs
658 3599 717 3639 re
751 3582 913 3637 fuerit
947 3581 1258 3635 universam
1291 3579 1505 3633 illorum
1539 3580 1732 3643 aciem,
1762 3588 1815 3632 et
1846 3577 2108 3649 quemad-

533 3675 753 3733 modum
785 3672 1073 3725 adversum
1113 3670 1236 3724 illos
1265 3678 1451 3723 nostra
1486 3670 1631 3723 acies
1661 3668 1978 3722 instruenda
2005 3670 2073 3722 sit
2095 3708 2107 3725 .

531 3766 827 3833 explicare.
870 3762 983 3816 lloc
1028 3761 1174 3815 enim
1222 3760 1552 3831 experientia
1600 3759 1941 3823 tenebamus,
1984 3772 2105 3810 cum

535 3853 747 3923 Bulgari
784 3852 1025 3906 induciis
1058 3850 1275 3904 violatis
1309 3850 1583 3903 Thracum
1626 3850 1900 3920 regionem
1940 3865 2107 3919 popu-

534 3946 805 3998 labantur.
845 3943 1105 4011 Bulgaros
1144 3942 1289 3996 enim
1336 3941 1471 3995 ultio
1508 3942 1714 4007 divina,
1750 3952 1971 4013 propter
2005 3941 2107 3996 hoc

535 4037 858 4108 perjurium,
887 4036 939 4088 in
970 4032 1175 4087 Christi
1205 4032 1299 4085 Dei
1332 4033 1526 4098 nostri,
1553 4040 1605 4086 et
1630 4034 1800 4087 totius
1833 4033 2107 4087 universi-

532 4130 662 4183 tatis
688 4128 829 4197 regis
856 4125 1079 4181 nomine
1107 4123 1407 4178 admissum
1426 4162 1440 4185 ,
1464 4123 1617 4193 justo
1651 4124 1923 4193 supplicio
1952 4138 2106 4177 coer-

531 4223 666 4275 cuit.
703 4218 837 4273 Nam
884 4234 1008 4275 cum
1050 4227 1254 4273 nostra:
1287 4215 1459 4285 capia:
1492 4216 1757 4270 adversus
1800 4215 2106 4270 Saracenos

532 4322 812 4382 occupata:
839 4320 1056 4374 essent,
1084 4308 1295 4364 Turcas
1322 4308 1505 4362 divina
1534 4306 1884 4361 Providentia
1910 4306 2107 4361 adver-

2214 3128 2304 3180 Διδ
2332 3127 2449 3179 οὐδὲ
2479 3125 2586 3195 χρὴ
2650 3127 2777 3188 τοὺς
2833 3123 3279 3194 ἀναστρέφοντας
3325 3124 3445 3175 κατ’
3494 3121 3679 3175 αὐτῶν
3717 3121 3799 3174 δι’

2211 3220 2382 3288 ὅψεως
2422 3216 2762 3283 ἐπιτηδεύειν
2786 3216 3061 3287 ἔρχεσθαι,
3089 3214 3224 3270 ἀλλά
3266 3216 3363 3269 καὶ
3396 3214 3482 3267 διὰ
3514 3215 3621 3265 τῶν
3654 3213 3798 3265 πλα-

2209 3311 2342 3379 γίων
2377 3310 2466 3362 καὶ
2503 3308 2640 3361 κατά
2681 3308 2775 3361 τοῦ
2811 3309 2984 3361 νώτου
3031 3307 3208 3361 αὐτῶν
3247 3304 3510 3359 ποιεῖσθαι
3555 3304 3653 3374 τὴν
3688 3308 3797 3357 ἐπ-

2211 3402 2443 3465 ἐλευσιν,
2471 3400 2545 3463 ῶς
2576 3418 2665 3469 μοι
2694 3400 2933 3469 εἴρηται.

2286 3493 2397 3563 μβ’.
2448 3493 2601 3546 Ἐπεὶ
2654 3492 2709 3545 δὲ
2741 3491 3001 3562 Τούρκων
3046 3490 3345 3561 ἐμνήσθην,
3401 3489 3503 3544 οὐκ
3533 3488 3800 3560 ἀδόκιμον

2211 3586 2491 3654 κρίνομεν,
2522 3583 2616 3637 καὶ
2650 3584 2799 3647 ὅπως
2832 3584 2987 3636 αὐτοὶ
3020 3583 3480 3654 παρατάττονται,
3520 3583 3615 3634 καὶ
3644 3582 3795 3649 ὅπως

2211 3676 2397 3739 αὐτοῖς
2424 3674 2969 3746 ἀντιπαρατάξασθαι
3002 3674 3140 3739 δέον,
3181 3673 3540 3742 διασαφῆσαι,
3571 3672 3662 3725 διὰ
3697 3690 3797 3743 με-

2209 3770 2365 3839 τρίας
2410 3767 2607 3836 πείρας
2648 3766 3039 3835 ἀναμαθόντες,
3091 3766 3181 3819 ὅτε
3232 3766 3541 3835 συμμάχοις
3606 3766 3794 3829 αὐτοῖς

2211 3856 2590 3927 ἐχρησάμεθα,
2621 3857 2944 3927 Βουλγάρων
2971 3856 3373 3927 τάςέἰρηνικάς
3400 3855 3793 3927 παραϐεϐηκὸο

2208 3964 2317 4000 των
2346 3948 2595 4011 σπονδὰς,
2642 3948 2737 4001 καὶ
2766 3949 2835 4002 τά
2870 3950 2969 4017 τῆς
3018 3950 3248 4019 Θρᾴκης
3298 3947 3474 4018 χωρία
3519 3950 3795 4019 καταδρα-

2214 4039 2444 4109 μόντων.
2483 4035 2579 4103 Οἷς
2608 4042 2639 4110 ἠ
2668 4040 2791 4109 δίκη
2828 4039 3192 4106 ἐπεξελθοῦσα
3216 4042 3314 4110 τῆς
3338 4042 3419 4103 εἰς
3447 4041 3677 4109 Χριστὸν
3696 4041 3792 4093 τὸν

2209 4131 2343 4185 Θεὸν
2374 4132 2664 4202 παροινίας
2697 4134 2805 4185 τῶν
2852 4132 2990 4185 ὅλων
3034 4133 3126 4185 τὸν
3160 4132 3380 4202 βασιλέα
3411 4134 3576 4203 τάχος
3618 4132 3791 4201 ἔφθα-

2211 4240 2303 4275 σεν
2329 4222 2596 4275 ἐπιθεῖναι
2624 4223 2724 4293 τὴν
2752 4223 3045 4293 τιμωρίαν.
3078 4225 3187 4277 Καὶ
3218 4226 3327 4295 γὰρ
3352 4224 3462 4277 τῶν
3501 4224 3790 4293 ἡμετέρων

2209 4316 2494 4386 δυνάμεων
2528 4316 2668 4369 κατά
2696 4316 3028 4386 Σαρακηνῶν
3068 4317 3484 4386 ἀσχολουμένων
3510 4316 3790 4385 Τούρκους

531 4422 652 4462 sum
693 4421 788 4462 eos
828 4405 1201 4459 Romauorum
1246 4402 1365 4457 vice
1405 4402 1657 4463 armavit.
1699 4400 1877 4455 classe
1921 4412 2106 4455 nostra

2210 4410 2245 4479 ἠ
2301 4410 2420 4462 θεία
2474 4409 2709 4479 Πρόνοια
2769 4411 2891 4463 ἀντὶ
2925 4409 3216 4479 Ῥωμαίων
3266 4408 3412 4462 κατά
3462 4408 3787 4480 ὼυλγάρων

532 4500 731 4555 Istrum
762 4497 1188 4559 transmittente,
1218 4502 1382 4563 atque
1409 4494 1530 4549 illos
1557 4494 1846 4563 adjuvante
1865 4533 1880 4556 ,
1906 4502 1960 4548 et
1985 4494 2112 4547 Bul-

532 4605 787 4660 garorum
843 4600 1035 4643 contra
1082 4587 1429 4641 Christianos
1480 4593 1751 4640 armatum
1808 4584 2110 4639 exercitum

531 4685 709 4739 tribus
744 4681 948 4752 prmliis
986 4680 1272 4742 fuderunt,
1303 4678 1563 4732 divinitus
1599 4678 1665 4731 ad
1702 4677 1836 4741 hoc,
1866 4685 1926 4731 ut
1956 4677 2109 4730 vide-

532 4786 642 4839 tur,
673 4774 849 4837 missi,
877 4788 945 4827 ne
977 4771 1206 4825 Romani
1238 4768 1913 4840 ChristianiBulgarorum
1946 4769 2108 4823 Chri-

413 4880 431 4902 ‘
532 4869 835 4925 stianorum
871 4865 1139 4936 sanguine
1171 4862 1614 4933 inquinarentur.

596 5138 684 5191 45.
724 5134 996 5206 Scythicae
1027 5132 1277 5186 nationes
1309 5142 1473 5183 unam
1524 5125 1729 5182 habent
1760 5125 1895 5180 aciei
1937 5140 2106 5197 appa-

529 5238 790 5299 ratusque
834 5226 1087 5290 formam.
1128 5223 1382 5294 quamvis
1425 5220 1771 5275 diversorum
1822 5217 2106 5273 hominum

529 5317 774 5388 imperiis
812 5317 1199 5385 subjiciantnr,
1229 5323 1284 5369 et
1312 5313 1381 5367 ad
1412 5314 1631 5381 negotia
1666 5310 1987 5366 facessenda
2023 5313 2109 5365 in-

528 5410 713 5474 citati,
740 5408 1081 5479 pastionibus
1109 5404 1323 5478 pecoris
1346 5404 1509 5459 vitam
1541 5404 1938 5457 transmittunt.
1966 5404 2106 5458 Sola:

529 5507 708 5555 autem
746 5501 1099 5573 Bulgarorum
1140 5506 1196 5553 et
1227 5497 1531 5552 Turcarum
1568 5495 1820 5550 nationes
1852 5495 2104 5551 similiter

2213 4502 2566 4569 ἐστράτευσε,
2600 4500 2848 4571 πλωΐμου
2909 4503 3097 4554 στόλου
3154 4502 3256 4568 τῆς
3302 4502 3459 4572 ἡμῶν
3510 4501 3787 4570 βασιλείας

2209 4593 2302 4645 τὸν
2332 4594 2544 4662 Ἵστρον
2584 4593 2777 4655 αὐτοὺς
2811 4593 3240 4661 διαπεράσαντος
3266 4610 3324 4645 τε
3369 4595 3461 4646 καὶ
3493 4596 3785 4664 συμμαχή-

2212 4699 2423 4746 σαντος,
2456 4684 2550 4735 καὶ
2575 4682 2665 4735 τὸν
2696 4684 2879 4745 κακῶς
2910 4684 3051 4737 κατά
3080 4685 3426 4755 Χριστιανῶν
3455 4685 3782 4738 ὀπλισθέντα

2208 4771 2535 4841 Βουλγάρων
2575 4772 2802 4839 στρατὸν
2828 4774 2973 4841 τρισὶ
3019 4774 3220 4843 μάχαις
3250 4776 3391 4827 κατὰ
3416 4775 3619 4845 κράτος
3646 4793 3783 4829 νενι-

2207 4862 2450 4932 κηκότας
2488 4861 2622 4932 (64),
2648 4862 2722 4925 ὡς
2746 4863 2813 4916 ἂν
2844 4865 2893 4915 εἰ
2924 4864 3151 4933 δημίους
3177 4865 3606 4930 ἐξαποστείλασα
3646 4869 3782 4919 κατὰ

2208 4952 2408 5015 αὐτῶν,
2439 4952 2527 5005 ἵνα
2558 4952 2630 5023 μὴ
2656 4953 2873 5016 ἐνόντες
2903 4954 3163 5023 Ῥωμαῖοι
3184 4956 3500 5024 Χριστιανοὶ
3526 4957 3782 5025 Χριστια-

2203 5041 2310 5095 νῶν
2347 5042 2669 5110 Βουλγάρων
2696 5043 2890 5111 αἵμασι
2921 5043 3249 5112 χραίνοιντο.

2287 5138 2397 5200 μγ’.
2436 5132 2516 5184 Τά
2554 5133 2796 5184 Σκυθικά
2825 5134 3008 5185 τοίνυν
3044 5133 3169 5204 ἔθνη
3202 5135 3331 5203 μιᾶς
3386 5136 3544 5197 εἰσιν,
3582 5135 3659 5198 ὡς
3703 5137 3777 5187 εί-

2208 5226 2350 5288 πείν,
2384 5224 2733 5294 ἀναστροφῆς
2764 5240 2822 5277 τε
2872 5225 2968 5277 καὶ
3000 5226 3227 5292 τάξεως,
3258 5228 3542 5298 πολύαρχά
3588 5246 3648 5281 τε
3693 5232 3780 5284 καὶ

2208 5316 2538 5385 ἀπράγμονα
2577 5315 2885 5386 νομαδικῶς
2918 5318 2995 5380 ὡς
3040 5318 3245 5371 ἐπίπαν
3278 5319 3518 5389 βιοῦντα.
3550 5321 3700 5374 Μόνα
3726 5322 3779 5374 δὲ

2214 5408 2283 5460 τὰ
2306 5408 2415 5459 τῶν
2448 5407 2773 5478 Βουλγάρων
2813 5410 3038 5478 προσέτι
3075 5411 3132 5464 δὲ
3163 5414 3255 5463 καὶ
3278 5413 3346 5464 τά
3378 5413 3486 5465 τῶν
3526 5412 3781 5482 Τούρκων

2211 5498 2309 5563 τῆς
2337 5500 2530 5569 ὁμοίας
2560 5502 2903 5571 φροντίζουσι
2946 5502 3515 5589 τάξεωςνπυλεμικῆς
3564 5507 3780 5579 ίσχυρο-

2028 5586 2237 5643 NOTAE
2248 5631 2260 5645 .

600 5678 712 5749 (64)
741 5683 1162 5751 Νενικηκότας.
1197 5680 1409 5746 Scribe,
1446 5682 1812 5751 νενικηκότος.
