4052 6216
237 291 342 358 ’957

1255 282 1594 344 TACTI'CA.
1626 305 1696 317 -
1721 277 2237 341 CONSTITUTIO
2262 278 2486 340 XVIII.

3407 277 3514 342 958

247 407 408 479 τέρας
440 402 552 458 τῶν
580 399 756 456 ἄλλων
789 395 1070 451 Σκυθικῶν
1099 395 1269 450 ἐθνῶν
1308 396 1409 458 τὰς
1455 390 1600 447 κατὰ
1622 390 1827 445 σύστσμ

1949 390 2086 445 acies
2113 405 2246 446 suas
2273 392 2328 444 in
2359 389 2502 444 bello
2528 388 2831 453 instruunt,
2857 386 3084 456 reliquis
3114 384 3333 458 Scythis
3359 385 3520 458 longe

260 517 340 554 σιν
376 497 557 570 μάχας
583 489 889 561 ποιούμενά
918 505 977 543 τε
1016 488 1113 542 καλ⁸
1143 483 1578 559 μοναρχούμενα.

324 671 429 746 μδ¹.
489 669 653 724 Ἀλλά
704 666 1033 738 Βουλγάρων
1091 664 1191 736 τὴν
1237 664 1296 718 ὲν
1348 658 1573 733 Χριστῷ
1607 658 1830 731 είρήνην

248 761 671 833 ἀσπαζομένων,
715 759 814 813 καὶ
858 754 1261 811 κοινωνούντων
1290 754 1392 824 τῆς
1426 752 1508 814 εις
1529 747 1695 804 αὐτὸν
1737 746 1831 799 πί-

252 872 420 919 στεως
445 850 766 923 Ῥωμαίοις,
802 846 942 920 μετά
959 846 1057 917 τὴν
1080 847 1145 902 ἑκ
1165 845 1268 915 τῆς
1292 841 1607 914 παρορκίας
1634 840 1833 910 πεῖραν

246 949 347 1020 οὐχ
371 943 659 1018 ἡγούμεθα
706 940 852 996 κατά
890 939 1071 994 αὐτῶν
1120 938 1312 1010 χεῖρας
1346 933 1614 999 ὁπλίζειν,
1645 930 1742 984 isti

252 1018 402 1092 Θείον
431 1035 531 1107 ήδη
556 1033 626 1088 τά
680 1029 826 1086 κατά
856 1028 1081 1084 εκείνων
1127 1024 1473 1098 ἀναρτῶντες
1517 1018 1834 1092 στρατηγή-

258 1144 419 1201 ματα·
451 1126 641 1194 διόπερ
674 1121 799 1176 οὔτε
824 1120 929 1191 τὴν
953 1117 1133 1173 αὐτῶν
1158 1115 1279 1173 καθ’
1310 1114 1472 1187 ἡμῶν
1502 1111 1830 1184 παράταξιν,

245 1220 376 1275 οὔτε
408 1218 507 1289 τὴν
559 1214 840 1286 ἡμετέραν
887 1205 1008 1266 κατ’
1047 1208 1294 1275 ἐκείνων,
1318 1207 1416 1261 ἅτε
1442 1206 1534 1260 διὰ
1559 1205 1661 1275 τῆς
1701 1204 1833 1275 μιᾶς

258 1314 488 1375 πίστεως
514 1307 762 1376 ἀδελφῶν
810 1305 1189 1376 ὑπαρχόντων,
1226 1301 1324 1357 καὶ
1371 1302 1494 1364 ταῖς
1530 1298 1834 1370 ἡμετέραις

249 1407 420 1460 είκειν
454 1398 939 1471 ἐπαγγελλομένων
966 1397 1311 1469 είσηγησεσι,
1347 1392 1673 1465 διαγράφειν
1694 1390 1835 1454 τέως

252 1493 705 1569 προθυμούμεθα.

322 1682 427 1747 με’.
462 1673 600 1744 Περὶ
653 1671 710 1726 δὲ
743 1670 846 1742 τῆς
865 1668 976 1724 τῶν
1009 1667 1268 1739 Τοὺρκων
1304 1661 1601 1726 διαθέσειῖκ
1645 1676 1707 1715 τε
1736 1658 1834 1713 καὶ

1844 482 1849 487 ’
1936 480 2130 534 melius
2165 492 2229 535 ac
2280 479 2485 534 fortius
2524 478 2795 545 ordinati,
2838 485 2893 532 et
2931 476 3094 533 unius
3128 476 3358 548 imperio
3389 480 3521 535 obe-

1933 568 2150 623 dientcs
2183 568 2328 624 bella
2361 577 2579 639 gerunt.

2005 657 2096 711 ιι.
2144 656 2252 713 Sed
2285 657 2549 727 quoniam
2580 655 2800 728 Bulgari
2837 670 3024 727 pacem
3059 657 3128 711 in'
3148 657 3371 712 Christo
3401 671 3519 710 amo

1933 748 2273 819 plectuntur,
2304 759 2359 806 et
2390 748 2549 805 ﬁdem
2583 749 2635 804 in
2665 749 2890 806 Christo
2917 763 3043 804 cum
3077 748 3339 805 Romanis
3370 763 3524 804 com-

1936 843 2241 908 municant,
2276 844 2537 913 quoniam
2578 844 2722 899 Deus
2758 844 2886 899 illos
2921 852 3147 914 propter
3178 842 3521 898 induciarum

1938 933 2262 989 violatarum
2308 934 2610 1006 perjurium
2664 934 3056 1000 ulciscebatur,
3104 935 3364 990 nolumus
3411 937 3524 989 ulla

1935 1026 2166 1081 consilia
2191 1027 2547 1097 imperatoria
2571 1025 2851 1091 adhibere,
2872 1033 2927 1081 et
2952 1027 3217 1081 adversus
3247 1027 3370 1081 illos
3397 1042 3526 1082 ηοε-

1938 1125 2050 1174 met
2069 1134 2310 1175 armare.
2334 1119 2529 1190 itaque
2546 1133 2727 1191 neque
2748 1120 2968 1174 illorum
2988 1126 3182 1174 contra
3204 1134 3306 1175 nos
3327 1120 3523 1185 aciem,

1935 1225 2119 1281 neque
2162 1219 2409 1265 nostram
2456 1211 2748 1265 adversum
2799 1211 2947 1275 illos,
2991 1225 3116 1266 omn
3160 1226 3268 1265 una
3316 1212 3370 1266 in
3421 1209 3528 1265 ﬁde

1936 1304 2099 1374 quasi
2123 1302 2655 1373 fratresjungamur,
2681 1303 3092 1372 apparationem
3122 1302 3525 1367 demonstrare,

1937 1408 2196 1465 nuncque
2262 1394 2611 1464 potissimum
2650 1408 2775 1447 cum
2817 1392 2930 1462 jam
2971 1410 3031 1450 se
3071 1407 3263 1450 nostro
3300 1396 3530 1467 imperio

1935 1482 2541 1554 administrationique,
2558 1482 3022 1554 quemadmodum
3043 1487 3380 1556 optavimus,
3400 1487 3533 1542 sub-

1942 1572 2192 1628 mittunt.

2013 1662 2102 1719 45.
2151 1663 2224 1718 De
2256 1663 2561 1719 Turcarum
2612 1662 2786 1719 forma
2823 1680 3014 1736 parum
3047 1673 3144 1718 aut
3166 1666 3304 1721 niltil
3337 1682 3366 1721 a
3400 1667 3531 1722 Bul-

255 1767 633 1839 παρατάξεως,
677 1760 861 1835 μικρῷ
890 1760 993 1831 τῆς
1021 1757 1348 1830 Βουλγάρων
1386 1753 1421 1825 ἢ
1454 1752 1609 1807 οὐδὲν
1643 1750 1830 1818 διαφε-

1949 1759 2078 1828 ;aris
2123 1754 2407 1812 diﬂ‘erente
2447 1759 2560 1828 jam
2623 1756 2898 1815 dicamus.
2942 1756 3214 1830 Populosa
3252 1774 3319 1814 ac
3361 1760 3534 1818 libera

244 1863 473 1933 -ρουσης,
497 1858 599 1929 ιἤδη
622 1854 876 1928 ἐροῦμεν.
907 1853 1032 1906 Ὅτι
1061 1848 1395 1918 πολύανδρόν
1423 1848 1541 1900 ἔστι
1563 1843 1660 1897 καὶ
1681 1842 1835 1895 ἐλεύ-

224 1956 412 2027 ιιθερον
448 1950 634 2032 τοῦτο.
661 1949 722 2003 τὸ
751 1946 929 2010 ἔθνος,
989 1943 1226 2014 μελέτην
1278 1941 1442 2032 μόνον
1486 1936 1832 2032 ποιούμενον,

255 2024 408 2113 παρὰ
449 2044 547 2107 τὰς
570 2024 741 2104 ,ἄλλας
782 2035 1130 2098 πολυτελείας
1174 2032 1272 2087 καὶ
1313 2030 1417 2102 τὴν
1459 2028 1746 2101 εὐπορίαν,
1775 2024 1836 2079 τὺ

255 2137 515 2210 ἀνδρείως
535 2131 840 2189 διακεῖσθαι
874 2128 1012 2200 πρὸς
1033 2127 1162 2189 τοὺς
1190 2125 1354 2187 ίδίους
1385 2119 1637 2193 ἐχθρούς.

333 2238 454 2303 μςδ.
485 2228 657 2284 Τοῦτο
705 2226 888 2280 τοίνυν
925 2222 1014 2287 ηὼς
1057 2217 1520 2294 μοναρχούμενον,
1551 2213 1646 2269 καὶ
1687 2212 1836 2280 ἀπη-

258 2329 371 2390 νεῖς
407 2324 503 2379 καὶ
536 2321 766 2394 βαρείας
809 2318 908 2382 τὰς
949 2317 1142 2380 ποινὰς
1171 2314 1268 2369 ἐπὶ
1297 2316 1411 2376 τοῖς
1454 2306 1841 2383 ἁμαρτανομέ-

260 2435 371 2481 νοις
400 2413 535 2487 παρ*
562 2413 743 2469 αὐτῶν
780 2413 845 2465 ὲκ
875 2409 983 2464 τῶν
1012 2407 1292 2479 ἀρχόντων
1322 2403 1504 2459 αὐτῶν
1542 2400 1841 2471 ὑφιστάμε-

263 2526 372 2571 νον,
403 2507 504 2561 οὐκ
538 2504 751 2575 ἀγάπη,
783 2501 920 2557 ἀλλά
944 2499 1094 2570 φόὸῳ
1122 2495 1558 2568 κεκρατημένον,
1584 2492 1713 2555 τοὺς
1738 2490 1840 2544 πόα

263 2616 388 2663 νονς
416 2598 512 2653 καὶ
544 2594 777 2668 μόχθους
813 2591 1080 2662 γενναίως
1110 2589 1393 2659 φέρουσιν.
1425 2586 1569 2655 Πρδς
1613 2583 1672 2638 δὲ
1699 2581 1839 2636 καύ-

256 2706 415 2766 ματα
443 2690 536 2742 καὶ
569 2687 708 2758 πρὸς
760 2683 932 2754 ψύχος
973 2679 1315 2750 ἀντέχονται.
1374 2677 1469 2730 καὶ
1515 2674 1615 2746 τῆς
1648 2672 1842 2745 λοιπῆς

262 2784 375 2839 τῶν
400 2778 711 2853 ἀναγκαίων
738 2774 945 2840 ὶνδείας
973 2771 1267 2846 νομαδικὸν
1302 2768 1572 2840 ὑπάρχον.

336 3048 446 3123 με’.
467 3048 755 3121 -ῐῐερίεργα
785 3042 844 3098 δέ
871 3042 979 3095 είσι
1009 3038 1082 3093 τά
1118 3036 1229 3095 τῶν
1265 3033 1526 3123 Τούρκων
1549 3027 1716 3123 φῦλα,
1747 3030 1847 3083 κσῖι

1944 1852 2060 1907 haec
2086 1849 2237 1905 natio
2263 1859 2370 1915 est,
2396 1851 2733 1921 reliquarum
2761 1866 2944 1906 rerum
2972 1867 3097 1923 quas
3122 1859 3251 1907 sunt
3279 1853 3334 1907 in
3358 1852 3537 1908 homi-

1943 1944 2108 1999 nibus
2147 1942 2438 2014 splendida
2482 1944 2749 1999 minorem
2794 1959 2987 1999 curam
3031 1945 3330 2013 habentes;
3374 1947 3430 2001 in
3471 1962 3537 2003 eo

1942 2035 2122 2091 solum
2163 2034 2526 2101 laborantes,
2552 2043 2612 2090 ut
2646 2035 2703 2090 in
2736 2034 3088 2109 conﬂigendo
3118 2051 3244 2093 cum
3281 2037 3536 2095 hostibus

1944 2125 2118 2183 fortes
2147 2126 2260 2203 sint
2286 2133 2451 2197 atque
2480 2126 2813 2185 habeantur.

2017 2218 2109 2274 46.
2151 2218 2281 2275 Ηαιο
2323 2219 2493 2291 igitur
2532 2221 2690 2277 natio
2731 2221 2839 2277 sub
2878 2222 3047 2280 unius
3088 2223 3371 2281 dominatu
3410 2238 3536 2280 eum

1947 2314 2040 2379 sit,
2066 2326 2263 2384 graves
2291 2313 2633 2384 acerbasque
2663 2328 2860 2384 ρωπος
2890 2316 2984 2370 dat
3016 2317 3290 2388 praefectis
3319 2320 3458 2385 suis,
3489 2319 3537 2374 si

1950 2402 2118 2459 ullius
2160 2402 2349 2460 delicti
2384 2413 2710 2475 teneantur;
2744 2422 2923 2477 neque
2952 2422 3172 2474 amore,
3207 2411 3301 2466 sed
3340 2412 3538 2465 timore

1950 2497 2020 2552 ab
2054 2496 2407 2569 improbitate
2435 2507 2745 2566 coercetur,
2777 2509 2830 2555 et
2861 2501 3080 2558 labores
3135 2510 3300 2575 atque
3331 2519 3540 2559 aanim-

1950 2604 2051 2645 nas
2091 2603 2287 2646 omnes
2328 2597 2555 2647 strenue
2596 2591 2838 2662 perfert;
2884 2593 2951 2647 ad
2989 2594 3205 2649 calores
3238 2603 3294 2651 et
3334 2594 3540 2668 frigora

1948 2682 2237 2738 toleranda
2272 2682 2408 2738 satis
2438 2690 2692 2752 paratur;
2729 2683 3068 2753 reliquarum
3101 2699 3284 2742 rerum
3325 2697 3541 2759 egesta-

1952 2782 2084 2842 tem,
2116 2775 2581 2846 quemadmodum
2610 2775 2835 2848 reliqui,
2870 2778 2964 2848 qui
3000 2778 3263 2835 nomades
3293 2789 3445 2846 sunt,
3486 2780 3541 2836 id

1951 2872 2056 2933 est,
2079 2865 2426 2935 pastionibus
2450 2868 2721 2937 pecudum
2746 2883 2806 2924 se
2827 2873 2974 2924 totos
2999 2868 3363 2938 tradiderunt,
3385 2886 3543 2943 aequo

1954 2961 2139 3015 animo
2166 2960 2570 3030 perpetiuntur.

2026 3049 2116 3104 47.
2146 3047 2508 3104 Laboriosum
2532 3046 2828 3103 admodum
2875 3063 3051 3119 genus
3095 3047 3403 3107 Turcarum
3424 3061 3534 3120 est,

260 3100 583 3214 κρῗπτοντα
729 3131 924 3206 βουλὴν
954 3127 1156 3193 αὐτῶν,
1192 3124 1361 3196 ἄφιλα
1383 3100 1451 3177 ’δὲ
1504 3121 1605 3215 καὶ.
1646 3118 1847 3173 ἄπιστα

1955 3149 2009 3198 et
2044 3149 2251 3197 tectum
2283 3142 2338 3195 in
2373 3141 2625 3198 consiliis
2687 3150 2853 3215 atque
2876 3100 3201 3207 :tccultum.
3238 3159 3419 3215 neque
3452 3100 3542 3202 so:

268 3213 423 3298 ὄντα,
464 3232 557 3285 καὶ
589 3229 679 3282 διά
727 3226 827 3296 τῆς
875 3219 1188 3292 ἀπληστίας
1224 3216 1334 3271 τῶν
1359 3213 1664 3288 χρημάτων
1713 3225 1854 3282 κρα-

267 3308 728 3395 τούμενα,’ὅρκου
776 3309 1196 3387 περιφρονῶσι,
1246 3308 1385 3379 μήτε
1431 3301 1713 3395 συνθήκαςΔ
1752 3316 1855 3395 (po:

268 3388 558 3480 λάττοντα,
601 3388 755 3483 μήτε
788 3406 986 3480 δώροις
1038 3399 1393 3473 ἀρκοῦμενα,
1441 3394 1582 3450 ἀλλά
1626 3392 1758 3464 πρὶν
1794 3388 1855 3483 τὸ

271 3509 422 3565 δοθὲν
455 3482 725 3571 δέξονται,
763 3496 1058 3569 ἐπιϐουλὴν
1092 3489 1391 3567 μελετῶσιν
1419 3488 1516 3544 καὶ
1545 3482 1857 3556 ἀνατροπὴν

271 3598 382 3654 τῶν
411 3593 712 3662 συνθηκῶν.
1018 3586 1021 3587 ν

350 3688 468 3762 μη’.
502 3688 613 3741 Καὶ
639 3686 768 3748 τοὺς
811 3677 1154 3749 ἐπιτηδείους
1177 3673 1402 3746 καιροὺς
1440 3668 1631 3733 δεινῶς
1661 3665 1859 3762 me“-

272 3759 485 3848 ζονται,
517 3779 616 3835 καὶ
649 3773 1049 3839 σπουδάζουσιν
1075 3769 1137 3824 οὐ
1168 3766 1436 3823 τοσοῦτον
1464 3761 1612 3835 χειρὶ⁵
1637 3761 1731 3815 καὶ
1765 3759 1858 3812 δυ-

277 3877 440 3947 νάμει
472 3873 600 3937 τοὺς
638 3867 869 3943 ἐχθροὺς
915 3861 1400 3932 καταπολεμῆσαι,
1440 3857 1564 3910 ὅσον
1612 3852 1680 3908 δι’
1718 3851 1861 3947 ἀπά-

275 3942 401 4039 της,
430 3968 526 4020 καὶ
573 3942 983 4033 αἰφνιδιασμοῦ,
1015 3956 1111 4012 καὶ
1129 3953 1221 4009 διὰ
1248 3952 1348 4024 τῆς
1392 3948 1501 4003 τῶν
1547 3942 1861 4015 ἀναγκαίων

277 4055 615 4119 .στενώσεως.

357 4148 465 4220 μθ’.
516 4145 868 4210 Ὀπλίζονται
916 4141 974 4196 δὲ
1013 4136 1289 4201 σπαθίοις,
1316 4132 1413 4188 καὶ
1439 4128 1737 4202 λωρικίοις,
1768 4126 1863 4220 καὶ

282 4217 481 4310 τόξοις,
505 4241 602 4295 καὶ
650 4236 983 4307 κονταρίοις.
1013 4232 1180 4288 Ὅθεν
1239 4231 1300 4283 ὲν
1356 4227 1476 4289 ταῖς
1538 4223 1740 4296 μάχαις
1785 4217 1862 4272 δι-

283 4332 454 4391 πλοῦν
475 4333 631 4405 ἅρμα
663 4330 715 4385 οἱ
755 4327 994 4390 πλείονες
1028 4323 1209 4380 αὐτῶν
1249 4319 1626 4391 ὲπιφίρονται,
1653 4315 1711 4368 ὲν
1751 4313 1864 4374 τοῖς

284 4428 457 4501 ὤμοις
486 4425 556 4480 τὰ
602 4421 863 4491 κοντάρια
908 4417 1395 4482 ἀναδαστάζοντες,
1424 4412 1521 4467 καὶ¹
1551 4410 1622 4463 τὰ
1646 4405 1776 4501 τόξα
1804 4406 1865 4501 εν

283 4497 408 4585 ταῖς
449 4517 608 4592 χερσὶ
661 4515 1003 4586 κατέχοντες,
1032 4510 1128 4566 καὶ
1176 4506 1510 4580 ἀμφοτέροις
1571 4498 1716 4592 κατά

283 4589 615 4671 ἀπαντῶσαν
653 4606 846 4681 χρείαν
888 4602 1240 4677 κεχρημένοι.
1267 4595 1600 4669 Διωκόμενοι
1630 4591 1688 4647 δὲ
1730 4589 1868 4662 μᾶλ-

281 4705 377 4761 λον
417 4701 746 4775 προτεροῦσι
775 4701 890 4763 τοῖς
920 4696 1119 4762 τόξοις.

361 4793 428 4852 ν’.
457 4771 572 4849 Οὐκ
593 4771 768 4846 αὐτοὶ
805 4790 864 4845 δὲ
904 4789 1072 4861 μόνον
1144 4778 1562 4854 ὀπλοφοροῦσιν,
1596 4774 1734 4833 ἀλλά
1772 4771 1867 4828 καὶ

284 4893 338 4949 oi
365 4890 523 4946 ἵπποι
552 4887 662 4942 τῶν
692 4883 951 4957 ἐμφανῶν
983 4881 1188 4954 σιδήρῳ
1231 4878 1266 4950 ἢ
1319 4873 1623 4945 meeum;
1658 4871 1729 4927 τά
1764 4869 1866 4939 ἔμ-

288 4982 532 5058 προσθεν
572 4981 713 5052 μέρη
743 4976 1062 5031 σκέπονται.

363 5076 466 5134 να’.
490 5075 701 5148 Πολλὴν
734 5073 794 5128 δὲ
839 5070 1074 5145 μελέτην
1135 5068 1234 5124 καὶ
1300 5067 1534 5138 ἄσκησιν
1587 5060 1875 5119 ποιοῦνται

290 5172 424 5247 περὶ
436 5170 542 5244 τὴν
581 5169 676 5223 ἐπὶ
698 5165 811 5222 τῶν
842 5166 1028 5220 ἵππων
1050 5162 1286 5229 τοξείαν.
1473 5229 1476 5232 ἢ

366 5261 468 5335 νβ’.
513 5260 824 5316 Ἀκολουθεί
849 5258 907 5312 δὲ
946 5256 1131 5321 αὐτοῖς
1162 5253 1260 5309 καὶ
1302 5250 1507 5323 πλῆθος
1534 5247 1746 5317 ἀλόγων
1789 5247 1868 5301 ίπ-

1955 3233 2113 3301 ciale,
2145 3249 2321 3305 neque
2352 3232 2543 3299 ﬁdum,
2575 3236 2935 3305 pecuniarum
2966 3232 3268 3305 cupiditate
3298 3235 3546 3307 iuexplc-«

1959 3326 2094 3393 bile,
2127 3324 2493 3396 iurisiurandi
2527 3335 2920 3391 contemnens,
2958 3323 3348 3395 toadil'ragum;
3384 3325 3547 3383 donis

1959 3418 2103 3473 haud
2145 3416 2416 3472 contineri
2453 3425 2666 3486 potest;
2703 3430 2830 3469 nam
2868 3431 3007 3486 pene
3040 3417 3365 3488 priusquam
3401 3419 3547 3474 dona

1960 3508 2293 3578 acceperint,
2330 3506 2561 3562 insidias
2620 3506 2927 3562 moliuntur
2957 3518 3010 3563 et
3046 3509 3396 3565 induciarum
3430 3511 3551 3566 vio-

1960 3601 2240 3655 lationem.

2031 3692 2122 3748 48.
2147 3690 2479 3762 Temporum
2500 3691 2972 3763 opportunitatem
2991 3692 3410 3765 diligentissime
3428 3709 3551 3768 per-

1962 3796 2290 3855 sequuntur,
2321 3799 2499 3854 neque
2529 3799 2693 3838 manu
2725 3794 2779 3840 et
2810 3784 3022 3841 viribus
3072 3795 3292 3841 tantum
3324 3797 3554 3844 conten-

1962 3875 2129 3940 dunt,
2178 3885 2446 3946 quantum
2497 3874 2672 3942 dolis,
2714 3883 2769 3932 et
2826 3876 3025 3932 subitis
3108 3879 3550 3945 incursionibus.

1963 3976 2017 4024 et
2048 3983 2234 4023 rerum
2288 3967 2727 4024 necessariarum
2759 3968 3177 4039 interclusione,
3205 3969 3393 4028 hostes
3423 3973 3555 4027 ado-

1962 4060 2203 4114 riuntur.

2037 4152 2125 4209 ιιι.
2178 4153 2479 4208 Armantur
2519 4153 2739 4224 gladiis,
2791 4153 2997 4222 hastis,
3050 4154 3310 4224 sagittis,
3359 4152 3550 4222 galeis.

1966 4243 2126 4302 Unde
2155 4245 2211 4300 in
2264 4246 2461 4316 proelio
2493 4246 2732 4315 duplicia
2780 4260 2933 4300 arma
2980 4248 3288 4315 complures
3334 4259 3397 4299 ex
3444 4245 3554 4301 illis

1966 4341 2224 4405 gestant;
2254 4332 2498 4388 humeris
2548 4332 2737 4388 hastas
2796 4332 3003 4397 terunt,
3058 4341 3115 4386 et
3162 4332 3416 4387 manibus
3462 4347 3555 4386 ar-

1894 4436 1942 4495 ι)
1971 4439 2097 4479 cum
2147 4432 2358 4490 tenent,
2404 4433 2480 4489 ct,
2526 4424 2573 4480 si
2618 4423 2843 4496 quando
2892 4439 3027 4480 usus
3076 4426 3275 4495 poscit,
3305 4426 3556 4495 utrisque

1969 4523 2244 4584 utuntur;
2276 4516 2371 4572 ubi
2400 4531 2533 4573 vero
2562 4516 2657 4572 alii
2683 4528 2781 4574 eos
2805 4516 3195 4588 insequuntur,
3217 4532 3349 4573 arcu
3381 4518 3556 4593 magis

1966 4608 2174 4664 valent.

2037 4787 2130 4843 50.
2170 4784 2284 4843 Nec
2330 4798 2461 4841 vero
2504 4782 2607 4840 soli
2660 4783 2739 4839 illi
2787 4798 2939 4839 arma
2984 4790 3221 4855 gestant,
3277 4781 3373 4840 sed
3426 4782 3553 4853 equi

1970 4881 2139 4937 etiam
2177 4884 2558 4950 spectaton
2605 4877 2851 4933 virorum
2902 4875 3203 4941 cenduclo,
3269 4882 3363 4930 aut
3409 4873 3556 4931 ferro

1972 4972 2250 5027 anteriora
2274 4976 2490 5042 tegunt.

2044 5065 2136 5120 5|.
2166 5064 2395 5119 Multum
2417 5077 2597 5134 opera:
2627 5060 2902 5116 collocant
2935 5058 2990 5141 in
3021 5059 3204 5116 studio
3228 5061 3555 5132 sagittarum

1974 5174 2039 5215 ex
2078 5159 2237 5229 equis
2263 5157 2663 5227 jaeiendarum.

2053 5251 2145 5308 52.
2177 5250 2482 5306 Bestiarum
2503 5244 2908 5302 multitudinem
2939 5261 3125 5302 secum
3147 5246 3370 5313 habent,
3387 5260 3558 5317 equa-

289 5357 511 5430 παρίων
563 5353 662 5409 καὶ
712 5349 988 5424 φοραδίων
1010 5348 1147 5420 (65),
1183 5348 1303 5417 ἃμα
1346 5343 1447 5415 μὲν
1472 5342 1609 5413 προς
1644 5343 1847 5412 ἀποτρο

1985 5358 2128 5408 rum,
2154 5343 2641 5414 jumentorumque
2688 5338 2944 5404 aliorum,
2978 5348 3092 5392 tum
3142 5340 3209 5393 ad
3251 5340 3334 5392 lac
3366 5340 3559 5399 btben-

295 5450 403 5521 φὴν
426 5448 523 5503 καὶ
552 5441 1016 5515 γαλακτοποσίαν,
1039 5440 1158 5513 ξιμα
1175 5438 1230 5493 δὲ
1258 5435 1356 5492 καὶ
1368 5433 1463 5490 διὰ
1490 5433 1725 5505 πλήθους
1744 5449 1879 5505 φαν-

291 5542 512 5597 τασίαν.

1984 5435 2140 5501 dum,
2180 5442 2294 5489 tum
2323 5440 2543 5503 propter
2571 5429 2885 5503 opinionem
2922 5427 3315 5488 multitudinis.

290 5760 307 5767 -
372 5725 488 5801 (θό)
514 5723 574 5781 in
609 5720 944 5797 quibusdam
977 5720 1067 5781 hic
1095 5715 1384 5790 suppletur
1414 5712 1767 5781 vocabulum,
1794 5622 2192 5787 ἓτῗέῗάοεδι
2218 5710 2276 5768 in
2297 5706 2422 5767 cod.
2449 5705 2712 5762 Laurent.
