4074 6222
284 288 395 355 961

1312 287 1653 354 TACTICA.
1682 314 1752 327 ·-
1786 285 2292 351 CONSTITUTIO
2320 285 2544 349 XVIII.

3440 286 3546 350 962

354 401 458 475 ξβ’.
511 401 879 459 Έναντιοῢται
929 405 988 459 δὲ
1035 400 1314 478 πολεμίοις
1377 409 1644 480 Τούρκοις
1687 407 1864 463 ἐνδεία

2038 404 2128 458 62.
2159 403 2479 460 Pastionum
2508 399 2694 472 inopia
2722 401 2961 456 maximo
2985 399 3380 470 impedimento
3407 402 3548 457 Tur-

288 496 492 566 βθσκῆς
518 496 606 550 διά
630 497 692 551 τὸ
725 496 929 569 πλῆθος
956 491 1032 554 ὧν
1061 498 1416 572 ἐπιφέρονται
1447 502 1678 570 ἀλόγων.

359 666 460 748 ξγδ.
493 681 602 734 Καὶ
651 681 710 734 ἐν
760 675 941 754 καιρῷ
994 675 1053 736 δὲ
1104 682 1376 754 συμϐολῆς
1428 681 1582 748 τάξις
1647 682 1850 754 πεζικὴ

298 771 707 841 συντεταγμένη
743 772 982 843 μάλιστα
1013 773 1209 837 αὐτοὺς
1267 772 1482 845 βλάψει,
1508 775 1586 838 ὡς
1645 774 1866 827 ἐναντία

291 861 471 915 αὐτῶν
521 861 906 933 καδαλλαρίων
935 863 1128 930 ὄντων,
1161 867 1254 918 καὶ
1299 867 1374 936 μὴ
1428 865 1867 919 καταϐαινόντων

291 951 400 1006 ἀπὸ
452 952 565 1007 τῶν
623 952 809 1007 ἵππων
838 968 855 984 ·
915 954 1038 1008 οὐδὲ
1087 955 1198 1024 γὰρ
1263 956 1456 1025 στῆναι
1519 956 1659 1026 πεζῇ
1725 971 1862 1025 καρ-

293 1040 542 1112 τεροῦσιν
565 1041 638 1105 ὡς
661 1042 1058 1112 συντραφέντες
1087 1044 1407 1114 ἐποχεῖσθαι
1433 1046 1545 1108 τοῖς
1576 1044 1788 1106 ἵπποις.

363 1132 455 1198 ξδ’.
504 1132 872 1188 Ἐναντιοῦται
931 1134 989 1186 δὲ
1040 1134 1225 1199 αὐτοῖς
1281 1136 1373 1188 καὶ
1447 1135 1614 1197 τόπος
1662 1133 1864 1204 ὁμαλὸς

292 1224 388 1278 καὶ
415 1225 890 1294 γεγυμνασμένος,
927 1227 1022 1280 καὶ
1057 1226 1120 1297 δὴ
1143 1227 1238 1280 καὶ
1263 1227 1414 1291 τάξις
1441 1227 1820 1298 καόαλλαρικὴ
1847 1267 1862 1289 ,

292 1316 389 1371 καὶ
451 1316 880 1387 πεπυκνωμένη,
904 1319 1002 1370 καὶ
1053 1317 1395 1382 ἀδιαστάτως
1429 1318 1614 1382 αὐτοῖς
1643 1317 1869 1372 ἀκολου-

294 1407 481 1462 θοῦσα.

363 1495 456 1563 ξέ.
497 1496 870 1552 Ἑναντιοῦται
898 1498 956 1552 δὲ
984 1499 1080 1551 καὶ
1108 1499 1172 1552 ὲκ
1198 1499 1380 1571 χειρὸς
1413 1498 1703 1570 συμπλοκὴ
1731 1499 1870 1568 μετὰ

291 1590 401 1644 τῶν
433 1589 636 1654 ὅπλων,
685 1589 780 1642 καὶ
813 1589 994 1658 ἔφοδοι
1026 1593 1341 1662 νυκτεριναὶ
1363 1592 1621 1661 ἀσφαλῶς
1651 1593 1870 1661 γινόμεο

1968 509 2160 550 eorum
2205 494 2471 549 exercitui
2501 501 2607 558 est,
2655 493 2782 562 quia
2821 492 3226 548 multitudinem
3270 494 3547 564 iumento-

1971 600 2093 640 rum
2125 599 2312 640 secum
2345 599 2562 654 semper
2588 584 2814 649 vehunt.

2039 676 2129 731 65.
2166 675 2608 731 Conﬂictationis
2656 683 2901 744 tempore
2934 675 3206 746 pedestris
3253 679 3398 734 acies
3431 696 3548 735 ina-

1970 787 2212 841 gnopere
2257 771 2382 825 illos
2427 769 2606 834 laedet,
2651 785 2775 840 quae
2819 770 3048 826 adversa
3099 773 3375 841 equitibus
3409 776 3550 829 solet

1969 878 2091 918 esse
2125 860 2193 917 iis
2221 862 2314 931 qui
2337 877 2403 916 ex
2438 859 2596 929 equis
2619 861 2955 916 descendere
2983 877 3092 916 non
3124 863 3339 928 solent;
3373 879 3552 933 neque

1971 952 2115 1005 enim
2171 962 2320 1006 stare
2365 952 2596 1021 pedibus
2639 951 2732 1007 diu
2780 963 3034 1023 possunt,
3065 955 3194 1024 quia
3240 956 3397 1026 equis
3429 959 3548 1011 vehi

1971 1050 2101 1096 sunt
2123 1042 2296 1104 soliti,

2043 1135 2130 1191 σι.
2159 1136 2436 1192 Adversus
2467 1137 2577 1192 illis
2611 1137 2763 1192 locus
2786 1138 3071 1208 aequabilis
3114 1141 3554 1215 eampestrisqne

1972 1236 2076 1291 est,
2109 1237 2163 1282 et
2211 1229 2359 1283 acies
2409 1231 2684 1299 equestris
2725 1229 3079 1300 densataqne,
3122 1240 3172 1286 et
3216 1234 3336 1288 sine
3381 1234 3551 1288 inter--

1975 1320 2238 1376 missione
2273 1320 2396 1375 illos
2429 1335 2688 1391 sequens.

2049 1499 2138 1553 65.
2169 1498 2424 1555 Adversa:
2472 1500 2583 1554 illis
2616 1509 2747 1555 sunt
2798 1515 3056 1555 manuum
3087 1506 3548 1570 concertationes,

1971 1599 2024 1644 et
2059 1592 2404 1646 incursiones
2449 1602 2758 1659 nocturnae,
2789 1594 2834 1647 si
2879 1594 2952 1648 ita
3001 1603 3118 1650 tuto
3157 1597 3306 1664 (iant,
3357 1609 3414 1653 ut
3456 1601 3550 1670 qui

293 1697 404 1745 ναι,
438 1673 550 1734 οἷον
599 1679 688 1733 ἵνα
715 1679 766 1732 οἱ
815 1680 914 1750 μὲν
935 1682 983 1733 οἱ
1010 1681 1439 1752 προσϐάλλοντες
1467 1683 1651 1746 αὐτοῖς
1677 1682 1735 1734 ἒν
1770 1683 1869 1752 μὲν

1981 1680 2238 1734 invadunt
2285 1682 2407 1736 illos
2443 1697 2604 1734 unam
2660 1691 2870 1751 partem
2922 1683 3155 1739 habeant
3199 1688 3550 1756 instructam,

292 1769 460 1840 ἔχωσι
486 1769 653 1842 μέρος
681 1771 1036 1841 τεταγμένον,
1057 1774 1118 1825 τὸ
1142 1773 1199 1826 δὲ
1233 1773 1422 1844 ἕτερον
1471 1773 1637 1844 μέρος
1674 1773 1868 1843 ἐγκρυ-

1981 1771 2198 1825 alteram
2221 1783 2402 1827 autem
2430 1774 2702 1827 occultam
2736 1783 2900 1852 atque
2923 1776 3185 1832 abditam.

295 1861 590 1930 πτόμενον,

366 1950 473 2018 ες’.
505 1953 685 2006 Λυπεῖ
710 1953 767 2006 δὲ
819 1953 1018 2018 αὐτοὺς
1059 1954 1264 2024 σφόδρα
1304 1956 1398 2008 καὶ
1438 1955 1568 2008 ὅταν
1611 1958 1754 2018 τινὲς
1815 1956 1873 2023 ἐξ

294 2047 474 2100 αὐτῶν
497 2045 855 2117 προσφύγωσι
884 2049 998 2112 τοῖς
1040 2048 1353 2118 Ῥωμαίοις.
1393 2049 1432 2101 Γ
1439 2048 1726 2102 ινώσκουσι
1766 2051 1875 2121 γὰρ

294 2139 376 2192 ὅτι
405 2138 637 2193 ἄστατον
660 2139 773 2208 ἔχει
809 2139 1034 2210 γνώμην
1073 2140 1134 2192 τὸ
1181 2138 1333 2204 έθνος
1365 2139 1568 2206 αὐτῶν,
1593 2142 1688 2195 καὶ
1729 2141 1877 2209 φιλο-

297 2231 509 2300 κερδεῖς
570 2232 730 2297 εἰσιν,
760 2231 854 2284 καὶ
887 2233 952 2283 ὲκ
1000 2231 1212 2285 πολλῶν
1261 2231 1444 2300 φυλῶν
1488 2233 1865 2303 συγκείμενοι,

295 2322 392 2374 καὶ
419 2323 502 2375 ὅτι
535 2321 626 2376 διά
651 2321 808 2375 τοῦτο
856 2322 917 2374 οὑ
959 2321 1240 2376 ποιοῦνται
1267 2320 1425 2391 λόγον
1453 2323 1732 2391 συγγενῶν
1778 2325 1874 2378 καὶ

296 2413 396 2484 τῆς
428 2415 509 2476 είς
539 2412 806 2483 ἀλλήλους
836 2413 1110 2484 ὁμονοίας.

368 2501 467 2570 ξζ’-
504 2504 731 2572 Ὀλίγων
776 2505 834 2558 δὲ
858 2505 1002 2576 τάχα
1050 2505 1145 2558 τοῦ
1178 2508 1517 2576 προσφυγεῖν
1559 2505 1878 2576 ἀπαρχομέ-

301 2613 407 2651 νων
436 2596 532 2651 καὶ
551 2596 1065 2667 φιλοφρονουμένων
1091 2596 1222 2666 παρ’
1245 2598 1278 2666 ἡ
1287 2595 1426 2666 μῶν,
1459 2595 1666 2665 πλῆθος
1693 2597 1877 2660 αὐτοῖς

301 2689 673 2744 ἐπακολουθεῖ.
707 2689 799 2742 Διὸ
831 2689 925 2743 καὶ
965 2688 1178 2760 βαρέως
1219 2689 1480 2760 φέρουσιν
1514 2689 1608 2741 ἐπὶ
1637 2691 1750 2754 τοῖς
1781 2691 1875 2744 ἀπ’

301 2777 477 2834 αὐτῶν
507 2778 904 2850 ἀναχωροῦσιν.

374 2889 476 2961 ξη’.
511 2891 682 2946 Ὅταν
719 2885 812 2944 οὖν
851 2887 1088 2960 βουληθῇ
1119 2905 1205 2952 τις
1238 2890 1376 2960 πρὸς
1417 2890 1612 2953 αὐτοὺς
1664 2890 1878 2957 ἐγγίσαι

302 2985 440 3052 πρὸς
489 2982 690 3052 μάχην,
726 2981 832 3053 πρό
871 2998 937 3049 γε
987 2981 1205 3035 πάντων
1250 2981 1396 3050 ἔχειν
1445 2979 1608 3033 αὐτὸν
1638 2979 1758 3033 δέον
1781 2982 1880 3042 τὰς

2044 1949 2134 2004 66.
2172 1950 2287 2005 lloc
2321 1952 2673 2008 vehementer
2714 1955 2838 2010 illos
2887 1968 3064 2024 vexat,
3114 1961 3158 2012 si
3206 1961 3296 2030 qui
3345 1978 3410 2016 ex
3447 1964 3557 2019 illis

1977 2042 2045 2096 ad
2095 2041 2374 2099 Romanos
2420 2045 2705 2103 deﬁciant.
2752 2047 3108 2118 Cognoscunt
3154 2054 3298 2107 enim
3363 2070 3558 2111 omnes

1979 2146 2111 2186 suos
2137 2133 2543 2190 inconstantem
2575 2136 2778 2193 habere
2815 2140 3080 2205 animum,
3116 2151 3170 2196 et
3222 2143 3359 2198 lucri
3394 2162 3560 2216 appe-

1981 2231 2154 2278 tentes
2187 2239 2332 2288 esse,
2359 2239 2423 2279 ac
2451 2241 2517 2279 ex
2560 2227 2747 2283 multis
2792 2229 3048 2286 tribubus
3082 2232 3366 2298 conﬂatos,
3397 2245 3559 2304 atque

1979 2313 2114 2368 adeo
2147 2326 2504 2385 cognatorum
2553 2334 2778 2374 suorum
2809 2330 2862 2376 et
2909 2331 3112 2378 mutua:
3167 2323 3562 2382 benevolentiae

1979 2405 2248 2460 minorem
2279 2409 2545 2464 rationem
2579 2411 2802 2467 habere.

2049 2496 2139 2552 67.
2170 2495 2307 2552 Cum
2335 2501 2618 2568 paululum
2651 2503 2718 2557 ad
2763 2503 3082 2573 fugiendum
3118 2512 3559 2576 retrocesserint,

1980 2593 2147 2657 atque
2194 2589 2520 2654 hilarentnr,
2565 2592 2722 2645 multi
2767 2608 2798 2647 e
2856 2597 3061 2651 nostris
3122 2599 3307 2652 statim
3361 2616 3563 2658 conse-

1979 2687 2244 2747 quuntur.
2281 2679 2472 2748 itaque
2514 2682 2746 2739 moleste
2780 2684 3074 2740 admodum
3107 2687 3307 2759 ferunt,
3349 2694 3394 2747 si
3435 2695 3562 2764 quis

1981 2771 2048 2826 ab
2085 2771 2194 2827 illis
2225 2771 2466 2831 deliciat.

2047 2886 2136 2941 68.
2170 2887 2402 2953 Quando
2445 2888 2570 2958 quis
2621 2891 2874 2948 cominus
2912 2893 2980 2948 ad
3025 2899 3378 2967 pugnandum
3434 2916 3563 2958 cum

1984 2977 2090 3032 illis
2127 2979 2390 3033 accedere
2420 2981 2678 3045 voluerit,
2741 2984 3004 3040 excubias
3044 2987 3240 3044 habeat
3279 2991 3479 3049 multas
3507 3006 3566 3050 et

307 3073 499 3143 βίγλας
537 3071 816 3142 ἐπιμελῶς
879 3072 976 3125 καὶ
1034 3073 1277 3142 συνεχεῖς
1333 3071 1442 3126 ἀπὸ
1496 3070 1878 3143 διαστημάτων

1981 3067 2226 3134 crebras,
2250 3069 2446 3138 exiguo
2478 3069 2762 3126 intervallo
2790 3071 3097 3141 disjunctas
3125 3094 3141 3143 ;
3185 3079 3383 3136 deinde
3421 3099 3564 3152 pra:-

303 3164 523 3234 ὁλίγων,
550 3161 672 3217 εἷτα
705 3164 1047 3234 μεριμνῆσαι
1099 3164 1195 3216 καὶ⁵
1241 3163 1670 3235 προευτρεπίσαι
1700 3159 1766 3215 τά
1799 3161 1880 3224 εἰς

303 3255 570 3326 δευτέραν
612 3256 784 3324 τύχην
813 3253 1153 3324 τυγχανόντα
1182 3269 1196 3284 ·
1237 3254 1406 3324 ἤγουν
1457 3254 1672 3324 μήποτε
1704 3252 1880 3323 τροπὴ

303 3347 528 3416 γένηται
561 3341 670 3398 τῶν
720 3344 1228 3414 ἀντιπολεμούντων
1273 3345 1477 3407 αὐτοῖς,
1511 3344 1598 3398 ἵνα
1624 3343 1720 3396 καὶ
1755 3345 1881 3412 ὀχυ-

309 3438 402 3510 ρὸν
454 3439 618 3491 τόπον
667 3436 984 3507 κατανοήσῃ
1010 3435 1070 3486 ὲν
1127 3432 1307 3503 καιρῷ
1353 3433 1750 3500 περιστάσεως,
1784 3431 1877 3483 καὶ

303 3531 558 3604 δαπάνην
588 3531 798 3603 έφεύρῃ
848 3528 1046 3598 ὀλίγων
1112 3527 1357 3599 ἡμερῶν,
1392 3527 1442 3579 εί
1501 3526 1600 3596 μὲν
1656 3524 1880 3578 δυνατόν

303 3627 423 3680 ἐστι
474 3626 569 3679 καὶ
597 3624 707 3676 τῶν
755 3621 988 3690 ἀλόγων,
1017 3622 1110 3674 ἐπὶ
1142 3620 1346 3683 παντὸς
1383 3618 1490 3672 τῶν
1520 3617 1752 3688 ἀνδρῶν,
1789 3619 1881 3670 καὶ

309 3716 546 3787 μάλιστα
579 3714 679 3783 τὴν
703 3713 797 3766 τοῦ
829 3711 1025 3774 ὓδατος
1061 3711 1342 3781 εὐπορίαν,
1375 3705 1495 3763 εἶτα
1522 3709 1616 3763 καὶ
1650 3708 1711 3761 τὸ
1729 3706 1882 3761 τοῦλ-

305 3805 395 3858 δον
449 3803 720 3873 διαθήσει,
767 3801 844 3866 ὡς
885 3803 942 3855 ὲν
970 3800 1050 3872 τῷ
1075 3801 1206 3871 περὶ
1229 3797 1395 3854 αὐτοῦ
1425 3797 1706 3868 κεφαλαίῳ
1745 3798 1878 3866 ἡμῖν

307 3910 544 3964 ειρηται.

387 4005 489 4074 ξθ¹.
520 4008 634 4062 Kal.
667 4007 764 4062 ὲάν
799 4006 900 4078 μὲν
931 4007 1149 4060 σύνεστι
1189 4005 1410 4071 πεζικὺς
1438 4004 1666 4076 στρατὸς
1706 4005 1765 4058 έν
1813 4009 1880 4077 τῇ

309 4100 509 4171 πρώτῃ
533 4099 768 4168 μάλιστα
794 4098 971 4170 μάχῃ,
998 4100 1057 4151 ὲν
1089 4099 1199 4170 δσῳ
1223 4099 1253 4152 ό
1283 4101 1512 4172 στρατὸς
1543 4101 1602 4153 ὲν
1623 4098 1882 4169 συνηθείᾳ

309 4190 408 4246 τοῦ
461 4189 648 4252 ἔθνους
698 4189 934 4258 γίνεται,
971 4189 1200 4257 ἐκτάξαι
1231 4191 1396 4245 αὐτὸν
1425 4189 1569 4245 κατά
1595 4189 1688 4244 τὸν
1713 4189 1884 4261 δηλω-

311 4284 475 4340 θέντα
531 4284 664 4355 ⁴ίιμῖν
727 4283 787 4335 ὲν
836 4281 1017 4348 ἀλλοις
1059 4283 1285 4356 τρόπον,
1333 4281 1479 4337 τοῦτ’
1536 4281 1706 4350 ἔστιν,
1745 4281 1883 4336 ὥστε

311 4373 458 4445 ἔχειν
495 4373 624 4438 τοὺς
679 4371 1080 4443 καδαλλαρίους
1117 4371 1592 4441 ὑποτεταγμένους
1641 4370 1754 4435 τοῖς
1784 4385 1882 4424 πε-

310 4467 446 4534 ζοίς.

380 4591 445 4638 ο’.
477 4584 541 4637 El
578 4581 636 4636 δὲ
668 4581 827 4652 μόνον
854 4575 1208 4648 καϐαλλάριοί
1238 4577 1375 4629 εἰσιν
1403 4576 1454 4629 οἱ
1492 4575 1886 4646 ἀντιτασσόμε-

312 4691 394 4727 νοι
415 4676 620 4739 αὐτοῖς,
655 4674 752 4727 καὶ
776 4671 1064 4742 ἀξιόμαχοι
1091 4667 1229 4738 πρὸς
1257 4667 1356 4738 τὴν
1378 4667 1600 4720 ἐκείνων
1632 4666 1882 4737 δύναμιν,

312 4765 456 4818 κα.τά
498 4763 589 4816 τὸν
652 4763 912 4831 λεχθέντα
970 4759 1172 4830 τρόπον
1210 4759 1303 4811 καὶ
1346 4758 1508 4813 αὑτὸν
1558 4761 1617 4813 ὲν
1645 4759 1724 4830 τῷ
1757 4759 1885 4828 περὶ

311 4855 516 4922 τάξεως
543 4853 687 4922 λόγῳ
707 4853 860 4917 τάξει
887 4849 1106 4912 αὐτούς.

385 5054 486 5112 οα¹.
516 5054 780 5119 Πλείονας
831 5054 888 5110 δὲ
939 5058 997 5109 ὲν
1055 5060 1167 5121 τοῖς
1213 5059 1465 5127 πλαγίοις
1512 5058 1764 5129 ἀφορίσει
1793 5059 1888 5111 καὶ

313 5150 639 5222 χρησίμους.
694 5150 783 5205 Ἐν
818 5149 896 5222 τῷ
933 5150 1089 5220 νώτῳ
1141 5153 1250 5223 γάρ
1306 5153 1484 5207 αὐτῶν
1535 5151 1799 5221 ἀρκοῦσιν
1839 5154 1887 5203 οἱ

313 5242 595 5312 λεγόμενοι
638 5242 953 5313 διφένσορες
993 5243 1374 5315 καϐαλλάριοι,
1408 5239 1529 5314 ἦτοι
1559 5245 1609 5295 οἱ
1654 5241 1882 5296 ἔκδικοι.

313 5335 454 5398 Τοὺς
505 5334 561 5387 δὲ
619 5335 962 5405 κούρσωρας,
1025 5336 1143 5405 ἢτοι
1214 5338 1536 5406 προμάχους
1594 5335 1669 5407 μὴ
1723 5334 1886 5388 πλέον

311 5424 497 5495 τριῶν,
538 5424 572 5496 ἢ
605 5425 888 5496 τεσσάρων
935 5426 1333 5494 σαγιττοὸόλων
1375 5427 1474 5497 τῆς
1531 5424 1887 5497 παρατάξεως

313 5517 421 5571 τῶν
469 5517 801 5588 διφενσόρων
834 5519 893 5570 ὲν
935 5521 1054 5582 ταῖς
1085 5519 1303 5586 διώξεσι
1357 5517 1689 5590 χωρίζεσθαι
1753 5517 1887 5588 μηδὲ

314 5611 672 5681 κατατρέχειν
727 5610 928 5664 αὐτῶν.
961 5611 1185 5674 Πάντως
1214 5611 1269 5664 δὲ
1311 5611 1406 5666 καὶ
1443 5609 1680 5681 σπουδὴν
1733 5610 1891 5678 ποιή-

317 5720 464 5758 σεται
503 5703 589 5759 ἵνα
630 5705 687 5756 ἐν
721 5703 915 5774 γυμνῷ
947 5704 1041 5758 καὶ
1091 5704 1192 5775 ῐσῳ
1220 5705 1371 5776 τόπῳ
1411 5704 1553 5759 κατὰ
1579 5703 1641 5758 τὸ
1665 5700 1888 5759 δυνατὸν

678 5797 956 5859 Ρηιιοι..
995 5798 1114 5860 Gn.
1159 5799 1349 5863 CVII.

1982 3166 2157 3227 paret,
2198 3167 2253 3212 et
2283 3158 2550 3216 adversus
2579 3174 2796 3215 omnem
2832 3161 3066 3218 fortuna:
3093 3166 3350 3238 impetum
3381 3173 3565 3240 provi-

1983 3249 2129 3315 deat,
2161 3258 2219 3304 ut
2247 3251 2538 3321 siquando
2585 3252 2825 3308 hostium
2879 3255 3005 3324 fuga
3053 3256 3168 3325 ﬁat,
3200 3263 3562 3319 munitionem

1983 3341 2220 3410 aliquam
2251 3343 2316 3398 ad
2349 3344 2474 3400 illos
2520 3345 2858 3400 obsidendos
2892 3355 3080 3416 paret;
3112 3360 3166 3404 et
3199 3363 3562 3410 commeatum

1983 3431 2190 3499 aliquot
2214 3433 2427 3487 diermn
2479 3433 2678 3489 habeat
2717 3444 2833 3489 tum
2871 3437 3178 3505 hominum,
3219 3450 3330 3496 tum
3372 3445 3562 3512 etiam,

1984 3520 2030 3574 si
2079 3519 2195 3574 ﬁeri
2247 3529 2448 3590 potest,
2496 3521 2906 3593 jumentormn,
2953 3541 3018 3581 ac
3062 3528 3115 3582 in
3165 3531 3357 3600 primis
3409 3551 3566 3604 aqum

1984 3611 2316 3668 allluentiam
2375 3614 2594 3683 habeat,
2651 3617 2850 3674 deinde
2906 3619 3294 3689 impedimenta
3356 3628 3436 3680 sic
3478 3627 3566 3681 in-

1985 3711 2202 3770 struat,
2267 3707 2729 3776 quemadmodum
2789 3712 2846 3766 in
2902 3710 3082 3780 capite
3135 3711 3204 3768 de
3273 3716 3426 3773 tuhlo
3481 3719 3566 3773 di-

1983 3810 2184 3852 XllllUS.

2053 3998 2142 4054 G9.
2176 3997 2234 4054 Si
2261 4001 2530 4071 pedestris
2557 4003 2705 4059 acies
2737 4003 2903 4062 fuerit
2930 4007 2984 4062 in
3014 4009 3187 4077 prima
3221 4007 3564 4078 potissimum

1981 4105 2184 4162 pugna,
2216 4093 2308 4163 qni
2348 4095 2624 4152 exercitus
2668 4098 2904 4154 maxime
2942 4109 3198 4156 assuetus
3237 4101 3345 4154 illis
3381 4101 3565 4166 fuerit,

1983 4196 2109 4237 ettm
2160 4185 2338 4254 primo
2393 4185 2658 4254 instrues,
2710 4189 3170 4259 quemadmodum
3216 4190 3344 4244 alibi
3393 4192 3568 4260 expli-

1983 4273 2230 4344 cuimus;
2264 4277 2366 4332 hoc
2405 4289 2510 4346 est,
2549 4288 2607 4334 ut
2648 4281 2861 4351 equites
2899 4289 3023 4350 post
3051 4297 3111 4338 se
3143 4282 3443 4338 instructos
3468 4283 3567 4338 ha-

1904 4425 1960 4487 Β
1984 4366 2170 4423 beant.

2059 4565 2150 4622 ⁸10.
2199 4567 2296 4624 Sin
2341 4571 2552 4640 equites
2593 4571 2817 4640 iuerint,
2856 4591 2949 4646 qut
3005 4575 3294 4632 adversum
3354 4577 3566 4636 Turcos

1988 4663 2360 4729 instruuntur,
2401 4666 2446 4720 si
2479 4667 2546 4722 ad
2591 4669 2938 4736 pugnandum
2985 4683 3110 4724 cmn
3161 4670 3270 4725 illis
3303 4673 3438 4727 satis
3471 4673 3567 4726 ha-

1988 4757 2127 4813 biles
2155 4757 2379 4823 hierint,
2407 4759 2477 4812 ita
2519 4760 2759 4815 instrues
2795 4776 2911 4826 eos,
2944 4762 3404 4831 quemadmodum
3438 4777 3568 4821 ante

1990 4851 2439 4918 memoravimus,
2473 4853 2565 4907 ubi
2614 4852 2683 4908 de
2727 4854 3068 4909 instruendis
3112 4854 3222 4910 illis
3272 4857 3436 4912 verba
3486 4857 3567 4914 fe-

1992 4946 2191 5000 cimus.

2064 5059 2151 5113 7i.
2194 5059 2275 5112 Ad
2340 5059 2509 5113 latera
2559 5059 2761 5114 multos
2817 5069 2868 5114 ct
2918 5068 3174 5114 strenuos
3219 5061 3566 5130 segregabis;

1992 5154 2059 5209 ad
2090 5164 2274 5225 tergus
2302 5156 2448 5209 enim
2484 5152 2882 5208 defendendum
2909 5154 3043 5208 satis
3071 5161 3200 5206 sunt
3227 5154 3564 5216 defensores,

1981 5251 2035 5306 id
2081 5260 2184 5314 est,
2231 5247 2496 5302 vindices.
2544 5246 2810 5300 Cursores
2853 5255 3034 5300 autem
3079 5247 3199 5315 plus
3259 5246 3431 5300 tribus
3475 5256 3568 5299 ant

1984 5350 2223 5412 quatuor
2252 5339 2470 5408 sagitta}
2510 5337 2752 5407 jactihus
2785 5337 2839 5390 in
2885 5335 3280 5406 persequendis
3316 5335 3568 5391 hostibus

1984 5451 2012 5487 a
2047 5431 2431 5487 defensoribus
2475 5444 2542 5482 ne
2583 5435 2927 5496 separentur.
2972 5423 3209 5479 Omnino
3248 5432 3428 5479 autem
3455 5427 3570 5478 ela-

1983 5523 2228 5587 borabis,
2266 5529 2324 5576 ut
2376 5521 2429 5574 in
2469 5519 2650 5589 planis
2704 5519 3080 5587 expositisque
3133 5517 3270 5572 locis
3304 5524 3568 5585 quantmn

1987 5618 2140 5681 potes
2173 5608 2344 5663 aciem
2383 5615 2534 5660 tuam
2585 5607 2853 5671 instruas,
2889 5605 2982 5659 ubi
3029 5619 3207 5674 neque
3253 5605 3406 5659 silva:
3435 5619 3570 5659 con.

1996 5704 2201 5770 densae,
2250 5715 2426 5772 neque
2471 5698 2720 5772 paludes,
2766 5714 2946 5771 neque
2981 5699 3205 5756 arbusta
3248 5697 3570 5769 perturbare
