4074 6222
183 340 291 407 ΓΘό

1213 336 1549 400 ΤΛΩΤΙΟᾹ.
1590 364 1659 375 --
1694 339 2199 401 (ΣΟΝΒῬΙἸἫΤῘΟ
2231 341 2457 403 XVIII.

3351 349 3461 412 966

179 457 359 526 ᾠκουν
395 452 487 505 τοῦ
521 446 757 521 Ἴστρου,
804 451 861 503 ὃν
893 451 983 503 καὶ
1016 452 1304 506 Λανούϐιον
1340 454 1631 525 καλοῦμεν.
1670 450 1766 518 Οἷς

1884 465 2025 510 Lrans
2059 458 2288 520 Istrum,
2326 471 2487 527 quem
2544 455 2851 511 Danubium
2887 459 3253 529 appellamus,
3294 462 3457 520 habi-

181 548 274 602 καὶ
298 545 742 616 προσεπολέμουν
759 543 1016 614 Ῥωμαῖοι
1040 545 1431 615 ἐντιτιθέμενοι,
1458 545 1764 616 νομαδικιῗις

179 640 273 694 καὶ
305 638 487 692 αὐτῶν
524 637 641 689 τότε
670 634 981 699 διαζὼντων
1026 636 1214 708 πρὶνῆ
1248 637 1625 710 περαιωθῆναι
1674 638 1764 691 τὸν

179 729 418 801 Ἴστρον,
457 728 552 782 καὶ
585 726 690 781 ὑπὸ
717 727 807 780 τὸν
847 726 1009 794 ζυγὸν
1038 728 1135 798 τῆς
1170 727 1483 799 Ῥωμαῖκῆς
1515 729 1765 795 ἐξουσίας

181 828 274 877 τὸν
307 823 488 876 αὐτῶν
534 820 739 889 αὐχένα
795 819 1099 875 ύποκλῖναι.
1153 821 1290 875 Οὐδὲ
1328 822 1533 876 τούτων
1586 823 1642 875 δὲ
1696 822 1765 874 τὰ

180 916 345 985 ἔθιμα
375 913 509 985 πρὸς
558 913 657 975 τὰς
710 911 890 982 μάχας
947 911 1039 965 καὶ
1089 913 1191 981 τὴν
1240 912 1410 983 ἄλλην
1467 913 1762 983 συνήθειαν

181 1005 433 1074 ἄγνωστά
485 1021 567 1056 σοι
632 1002 966 1071 καταλείψω,
1021 1002 1137 1056 ἀλλ’
1194 1003 1347 1073 ὦπερ
1402 1022 1493 1074 μοι
1547 1004 1764 1077 εἴρηται

184 1099 361 1153 πάντα
397 1095 652 1161 συλλέξας
682 1094 990 1166 διαγράφω,
1025 1095 1257 1149 καθόσον
1286 1096 1417 1165 ἡμῖν
1452 1096 1484 1166 ἡ
1536 1093 1766 1165 δύναμις

184 1188 438 1258 ἐγχωρεῖ,
470 1186 558 1241 ἵνα
588 1184 922 1255 πανταχόθεν
948 1184 1203 1255 μελίττης
1230 1185 1386 1256 δίκην
1404 1184 1626 1258 ἑρανίζῃ
1670 1186 1765 1237 καὶ

186 1277 450 1352 συλλέγῃς
473 1279 542 1331 τὰ
576 1278 846 1349 χρήσιμα.

256 1376 333 1425 π’.
367 1370 609 1439 Φράγγοι
647 1368 825 1421 τοίνυν
849 1367 942 1424 καὶ
976 1366 1337 1438 Λογγίϐαρδοι
1364 1366 1520 1434 λόγον
1555 1364 1767 1419 ἐλευοε-

187 1462 309 1533 ρίας
338 1461 467 1533 περὶ
490 1461 683 1515 πολλοῦ
713 1459 1013 1527 ποιοῦνται,
1051 1457 1168 1514 ἀλλ’
1195 1460 1245 1513 oi
1278 1458 1375 1529 μὲν
1402 1457 1765 1529 Λογγίδαρδοι

184 1555 246 1607 τδ
285 1553 445 1606 πλέον
476 1552 574 1623 τῆς
602 1551 857 1623 τοιαύτης
882 1552 1082 1623 ἀρετῆς
1120 1550 1216 1605 νῦν
1268 1548 1578 1603 ἀπώλεσαν.
1617 1548 1766 1618 Πλὴν

185 1646 282 1701 καλ⁵
304 1640 449 1700 οὗτοι
478 1647 571 1699 καὶ
594 1647 835 1716 Φράγγοι
867 1646 963 1699 καὶ
988 1643 1223 1715 μάλιστα
1246 1643 1469 1713 θρασεῖς
1499 1636 1643 1713 ἦσαν
1674 1641 1768 1694 καὶ

184 1734 619 1807 ἀκατάπληκτοι,
685 1736 744 1789 ὲν
793 1738 907 1798 τοῖς
949 1735 1207 1803 πολέμοις
1260 1732 1526 1803 τολμηροί
1570 1748 1630 1784 τε
1664 1730 1762 1784 καὶ

1878 547 2088 601 tahant.
2122 546 2235 615 Ilus
2291 548 2681 617 espugnabant
2714 545 2944 603 Romani
2993 566 3118 606 cum
3173 563 3456 621 pastorum

1878 654 2030 694 more
2078 638 2246 693 vitam
2296 646 2709 708 transegerunt,
2762 640 2855 709 qui
2908 649 3202 712 antequam
3256 645 3457 702 Istrum

1876 734 2201 798 transirent,
2229 734 2333 789 sub
2360 734 2555 805 jugum
2593 736 2852 790 Romana:
2881 736 3108 793 ditionis
3142 740 3283 794 colla
3327 744 3461 798 sub-

1878 824 2187 879 mittebant.
2242 823 2478 882 istorum
2530 840 2710 880 mores
2764 835 2926 895 atque
2986 827 3237 881 instituta
3308 830 3459 884 nullo

1878 917 2039 972 modo
2088 917 2562 988 praetermittenda
2631 918 2895 985 indicari,
2960 919 3054 974 sed
3115 920 3299 975 omnia
3361 921 3459 976 tibi

1876 1021 2203 1075 percensere
2238 1022 2351 1076 pro
2394 1007 2607 1062 viribus
2657 1008 2860 1073 enitar,
2919 1018 2977 1063 ut
3026 1010 3143 1079 apis
3193 1011 3370 1066 instar
3392 1028 3461 1067 cx

1876 1112 2229 1168 unoquoque,
2257 1098 2403 1169 quod
2453 1098 2718 1169 optimum
2764 1108 2929 1170 atque
2982 1100 3342 1156 utilissimum
3377 1112 3462 1157 est

1874 1186 2104 1244 delibes.

1949 1371 2038 1427 80.
2067 1370 2205 1427 Galli
2251 1379 2304 1427 et
2335 1370 2680 1444 Longobardi
2720 1372 2993 1427 libertatis
3031 1372 3305 1429 rationem
3341 1373 3465 1444 plu-

1878 1462 1997 1517 rimi
2052 1463 2351 1529 azstimant,
2421 1464 2517 1519 sed
2570 1463 2919 1535 Longobardi
2987 1480 3239 1536 magnam
3297 1464 3464 1535 hujus

1873 1555 2098 1611 virtutis
2130 1564 2339 1627 partem
2375 1557 2706 1612 amiserunt.
2750 1555 2889 1612 Galli
2937 1567 3118 1613 autem
3161 1557 3461 1613 admodum

1875 1644 2072 1701 audaci
2127 1646 2474 1715 infractaque
2522 1647 2708 1702 animo
2742 1656 2906 1712 sunt,
2958 1648 3010 1702 in
3048 1648 3191 1702 bello
3220 1657 3460 1704 strenui,

1877 1752 1942 1794 ac
1978 1751 2118 1806 pene
2146 1736 2449 1793 temerarii.
2489 1737 2547 1792 In
2603 1752 2802 1810 magno
2837 1739 3135 1809 approhrio
3184 1740 3462 1811 ignaviam

187 1830 503 1900 προπετεῖς,
531 1830 611 1892 είς
644 1827 848 1893 ὄνειδος
886 1827 1101 1898 ἔχοντες
1132 1826 1231 1896 τὴν
1259 1824 1483 1887 δειλίαν,
1537 1821 1633 1877 καὶ
1675 1822 1773 1892 τὴν

1884 1838 1930 1884 et
1959 1843 2179 1899 parvam
2213 1830 2670 1885 retrocessionem
2704 1808 2956 1900 ponunt,
3003 1844 3169 1899 atque
3206 1808 3336 1884 eam
3377 1831 3463 1884 fu-

188 1921 324 1991 προς
360 1921 554 1992 μικρὸν
583 1920 962 1992 ἀναχώρησιν,
994 1920 1089 1973 καὶ
1140 1917 1347 1987 ταύτην
1390 1917 1553 1971 οἱονεὶ
1594 1914 1772 1987 φυγὴν

187 2011 501 2081 Ιἡγούμενοι.
549 2012 800 2075 Εύκόλως
820 2012 876 2065 δὲ
914 2010 1003 2064 διὰ
1032 2010 1191 2064 τοῦτο
1220 2008 1452 2062 θανάτου
1495 2024 1773 2077 καταφρο-

198 2101 369 2169 νοῦσι,
394 2103 493 2175 τὴν
524 2104 666 2158 κατὰ
689 2106 846 2175 χεῖρα
889 2102 1070 2175 μάχην
1103 2101 1346 2172 σφοδρῶς
1374 2101 1468 2155 καὶ
1505 2098 1775 2154 meam-

191 2211 306 2265 ριοι
341 2196 437 2248 καὶ
463 2193 619 2255 πεζοὶ
644 2195 963 2265 μαχόμενοι.

260 2291 370 2339 πα⁹.
398 2286 567 2339 Ὅταν
607 2287 735 2357 γὰρ,
771 2285 846 2349 ὡς
871 2286 1042 2352 εἰκὸς,
1086 2286 1145 2339 ἐν
1186 2286 1306 2347 ταῖς
1347 2283 1775 2354 καϐαλλαρικαῖς

192 2375 397 2445 μάχαις
453 2375 813 2442 στενωθῶσιν,
866 2375 923 2440 ἐξ
954 2376 1072 2440 ἑνὸς
1116 2374 1460 2445 συνθήματος
1488 2375 1774 2427 ἀποκατα-

189 2464 433 2518 ϐαίνουσι
454 2463 564 2518 τῶν
589 2465 772 2519 ἵππων
801 2464 1001 2531 αὐτῶν,
1036 2466 1131 2520 καὶ
1171 2464 1308 2535 πεζῇ
1336 2464 1778 2534 παρατάσσονται

191 2555 363 2621 ὀλίγοι
402 2556 544 2625 τάχα
597 2555 693 2609 καὶ
750 2556 887 2626 πρὸς
940 2556 1194 2618 πλείονας
1250 2553 1652 2627 καϐαλλαρίους
1698 2557 1778 2626 μὴ

190 2647 515 2711 δειλιῶντες,
557 2647 589 2718 ἢ
623 2647 995 2718 ἁπολήγονται
1017 2649 1116 2718 τῆς
1149 2646 1352 2717 μάχης.

267 2738 378 2809 πβ’.
416 2738 757 2802 Ὀπλίζονται
772 2738 826 2791 δὲ
848 2738 1190 2809 σκουταρίοις
1210 2738 1303 2791 καὶ
1325 2736 1655 2807 κονταρίοις,
1683 2740 1777 2792 καὶ

198 2830 444 2894 σπαθίοις
473 2830 830 2900 κοντοτέροις,
868 2831 903 2884 ἃ
936 2829 1031 2883 καλ⁵
1058 2829 1150 2882 ἐπὶ
1172 2828 1281 2881 τῶν
1298 2828 1464 2900 ὤμων
1486 2828 1668 2882 αὐτῶν
1691 2829 1780 2883 διὰ

196 2922 406 2993 λωρίων
426 2922 915 2987 ἀναϐαστάζουσιν.
967 2920 1165 2974 Ὲνὶοτε
1198 2920 1256 2974 δέ
1288 2937 1434 2985 τινες
1476 2920 1657 2975 αὐτῶν
1680 2924 1777 2976 καὶ

196 3012 584 3079 διαζώννυνται
613 3014 775 3071 αὐτά.

274 3111 385 3173 πγθ.
420 3105 687 3177 Χαίρουσι
729 3106 783 3159 δὲ
819 3104 1022 3176 μᾶλλον
1055 3105 1122 3176 τῇ
1156 3102 1489 3176 πεζομαχίᾳ,
1526 3104 1621 3157 καὶ
1658 3104 1779 3167 ταῖς
1806 3142 1851 3203 C

202 3196 339 3269 μετὰ
367 3198 586 3262 ἔλασίας
622 3199 1015 3269 καταδρομαῖς.

272 3287 379 3343 τπδ’.
412 3290 715 3345 Τάσσονται
743 3289 798 3343 δὲ
833 3291 890 3343 ἑν
915 3292 1036 3353 ταῖς
1063 3290 1283 3360 μάχαις,
1319 3289 1429 3343 εἴτε
1457 3287 1635 3353 πεζοὶ,
1673 3285 1782 3339 εἴτε

199 3382 696 3455 καῦαλλάριοι,ούκ
734 3385 791 3435 έν
834 3383 1017 3453 μέτρῳ
1062 3383 1172 3435 τινὶ
1229 3382 1523 3451 ὡρισμένῳ
1576 3381 1673 3434 καὶ
1723 3381 1783 3432 ἐν

198 3474 367 3542 τάξει,
396 3476 430 3545 ἢ
454 3478 511 3528 ὲν
541 3476 775 3546 μοίραις,
808 3474 843 3545 ἢ
878 3475 936 3526 ἐν
971 3474 1181 3544 μέρεσι,
1211 3473 1464 3542 καθάπερ
1495 3473 1778 3541 Ῥωμαῖοι,

199 3569 335 3623 άλλά
374 3569 514 3623 κατά
546 3569 743 3639 φυλάς,
790 3568 888 3622 καὶ
914 3568 980 3647 τῇ
1011 3565 1147 3637 πρὸς
1177 3563 1441 3636 ἀλλήλους
1494 3560 1784 3631 συγγενείᾳ

197 3675 258 3712 τε
289 3660 383 3715 καὶ
401 3659 765 3732 προσπαθείᾳ,
789 3658 1047 3721 πολλάκις
1066 3657 1121 3710 δὲ
1148 3656 1239 3709 καὶ
1259 3652 1594 3725 συνωμοσίᾳ.
1621 3651 1784 3705 Ὅθεν

198 3750 293 3804 καὶ
331 3752 389 3804 ἐν
434 3750 615 3823 καιρῷ
667 3750 1041 3821 περιστάσεως
1083 3746 1252 3817 φίλων
1288 3743 1783 3813 ὲναπολειιρθέντων

200 3844 676 3897 συνεκινδύνευσαν
704 3844 882 3907 αὐτοῖς
912 3840 1170 3905 πολλάκις
1192 3840 1249 3892 ἐν
1278 3841 1345 3910 τῇ
1385 3836 1533 3909 μάχῃ
1557 3835 1783 3897 τούτους

199 3934 606 4005 ὲκδικήσαντες.

272 4031 374 4080 πε’.
408 4021 555 4081 Ἱσον
599 4025 656 4081 δὲ
685 4038 744 4080 το
775 4026 1027 4096 μέτωπον
1057 4024 1157 4095 τῆς
1214 4021 1574 4095 παρατάξεως
1599 4017 1781 4073 αὐτῶν

205 4116 485 4171 ποιοῦνται
513 4118 606 4171 καὶ
628 4116 834 4173 πυκνὸν
864 4118 923 4171 ὲν
952 4118 1073 4178 ταῖς
1108 4116 1332 4187 μάχαις.

281 4216 402 4274 ets“.
429 4210 541 4274 Τάς
559 4211 616 4264 δὲ
640 4211 934 4279 συμϐολάς,
968 4211 1076 4263 εἴτε
1099 4208 1453 4280 καὸαλλάριοι
1478 4204 1584 4259 εἴτε
1603 4203 1781 4269 πεζοὶ,

208 4297 453 4368 σφοδρῶς
502 4298 595 4351 καὶ
623 4299 1014 4369 ἀκατασχέτως
1067 4298 1335 4365 ποιοῦσιν,
1376 4297 1451 4360 ὼς
1512 4293 1782 4365 μονότονοι

208 4386 302 4441 καὶ
328 4387 507 4456 πάσης
540 4388 742 4451 δειλίας
769 4388 1122 4460 ἀπεχόμενοι.

1876 1937 1997 1992 gain
2053 1935 2178 1976 esse
2235 1921 2576 2001 existimant,
2630 1929 2685 1977 ct
2734 1921 2893 1976 facile
2936 1936 3001 1976 ac
3072 1930 3295 1979 strenue
3351 1939 3463 1995 pra:

1878 2011 2072 2067 mortis
2120 2018 2464 2083 contemptu,
2498 2020 2614 2068 tum
2667 2013 2906 2085 equites,
2941 2022 3055 2069 tum
3093 2015 3303 2084 pedites
3345 2030 3462 2070 ma-

1879 2119 1984 2161 nus
2008 2104 2259 2160 cominus
2291 2113 2614 2160 conserunt.

1950 2285 2038 2339 8|.
2078 2282 2311 2350 Quando
2351 2285 2518 2357 igitur
2564 2286 2615 2341 in
2652 2286 3005 2356 equestribus
3036 2287 3249 2357 prmliis
3278 2287 3331 2341 in
3364 2287 3465 2340 ali—

1879 2392 2017 2446 quas
2048 2378 2334 2448 angustias
2377 2379 2748 2445 deducuntur,
2780 2394 2886 2435 una
2938 2379 3182 2433 omnium
3229 2394 3468 2434 consen-

1882 2471 2037 2524 sione
2070 2486 2134 2525 cx
2158 2471 2317 2540 equis
2350 2471 2714 2538 descendunt,
2741 2481 2795 2526 et
2820 2472 3033 2541 pedites
3065 2487 3122 2527 se
3159 2472 3466 2535 instruunt,

1881 2569 1937 2613 ct
1970 2561 2127 2629 pauci
2159 2569 2350 2614 contra
2395 2560 2579 2631 plures
2629 2576 2690 2617 se
2720 2566 2955 2628 armant,
2984 2571 3078 2615 aut
3118 2560 3164 2616 si
3198 2560 3251 2615 id
3283 2561 3467 2615 minus

1880 2663 2130 2721 possunt,
2165 2654 2357 2721 prmlio
2378 2652 2656 2708 desinunt.

1956 2744 2045 2799 82.
2076 2745 2375 2798 Armantur
2405 2744 2602 2806 scutis,
2635 2742 2831 2807 hastis,
2854 2741 3065 2813 spathis
3095 2742 3465 2804 brevioribus,

1885 2851 2025 2905 quas
2049 2851 2113 2889 ex
2149 2835 2395 2890 humeris
2422 2835 2558 2890 loris
2593 2833 2920 2905 quibusdam
2958 2840 3215 2905 gestant;
3242 2832 3468 2903 quidam

1887 2937 2067 2984 autem
2096 2929 2464 3000 accinguntur
2497 2927 2627 2983 illis.

1959 3106 2048 3160 85.
2078 3105 2324 3163 Pedestri
2355 3105 2549 3175 proelio
2593 3105 2888 3161 admodum
2948 3105 3200 3163 laetantur
3229 3115 3284 3161 et
3306 3106 3471 3162 vehe—

1891 3196 2168 3253 mentibus
2201 3197 2637 3253 incursionibus.

1962 3287 2052 3342 8i.
2102 3288 2459 3344 Instrnuntur
2512 3288 2565 3340 in
2632 3287 2845 3359 prmliis
2908 3286 3026 3342 Sive
3082 3284 3293 3358 pedites
3357 3285 3473 3342 sive

1889 3377 2123 3448 equites,
2176 3394 2283 3432 non
2320 3377 2506 3447 aliquo
2547 3385 2698 3430 certo
2744 3384 2799 3430 et
2846 3375 3068 3430 deﬁnito
3116 3374 3300 3441 modo,
3328 3376 3474 3429 etin

1891 3470 2059 3531 acies,
2096 3478 2190 3522 aut
2219 3480 2452 3534 turmas,
2489 3469 2861 3523 autcohortcs
2904 3467 3246 3533 dividunzur,
3279 3482 3473 3537 quem-

1889 3559 2184 3614 admodum
2223 3558 2474 3625 Romani,
2513 3560 2607 3615 sed
2662 3576 2756 3630 per
2798 3560 2995 3625 tribus,
3033 3570 3086 3615 et
3129 3559 3383 3622 familias,
3420 3568 3474 3614 et

1888 3651 2265 3722 cognationes,
2297 3666 2441 3722 saepe
2489 3652 2653 3705 ctiam
2690 3652 2979 3721 coniurata
3015 3651 3248 3721 quadam
3280 3651 3473 3704 amici-

1888 3748 1982 3802 tia.
2014 3746 2202 3818 Itaque
2227 3748 2448 3818 quidam
2495 3748 2687 3802 amicis
2727 3748 3034 3802 interfectis
3063 3761 3205 3816 sa3pe
3242 3746 3296 3799 iu
3332 3756 3477 3813 prae-

1889 3841 1963 3895 lio
1993 3849 2387 3911 permanentes
2430 3840 2646 3910 seipsos
2697 3840 2750 3894 in
2787 3840 3025 3893 maxima
3061 3838 3305 3909 pericula
3343 3852 3477 3891 con-

1892 3932 2161 4002 iecerunt,
2203 3939 2266 3985 ut
2302 3931 2521 3987 illorum
2557 3933 2731 3987 vicem
2773 3933 3191 3987 ulciscerentur.

1959 4024 2048 4081 85.
2082 4022 2337 4080 Frontem
2369 4024 2505 4079 aciei
2561 4024 2823 4095 :equalem
2854 4033 2908 4078 et
2938 4023 3165 4079 densam
3198 4021 3249 4076 in
3285 4023 3478 4093 prmlio

1890 4116 2116 4171 habent.

1958 4208 2049 4264 86.
2081 4207 2400 4279 Conﬂigunt
2462 4208 2680 4278 equites
2713 4217 2767 4261 et
2812 4206 3021 4277 pedites
3050 4205 3310 4260 universo
3349 4219 3475 4257 cum

1887 4302 2095 4371 impetu
2135 4308 2193 4355 et
2247 4300 2620 4362 vehementer,
2662 4314 2726 4352 ac
2778 4298 3078 4366 impetuose
3122 4302 3284 4349 ruunt
3324 4296 3475 4348 omni

1888 4394 2086 4449 timore
2112 4393 2298 4446 vacui.

280 4480 386 4546 etC'.
432 4481 704 4546 ’Δπειθεῖς
736 4481 793 4535 δέ
824 4482 929 4536 είσι
959 4481 1095 4552 πρὸς
1126 4480 1249 4543 τοὺς
1275 4480 1545 4550 ἄρχοντας
1576 4479 1777 4546 αὐτῶν,

1960 4484 2051 4538 87.
2084 4482 2265 4538 Minus
2310 4475 2631 4538 obedientes
2680 4478 2951 4550 praefectis
2993 4478 3211 4532 illorum
3241 4483 3389 4541 sunt,
3423 4484 3478 4529 et

208 4572 301 4625 καὶ
325 4574 559 4644 μάλιστα
589 4573 852 4646 Φράγγοι,
878 4571 1191 4641 ἐλευθερίας
1236 4568 1428 4640 ὥσπερ
1470 4570 1784 4626 ἀντιποιούο

209 4681 383 4733 μενοι,
427 4666 522 4719 καὶ
557 4666 822 4729 ἑκουσίως
862 4663 947 4731 ἐφ’
996 4663 1123 4715 ὅσον
1173 4661 1364 4731 καιρὸν
1412 4661 1713 4733 ὡρίσωσιν,
1755 4664 1787 4735 ἢ

206 4755 363 4826 παρὰ
384 4755 494 4811 τῶν
529 4756 805 4827 ἀρχόντων
836 4752 1145 4824 ὼρισθῶσιν
1184 4750 1642 4821 ἐκστρατεύουσι,
1697 4755 1792 4811 καὶ

210 4847 368 4915 μόνον
393 4846 484 4898 καὶ
500 4846 688 4899 τούτου
724 4844 1137 4918 παρερχομένου
1162 4842 1297 4912 (68),
1323 4845 1370 4895 εί
1400 4845 1556 4915 τύχοι
1579 4845 1779 4911 αὐτοὺς

206 4936 511 5005 ἐπιμένειν,
550 4937 763 5006 βαρέως
821 4938 1083 5008 φέροντες
1132 4935 1222 4989 τὸν
1271 4938 1638 5008 παρασυρμὸν
1691 4938 1783 4990 τοῦ

208 5028 425 5099 χρόνου,
463 5028 650 5083 λύουσι
678 5028 776 5100 τὴν
813 5027 1068 5094 σύνταξιν
1088 5027 1182 5081 τού
1208 5029 1508 5095 ὲξπεδίτου,
1541 5032 1635 5083 καὶ
1655 5031 1789 5083 ἀνα⁴

207 5119 476 5192 χωροῦσιν
499 5121 591 5174 ἐπὶ
623 5121 746 5184 τοὺς
777 5119 960 5183 οἴκους
990 5119 1190 5173 αὐτῶν.

282 5219 399 5282 πηθ.
439 5212 816 5283 Ἀπράγμονες
873 5211 929 5265 δέ
976 5212 1084 5264 εἰσι
1135 5211 1231 5264 καὶ
1293 5211 1475 5281 πάσης
1522 5211 1794 5276 ποικιλίας

206 5304 304 5357 καὶ
327 5303 629 5372 ἀσφαλείας
657 5302 835 5369 ἐκτὸς,
871 5302 967 5357 καὶ
992 5301 1093 5374 τῆς
1119 5301 1215 5355 τοῦ
1248 5301 1621 5372 συμφέροντος
1651 5303 1793 5371 γνώ-

211 5412 337 5466 μης,
375 5396 465 5448 Διὸ
493 5396 588 5449 καὶ
609 5395 816 5463 τάξεως
840 5394 1254 5467 περιφρονοῦσι,
1290 5393 1385 5447 καὶ
1414 5392 1651 5462 μάλιστα
1696 5394 1795 5465 τῆς

208 5482 641 5556 κασαλλαρικῆς.

283 5577 391 5630 πθ⁸.
433 5575 882 5646 ’Υποφθείρονται
939 5575 995 5630 δὲ
1051 5574 1138 5629 διά
1198 5573 1501 5646 χρημάτων
1545 5573 1787 5636 εὐκόλως

1896 4576 2247 4647 potissimum
2271 4573 2436 4640 Galli,
2466 4588 2532 4627 ac
2564 4574 2874 4628 voluntarie
2900 4569 2966 4624 ad
2995 4580 3206 4624 certum
3241 4577 3475 4636 tempus,

1896 4669 2059 4722 etiam
2095 4674 2388 4737 antequam
2421 4683 2452 4719 ιι
2490 4664 2766 4735 praefectis
2813 4669 3190 4724 accersantur,
3226 4658 3278 4712 in
3312 4672 3482 4726 expe-

1898 4761 2109 4816 ditione
2137 4767 2287 4814 sunt.
2320 4756 2433 4811 lloc
2469 4766 2703 4826 tempus.
2730 4755 2774 4811 si
2810 4760 3119 4825 praetereat,
3146 4761 3194 4806 et
3224 4751 3334 4805 illis
3361 4748 3478 4803 diu-

1897 4852 2006 4907 tius
2038 4849 2367 4904 manendum
2404 4848 2495 4915 sit,
2523 4848 2665 4903 hunc
2689 4846 2958 4917 temporis
2981 4852 3214 4899 tractum
3252 4841 3477 4896 moleste

1899 4942 2100 5004 ferunt,
2132 4950 2299 5013 atque
2333 4941 2403 4995 ab
2433 4940 2781 5012 expeditione
2813 4953 2911 4993 sua
2942 4936 3250 4999 discedunt,
3290 4942 3343 4988 et
3375 4932 3479 4988 do-

1895 5051 2042 5089 mmn
2074 5050 2132 5089 se
2159 5032 2452 5089 conferunt
2467 5061 2479 5073 -

1967 5210 2057 5264 88.
2083 5208 2379 5277 improvidi
2418 5221 2595 5263 rerum
2644 5212 2793 5269 sunt,
2825 5219 3003 5275 neque
3050 5200 3355 5265 varietatis,
3388 5200 3476 5254 in-

1897 5302 2255 5366 columitatis,
2292 5309 2388 5359 aut
2413 5300 2549 5354 aciei
2582 5296 2939 5362 instruendae,
2969 5293 3349 5367 equestrisquc
3382 5307 3479 5364 po-

1900 5397 2200 5462 tissimum,
2233 5393 2402 5451 ullam
2433 5392 2700 5449 rationem
2731 5389 2951 5445 habent.

1969 5570 2061 5628 89.
2097 5569 2358 5627 Pecuniis
2414 5567 2577 5625 facile
2636 5576 3088 5640 corrumpuntur,
3140 5565 3269 5637 quia
3329 5563 3475 5621 lucri

1746 5662 1976 5722 NOTJE.

282 5760 394 5834 (68)
426 5759 898 5830 Παρερχομένου.
930 5759 1302 5827 Scribobatur,
1336 5758 1733 5831 παρεχομένου.
