4074 6222
594 354 702 433 907

1878 362 2154 426 LEONIS
2189 349 2654 425 PIIILOSOPII‘I

3803 350 3926 427 963

594 477 891 533 admodum
919 475 1099 546 cupidi
1132 482 1280 530 sunt.
1336 473 1509 545 liuius
1544 475 1619 530 rei
1650 476 1993 545 experientia
2032 474 2190 529 nobis

2318 474 2631 543 >ιλοκερδεῖς
2665 472 2839 537 ὄντες,
2866 470 2924 536 ἐξ
2960 465 3039 525 ὧν
3082 469 3247 541 πείρᾳ
3290 464 3555 541 μαθόντες
3577 472 3779 544 ἴσμεν,
3803 468 3924 528 ἁπῦ

593 578 829 631 constat,
858 570 1001 638 quod
1034 584 1159 623 cum
1186 585 1251 622 ex
1295 567 1445 622 Italia
1479 568 1544 621 ad
1579 583 1668 623 res
1709 567 2181 622 administrandas

591 660 849 733 permulti
886 674 952 713 co
1014 670 1389 723 accesserunt,
1431 660 1647 714 illorum
1691 659 2091 714 consuetudine
2120 673 2183 712 ac

594 753 843 807 moribus
879 751 1291 817 imbuebantur,
1323 761 1376 806 et
1410 752 1479 805 ab
1510 750 1852 805 humanitate
1882 751 1951 805 ad
1983 751 2180 806 barba-

594 842 729 896 riem
758 857 821 896 ac
856 842 1214 912 cupiditatem
1245 844 1488 911 pecunia:
1523 844 1883 897 transierunt.

664 934 754 988 90.
788 932 1001 987 Vexant
1026 933 1151 988 iltos
1184 933 1483 988 admodum
1515 946 1777 989 aerumna:
1814 949 1879 988 ac
1920 933 2179 990 miserim.

592 1023 1069 1089 Quemadmodum
1105 1024 1249 1077 enim
1281 1035 1493 1079 mentes
1528 1022 1770 1077 audaces
1812 1028 2183 1092 strenua'squc

596 1115 911 1183 possident,
948 1115 1024 1169 ita
1057 1130 1291 1186 corpora
1332 1116 1572 1171 delicata
1608 1132 1673 1170 ac
1715 1124 1901 1171 tenera
1952 1116 2181 1182 habent,

592 1215 647 1261 ct
684 1208 752 1263 ad
786 1209 1006 1264 labores
1036 1209 1394 1265 sustinendos
1428 1210 1616 1263 minus
1646 1210 1877 1263 habilia.

665 1298 754 1353 91.
808 1298 1055 1364 Calores,
1111 1299 1338 1370 frigora,
1390 1300 1622 1369 pluviaa,
1662 1311 2030 1367 commeatus,
2068 1302 2183 1356 sive

592 1405 780 1445 rerum
816 1390 1261 1446 necessariarum
1298 1393 1508 1460 inopia,
1551 1402 1606 1447 et
1654 1392 1764 1447 viui
1804 1392 2179 1464 potissimam,

594 1481 786 1536 dilatio
840 1482 992 1545 belli,
1021 1482 1146 1538 illos
1175 1484 1523 1538 excruciant.

666 1573 757 1628 92.
805 1572 1089 1643 Equestris
1125 1576 1305 1643 prcelii
1364 1582 1613 1644 tempore
1667 1573 2031 1629 adversantur
2074 1574 2183 1630 iliis

596 1668 720 1723 loca
766 1667 1004 1721 difﬁcilia
1044 1676 1097 1721 ct
1131 1667 1436 1729 condensa,
1478 1667 1609 1737 quia
1646 1667 1957 1721 vehementi
1990 1669 2184 1721 incur-

598 1759 775 1816 sionis
807 1760 1015 1829 impetu
1044 1758 1254 1814 directe
1286 1774 1409 1814 cum
1452 1758 1631 1815 hastis
1672 1773 1834 1814 ruere
1872 1758 2077 1814 solent.

672 1936 763 1993 95.
829 1937 1037 1991 Damna
1098 1948 1152 1993 ct
1220 1937 1551 1993 odcnsioues
1604 1937 1762 1992 facile
1794 1953 1823 1992 a
1867 1947 2044 2007 tergo,
2094 1946 2193 1991 aut

603 2028 671 2082 ad
712 2028 855 2082 latus
893 2044 957 2082 cx
1008 2029 1225 2085 insidiis
1274 2028 1574 2093 sustinent,
1610 2028 1739 2098 quia
1793 2027 2063 2082 eXcubias
2104 2042 2187 2083 re’

604 2120 893 2191 liquasquc
936 2121 1255 2192 bujusmodi
1300 2122 1626 2178 molitiOnes
1679 2119 1862 2177 minus
1902 2130 2121 2177 curant.

681 2302 769 2357 9.1.
809 2301 964 2369 Quod
1022 2302 1066 2357 si
1126 2302 1220 2372 qui
1282 2300 1463 2371 fugam
1525 2301 1876 2366 simularent,
1918 2300 2082 2356 facile
2111 2300 2190 2355 illi

602 2394 1033 2461 dissiparentur,
1090 2401 1145 2449 et
1202 2392 1387 2449 subito
1424 2393 1480 2448 in
1518 2407 1615 2450 eos
1663 2393 1863 2449 iterum
1917 2392 2190 2456 conversi,

602 2486 941 2555 permultum
982 2486 1106 2541 illos
1140 2484 1427 2540 iarderent.

677 2576 769 2629 95.
827 2574 984 2645 Smpe
1013 2575 1182 2629 etiam
1233 2584 1518 2629 nocturna:
1547 2574 1963 2644 sagittariorum
1998 2573 2193 2627 incur-

604 2668 790 2723 siones
817 2668 1021 2722 Imdunt
1052 2666 1197 2732 illos,
1223 2669 1352 2736 quia
1383 2666 1632 2738 disperso
1678 2674 1735 2722 et
1756 2664 1988 2735 disjectc
2010 2673 2193 2720 castra

605 2766 843 2828 ponunt.

688 2866 779 2924 96.
819 2866 915 2921 Sin
952 2867 1077 2936 quis
1135 2881 1195 2922 se
1240 2868 1305 2921 ad
1366 2865 1770 2937 confligendum
1801 2883 1927 2922 cum
1959 2866 2066 2923 illis
2094 2883 2195 2938 pa-

606 2977 763 3028 rans,
828 2961 898 3017 iis
963 2959 1206 3015 motibus
1264 2968 1431 3030 atque
1480 2959 1749 3015 institutis
1804 2968 2013 3027 utatur,
2051 2960 2195 3015 haud

605 3070 746 3123 opus
790 3052 964 3107 fuerit
1005 3052 1225 3121 publica
1268 3067 1393 3107 cum
1426 3052 1533 3106 illis
1566 3052 1927 3109 dimicatione
1964 3064 2195 3109 conten-

604 3141 756 3207 dere,
791 3143 953 3211 idque
988 3142 1045 3197 in
1086 3143 1263 3198 initiis
1317 3142 1445 3198 belli
1504 3142 1884 3211 potissimum,
1920 3143 2017 3199 sed
2054 3144 2196 3198 insi-

606 3236 713 3290 diis
752 3243 807 3291 et
870 3233 1194 3305 improvisis
1230 3234 1647 3289 incursionibus
1694 3234 1819 3290 illos
1846 3233 2077 3298 adoriri,
2116 3233 2200 3289 vel
2227 3196 2272 3255 ο

606 3327 871 3381 dilatione
902 3326 1082 3397 proelii
1116 3336 1333 3395 tempus
1365 3324 1613 3390 eludere,
1642 3325 1728 3380 vel
1756 3323 2199 3395 pacificationem

608 3419 923 3474 simulando
954 3427 1322 3473 commeatum
1372 3418 1592 3473 illorum
1623 3417 1947 3481 absumere,“
1982 3417 2067 3473 vel
2107 3431 2202 3472 ca-

607 3511 818 3567 loribus
884 3518 939 3565 et
1038 3510 1342 3581 frigoribus
1406 3508 1697 3565 audaciam
1764 3509 1984 3565 illorum
2043 3519 2206 3580 atque

608 3606 958 3662 alacritatem
1003 3605 1276 3660 minuere.

695 3905 785 3960 97.
825 3904 880 3959 Si
912 3905 1105 3961 dilatio
1158 3913 1212 3960 et
1256 3905 1465 3962 similia
1500 3908 1741 3964 maxime
1779 3908 1903 3964 fieri
1941 3916 2200 3978 possunt.

609 3996 833 4065 quando
864 3993 933 4049 ad
964 3993 1268 4049 munitiora
1291 4004 1347 4051 et
1392 3995 1632 4051 difficilia
1667 4013 1898 4054 accessu
1941 3998 2057 4053 loca
2106 3998 2200 4053 bo.

612 4084 756 4141 stilis
792 4084 1018 4140 illorum
1047 4084 1327 4141 exercitus
1370 4085 1606 4155 accedit,
1635 4087 1710 4142 ibi
1756 4096 1873 4143 tum
1908 4088 2083 4144 hastis
2118 4088 2203 4143 usi

610 4176 764 4233 illum
800 4178 985 4234 locum
1017 4177 1276 4234 invadere
1302 4193 1410 4233 non
1441 4186 1699 4249 possunt.

684 4376 775 4433 98.
820 4375 876 4432 Si
926 4378 999 4432 ita
1046 4378 1330 4448 praedictis
1395 4379 1574 4436 modis
1622 4388 1817 4435 contra
1875 4382 1999 4438 illos
2058 4382 2202 4437 nihil

611 4470 959 4539 proficiatur,
996 4470 1092 4526 sed
1119 4471 1188 4525 ad
1223 4472 1425 4527 bellum
1469 4473 1570 4527 toti
1603 4482 1877 4544 spectent.
1916 4474 2005 4528 ubi
2039 4490 2196 4529 exer-

2297 563 2407 617 τῶν
2447 562 2506 627 ἐξ
2545 564 2776 625 Ἰταλίας
2806 561 3040 616 ἐνταῦθα
3095 562 3356 627 πολλάκις
3416 566 3912 635 παραγενομένων

2299 657 2391 710 ἐπί
2412 674 2522 709 τισι
2548 658 2669 719 ταῖς
2721 656 3072 725 διοικήσεσιν,
3107 654 3181 718 ὡς
3228 658 3292 725 τῇ
3338 655 3560 709 ἐκείνων
3611 657 3915 728 ἐπιμιξία,

2294 746 2470 819 οἶμαι,
2524 751 2617 802 καὶ
2667 748 2870 801 τούτων
2931 746 3398 819 βαρϐαρωθέντων
3431 766 3491 801 τε
3529 750 3634 802 καὶ
3684 751 3920 803 συνεθι-

2296 843 2552 899 σθέντων.

2366 934 2435 1003 ιγ’.
2464 936 2641 990 Λυπεῖ
2694 922 2752 987 δὲ
2792 934 2989 997 αὐτοὺς
3053 932 3417 995 κακοπάθεια,
3464 933 3559 987 καὶ
3599 934 3909 1004 συντριϐῆ..

2294 1023 2464 1082 Ὀσον
2514 1027 2623 1099 γὰρ
2672 1018 2773 1091 τὰς
2826 1018 3004 1097 ψυχὰς
3059 1026 3338 1097 τολμηρὰς
3391 1025 3489 1079 καὶ
3535 1026 3783 1095 θρασεῖς
3826 1031 3916 1080 κέ-

2291 1128 2541 1191 κτηνται,
2563 1118 2819 1172 τοσοῦτον
2846 1118 2915 1171 τὰ
2952 1117 3179 1187 σώματα
3208 1117 3439 1188 εὐπαθῆ,
3460 1116 3555 1169 καὶ
3581 1118 3808 1182 ἁπαλὰ,
3827 1122 3916 1171 καί

2295 1213 2465 1266 κόπον
2499 1210 2737 1274 εὐκόλως
2763 1208 2951 1281 φέρειν
2973 1210 3034 1263 οὐ
3065 1208 3355 1278 δυνάμενα.

2376 1303 2488 1372 μα’.
2540 1303 2773 1374 Προσέτι
2829 1301 2887 1355 δέ
2931 1302 3091 1355 λυπεῖ
3142 1302 3341 1365 αὐτοὺς
3375 1304 3471 1355 καὶ
3523 1303 3769 1368 καῦσος,
3826 1304 3909 1356 καὶ

2292 1387 2486 1468 ψύχος.
2555 1394 2650 1448 καὶ
2719 1393 2913 1464 βροχὴ,
2965 1394 3058 1447 και
3105 1393 3285 1447 ἔνδεια
3311 1393 3769 1465 δαπανημάτων,
3828 1398 3908 1448 καί

2296 1493 2527 1563 μάλιστα
2549 1496 2721 1560 οἴνου,
2748 1495 2829 1549 ἔτι
2860 1495 2915 1548 δὲ
2945 1494 3037 1548 καὶ
3079 1493 3371 1566 ὑπέρθεσις
3400 1495 3676 1564 πολέμου.

2350 1586 2464 1658 ιβ’.
2531 1590 2620 1641 Ἐν
2658 1590 2713 1643 δὲ
2758 1589 2837 1659 τῷ
2888 1588 3067 1657 καιρῷ
3120 1588 3216 1658 τῆς
3249 1588 3675 1660 καϐαλλαρικῆς
3720 1587 3901 1656 piri:

2309 1677 2683 1735 ἐναντιοῦνται
2730 1681 2917 1743 αὐτοῖς
2995 1679 3152 1733 τόποι
3211 1679 3468 1732 δύσϐατοι
3523 1680 3627 1732 καὶ
3673 1679 3904 1742 δασεῖς,

2295 1772 2381 1825 διὰ
2408 1772 2469 1824 τὸ
2494 1773 2570 1835 εἰς
2601 1764 2741 1836 ὀξεῖς
2769 1771 2988 1835 ἐλασίας
3021 1772 3107 1824 ἐπ’
3137 1770 3359 1833 εὐθείας
3385 1771 3528 1840 μετὰ
3551 1769 3676 1823 τῶν
3714 1788 3901 1823 κοντιο

2306 1863 2433 1933 ρίων
2455 1863 2653 1926 αὐτοὺς
2680 1862 3157 1932 ἐγγυμνασθῆναι.

2372 1949 2481 2023 ιγ.
2516 1954 2884 2025 ’Υπομένουσι
2913 1954 2970 2009 δὲ
3002 1954 3097 2008 καὶ
3118 1954 3206 2008 διὰ
3231 1953 3654 2025 ἐγκρυμμάτων
3702 1954 3905 2025 βλάϐας

2302 2046 2536 2109 εὐκόλως
2562 2046 2706 2100 κατὰ
2732 2046 2843 2099 τῶν
2875 2045 3124 2114 πλαγίων
3149 2046 3243 2099 καί
3268 2045 3360 2099 τοῦ
3405 2046 3583 2099 νώτου
3635 2048 3746 2116 τῆς
3797 2051 3907 2103 ἑανο

2298 2140 2408 2193 τῶν
2440 2138 2820 2207 παράταξεωςσ
2855 2139 2917 2192 οὐ
2941 2140 3050 2210 γὰρ
3082 2139 3223 2193 πάνυ
3246 2138 3603 2209 φροντίζουσι
3627 2139 3844 2209 βίγλας
3882 2141 3905 2207 ἦ

2299 2230 2399 2299 τῆς
2422 2229 2617 2297 λοιπῆς
2646 2228 2969 2298 ἀσφαλείας.

2368 2321 2467 2389 ιβ.
2518 2320 2642 2375 Ἐὰν
2665 2320 2719 2373 δέ
2745 2338 2887 2384 τινες
2912 2322 3007 2375 καὶ
3056 2320 3496 2391 σχηματίζωνται
3522 2320 3721 2391 φυγὴν
3752 2322 3903 2374 εὐχά·

2301 2416 2408 2478 λως
2431 2413 2765 2479 διαλύονται,
2799 2413 2894 2466 καὶ
2924 2413 2973 2465 εἰ
3004 2403 3159 2483 ἄφνω
3198 2413 3341 2467 κατὰ
3394 2412 3581 2466 αὐτῶν
3613 2414 3907 2483 ἀντιστρέι

2300 2506 2502 2576 ψωσιν,
2526 2503 2761 2567 εὐκόλως
2789 2503 2987 2567 αὐτοὺς
3018 2503 3411 2574 διαφθείρουσι.

2382 2593 2484 2661 ιε’.
2523 2594 2791 2658 Πολλάκις
2823 2594 2879 2646 δὲ
2928 2593 3024 2647 καὶ
3060 2595 3374 2665 νυκτεριναὶ
3421 2594 3762 2658 ἐπελεύσεις
3815 2592 3909 2647 ύπδ

2303 2686 2532 2752 τοξοτῶν
2561 2686 2889 2756 βλάπτουσιν
2918 2686 3117 2750 αὐτούς
3140 2702 3155 2719 ·
3184 2686 3583 2756 διεσπασμένοι
3613 2686 3731 2755 γὰρ
3756 2687 3909 2739 dixit.

2305 2778 2580 2833 κεύουσιν.

2375 2886 2490 2955 ις’.
2527 2888 2589 2942 Εἰ
2612 2886 2668 2940 δέ
2693 2905 2778 2951 τις
2810 2888 2994 2951 αὐτοῖς
3022 2887 3323 2956 ἐϐουλεύθη
3369 2889 3501 2943 ποτὲ
3563 2889 3918 2959 προσϐαλεῖν

2303 2980 2475 3043 οὐτως
2558 2978 2887 3048 εἰθισμένοις
2945 2980 3039 3032 καλ⁸
3100 2980 3484 3050 διακειμένοις,
3538 2982 3644 3033 οὐκ
3705 2980 3922 3052 ἐχρῆτο

2305 3072 2448 3126 κατὰ
2502 3070 2683 3124 αὐτῶν
2732 3072 2792 3124 ἐν
2829 3071 2982 3143 μάχῃ
3020 3072 3258 3143 δημοσίᾳ
3298 3072 3625 3142 παρατάξει,
3672 3073 3781 3125 καὶ
3812 3072 3922 3141 μά-

2305 3163 2465 3215 λιστα
2492 3162 2555 3214 ἐκ
2582 3161 2906 3231 προοιμίων,
2939 3162 3057 3213 ἀλλ’
3081 3161 3361 3225 εὐτάκτως
3387 3163 3454 3215 δι’
3483 3162 3920 3232 ἐγκρυμμάτων

2308 3252 2402 3305 καὶ
2440 3250 2647 3319 κλοπῆς
2676 3250 2817 3303 κατὰ
2873 3250 3055 3304 αὐτῶν
3112 3250 3481 3321 προσέϐαλλεν
3536 3251 3633 3303 καὶ
3671 3251 3777 3304 διὰ
3823 3268 3914 3302 σοι

2309 3343 2598 3413 φισμάτων
2621 3340 2795 3396 ἄλλων
2826 3342 3228 3413 στρατηγικῶν,
3258 3343 3291 3414 ἢ
3315 3342 3403 3396 διὰ
3425 3341 3792 3412 ὑπερθέσεως
3816 3344 3915 3410 τῆς

2311 3435 2491 3508 μάχης
2519 3434 2789 3505 διασύρων
2820 3434 2910 3487 τὸν
2932 3435 3146 3506 καιρὸν,
3188 3435 3222 3506 ἦ
3252 3438 3345 3489 καὶ
3379 3436 3641 3506 σύμφωνα
3671 3436 3914 3505 εἰρήνης

2310 3523 2780 3597 σχηματιζόμενος
2816 3524 2953 3595 πρὸς
3005 3526 3223 3592 αὐτοὺς,
3262 3527 3351 3579 ἵνα
3396 3527 3429 3596 ἢ
3470 3527 3538 3595 τῇ
3583 3524 3698 3577 τῶν
3724 3524 3909 3579 δαπαο

2308 3617 2565 3688 νημάτων
2590 3615 2879 3685 ἐπιλείψει,
2905 3616 2937 3686 ἢ
2962 3619 3028 3685 τῇ
3060 3616 3153 3670 τοῦ
3182 3617 3464 3679 καύσωνος
3501 3616 3535 3685 ἢ
3564 3616 3665 3668 καὶ
3695 3614 3909 3685 ψύχους

2308 3709 2469 3780 τυχὸν
2527 3708 2735 3781 ὀχλήσῃ
2782 3708 2844 3762 τὸ
2904 3708 3105 3780 θράσος
3135 3709 3340 3777 αὐτῶν,
3391 3710 3488 3763 καὶ
3514 3708 3575 3763 τὸ
3617 3707 3909 3779 πρόθυμον

2308 3803 2613 3875 ἐλαττώσῃ.

2379 3914 2484 3983 ιιξ.
2533 3914 2596 3969 Ἦ
2623 3915 2681 3970 δὲ
2714 3914 3008 3986 ὑπέρθεσις
3067 3917 3171 3969 καὶ
3200 3915 3269 3969 τὰ
3318 3914 3454 3971 ἄλλα
3511 3914 3762 3985 μάλιστα
3788 3913 3908 3967 ὲδύ.

2307 4025 2437 4063 νατο
2466 4008 2599 4079 πρὸς
2628 4007 2825 4072 αὐτοὺς
2874 4007 3128 4075 γενέσθαι
3172 4008 3318 4070 τότε,
3358 4007 3488 4061 ὅταν
3522 4007 3603 4069 είς
3632 4006 3909 4075 ὀχυρωτέο

2310 4118 2440 4171 ρους
2492 4100 2589 4155 καὶ
2628 4100 2926 4163 δυσϐάτους
2957 4102 3157 4164 τόπους
3196 4101 3496 4171 ὴπλίκευεν
3549 4101 3578 4153 ὁ
3640 4100 3911 4169 πολέμιος

2309 4192 2533 4245 ἐκείνων
2566 4191 2818 4262 στρατὸς,
2844 4190 2972 4245 ἔνθα
3001 4192 3076 4256 ὡς
3106 4193 3321 4263 ἔχοντες
3346 4190 3614 4261 κοντάρια
3647 4192 3800 4243 κατὰ
3815 4189 3910 4243 τοῦ

2309 4284 2476 4337 τόπου
2502 4285 2773 4353 ἐγχειρεῖν
2812 4282 3136 4352 ἐπιτηδείως
3170 4284 3271 4336 οὐκ
3296 4282 3571 4337 ἐδύναντο.

2379 4392 2486 4464 1-ιηῖ
2530 4394 2656 4447 Ἐάν
2708 4392 2765 4446 δὲ
2823 4394 2913 4446 διὰ
2962 4394 3072 4446 τῶν
3126 4382 3435 4464 είρημένων
3470 4394 3572 4447 οὐκ
3631 4395 3913 4465 ἐνήργουν

2310 4486 2451 4539 κατὰ
2473 4485 2676 4549 αὐτῶν,
2712 4484 2849 4539 ἀλλὰ
2874 4484 3013 4554 πρὸς
3048 4485 3228 4555 μάχην
3256 4486 3473 4548 πάντως
3507 4484 3730 4555 ἐώρων,
3787 4487 3914 4538 τότε

614 4563 784 4619 citum
817 4563 1125 4629 instruunt,
1170 4564 1251 4620 sic
1292 4565 1574 4621 instruant
1618 4566 2085 4637 quemadmodum
2147 4569 2196 4622 iu

2318 4577 2719 4647 παρετάσσοντο
2774 4576 2910 4647 πρὸς
2977 4577 3198 4644 αὐτοὺς,
3242 4577 3317 4641 ὡς
3363 4579 3424 4631 ἐν
3446 4576 3522 4647 τῷ
3552 4577 3689 4649 περὶ
3728 4594 3915 4649 rupa-

612 4656 793 4727 capite
823 4657 891 4712 de
922 4657 1041 4713 acie
1071 4658 1391 4713 instruenda
1424 4659 1742 4715 docuimus.

684 4770 775 4825 99.
816 4769 1141 4827 Sclavoniea
1204 4773 1354 4827 natio
1412 4772 1579 4828 simili
1632 4775 1758 4828 vitre
1789 4774 1941 4835 cuitu
1974 4783 2029 4829 et
2084 4790 2202 4829 mo-

610 4862 769 4919 ribus
814 4879 878 4919 ac
920 4864 1061 4919 Galli
1090 4866 1365 4921 utebatur.
1403 4865 1700 4921 Libertatis
1753 4882 1969 4929 amans,
2005 4868 2203 4938 subjici

615 4961 712 5009 aut
777 4954 1007 5026 imperio
1062 4972 1257 5026 parere
1315 4958 1492 5012 noluit
1520 5000 1533 5024 ,
1572 4959 1790 5029 quando
1830 4970 1981 5013 trans
2024 4959 2203 5015 Danu-

616 5045 767 5101 bium
803 5064 901 5103 sua
936 5050 989 5103 in
1034 5050 1252 5121 regione
1283 5050 1549 5104 habitavit
1592 5068 1604 5103 :
1642 5051 1787 5105 unde
1835 5050 1982 5104 hunc
2018 5052 2070 5104 in
2112 5052 2193 5106 lo-

617 5152 742 5191 cum
778 5140 1049 5207 traducta,
1083 5150 1250 5211 atque
1310 5142 1434 5197 aliis
1480 5142 1525 5195 vi
1576 5142 1786 5197 servire
1815 5152 2029 5208 coacta,
2061 5142 2203 5197 iudi-

616 5231 772 5298 gcnis
821 5232 957 5295 suis,
994 5243 1046 5288 ct
1088 5249 1197 5288 non
1234 5233 1559 5304 alienigenis
1591 5232 1817 5289 obedire
1848 5234 2049 5300 voluit;
2091 5253 2204 5288 me-

617 5322 724 5378 iius
750 5326 893 5378 cnim
927 5327 1197 5395 putabant
1235 5327 1302 5381 ab
1328 5326 1601 5396 indigenis
1638 5327 1756 5382 suis
1795 5327 2009 5392 violari,
2036 5342 2199 5396 quam

618 5411 886 5471 Romanis
938 5428 1233 5486 parcrc,et
1293 5420 1397 5472 sub
1449 5418 1669 5472 illorum
1734 5418 1944 5487 legibus
1997 5417 2201 5472 vivere.

621 5505 725 5571 Qui
755 5517 937 5564 autem
972 5526 1037 5565 ex
1080 5510 1190 5567 illis
1220 5511 1561 5567 sacrosancti
1600 5510 1954 5582 Baptismatis
1993 5511 2197 5568 fontem

2312 4669 2521 4735 τάξεως
2551 4666 2908 4737 ἐδηλώσαμεν
2937 4668 3244 4739 κεφαλαίῳ.

2375 4779 2480 4847 ι,θῆ
2512 4778 2621 4831 Καὶ
2677 4778 2745 4832 τὰ
2794 4777 3075 4831 Σκλαδικά
3100 4778 3156 4831 δὲ
3185 4776 3315 4845 ἔθνη
3355 4775 3645 4846 ὁμοδίαιτά
3668 4793 3734 4828 τε
3773 4772 3915 4843 ﬁcri

2310 4870 2405 4924 καὶ
2453 4868 2730 4939 ὁμότροπα
2780 4867 3031 4936 ἀλλήλοις
3062 4867 3195 4937 (G9),
3248 4868 3346 4920 καὶ
3400 4866 3694 4935 ἐλεύθερα,
3737 4870 3914 4939 μηδα-

2312 4963 2428 5033 μῶς
2454 4960 2769 5015 δουλοῦσθαι
2804 4960 3129 5031 ἧᾶρχεσθαι
3174 4961 3491 5030 πειθόμενα,
3528 4963 3627 5012 καὶ
3665 4961 3915 5029 nomen

2305 5057 2396 5109 ὅτε
2432 5057 2605 5125 πέραν
2632 5054 2725 5107 τοῦ
2758 5055 3051 5107 Λανουϐίου
3083 5054 3368 5124 κατῴκουν
3398 5054 3455 5105 ὲν
3481 5055 3550 5122 τῇ
3587 5052 3702 5121 ἰδία
3730 5055 3913 5125 χώρα.

2308 5147 2471 5200 Ὅθεν
2532 5146 2627 5198 καὶ
2682 5144 2915 5199 ἐνταῦθα
2974 5145 3374 5212 περαιωθέντα,
3428 5146 3521 5196 καὶ
3562 5145 3745 5196 οἱονεὶ
3806 5146 3917 5215 3::-

2307 5239 2501 5291 σθέντα
2547 5235 2803 5299 δέξασθαι
2856 5236 2957 5305 τὴν
3009 5235 3279 5298 δουλείαν,
3342 5234 3441 5302 οὐχ
3497 5233 3677 5301 ἑτέρῳ
3742 5235 3913 5303 ἡδέως

2307 5328 2589 5382 πείθεσθαι
2631 5326 2841 5397 ἤθελον,
2877 5326 3011 5379 ἀλλὰ
3038 5327 3239 5397 τρόπον
3285 5326 3409 5379 τινὰ
3436 5325 3681 5386 ἑαυτοῖς·
3726 5330 3913 5396 κρεῖτ-

2305 5438 2396 5474 τον
2428 5419 2537 5489 γὰρ
2568 5417 2799 5488 ἡγοῦντο
2828 5418 2936 5471 ἀπὸ
2962 5418 3057 5471 τοῦ
3082 5417 3343 5489 ἄρχοντος
3365 5417 3465 5485 τῆς
3496 5416 3687 5469 αὐτῶν
3740 5418 3911 5487 φυλῆς

2311 5510 2651 5582 φθείρεσθαι,
2698 5510 2731 5581 ἢ
2787 5512 2898 5576 τοῖς
2944 5510 3277 5581 Ῥωμαϊκοῖς
3319 5508 3597 5564 δουλεύειν
3657 5511 3768 5565 καὶ
3796 5511 3912 5564 ﬁmo—

2101 5690 2339 5747 NOTAE.

702 5801 813 5870 (69)
852 5803 1174 5869 ’Λιὶλήλοις
1240 5806 1292 5860 in
1324 5808 1485 5860 Cbeci
1528 5808 1711 5861 codice
1764 5810 1972 5864 videtur
2002 5810 2190 5875 fuisse,
2224 5807 2449 5870 Γάλλοις
