4074 6222
200 302 313 370 ’60

1233 306 1577 373 TACTICA.
1612 333 1686 347 -
1717 303 2228 370 CONSTITUT‘IO
2243 307 2467 370 XVIII.

3377 306 3489 376 970

203 412 497 468 κλίνεσθαι
537 412 748 481 νόμοις.
791 412 947 469 Οίδέκ
982 413 1078 469 τοῦ
1102 416 1377 489 σωτηρίου
1404 417 1793 490 βαπτίσματος

1918 425 2265 487 'eceperunt.
2317 417 2356 472 ii
2378 422 2648 487 quantum
2691 417 2748 474 in
2807 418 2919 475 illis
2971 403 3079 488 est,
3129 419 3195 476 ad
3244 382 3487 493 antiqua:

201 506 298 560 τὸν
349 506 626 578 ἀγιασμδν
687 506 1117 579 καταδεξάμενοι
1157 508 1287 581 άχρι
1336 509 1449 564 τῶν
1504 509 1793 581 ἡμετέρων

1922 509 2179 568 ibertatis
2208 510 2443 567 formam
2483 526 2610 567 eum
2640 522 2997 570 conservant.

201 599 415 670 χρόνων
448 598 630 665 τοῦτο,
661 597 787 654 ὅσον
816 600 959 655 κατὰ
984 600 1207 670 αὐτοὺς,
1239 604 1319 666 είς
1354 602 1591 675 ἀρχαίας
1646 602 1796 657 ἐλευο

202 692 399 765 θερίας
427 691 721 763 συνήθειαν
750 690 1157 764 διατηροῦνται.

279 806 347 879 ρ’.
380 806 706 880 ῐῙολῦανδρά
731 824 793 861 τε
822 801 965 879 ἦσαν
991 807 1089 862 καὶ
1144 807 1523 871 κακοπαθείας
1579 807 1797 879 ὕπομέέ

201 915 387 963 νοντα,
438 898 680 965 εὐκόλως
724 898 784 953 δέ
838 899 980 970 πρὸς
1007 898 1289 965 καύσωνα,
1312 900 1411 954 καὶ
1450 900 1647 971 ψύχος,
1701 900 1799 954 καὶ

205 987 430 1061 βροχὴν,
455 986 554 1042 καὶ
580 986 835 1059 σώματος
858 988 1201 1062 γυμνότητα,
1229 989 1326 1044 καλ⁸
1341 987 1444 1061 τὴν
1466 989 1577 1043 τῶν
1611 989 1798 1045 δαπα-

204 1079 466 1152 νημάτων
492 1079 709 1136 ἔνδειαν
733 1080 1129 1153 καρτεροῦντα.

282 1191 387 1265 ρα’.
413 1190 602 1247 Ταῦτα
623 1191 683 1246 δέ
699 1194 729 1247 ό
755 1191 1027 1265 ἡμέτερος
1051 1193 1109 1248 ἐν
1127 1191 1252 1265 θεία
1293 1194 1360 1265 τῇ
1386 1192 1545 1265 λήξει
1576 1193 1804 1264 γενόμε-

205 1298 300 1345 νος
319 1281 504 1354 πατὴρ
528 1282 625 1337 καὶ⁸
658 1283 950 1354 Ῥωμαίων
990 1283 1357 1357 αὐτοκράτωρ
1388 1282 1676 1347 Βασίλειος
1694 1284 1803 1338 τῶν

208 1373 456 1445 ἀρχαίων
500 1374 641 1430 ἐθῶν
695 1374 881 1430 ἐπεισε
932 1378 1287 1449 μεταστῆναι,
1318 1377 1415 1432 καὶ
1450 1372 1800 1447 Γραικῶσας,

211 1465 307 1519 καὶ
361 1465 590 1536 ἄρχουσι
618 1465 759 1521 κατά
815 1467 909 1521 τὸν
942 1467 1260 1539 Ῥωμαϊκὸν
1303 1468 1477 1523 τιῒπον
1498 1467 1800 1533 ὑποτάξας,

211 1558 310 1611 καὶ
342 1558 685 1631 βαπτίσματι
744 1560 1003 1631 τιμήσας,
1038 1559 1141 1631 τῆς
1188 1577 1251 1615 τε
1293 1560 1541 1625 δουλείας
1573 1559 1803 1631 ἠλευθέ-

213 1662 360 1720 ρωσε
392 1648 503 1705 τῶν
532 1650 747 1705 ἑαυτῶν
776 1651 1080 1723 ἀρχόντων,
1111 1652 1208 1706 καί⁵
1243 1651 1642 1723 στρατεύεσθαι
1663 1649 1807 1705 κατά

1974 802 2099 860 100.
2155 801 2429 873 Populosa
2490 804 2644 860 natio
2679 810 2787 869 est,
2828 804 3077 859 omnium
3109 817 3491 859 aerumnarum

1900 897 2115 966 patiens
2148 896 2420 961 :calores,
2449 896 2674 967 frigora,
2696 897 2932 968 pluvias,
2968 897 3296 960 nuditatem,
3330 912 3491 953 com-

1903 994 2119 1044 meatus
2155 994 2212 1044 et
2285 1001 2470 1043 rerum
2531 988 2973 1045 necessariarum
3034 988 3279 1056 inopiam
3335 986 3497 1044 facile

1902 1080 2129 1151 perfert.

1977 1192 2102 1250 101.
2137 1192 2294 1250 Hanc
2314 1193 2595 1252 nationem
2628 1203 2823 1253 noster
2849 1195 3035 1251 divina
3074 1195 3312 1266 quadam
3343 1203 3499 1252 sorte

1904 1286 2205 1357 imperator
2263 1286 2571 1355 Romanus,
2632 1296 2686 1343 et
2747 1295 2907 1358 pater
2953 1302 3112 1343 meus
3150 1287 3410 1353 Basilius,
3464 1303 3497 1342 a

1906 1377 2245 1448 reliquarum
2275 1380 2526 1450 gentium
2584 1379 2807 1436 feritate
2860 1379 3126 1446 traduxit,
3160 1388 3216 1436 et
3249 1382 3499 1439 Romano

1907 1486 2061 1527 more
2099 1470 2411 1554 praefactos
2464 1471 2576 1528 illis
2612 1471 3009 1540 constituens,
3046 1479 3104 1528 et
3158 1472 3503 1544 Baptismate

1907 1579 2071 1620 sacro
2101 1565 2226 1622 illos
2257 1565 2534 1632 imbuens,
2584 1580 2616 1620 a
2670 1565 2940 1623 servitute
2973 1565 3259 1631 liberavit,
3280 1576 3335 1621 et
3363 1581 3501 1622 con-

1909 1664 1991 1711 tra
2026 1654 2401 1713 Romanorum
2456 1657 2647 1714 hostes
2701 1672 2952 1731 pugnare
3003 1657 3284 1724 instituit;
3315 1658 3503 1730 itaque

210 1739 325 1793 τῶν
373 1738 674 1811 Ῥωμαίοις
726 1741 1118 1813 πολεμοῦντων
1172 1743 1345 1799 ἐθνῶν
1398 1743 1800 1810 ἐξεπαίδευσεν,

1918 1745 2160 1803 studiose
2187 1746 2256 1804 iis
2285 1748 2341 1801 in
2372 1746 2539 1803 rebus
2566 1755 2823 1805 versatus
2845 1757 2954 1815 est,
2989 1756 3051 1804 ut
3082 1747 3362 1806 Romanos
3398 1751 3503 1805 hac

208 1828 358 1883 οὕτω
380 1846 499 1896 πως
527 1831 806 1903 ἐπιμελῶς
836 1834 1058 1907 περὶτὰ
1078 1834 1309 1891 τοιαῦτα
1336 1836 1699 1907 διακείμενος,
1723 1835 1805 1890 διὸ

1918 1854 1967 1895 re
1994 1853 2223 1895 securos
2275 1838 2508 1906 faceret,
2543 1839 2639 1911 qui
2677 1855 2821 1912 szepe
2856 1849 3017 1896 antea
3048 1839 3370 1897 Sclavorum
3402 1857 3503 1909 po-

214 1922 312 1976 καὶ
375 1923 720 1994 ἀμερίμνους
783 1926 1093 1998 Ῥωμαίους
1137 1929 1203 1983 ἐκ
1250 1929 1353 1999 τῆς
1382 1927 1644 1993 πολλάκις
1696 1928 1807 1983 ἀπὸ

215 2014 480 2070 Σκλάϐων
510 2017 812 2090 γενομένης
840 2018 1138 2092 ἀνταρσίας
1195 2019 1442 2091 ἐποίησε,
1469 2019 1673 2082 πολλάς
1712 2020 1805 2076 ὑπ’

220 2106 453 2162 ἐκείνων
508 2108 763 2180 ὀχλήσεις
791 2110 893 2165 καὶ
920 2110 1195 2184 πολέμους
1227 2113 1341 2176 τοῖς
1370 2111 1537 2171 πάλαι
1588 2112 1806 2184 χρόνοις

213 2198 647 2270 ὑπομείναντας.

288 2313 393 2385 ρβῖ.
415 2310 600 2369 *Ησαν
623 2314 706 2378 δὲ,
729 2314 835 2370 οὐκ
876 2309 973 2369 οίδῗ
997 2314 1147 2379 ὅπως
1170 2317 1370 2384 εἰπεῖν,
1386 2319 1470 2391 τῇ
1524 2316 1805 2392 φιλοξενίᾳ

215 2403 544 2475 κατακόρως
574 2402 834 2476 χρώμενα
857 2404 926 2459 τὰ
955 2405 1217 2461 Σκλάϐων
1256 2406 1430 2477 φῦλα,
1466 2409 1533 2481 ἦν
1563 2410 1687 2464 οὖδέ
1709 2409 1807 2463 νῦν

213 2494 542 2552 καταλιπεῖν
575 2495 925 2562 ἐδικαίωσαν,
967 2497 1084 2551 ἀλλ’
1110 2497 1326 2569 εχουσιν
1351 2500 1574 2570 ὁμοίως.
1637 2552 1643 2560 ,

287 2585 393 2658 ργ’.
426 2586 554 2650 Τοῖς
581 2585 690 2658 γὰρ
716 2587 1155 2658 ἐπιξενουμένοις
1187 2589 1303 2661 (70)
1336 2591 1394 2644 ἐν
1423 2591 1611 2657 αὐτοῖς
1649 2593 1804 2665 ἤπιοι

216 2679 315 2737 καὶ
354 2680 521 2752 πρᾶοι
552 2678 821 2746 ἐγίνοντο,
870 2678 1361 2753 φιλοφρονούμενοί
1410 2701 1471 2738 τε
1519 2684 1660 2740 αὐτὰ
1716 2689 1813 2742 καὶ

216 2769 573 2842 δεξιούμενοι,
604 2769 988 2837 διασώζοντες,
1037 2771 1134 2827 καὶ
1178 2773 1323 2829 κατὰ
1357 2774 1607 2848 διαδοχὴν
1629 2777 1693 2831 ἐκ
1725 2778 1813 2832 τό·

220 2878 326 2916 που
380 2864 459 2928 είς
505 2861 671 2916 τόπον
698 2863 1192 2935 παραπέμποντες,
1218 2865 1314 2919 καὶ⁸
1348 2866 1608 2933 ἀϐλαϐεῖς
1632 2869 1815 2941 διατη-

222 2953 458 3025 ρεῖσθαι,
505 2954 602 3009 καὶ
646 2954 1029 3019 ἀδιαλείπτους
1076 2954 1321 3020 δαπάνας
1376 2958 1627 3030 ἀλλήλοις
1678 2979 1817 3031 παρ-

222 3046 586 3118 εγγυώμενοι.
624 3046 715 3110 Ὠς
758 3046 878 3115 εῐγε
942 3046 1262 3118 διαμέλειαν
1286 3048 1401 3119 (71)
1434 3047 1527 3102 τοῦ
1553 3049 1814 3121 ὑποδεχο-

228 3139 390 3209 μένου
416 3117 669 3210 συμϐαίη
703 3138 799 3193 τὸν
850 3137 1001 3204 ξένον
1042 3117 1358 3210 βλαϐῆναι,
1384 3117 1632 3213 πόλεμον
1665 3117 1809 3196 κατὰ
1841 3117 1886 3176 c

223 3230 434 3283 ἐκείνου
454 3230 483 3283 ὀ
514 3228 704 3284 τοῦτον
741 3228 1128 3302 παραθέμενος
1158 3230 1374 3303 ἐκείνῳ,
1407 3231 1530 3287 ἀντὶ
1572 3232 1810 3298 πίστεως

228 3321 531 3393 σεϐασμίας
560 3322 874 3395 ἡγούμενος
909 3322 1006 3376 τοῦ
1036 3323 1192 3390 ξένου
1214 3322 1315 3395 τὴν
1349 3325 1657 3394 ἐκδίκησιν.

296 3414 393 3487 ρδ’.
437 3416 646 3469 Ἐδόκει
674 3415 732 3468 δέ
759 3415 944 3479 αὐτοῖς
978 3415 1072 3468 καὶ
1112 3416 1305 3487 ἓτερον
1362 3417 1821 3488 συμπαθέστερόν

227 3526 359 3564 ποτε
416 3503 576 3562 εἶναι.
622 3506 762 3571 Τοὺς
822 3505 933 3577 γὰρ
992 3507 1051 3559 ἐν
1083 3506 1432 3578 αίχμαλωσία
1473 3507 1606 3578 παρ’
1640 3508 1823 3563 αὐτῶν

225 3598 673 3672 λαμϐανομένους
720 3599 823 3657 οὐκ
873 3597 1177 3670 ἀορίστως,
1209 3596 1315 3661 ἕως
1374 3597 1459 3652 ἂν.
1495 3595 1818 3667 βούλωνται,

231 3692 368 3763 πρὸς
416 3691 660 3746 δουλείαν
709 3692 988 3760 κατεῖχον,
1045 3689 1185 3744 ἀλλὰ
1212 3688 1415 3761 μᾶλλον
1441 3690 1501 3743 ἐν
1530 3692 1597 3761 τῇ
1625 3689 1823 3764 γνώμῃ

227 3782 339 3835 τῶν
380 3781 747 3853 αἰχμαλώτων
792 3778 1036 3845 ἐποίουν,
1090 3777 1370 3850 ὁρίζοντες
1422 3778 1610 3843 αὐτοῖς
1656 3779 1821 3849 ῥητόν

228 3891 355 3934 τινα
400 3875 498 3945 τῆς
529 3872 775 3938 δουλείας
829 3870 1045 3944 χρόνον,
1091 3872 1181 3925 ἴνα
1212 3870 1354 3941 μετὰ
1376 3869 1567 3925 τοῦτον
1591 3870 1682 3925 τὸν
1711 3873 1825 3943 ὁρι-

233 3967 433 4021 σθέντα
463 3965 681 4038 χρόνον,
712 3964 809 4020 ἐὰν
835 3964 1091 4031 θέλωσιν,
1113 3965 1314 4029 ἐντοῖς
1364 3961 1516 4027 ἰδίοις
1545 3964 1826 4035 ἀναχωρῆ-

231 4076 323 4114 σαι
364 4059 505 4130 μετά
548 4075 694 4123 τινος
738 4057 1049 4130 ὡρισμένου
1084 4055 1302 4130 μισθοῦ,
1330 4056 1365 4127 ἢ
1406 4054 1824 4126 ἐάνβούλωνται

234 4153 368 4223 παρ’
384 4151 571 4215 αὐτοῖς
599 4148 762 4218 είναι,
797 4152 984 4223 μένειν
1017 4149 1342 4223 ἐλευθέρους
1370 4150 1468 4205 καὶ
1502 4149 1712 4219 φίλους.

305 4249 402 4315 ρεν.
434 4242 808 4313 Ἐσωφρόνουν
829 4243 887 4298 δὲ
907 4244 1003 4298 καὶ
1042 4244 1098 4299 αί
1124 4243 1339 4315 θήλειαι
1369 4242 1552 4297 αὐτῶν
1588 4241 1824 4315 μάλιστα

233 4335 531 4408 κραταιῶς,
583 4334 726 4391 ὥστε
779 4335 881 4401 τὰς
937 4336 1146 4400 πολλάς
1199 4335 1382 4391 αὐτῶν
1407 4335 1507 4407 τὴν
1535 4335 1646 4389 τῶν
1677 4334 1824 4389 ίδίων

230 4428 444 4501 ἀνδρῶν
486 4428 748 4499 τελευτὴν
816 4428 956 4484 ἰδίαν
1007 4427 1283 4501 ἡγεῖσθαι,
1346 4428 1445 4482 καὶ
1494 4427 1824 4495 ἀποπνίγειν

230 4521 451 4588 ἑαυτὰς,
512 4521 597 4594 μὴΔ
644 4522 953 4594 δυναμένας
1020 4521 1211 4592 φέρειν
1257 4520 1360 4591 τὴν
1408 4519 1656 4591 ἐγχειρία
1707 4519 1821 4591 (72)

229 4615 399 4687 ζωήν.

306 4713 418 4776 pq’.
470 4708 677 4780 Ἐχρῶν
722 4706 842 4760 τόδε
907 4704 1021 4776 (73)
1053 4701 1266 4774 δαπάνῃ
1294 4702 1535 4775 κέγχρῳ,
1584 4704 1822 4774 μάλιστα

231 4793 451 4860 ἐφίλουν
471 4792 529 4845 δὲ
567 4794 663 4846 καὶ
686 4793 1067 4865 όλιγάρκειαν,
1107 4790 1388 4863 δυσχερῶς
1414 4791 1820 4863 φέροντεςτοὺς

231 4880 427 4945 ἄλλους
449 4881 548 4951 τῆς
578 4884 858 4953 γεωργίας
888 4883 1108 4948 πόνους,
1137 4880 1231 4936 διὰ.
1256 4881 1317 4937 τὸ
1355 4880 1820 4956 ἐλευθεριωτέραν

232 4972 440 5043 μᾶλλον
490 4973 666 5044 φιλεῖν
714 4973 857 5028 αὐτὰ
905 4973 1007 5044 τὴν
1056 4974 1350 5045 διαγωγὴν.
1394 4978 1667 5033 ποιεῖσθαι
1726 4978 1822 5033 καὶ

232 5064 455 5136 ἄπονον,
480 5066 514 5138 ἢ
549 5068 647 5122 σὺν
672 5065 852 5139 πολλῷ
881 5066 1038 5138 κόπῳ
1073 5066 1423 5122 πολυτέλειαν
1455 5066 1763 5139 βρωμάτων
1789 5067 1823 5138 ἢ

233 5159 538 5229 χρημάτων
571 5159 968 5232 ἐπικτήσεσθαι

308 5249 423 5322 ρς’.
458 5252 770 5318 Ὥπλίξοντο
808 5254 866 5308 δέ
918 5271 1049 5308 ποτε
1082 5256 1300 5326 μικροῖς
1329 5253 1625 5320 ἀκοντίοις,
1652 5255 1825 5325 ἧγουν

237 5344 547 5417 ρικταρίοις
597 5346 752 5402 δυσὶν
780 5347 1011 5412 ἕκαστος
1073 5348 1236 5418 ἀνὴρ,
1272 5346 1418 5411 τινές
1449 5347 1507 5400 δὲ
1541 5348 1635 5401 καὶ
1658 5365 1823 5402 σκου-

232 5436 445 5509 ταρίοις
510 5439 769 5508 μεγάλοις
825 5440 1181 5511 ἐπιμήκεσιν,
1231 5435 1346 5494 οἷον
1402 5439 1641 5512 θυρεοῖς,
1705 5439 1828 5495 ἐκέ-

1907 1931 2284 2003 pulationibus
2320 1929 2843 2000 infestabantur,.et
2877 1933 3019 1990 bella
3055 1933 3227 1991 multa
3268 1933 3340 1990 ab
3390 1932 3505 1988 illis

1907 2023 2064 2080 illata
2107 2023 2484 2082 sustinebant.

1984 2310 2107 2369 102;
2141 2309 2312 2367 Erant
2350 2320 2532 2368 autem
2565 2309 2748 2367 Sclavi
2773 2310 2833 2377 ii,
2866 2308 3054 2366 nescio
3079 2306 3375 2380 quomodo,
3399 2306 3503 2362 lio-

1913 2406 2152 2478 spitibus
2207 2403 2462 2472 humani,
2492 2419 2659 2476 quam
2692 2403 3127 2477 hospitalitatem
3162 2400 3346 2458 adhuc
3389 2407 3509 2458 stu-

1912 2499 2067 2556 diose
2098 2498 2365 2555 retinent.

1987 2588 2112 2644 103.
2148 2585 2465 2659 Peregrinis
2521 2586 2671 2643 enim
2729 2585 2954 2657 benigni
2997 2600 3063 2642 ae
3106 2584 3272 2641 mites
3326 2593 3508 2650 erant,

1923 2688 1979 2736 et
2026 2680 2153 2736 illos
2199 2678 2455 2735 lubenter
2495 2692 2561 2733 ac
2614 2677 2931 2733 humaniter
2991 2676 3358 2748 accipiebant,
3393 2684 3449 2732 et
3476 2691 3510 2731 a

1914 2774 2038 2830 loco
2078 2773 2135 2828 in
2185 2771 2370 2827 locum
2429 2768 2667 2826 comiter
2717 2768 3107 2834 deducebant,
3149 2777 3206 2825 et
3247 2768 3317 2823 al)
3359 2767 3511 2824 omni

1924 2877 2065 2919 noxa
2120 2861 2536 2931 ollensioneque
2582 2859 2831 2931 integros
2888 2867 2945 2915 et
3025 2873 3253 2915 securos
3286 2871 3514 2914 conser-

1917 2956 2140 3010 vabant.
2209 2954 2401 3025 Itaque
2457 2953 2504 3010 si
2550 2960 2777 3023 propter
2829 2950 3217 3023 negligentiam
3273 2950 3515 3021 hospitis

1920 3061 1953 3115 p
1974 3044 2247 3115 regrinus
2279 3045 2543 3108 laedatur,
2563 3043 2766 3099 bellum
2792 3042 2981 3097 statim
3014 3051 3206 3097 contra
3242 3056 3367 3096 eum
3393 3057 3514 3097 mo'

1924 3145 2035 3192 vet.
2078 3134 2216 3191 Nam
2251 3136 2373 3190 lidei
2418 3148 2672 3207 magnam
2706 3132 3143 3189 declarationem
3173 3147 3298 3191 esse
3328 3141 3509 3204 putat,

1925 3231 1971 3286 si
2016 3229 2291 3303 peregrini
2332 3229 2511 3287 viceni
2544 3226 2887 3285 ulciscatur-

2001 3407 2123 3461 101.
2165 3404 2327 3460 Aliud
2370 3412 2634 3475 praeterea
2665 3416 2777 3456 non
2816 3400 3183 3456 inhumanum
3216 3399 3324 3454 hoc
3362 3399 3512 3470 apud

1923 3514 2020 3553 eos
2052 3496 2341 3552 videbatur
2393 3509 2539 3550 esse.
2585 3492 2845 3564 Captivos
2903 3490 3049 3547 enim
3107 3504 3240 3546 suos
3287 3504 3397 3544 non
3443 3490 3514 3543 ad

1925 3588 2195 3643 inﬁnitam
2223 3587 2551 3643 servitutem
2594 3584 2938 3657 obligabant,
3002 3581 3099 3639 sed
3148 3589 3209 3636 ut
3266 3580 3515 3651 captivos

1926 3683 2111 3756 potius
2142 3682 2287 3755 apud
2319 3696 2378 3738 se
2414 3679 2750 3744 retinebant,
2776 3685 2833 3735 et
2858 3687 3072 3734 certum
3105 3675 3381 3747 quoddam
3404 3689 3517 3729 ser-

1925 3774 2117 3829 vitutis
2148 3781 2367 3843 tempus
2413 3768 2869 3842 praescribebant,
2903 3774 2963 3822 ut
3004 3774 3126 3836 post
3161 3765 3267 3821 hoc
3296 3772 3515 3834 tempus

1924 3866 2221 3937 expletum,
2261 3870 2421 3920 certa
2442 3860 2679 3933 quadam
2734 3857 2988 3915 mercede
3049 3857 3200 3923 data,
3260 3856 3326 3911 ad
3382 3871 3516 3912 suos

1926 3958 2104 4014 redire
2133 3955 2372 4029 possint,
2416 3953 2502 4010 vel
2557 3953 2604 4008 si
2640 3950 2889 4020 mallent,
2924 3948 3069 4022 apud
3103 3948 3230 4006 illos
3264 3947 3425 4006 liberi
3458 3959 3515 4004 et

1924 4051 2084 4107 amici
2110 4057 2519 4122 permanerent.

1993 4228 2116 4283 105.
2153 4226 2396 4283 Femina:
2448 4224 2667 4281 illorum
2721 4228 2921 4292 praeter.
2965 4226 3196 4275 caeteras
3248 4215 3516 4271 modesta

1929 4321 2204 4379 feruntur.
2230 4320 2415 4381 Multa:
2444 4318 2591 4375 enim
2616 4315 2863 4370 virorum
2890 4325 3117 4367 suorum
3143 4315 3372 4363 mortem
3402 4316 3515 4363 tam

1857 4455 1900 4512 Β
1929 4416 2171 4489 graviter
2214 4413 2521 4479 ferunt,,ac
2569 4409 2617 4465 si
2649 4421 2752 4465 sua
2783 4410 3039 4512 essctzet
3076 4400 3294 4512 seipsas
3337 4398 3516 4456 sull‘o-

1932 4514 2101 4571 cant;
2136 4505 2304 4559 vitam
2334 4504 2483 4558 enim
2543 4502 2766 4555 viduam
2795 4509 2861 4552 ac
2883 4491 3190 4550 solitariam
3230 4489 3372 4546 ferre
3403 4504 3514 4545 non

1931 4610 2185 4673 possunt.

1995 4693 2119 4750 106.
2158 4688 2307 4745 Milio
2354 4687 2422 4743 ad
2466 4692 2836 4743 commeatum
2894 4680 3245 4738 utebantur:
3301 4683 3513 4746 tempe-

1928 4786 2166 4844 rantiam
2198 4785 2255 4839 in
2286 4782 2433 4838 victu
2467 4777 2707 4836 maxime
2734 4776 2926 4834 colunt
2955 4793 2970 4831 :
3002 4773 3249 4844 reliquos
3277 4768 3519 4840 agricul-

1929 4891 2067 4936 tura:
2090 4878 2311 4935 labores
2344 4874 2531 4931 minus
2562 4870 2877 4945 perferunt,
2912 4868 3042 4940 quia
3073 4865 3200 4921 vita:
3240 4862 3518 4919 liberalio-

1930 4986 2045 5029 rem
2100 4968 2313 5025 cultum
2370 4966 2547 5035 magis
2610 4962 2868 5033 diligunt,
2919 4972 3099 5029 neque
3146 4954 3348 5011 adduci
3386 4968 3518 5023 pos-

1932 5072 2081 5130 sunt,
2116 5069 2183 5116 ut
2199 5075 2399 5133 magno
2424 5074 2550 5116 cum
2584 5058 2775 5112 labore
2802 5060 3160 5125 sumptuosas
3190 5046 3384 5119 epulas
3415 5060 3514 5116 pa-

1933 5164 2077 5218 rent,
2111 5162 2277 5224 atque
2320 5167 2418 5208 eas
2468 5156 2661 5221 postea
2709 5153 2907 5204 vorent
2938 5151 3105 5214 atque
3154 5140 3514 5198 exsorbeant.

2006 5248 2128 5304 107.
2165 5247 2463 5300 Armautur
2514 5241 2703 5313 parvis
2744 5237 2983 5295 bastulis
3027 5235 3113 5292 vel
3138 5232 3345 5306 jaculis
3373 5229 3516 5285 duo-

1932 5343 2037 5398 bus
2061 5337 2446 5409 unusquisque
2473 5337 2558 5390 vir
2585 5350 2601 5388 :
2627 5332 2850 5404 quidam
2882 5328 3049 5387 etiam
3071 5327 3245 5385 scutis
3268 5320 3512 5395 magnis,

1933 5451 2075 5509 quos
2131 5434 2354 5504 tliyreos
2385 5439 2606 5487 vocant.
2634 5426 2890 5484 Arcubus
2948 5423 3095 5481 enim
3126 5419 3326 5494 ligneis
3350 5425 3516 5474 utun-

1748 5572 1979 5632 ΝΟΤιΕ.

466 5660 1004 5739 Ἑπιξεγουμέκοις
1026 5664 1402 5739 Scrilieliatur,
1435 5666 1826 5739 ἐπεξιοῦμενοι.

310 5730 424 5801 (71)
460 5732 831 5801 Διαμέλειαν.
867 5735 1081 5807 Scribe,
1115 5737 1183 5791 δι’
1219 5730 1502 5808 ἀμέλειαν.

2016 5666 2129 5733 (Ἱέ)
2172 5663 2486 5733 Ἐγχειρίῃ.
2517 5660 2734 5733 Scribe,
2757 5660 2816 5713 ἐν
2834 5655 3022 5733 κηρία.

2012 5724 2123 5809 (75)
2174 5724 2392 5806 ’Εᾷλῖὠὲ
2418 5724 2571 5788 έόδε.
2600 5731 2810 5797 Scribe,
2835 5724 3080 5799 ’ἐχρῶντο
3118 5724 3195 5779 δέ.
