4036 6218
607 259 714 323 971
1877 271 2152 334 LEONIS
2178 241 2639 338 'PHILOSOPIIE
2839 276 2844 278 ·
3835 273 3964 345 972

613 390 723 439 tur,
758 384 812 431 et
842 375 1073 446 sagittas
1109 376 1313 432 habent
1347 393 1557 435 veneno
1588 380 1851 450 imbutas,
1889 388 2036 455 quod
2073 387 2157 442 eiii

2297 405 2500 459 χρηντο
2563 391 2622 444 δὲ
2673 392 2768 446 καὶ
2818 393 2994 460 τόξοις
3027 394 3280 459 ξυλίνοις,
3317 397 3408 449 καί
3443 397 3735 464 σαγίττας
3775 397 3954 470 εἶχον

607 481 706 519 cax
752 465 1044 520 admodum
1073 475 1197 534 est;
1232 469 1339 522 nisi
1367 469 1537 535 enim,
1572 473 1662 539 qui
1703 472 1915 544 plagam
1951 479 2159 545 accepit

2295 477 2661 549 κεχρισμένας
2687 484 2982 552 φαρμάκῳ,
3013 485 3148 552 ὅπερ
3178 483 3325 538 ἐστὶν
3377 489 3792 558 ἐνεργητικὸν.
3839 493 3949 544 ἐὰν

604 558 688 611 vel
726 557 1026 611 theriacam
1088 559 1260 625 bibat,
1312 563 1396 616 vel
1452 562 1674 633 aliquod
1737 567 1884 621 aliud
1943 571 2163 624 salutart

2295 569 2370 640 μή
2394 573 2421 623 ὁ
2444 571 2622 624 λαϐὼν
2651 574 2748 642 τὴν
2784 574 2996 646 πληγὴν
3024 577 3055 646 ἢ
3082 577 3355 648 θηριακὴν
3381 583 3508 650 ποιῇ
3553 581 3711 648 (τι),
3757 584 3791 651 ἦ
3841 589 3945 636 καὶ

603 647 938 712 praesidium,
976 653 1056 703 vel
1081 650 1265 704 statim
1322 653 1536 722 plagam
1577 671 1794 712 omnem
1829 661 2086 728 praecidat
2118 679 2163 716 ιιι

2290 661 2479 733 ἕτερον
2534 665 2784 736 βοήθημα
2817 668 3256 738 ἀντιφάρμακον,
3289 671 3320 740 ἦ
3355 671 3448 723 καὶ
3482 647 3790 745 *τιαρευθυν
3838 695 3942 729 τεε-

606 740 769 791 Iatius
829 745 1061 807 serpat,
1154 742 1474 798 universum
1545 761 1770 803 necesse
1845 759 1930 804 est
1982 766 2163 822 corpus

2291 754 2490 826 ρικόψῃ
2528 755 2627 826 τὴν
2654 758 2887 829 πληγὴν,
2925 758 3062 830 πρὸς
3083 760 3140 812 τὸ
3177 760 3252 830 μὴ
3291 740 3636 833 διαδραμεῖν.
3679 767 3936 830 Πάντως

602 843 808 898 pereat.
840 821 918 884 Ᾱί]
953 832 1069 887 loca
1102 843 1374 903 praerupta
1435 843 1488 890 et
1524 852 1756 894 accessu
1789 840 2028 898 dillicilia
2059 821 2162 899 con

2288 843 2396 911 γὰρ
2420 844 2484 897 ἂν
2509 846 2604 898 καὶ
2635 845 2696 899 τὸ
2721 847 2840 900 ὅλον
2882 847 3039 917 σῶμα
3083 849 3408 912 ἀπόλλυται,
3447 853 3545 905 καὶ
3581 853 3727 906 ὃάσε
3743 872 3802 907 σι
3875 860 3932 910 δε

603 920 792 992 fugere
819 932 872 977 et
902 924 973 978 ibi
1008 927 1336 980 commorari
1368 929 1628 997 gaudent.

2289 936 2382 989 καὶ
2409 937 2696 1004 δυσϐάτοις
2721 943 2889 994 οἰκεῖν
2925 944 3016 996 καὶ
3050 948 3393 1013 καταφαγεῖν
3441 947 3562 1016 (75)
3616 950 3928 1017 φιλοῦσιν.

671 1019 791 1073 108.
826 1021 1296 1086 Quemadmodum
1353 1025 1406 1079 in
1456 1027 1580 1082 illos
1630 1028 1861 1084 Romani
1904 1033 2163 1090 incursio

2359 1027 2468 1100 ρη’.
2506 1032 2696 1094 Ὅπως
2725 1032 2780 1085 δὲ
2817 1035 2958 1086 κατὰ
2980 1035 3159 1088 αὐτῶν
3189 1037 3480 1092 ἐποιοῦντο
3534 1042 3645 1105 τὰς
3687 1045 3926 1116 ἐπιδρο-

600 1125 700 1164 nes
757 1111 1102 1181 impetusque
1149 1114 1444 1182 faciebant,
1495 1125 1620 1173 ante
1665 1135 1693 1172 a
1745 1121 1903 1176 nobis
1935 1125 2163 1193 explica-

2289 1120 2396 1191 μὰς
2437 1123 2531 1175 καὶ
2585 1123 2807 1193 ἐφόδους
2848 1125 3108 1195 Ῥωμαῖοι
3163 1130 3310 1195 τότε,
3372 1133 3760 1203 διηγησάμην
3814 1111 3920 1202 ἔτμ-

600 1207 716 1253 tum
745 1212 847 1265 est,
874 1201 962 1255 ubi
1005 1203 1071 1257 de
1108 1220 1206 1258 nec
1237 1206 1475 1274 opinatis
1510 1208 1918 1267 incursionibus
1946 1213 2157 1280 egimus

2285 1210 2518 1280 προσθεν
2548 1212 2605 1265 ἐν
2630 1214 2694 1283 τῇ
2724 1215 2851 1284 περὶ
2881 1214 3165 1286 ἀδοκήτων
3202 1218 3407 1286 ἐφόδων
3449 1201 3759 1284 διατάξει,
3829 1225 3916 1275 ἵνα

602 1301 659 1344 ιιι
685 1299 740 1345 tu
772 1293 1090 1362 imperator,
1142 1298 1394 1364 quamvis
1433 1315 1540 1352 non
1601 1301 1652 1354 in
1717 1303 1837 1357 illos
1883 1321 2049 1370 nunc,
2083 1323 2163 1363 set

2284 1302 2378 1354 καὶ
2408 1301 2589 1366 αὐτὸς,
2625 1295 2668 1356 ὦ
2709 1306 3003 1375 στρατηγὲ,
3041 1309 3089 1358 εἰ
3123 1309 3218 1360 καὶ
3257 1308 3330 1379 μὴ
3360 1311 3502 1363 κατὰ
3539 1313 3746 1365 αὐτῶν
3787 1315 3910 1380 νῦν,

599 1383 652 1437 in
683 1384 890 1441 similes
922 1393 1102 1440 tamen
1141 1387 1381 1452 illorum,
1414 1398 1507 1444 aut
1546 1393 1598 1445 in
1624 1393 1761 1449 alios
1801 1394 2067 1452 barbaros
2100 1398 2163 1452 in

2285 1395 2398 1446 ἀλλ’
2426 1395 2458 1466 ἢ
2491 1395 2632 1449 κατὰ
2655 1396 2767 1449 τῶν
2820 1399 3021 1466 ὁμοίων
3052 1400 3254 1466 αὐτῶν,
3280 1401 3311 1471 ἢ
3347 1401 3489 1455 κατὰ
3519 1405 3752 1475 ἐτέρων
3780 1411 3909 1477 βαρ-

599 1477 912 1531 cursionem
969 1476 1175 1534 faciens
1215 1479 1508 1552 [siquidem
1567 1485 1619 1538 id
1667 1487 1798 1542 utile
1843 1489 1941 1542 tibi
1969 1491 2163 1544 videbi-

2285 1483 2467 1555 ϐάρων
2519 1487 2842 1557 ποιούμενος
2897 1489 3197 1559 ἁδοκήτους
3250 1493 3474 1560 ἐφόδους
3503 1535 3515 1555 ,
3601 1496 3738 1562 εἴγε
3804 1500 3905 1568 ἄρα

600 1568 711 1640 tur]
748 1569 950 1624 habeas
1000 1570 1066 1624 ad
1099 1587 1314 1625 onmem
1370 1590 1529 1628 usum
1585 1577 1638 1630 in
1692 1590 1965 1650 promptu,
2018 1587 2163 1652 quasi

2280 1578 2553 1648 χρήσιμόν
2587 1597 2638 1632 τι
2696 1582 2757 1632 ὲκ
2807 1580 2905 1648 τῆς
2952 1581 3341 1646 διατυπώσεως
3385 1585 3612 1656 ἐκείνης
3659 1589 3897 1658 εὑρεθῇ,

596 1661 978 1725 exercitatum,
1013 1660 1158 1731 quod
1193 1663 1334 1717 facto
1367 1682 1506 1735 opus
1545 1669 1672 1723 erit.

2281 1668 2414 1739 ἔχῃς
2438 1671 2532 1722 καί
2559 1669 2716 1722 τοῦτο
2745 1671 2804 1736 ἐξ
2835 1671 3052 1740 ἑτοίμου
3104 1673 3240 1742 πρὸς
3269 1673 3371 1744 τὴν
3425 1675 3668 1730 δέουσαν
3710 1681 3900 1748 χρείας

2280 1760 2355 1822 ὡς
2390 1760 2973 1830 προγεγυμνασμένον.

2357 1847 2456 1918 ρθ’.
2505 1848 2721 1920 Ἐπειδὴ
2769 1849 2825 1902 δὲ
2875 1850 3150 1923 διαφόρων
3222 1853 3457 1908 ἐθνικῶν
3511 1861 3896 1928 παρατάξεὼ

2289 1959 2350 1994 τε
2383 1942 2478 1995 καὶ
2511 1941 2803 1994 διαθέσεων
2842 1942 3347 2014 ἐμνημονεύσαμεν,
3383 1948 3517 2019 φέρε
3557 1949 3775 2004 λοιπὸν
3811 1961 3894 2007 καὶ

2275 2033 2370 2087 τοῦ
2412 2035 2507 2088 νῦν
2561 2033 2903 2103 ἐνοχλοῦντος
2941 2039 3006 2106 τῇ
3049 2037 3338 2107 Ῥωμαϊκῇ
3396 2040 3564 2109 ἡμῶν
3636 2043 3895 2115 πολιτείᾳ

2206 1720 2249 1776 Β

674 1840 800 1896 100.
843 1841 1112 1908 Quoniam
1147 1846 1213 1900 de
1250 1847 1594 1906 diversarum
1637 1856 1877 1922 gentium
1925 1860 2172 1918 moribus

597 1940 762 1998 atque
791 1931 1062 1987 institutis
1093 1934 1255 1988 verba
1290 1937 1544 2003 fecimus,
1580 1941 1724 1996 haud
1773 1945 1870 2000 abs
1918 1961 1974 2001 re
2007 1947 2173 2002 fuerit

596 2021 665 2074 de
694 2019 1007 2089 Saracenis,
1060 2025 1155 2092 qui
1203 2029 1596 2096 rempublicam
1651 2043 1894 2088 nostram
1952 2047 2171 2106 pertur-

594 2109 747 2172 bant,
781 2126 930 2166 nunc
962 2114 1168 2182 aliquid
1196 2130 1648 2188 commemora-re,
1678 2139 1781 2192 qua
1807 2134 2000 2180 natura
2035 2131 2167 2194 sint,

593 2203 796 2272 quibus
829 2207 1000 2263 armis
1051 2209 1103 2262 in
1141 2209 1280 2266 bello
1317 2221 1559 2282 utantur,
1602 2218 1801 2286 quibus
1859 2222 2035 2278 modis
2072 2240 2171 2278 no-

592 2297 692 2350 stri
727 2298 1015 2354 adversum
1046 2316 1142 2355 eos
1169 2299 1418 2358 armandi
1451 2314 1598 2370 sunt,
1626 2313 1678 2362 et
1704 2311 2166 2379 quemadmodum

591 2389 829 2460 impetus
884 2392 936 2446 in
971 2389 1095 2448 illos
1137 2395 1389 2450 faciendi.

667 2583 788 2638 ΗΟ.
823 2583 1080 2638 Saraceni
1108 2583 1312 2640 Arabes
1344 2598 1471 2642 sunt
1507 2605 1726 2659 genere,
1765 2595 1830 2648 ad
1858 2595 2164 2667 ingressum

595 2675 774 2730 felicis
807 2673 1022 2727 Arabiae
1076 2677 1204 2730 olim
1250 2677 1578 2733 habi'antes.
1615 2681 1766 2737 Nunc
1816 2703 1944 2741 vero
1995 2707 2167 2758 genus

592 2782 781 2819 eorum
834 2767 889 2819 in
955 2766 1163 2836 Syriam
1213 2777 1264 2821 et
1311 2767 1655 2825 Palrcstinam
1712 2775 2017 2845 dispersum
2062 2790 2163 2844 est,

594 2855 832 2922 primum
887 2856 1264 2910 commorandi
1299 2873 1488 2920 causa.
1537 2859 1732 2918 deinde
1766 2867 1856 2919 ubi
1895 2872 2166 2938 snpersti-

593 2945 759 2998 tionis
793 2960 904 2999 sua:
930 2952 1120 2998 auctor
1144 2941 1418 3002 Mahumet
1466 2948 1662 3016 fuerat,
1696 2953 1887 3008 horum
1917 2957 2162 3013 lucorum

2277 2126 2462 2189 ἔθνους
2495 2123 2603 2179 τῶν
2634 2125 2966 2196 Σαρακηνῶν
2992 2128 3419 2199 ἐπιμνησθῶμεν
3449 2132 3599 2184 κατὰ
3624 2133 3888 2204 δύναμιν,

2275 2217 2420 2275 ὅπως
2467 2231 2523 2267 τε
2554 2214 2735 2284 έχουσι
2760 2213 2994 2282 φύσεως,
3029 2216 3122 2267 καὶ
3146 2217 3296 2278 ὅπως
3325 2219 3440 2279 τοῖς
3479 2235 3541 2270 τε
3595 2220 3806 2285 ὅπλοις
3841 2227 3886 2274 ἐν

2273 2306 2392 2364 ταῖς
2408 2304 2785 2374 ἒκστρατείαις
2813 2304 3049 2374 χρῶνται
3079 2305 3172 2359 καὶ
3203 2309 3313 2370 τοῖς
3341 2309 3788 2380 ἐπιτηδεύμασι,
3806 2318 3890 2367 au".

2273 2395 2347 2456 ὼς
2369 2393 2434 2446 ἂν
2458 2395 2540 2464 εἴη
2569 2394 2687 2447 δέον
2719 2395 2839 2448 κατ’
2858 2396 3038 2448 αὐτῶν
3068 2397 3484 2461 ἀνθοπλίζεσθαί
3511 2419 3576 2453 τε
3608 2405 3714 2457 καὶ
3745 2407 3886 2458 ἀντι·

2276 2484 2686 2553 στρατεύεσθαι,
2703 2484 2904 2549 καὶτὰς
2918 2485 2981 2539 ἐκ
2996 2487 3199 2540 τούτων
3215 2489 3436 2560 ἐγχειρῇ
3446 2508 3564 2554 σεις
3584 2497 3886 2552 ποιεῖσθαι.

2345 2575 2432 2646 ρι’.
2466 2577 2772 2648 Σαρακηνοί
2838 2580 2936 2649 μὲν
2967 2577 3058 2632 οὖν
3108 2580 3341 2649 ’Ἄραϐές
3403 2585 3508 2635 εἰσι
3564 2585 3633 2637 τὸ
3694 2590 3880 2654 γένος,

2280 2670 2429 2738 παρὰ
2483 2670 2579 2741 τὴν
2631 2671 2834 2725 εἴσοδον
2878 2672 2978 2741 τῆς
3019 2673 3353 2743 Εὐδαίμονος
3419 2677 3699 2747 Ἀραϐίας
3761 2684 3884 2734 ποτὲ

2272 2760 2546 2830 κείμενονο
2581 2763 2659 2833 τῷ
2704 2764 2880 2834 χρόνῳ
2940 2764 2996 2817 δὲ
3058 2765 3151 2818 καὶ
3204 2767 3342 2836 πρὸς
3372 2767 3472 2836 τὴν
3511 2769 3736 2839 Συρίαν
3796 2775 3886 2825 καὶ

2275 2853 2634 2925 Παλαιστίνην
2659 2850 2986 2926 διασπαρὲν,
3049 2858 3240 2928 πρῶτα
3273 2858 3370 2927 μὲν
3419 2854 3888 2930 οἷον’μετοικίας

2280 2946 2478 3015 χάριν,
2535 2947 2758 3019 ὕστερον
2798 2950 2856 3002 δὲ
2904 2951 2993 3002 ὅτε
3046 2949 3142 3018 τῆς
3203 2949 3382 3002 αὐτῶν
3436 2952 3888 3023 δεισιδαιμονίας

591 3033 880 3100 ditionem,
933 3043 986 3090 et
1047 3035 1482 3106 Mesoiiotamim,
1537 3050 1699 3112 atque
1752 3044 1972 3117 [Egypti
2035 3052 2163 3104 reli-

2276 3038 2487 3103 ἐγένετο
2539 3039 2781 3108 ἀρχηγὸς
2821 3040 3139 3109 Μουχάμετ,
3177 3041 3271 3094 καὶ
3314 3034 3501 3105 ὅπλοις
3534 3046 3887 3114 κρατοῦντες

591 3143 976 3196 quorumque,
1044 3142 1106 3181 ac
1161 3129 1513 3185 finitimorum
1581 3134 1822 3188 locorum
1875 3139 2162 3208 imperium

592 3219 761 3273 armis
809 3221 1174 3288 occupabant,
1208 3221 1259 3274 id
1301 3223 1444 3290 quod
1482 3222 1852 3283 Romanorum
1884 3245 2004 3285 cum
2038 3234 2165 3287 l'er-

591 3310 668 3365 sis
700 3311 766 3366 de
799 3295 1010 3380 impérii
1059 3313 1230 3382 gloria
1273 3315 1576 3382 dimicatio,
1623 3319 1839 3375 illorum
1873 3323 2165 3392 capiendo-

593 3419 710 3456 rum
742 3403 1086 3458 occasionem
1123 3404 1313 3463 dabat.

663 3493 786 3547 ill.
817 3493 957 3564 Erga
992 3495 1158 3550 Deum
1195 3499 1345 3567 impii
1383 3507 1508 3553 sunt
1542 3501 1973 3574 :blasphemiazn
2007 3525 2160 3563 Suam

587 3602 689 3656 pro
744 3586 948 3655 picta-te
1010 3589 1237 3642 ducunt.
1282 3591 1560 3645 Christum
1636 3610 1822 3649 verum
1879 3596 2044 3653 Deum
2111 3610 2163 3654 et

592 3679 781 3732 mundi
835 3689 1172 3735 servatorem
1219 3682 1390 3736 Deum
1449 3701 1646 3741 vocare
1702 3705 1808 3743 non
1868 3693 2162 3748 sustinent.

590 3769 780 3825 Omnis
827 3772 954 3823 mali
995 3772 1258 3828 facinoris
1306 3774 1470 3828 Deum
1528 3792 1652 3832 esse
1697 3789 1973 3836 auctorem
2012 3785 2160 3838 arbi-

592 3865 825 3919 trantur,
860 3871 913 3912 et
941 3859 1083 3916 bello
1114 3863 1373 3919 delectari
1421 3866 1609 3923 dicunt
1648 3869 1837 3938 Deum,
1879 3875 1969 3944 qui
1993 3877 2158 3932 dissi-

591 3951 682 4010 pat
720 3953 931 4013 gentes,
977 3965 1098 4016 qum
1138 3949 1275 4003 bella
1306 3952 1532 4008 volunt:
1571 3973 1700 4012 suas
1729 3959 1971 4028 ipsorum
2018 3964 2162 4033 leges

589 4037 935 4092 sanctissime
978 4043 1344 4097 custodiunt:
1395 4061 1615 4101 carnem
1671 4066 1824 4105 suam
1881 4055 2162 4124 pinguefa-

587 4129 759 4192 ciunt,
813 4139 864 4184 ct
926 4133 1168 4188 animum
1225 4138 1610 4194 dehonestant.
1667 4142 1945 4200 Adversus
1997 4147 2162 4218 igitur

587 4221 727 4276 hanc
769 4222 987 4278 illorum
1035 4226 1364 4297 impietatem
1408 4231 1607 4301 pietate
1647 4249 1710 4289 ac
1766 4237 2030 4306 religione
2062 4256 2160 4295 no-

588 4321 701 4366 stra
733 4328 1059 4384 pugnemus,
1102 4327 1156 4372 et
1188 4319 1401 4376 divinas
1430 4324 1809 4397 humanasque
1841 4330 1984 4400 leges
2028 4348 2162 4387 san-

2267 3128 2374 3180 τῶν
2412 3147 2468 3182 τε
2515 3131 2818 3200 εἰρημένων
2850 3129 3148 3200 ἐπαρχιῶν,
3201 3133 3292 3184 καὶ
3346 3131 3409 3202 δὴ
3447 3136 3544 3186 καὶ
3606 3137 3854 3189 Macram

2265 3223 2468 3286 ταμίας
2511 3222 2604 3274 καὶ
2652 3222 2927 3290 Αἰγύπτου
2959 3224 3188 3276 καὶτῶν
3236 3223 3412 3276 ἄλλων
3441 3227 3665 3296 χωρῶν,
3725 3231 3880 3300 ἅπερ

2269 3313 2447 3372 αὐτοῖς
2475 3315 2501 3365 ό
2538 3313 2730 3382 καιρὸς
2760 3313 2860 3384 τῆς
2909 3315 3221 3385 Ῥωμαῖκῆς
3257 3315 3366 3369 ἀπὸ
3401 3318 3624 3387 Περσῶν
3662 3321 3874 3394 χώραν

2267 3403 2430 3456 ἕῖωκε
2493 3409 2806 3474 κατασχεῖν.

2340 3495 2464 3565 ρια’.
2510 3497 2570 3549 Εἰ
2605 3497 2662 3549 δὲ
2707 3499 2801 3550 καὶ
2833 3499 2962 3567 περί
3015 3500 3112 3569 μὲν
3141 3499 3200 3552 τὺ
3240 3499 3395 3552 Θεῖον
3451 3501 3715 3556 δοκοῦσιν
3779 3508 3867 3559 εὖ·

2267 3589 2464 3653 σ;6εἶν,
2521 3588 2873 3659 βλασφημίαν
2905 3591 2961 3644 δὲ
3011 3591 3109 3662 τὴν
3157 3593 3337 3645 αὐτῶν
3371 3594 3641 3648 δοκοῦσαν
3701 3600 3862 3653 εὐσέ-

2265 3677 2413 3730 ϐειαν
2438 3679 2786 3732 ἀποδεικνοῦν
2815 3698 2872 3733 τε
2915 3679 2995 3742 οἷς
3046 3683 3158 3752 (76)
3193 3685 3427 3754 Χριστὸν
3460 3687 3561 3754 μὲν
3591 3688 3684 3740 τὸν
3728 3691 3862 3760 ἀλη-

2265 3768 2409 3821 θινὸν
2441 3769 2573 3822 Θεὸν
2619 3773 2713 3822 καὶ
2749 3771 2843 3824 τοῦ
2874 3771 3076 3841 κόσμου
3106 3775 3329 3845 σωτῆρα
3352 3776 3539 3829 καλεῖν
3570 3776 3710 3831 Θεὸν
3765 3783 3859 3833 οὐκ

2263 3859 2564 3929 ἀνέχονται,
2609 3863 2808 3923 παντὸς
2860 3863 2917 3915 δὲ
2989 3865 3082 3916 καί¹
3121 3867 3294 3918 κακοῦ
3347 3868 3512 3938 ἔργου
3572 3870 3667 3922 τὸν
3726 3871 3856 3924 Θεὸν

2265 3950 2400 4006 εἶναι
2459 3955 2628 4008 αἴτιον
2701 3954 3072 4023 ὑποτίθενται,
3151 3959 3244 4010 καὶ
3305 3959 3566 4030 πολέμοις
3640 3963 3854 4033 χαίρειν

2264 4046 2478 4114 λέγουσι
2527 4046 2616 4098 τὶν
2642 4046 2773 4100 Θεὸν
2804 4047 2896 4101 τὸν
2947 4049 3405 4122 διασκορπίζοντα
3440 4052 3574 4124 ἔθνη
3626 4055 3694 4108 τὰ
3728 4058 3855 4119 τοὺς

2263 4135 2532 4206 πολέμους
2598 4138 2837 4194 θέλοντα.
2902 4142 3010 4195 Καὶ
3060 4143 3189 4206 τους
3250 4143 3486 4209 οἰκείους
3540 4146 3598 4198 δὲ
3653 4148 3853 4217 νόμους

2264 4229 2652 4295 ἀπαραόἀτους
2699 4229 3046 4299 φυλάττουσι,
3105 4233 3204 4306 τὴν
3249 4236 3428 4306 σάρκα
3501 4237 3850 4302 λιπαίνοντες

2267 4320 2362 4371 καὶ
2389 4319 2492 4388 τὴν
2525 4320 2700 4392 ψυχὴν
2749 4324 3124 4392 ἀτιμάζοντες.
3152 4329 3229 4398 Τῇ
3260 4328 3352 4380 οὖν
3387 4329 3609 4403 τοιαύτῃ
3653 4331 3851 4384 δυσσε-

587 4403 832 4461 ctissime
881 4410 1296 4479 custodiamus,
1345 4423 1510 4486 atque
1568 4417 1710 4485 illos,
1747 4422 1790 4476 si
1841 4437 2154 4493 possumus,

2276 4408 2386 4472 Βείξι
2405 4409 2492 4462 διὰ
2514 4410 2610 4480 τῆς
2627 4411 2780 4482 ἡμῶν
2810 4412 3089 4479 εὐσεϐείας
3105 4433 3164 4469 τε
3188 4417 3280 4470 καὶ
3304 4418 3583 4488 ὀρθοδόξου
3611 4422 3851 4484 πίστεως

585 4510 982 4568 expugnemus.

660 4755 779 4810 112.
815 4756 1048 4813 Camelis
1108 4763 1428 4818 sarcinariis
1486 4773 1718 4820 utuntur
1751 4786 1846 4836 pro
1875 4772 2152 4837 curribus,

584 4845 938 4914 etjumentis,
967 4849 1138 4906 asinis
1164 4861 1217 4906 et
1244 4855 1407 4908 mulis
1441 4874 1452 4908 :
1485 4867 1535 4910 ct
1558 4860 1823 4928 cymbalis
1855 4862 1907 4915 in
1930 4863 2156 4920 aciebus

585 4945 834 4999 utuntur.
856 4941 1054 5008 quibus
1086 4955 1256 5012 equos
1291 4960 1420 4999 suos
1443 4948 1814 5005 assuefaeiunt
1846 4968 1858 5002 :
1893 4961 1944 5006 et
1975 4954 2160 5025 hujus-

588 5027 733 5082 modi
772 5031 924 5084 sonis
978 5047 1040 5086 ac
1085 5035 1403 5103 strepitibus
1446 5039 1683 5093 hosﬁum
1720 5058 1942 5098 suorum
1987 5061 2158 5116 equos

586 5117 906 5186 perturbant
966 5121 1102 5174 etin
1141 5122 1319 5191 fugam
1357 5127 1678 5194 conjiciunt.
1706 5129 1808 5185 Sed
1847 5140 1899 5187 et
1926 5138 2160 5191 camelo-

583 5225 703 5263 rum
740 5227 958 5282 quoque
1001 5224 1256 5284 aspectus
1291 5232 1463 5288 equos
1499 5223 1893 5294 perterrefaeit,
1926 5237 1977 5282 et
2016 5230 2156 5285 ulte-

582 5302 699 5356 rius
727 5304 981 5374 progredi
1011 5321 1117 5361 non
1150 5307 1373 5377 patitur.

2263 4500 2706 4570 ἁντιμαχόμενοι,
2756 4504 3008 4568 καὶτοὺς
3063 4507 3374 4572 πολιτικοὺς
3410 4511 3590 4581 πολλῷ
3639 4514 3846 4582 μᾶλλον

2264 4592 2651 4661 ἁπαραϐἆτους
2733 4592 3189 4663 διαφυλάττοντες
3257 4601 3400 4654 κατὰ
3456 4602 3643 4656 αὐτῶν
3695 4607 3848 4659 am.

2262 4681 2702 4752 στρατευώμεθα.

2331 4774 2453 4843 ριβ⁹.
2493 4775 2819 4844 Χρῶνταιδὲ
2865 4779 3130 4850 καμήλοις
3167 4784 3284 4846 ταῖς
3307 4783 3634 4854 ἀχθοφόροις
3666 4788 3845 4840 αὐτῶν

2259 4864 2379 4916 ἀν.τί
2402 4865 2627 4932 ἁμαξῶν
2660 4869 2752 4921 καὶ
2771 4869 3101 4938 ὑποζυγίων,
3133 4871 3274 4936 ὄνοις
3301 4876 3397 4928 καὶ
3427 4878 3678 4946 ἡμιόνοις
3703 4896 3719 4911 ⁸
3751 4883 3844 4934 καὶ

2257 4955 2553 5024 κυμϐάλοις
2584 4959 2638 5012 δὲ
2667 4961 2758 5014 καὶ
2780 4963 3084 5032 τυμπάνοις
3123 4965 3180 5016 ὲν
3215 4969 3336 5029 ταῖς
3355 4969 3755 5039 παρατάξεσιν,
3790 4975 3841 5024 ἐν

2258 5041 2339 5109 οἷς
2363 5049 2486 5111 τοὺς
2513 5051 2743 5114 οἰκείους
2789 5052 2990 5118 ἵππους
3043 5055 3304 5120 ἐθίζουσι,
3357 5059 3446 5112 διὰ
3491 5060 3547 5113 δὲ
3579 5063 3840 5117 τοιούτων

2258 5137 2478 5191 κτύπων
2509 5140 2601 5193 καὶ
2631 5143 2777 5213 ἤχων
2805 5146 2932 5208 τοὺς
2963 5146 3163 5210 ἵππους
3191 5149 3304 5201 τῶν
3329 5151 3840 5222 ἀντιπολεμούντων

2256 5230 2436 5293 αὐτοῖς
2463 5233 2824 5301 ταράσσοντες
2845 5237 3134 5304 τρέπουσιν
3183 5242 3266 5304 εἰς
3301 5243 3500 5312 φυγήν.
3539 5243 3704 5298 Ἀλλὰ
3747 5245 3840 5298 καὶ

2255 5321 2360 5374 τῶν
2417 5325 2677 5394 καμήλων
2734 5327 2767 5396 ἡ
2825 5327 2923 5380 θέα
2977 5331 3178 5399 ὁμοίως
3228 5334 3353 5395 τους
3408 5335 3705 5402 ἀσυνήθεις
3749 5338 3839 5390 ἴπ-

2254 5433 2388 5481 πους
2408 5419 2632 5487 ἐκφοεεῖ
2651 5422 2741 5475 καί
2763 5425 3038 5495 ταράττει,
3063 5427 3157 5481 καὶ
3187 5429 3372 5498 πρόσω
3391 5429 3595 5500 βαίνειν
3621 5434 3723 5487 οὐκ
3754 5435 3835 5506 ἐᾷ.

2067 5503 2302 5560 ΝΟΤΑΞᾎ

800 5583 972 5660 μονῇ.
1008 5585 1214 5660 Scribe.
1252 5589 1368 5660 πίῃ.

658 5652 766 5720 (75)
792 5655 1184 5725 Κίιτιιφογεῖν.
1219 5652 1425 5725 Scribe,
1461 5666 1810 5733 καταφυγεῖν.

2290 5672 2299 5682 ἲ
2335 5602 2444 5674 (7(5)
2479 5606 2905 5666 Ἀποδεικνοῦν
2929 5629 2988 5667 τε
3016 5608 3124 5680 οἷς.
3149 5614 3356 5684 Scribe,
3390 5617 3833 5686 ἀποδείκνυνται,
