4052 6216
522 168 565 182 -ο

326 274 429 337 973

1361 275 1700 339 TACTICA.
1731 300 1803 314 -
1843 277 2352 339 CONSTITUTIO
2379 277 2600 338 XVIII.

3515 282 3623 348 974

401 389 530 457 PtT'.
560 381 670 446 Τὰς
704 378 761 436 δὲ
800 382 1054 448 τοιαύτας
1107 384 1213 439 τῶν
1266 403 1326 440 τε
1377 387 1641 457 καμήλων
1673 387 1770 441 καὶ
1799 387 1908 441 τῶν

2072 379 2208 445 ⁵115.
2289 388 2637 444 Camelorum
2720 386 3227 460 jumentorumque
3301 388 3618 461 huiusmodi

327 476 643 545 ὑποζυγίων
711 475 1024 540 ἀποσκευάς
1092 478 1190 531 καὶ
1236 480 1312 542 είς
1366 479 1606 550 πλήθους
1658 478 1920 543 πολλάκις

329 570 637 639 φαντασίαν
675 569 957 641 χρῶνται,
1012 570 1179 639 μέσον
1220 571 1320 641 μὲν
1373 570 1467 626 τοῦ
1524 571 1923 643 στρατιωτικοῦ

329 664 573 735 πλήθους
609 665 782 726 αὑτὰς
840 661 1234 727 καθιστῶντες,
1285 663 1469 717 πυκνὰ
1525 664 1583 717 δέ
1639 662 1928 734 φλάμουλα

328 756 539 810 ἄνωθεν
587 754 771 808 αὐτῶν
814 754 1148 822 ἐφιστῶντες
1171 793 1189 819 ,
1227 755 1303 818 ὠς
1353 755 1532 809 δοκεῖν
1581 754 1926 824 στρατιωτῶν

329 842 474 901 εἶναι
508 845 714 914 πλῆθος
737 844 832 898 τὸν
865 845 1090 899 ἐκείνων
1113 846 1292 916 ὄχλον.

407 934 526 1005 ριδ¹.
556 935 761 1007 θερμοὶ
797 935 855 989 δέ
884 935 992 989 εισι
1023 935 1122 1002 τὴν
1165 937 1365 1008 κρᾶσιν
1425 936 1652 1006 τοιούτῳ
1690 936 1918 1007 κλίματι

334 1028 527 1099 θερμῷ
565 1025 1309 1098 κατοικοῦντες.Χρῶνταιδὲ
1336 1026 1433 1081 καὶ
1455 1029 1652 1099 πεζικῇ
1700 1027 1931 1098 στρατιᾷ

333 1120 577 1189 Αἰθίοψι,
599 1117 753 1188 φασὶ,
786 1120 1013 1189 γυμνοῖς
1044 1118 1223 1172 ὅπλων
1240 1116 1552 1189 ἔμπροσθεν
1581 1120 1690 1171 τῶν
1720 1116 1930 1172 καϐαλ-

336 1212 544 1281 λαρίων
607 1209 1111 1282 παραταττομένοις
1176 1210 1342 1263 οἱονεὶ
1371 1210 1570 1281 ψιλοῖς.
1624 1211 1765 1277 Τόξα
1820 1213 1931 1285 γὰρ

328 1304 599 1375 ,φέροντες
659 1302 755 1356 καὶ
819 1301 1096 1373 χρώμενοι
1153 1297 1475 1373 δυσάντητοι
1529 1300 1748 1355 δοκοῦσι
1811 1306 1926 1369 τοῖς

338 1392 752 1463 ἐπερχομένοις.

413 1481 533 1553 ριε’.
595 1483 732 1545 Τοὺς
792 1481 849 1536 δὲ
868 1482 1099 1559 επεζοὺς
1136 1481 1318 1536 αὐτῶν
1353 1482 1613 1554 φέρουσιν
1644 1483 1675 1552 ἦ
1717 1485 1804 1553 ἐφ’
1839 1484 1930 1538 ἴπ-

341 1590 459 1629 πων
496 1571 643 1625 ἰδίων
690 1571 1039 1641 ὀχουμένους,
1068 1572 1101 1642 ἢ
1152 1570 1376 1624 ὄπισθεν
1409 1571 1517 1624 τῶν
1550 1571 1934 1641 καϐαλλαρίων

340 1662 705 1735 καθημένους,
737 1663 825 1716 ὅτε
869 1662 1100 1734 πλησίον
1149 1665 1246 1732 τῆς
1279 1662 1457 1716 αὐτῶν
1495 1660 1679 1733 χώρας
1711 1663 1858 1716 ἐστὶν
1897 1665 1930 1734 ή

2030 480 2431 551 apparitionem
2475 494 2638 549 saepe.
2694 486 2755 534 ut
2802 480 2992 536 multa:
3035 488 3091 536 et
3145 484 3398 553 ingentes
3444 485 3618 554 copias

2035 573 2350 636 videantur,
2400 573 2453 627 in
2488 572 2668 628 medio
2705 572 2952 626 exercitu
2999 573 3294 636 collocant.
3330 582 3386 630 et
3425 575 3619 631 crebra

2031 661 2250 718 llarnula
2288 662 2399 718 illis
2451 664 2773 733 imponunt,
2807 674 2891 735 {ut
2928 664 3151 720 illorum
3196 665 3359 721 turba
3418 681 3616 738 magna

2035 752 2332 811 multitudo
2370 755 2653 810 hominum
2686 771 2809 811 esse
2840 756 3113 812 videatur.

2104 931 2224 987 lli.
2261 931 2473 987 Callida
2505 934 2754 1004 corporis
2785 934 3188 990 constitutione
3221 945 3371 1003 sunt,
3411 938 3465 993 in
3504 945 3617 993 tam

2032 1021 2229 1077 callida
2279 1022 2469 1078 mundi
2524 1024 2686 1094 plaga
2747 1025 3033 1096 degentes.
3093 1025 3388 1083 Pcdestres
3431 1028 3620 1097 capias

2037 1116 2231 1172 dicunt
2258 1132 2317 1173 se
2360 1115 2712 1189 :Ethiopibus
2774 1119 3092 1188 sagittariis,
3142 1119 3236 1189 qui
3289 1119 3458 1175 armis
3496 1135 3616 1190 gra-

2034 1209 2203 1265 vibus
2228 1209 2531 1274 nudantur,
2569 1210 2854 1275 roborare,
2883 1219 2936 1265 et
2960 1219 3087 1265 ante
3108 1211 3323 1280 equites
3350 1212 3508 1279 quasi
3538 1211 3620 1267 le-

2036 1317 2130 1355 ves
2161 1302 2458 1356 collocare.
2504 1299 2629 1357 Istis
2684 1301 2792 1365 usi,
2823 1302 3082 1356 videntur
3110 1302 3362 1358 hostibus
3397 1302 3621 1359 inexsu-

2036 1393 2310 1464 perabiles
2342 1409 2488 1450 esse.

2106 1484 2232 1540 115.
2269 1482 2491 1542 Pedites
2542 1487 2627 1541 sui
2685 1486 2845 1556 equis
2889 1485 3182 1548 vehuntur,
3235 1494 3370 1555 post
3404 1485 3621 1555 equites

2038 1577 2231 1633 sedent
2265 1595 2334 1633 ex
2368 1594 2540 1647 equo,
2578 1578 2803 1647 quando
2837 1592 3003 1648 prope
3040 1578 3313 1645 regionem
3342 1592 3494 1632 suam
3526 1592 3620 1630 ex-

2040 1669 2244 1739 peditio
2274 1677 2381 1724 est.
2438 1669 2678 1725 Utuntur
2726 1670 2896 1723 armis
2936 1668 3099 1723 etiam
3142 1668 3619 1737 equitesillorum,

337 1755 668 1828 ἐκστρατεία
697 1755 896 1810 αὐτῶν.
934 1754 1188 1825 Χρῶνται
1223 1755 1280 1809 δὲ
1313 1755 1501 1818 ὅπλοις
1528 1755 1622 1809 καὶ
1650 1755 1700 1806 οί
1731 1754 1936 1809 καϐαλ-

2041 1758 2285 1829 sagittis,
2325 1766 2379 1814 ct
2417 1758 2665 1830 spathis,
2714 1758 2911 1823 hastis,
2962 1758 3159 1824 scutis,
3202 1766 3257 1812 et
3309 1757 3620 1812 securibus.

334 1847 517 1918 λάριοι
544 1845 723 1913 τόξοις
761 1845 854 1899 καὶ
890 1843 1176 1909 σπαθίοις,
1232 1845 1545 1915 κονταρίοις
1581 1845 1676 1899 καὶ
1711 1861 1937 1898 σκουτα-

341 1942 480 2012 ρίοις
537 1939 632 1993 καὶ
686 1936 959 1991 πελέκεσιο
1002 1938 1097 1990 καὶ
1148 1935 1453 1991 πανοπλίαν
1504 1935 1614 2005 γάρ
1649 1935 1929 2006 φοροῦσιν’

339 2028 472 2096 οἷον,
505 2029 737 2101 λωρίκια
774 2027 870 2082 καὶ
910 2026 1183 2091 κλιϐάνια,
1221 2030 1317 2080 καλ⁵
1355 2027 1640 2091 κασσὶδας,
1684 2027 1781 2081 καὶ
1838 2044 1935 2081 πο·

337 2122 588 2193 δόψελλα,
622 2120 717 2175 καὶ
751 2118 1095 2192 χειρόψελλα,
1132 2119 1227 2172 καὶ
1268 2118 1323 2171 εἴ
1338 2136 1389 2172 τι
1419 2119 1607 2190 ἕτερον
1646 2118 1794 2173 κατὰ
1844 2118 1935 2172 τὸν

351 2212 665 2285 Ῥωμαϊκὸν
720 2212 940 2283 τρόπον.
996 2209 1107 2273 Τάς
1158 2209 1214 2264 δὲ
1248 2208 1424 2275 ζώνας
1456 2210 1634 2262 αἰτῶν
1673 2210 1768 2263 καὶ
1803 2211 1934 2274 τοὺς

341 2306 590 2378 χαλινοὺς
645 2304 741 2358 καὶ
784 2302 852 2357 τὰ
884 2300 1091 2356 σπαθία
1125 2301 1351 2373 ἀργύρῳ
1382 2301 1729 2355 ποικίλλουσι
1782 2302 1933 2370 φιλο⁸

341 2416 395 2453 τι
399 2396 663 2469 μὼτερον.

419 2484 552 2558 ρις’.
608 2484 747 2539 υῦτε
781 2484 1183 2550 δὲδιώκοντες,
1240 2482 1363 2537 οὗτε
1395 2482 1717 2552 διωκόμενοι
1747 2481 1938 2558 λύουσι

342 2556 443 2651 τὴν
474 2578 625 2645 τάξιν
666 2576 844 2630 αὐτῶν
872 2592 886 2607 ο
936 2576 1069 2629 εἰδὲ
1103 2574 1286 2644 συμϐῇ
1344 2574 1519 2641 αὐτὴν
1564 2573 1827 2641 λυθῆναι,
1867 2556 1937 2626 δι’

347 2670 554 2726 ἑαυτῶν
582 2668 874 2724 ἁσύστατοι
908 2666 1004 2720 καὶ
1045 2664 1435 2734 άνεπίστροφοι
1478 2663 1753 2715 νινόιιενοι
1787 2661 1936 2732 μόνω

347 2763 423 2834 τῷ
449 2762 687 2831 σωθῆναι
710 2759 1046 2814 ἐλαύνουσιν.

423 2856 545 2927 ριζ⁹.
606 2853 840 2924 Θρασεῖς
907 2851 1003 2921 μὲν
1050 2848 1159 2920 γάρ
1213 2848 1318 2902 εἰσι
1378 2847 1536 2917 νικᾷν
1602 2841 1936 2908 ἐλπίζοντες,

348 2945 511 2999 δειλοὶ
552 2943 608 2997 δέ
651 2942 774 2996 λίαν
829 2939 1153 3001 ἀπειπόντες
1195 2937 1295 3005 τῆς
1319 2936 1497 3006 νίκης·
1540 2935 1617 2999 ὡς
1656 2935 1764 2989 ἀπὸ
1793 2934 1930 2987 Θεοῦ

349 3037 461 3107 γὰρ
485 3035 546 3088 τὸ
599 3035 729 3099 πᾶν,
776 3033 824 3087 εί
869 3032 962 3085 καὶ
994 3030 1163 3085 κακὸν
1203 3028 1314 3096 εἴη,
1376 3028 1627 3097 λέγοντες
1676 3024 1838 3090 εἶναι,
1888 3027 1937 3079 εί

353 3126 536 3197 συμϐῇ
597 3124 793 3187 αὐτοὺς
845 3122 1084 3176 ἐναντίον
1137 3138 1188 3174 τι
1230 3119 1456 3182 παθεῖν,
1508 3119 1582 3182 ὡς
1644 3119 1752 3172 ἀπὸ
1795 3114 1931 3169 Θεοῦ

350 3217 666 3289 ὁριζομένου
731 3216 832 3270 οὐκ
880 3214 1332 3278 ἀντιπίπτουσιν,
1369 3210 1505 3265 ἀλλὰ
1557 3212 1623 3281 τῇ
1663 3207 1935 3281 προσϐολῇ

355 3310 647 3379 σφαλέντες
685 3306 891 3379 χαλῶσι
938 3306 1028 3359 τὸν
1048 3304 1221 3357 τόνον.
1278 3302 1541 3373 Ὑπνηλοὶ
1578 3301 1635 3354 δέ
1666 3303 1807 3364 είσι,
1844 3303 1939 3352 καὶ

351 3403 437 3456 διὰ
468 3400 625 3455 τοῦτο
652 3399 755 3461 τὰς
800 3395 1167 3467 νυκτομαχίαις
1226 3393 1592 3464 φοϐούμενοι,
1636 3393 1729 3446 καὶ
1770 3392 1839 3444 τὰ
1882 3393 1938 3445 ἐν

357 3495 549 3556 αὐταῖς
611 3490 1040 3562 ἐπιτηδεύματα,
1098 3488 1337 3556 μάλιστα
1384 3486 1511 3540 ὅταν
1570 3487 1628 3538 ἐν
1681 3483 1939 3554 ἀλλοτρίᾳ

352 3584 560 3640 ἑαυτῶν
593 3585 664 3656 γῇ
713 3580 1114 3653 κατατρέχωσι·
1162 3578 1351 3649 διόπερ
1388 3577 1420 3647 ἦ
1452 3579 1532 3640 είς
1576 3576 1807 3647 ὀχυροὺς
1851 3574 1941 3627 τός

355 3696 493 3741 πους
533 3674 899 3747 ἀναχωροῦσι,
936 3673 1096 3727 κάκεῖ
1137 3673 1233 3741 τῆς
1267 3670 1460 3734 νυκτὸς
1501 3668 1782 3724 ποιοῦνται
1833 3669 1931 3737 τὴν

355 3762 623 3835 φυλακὴν,
650 3764 687 3834 ἢ
716 3760 1176 3833 περιφράττουσιν
1203 3758 1459 3828 ἀσφαλῶς
1484 3758 1546 3811 τὸ
1568 3757 1938 3830 στρατόπεδον

358 3857 556 3921 αὐτῶν,
580 3855 717 3910 ὥστε
745 3856 819 3926 μὴ
840 3851 1288 3908 ἐπιϐουλεύεσθαι
1313 3855 1431 3916 ταῖς
1462 3854 1806 3923 νυκτεριναῖς
1830 3851 1939 3906 τῶν

360 3948 615 4003 ἐναντίων
650 3946 1000 4019 προσϐολαῖς.

434 4038 562 4110 ριη’.
597 4040 951 4110 Τετράγωνον
1002 4037 1059 4091 δὲ
1112 4038 1206 4092 καὶ
1236 4037 1484 4107 ἐπιμήκη
1521 4034 1799 4088 ποιοῦνται
1836 4035 1937 4107 τὴν

362 4132 568 4185 οἰκείαν
623 4130 951 4201 παράταξιν,
980 4129 1413 4201 ἀσφαλεστέραν,
1461 4130 1555 4181 καὶ
1611 4127 1815 4199 ῥαδίως
1846 4128 1941 4182 λυ-

365 4224 517 4291 θῆναι
550 4223 624 4290 μὴ
651 4222 951 4294 δυναμένην
974 4225 1031 4277 ἐν
1053 4225 1169 4287 ταῖς
1191 4222 1300 4276 τῶν
1322 4221 1942 4292 ἀντιπαραταττομὲνων

365 4311 708 4382 προσϐολαῖς.

2038 1850 2391 1906 Armaturam
2454 1858 2675 1921 gestant
2728 1850 2936 1921 galeas,
2999 1850 3276 1912 thoraces,
3351 1848 3620 1911 cassides.

2036 1958 2231 1998 ocreas
2269 1957 2472 2005 mneas,
2508 1942 2837 2006 brat-.bialia,
2879 1949 2933 1997 ct
2969 1941 3012 1997 si
3040 1956 3161 2011 quae
3185 1940 3291 1993 alia
3327 1938 3393 1993 ad
3420 1937 3624 1993 Roma-

2037 2049 2235 2088 norum
2290 2031 2524 2088 formam
2568 2046 2719 2087 arma
2748 2040 2896 2087 sunt.
2955 2031 3176 2097 Zonas,
3233 2039 3286 2084 et
3335 2028 3519 2093 frena,
3566 2035 3624 2083 et

2039 2123 2250 2195 gladios
2278 2165 2294 2189 ,
2343 2124 2671 2195 reliquaque
2721 2121 3035 2194 huiusmodi
3080 2129 3311 2194 argento
3353 2129 3624 2176 exornant

2039 2215 2407 2272 ambitiosius.
3498 2212 3505 2216 ’

2112 2496 2233 2550 HG.
2257 2494 2444 2564 Neque
2467 2509 2590 2550 eum
2612 2492 3184 2564 persequunturalios,
3205 2507 3380 2563 neque
3405 2507 3529 2548 cum
3550 2493 3620 2549 ab

2039 2588 2163 2643 aliis
2190 2586 2559 2657 exagitantur,
2594 2585 2767 2641 aciem
2791 2584 3137 2651 dissolvunt;
3171 2601 3293 2655 quae
3335 2585 3382 2641 si
3421 2585 3626 2641 dissolo

2038 2687 2200 2730 vatur
2230 2668 2545 2746 aliquando,
2573 2675 2800 2729 minime
2828 2674 2895 2728 ad
2929 2675 3159 2730 formam
3192 2690 3348 2730 suam
3374 2673 3624 2731 revocari

2039 2766 2198 2821 facile
2221 2774 2473 2837 possunt,
2500 2766 2594 2821 sed
2617 2766 2793 2821 solum
2819 2765 2887 2821 de
2914 2765 3091 2821 Salute
3116 2766 3394 2822 laborant.

2111 2859 2233 2913 H7.
2276 2859 2530 2914 Audaces
2564 2866 2716 2923 sunt,
2777 2858 2823 2913 si
2878 2858 3161 2913 victoriam
3217 2865 3439 2927 sperent
3478 2874 3494 2912 :
3539 2858 3624 2911 sin

2039 2952 2329 3023 desperent
2385 2952 2453 3007 de
2518 2951 2769 3012 victoria,
2823 2949 2999 3004 timidi
3038 2949 3193 3004 valde
3238 2959 3388 3005 sunt.
3430 2949 3625 3005 Omnia

2043 3043 2210 3104 enim,
2243 3042 2406 3096 etiam
2455 3053 2797 3108 quiecunque
2828 3037 2970 3091 mala
3016 3045 3167 3101 sunt,
3204 3052 3236 3093 a
3272 3037 3381 3093 Deo
3417 3054 3619 3109 prove-

2045 3134 2162 3186 nire
2199 3138 2477 3186 asserunt.
2519 3129 2675 3196 Quod
2731 3131 2775 3184 si
2818 3144 2925 3197 qua
2974 3129 3205 3184 adversa
3251 3129 3472 3184 fortuna
3532 3114 3626 3187 ve-

2046 3232 2268 3287 xentur,
2307 3224 2464 3293 quasi
2511 3238 2538 3276 a
2585 3222 2694 3278 Deo
2733 3222 2983 3276 immissa
3014 3237 3124 3275 non
3168 3228 3501 3291 repugnant,
3529 3223 3625 3277 sed

2040 3315 2466 3371 Conﬂictationis
2488 3314 2845 3371 oll'ensioncm
2870 3313 3226 3383 accipientes,
3246 3327 3464 3368 omnem
3493 3328 3627 3369 cono

2041 3409 2340 3465 tentioncm
2396 3407 2574 3479 prmlii
2620 3407 2929 3463 remittunt.
2987 3405 3331 3461 Somnolenti
3380 3414 3530 3471 sunt,
3563 3421 3627 3461 ac

2041 3509 2329 3572 propterea
2378 3509 2648 3557 nocturna
2703 3500 2917 3568 fprmlia
2972 3497 3407 3570 pertimescunt,
3462 3498 3628 3567 idque

2040 3590 2385 3661 potissimum
2411 3591 2634 3661 quando
2669 3590 2903 3645 alienam
2937 3599 3140 3643 terram
3174 3588 3487 3643 incursant.
3517 3591 3620 3642 lta-

2043 3699 2151 3753 que
2215 3683 2299 3737 vel
2362 3683 2427 3737 ad
2475 3683 2680 3737 munita
2744 3683 2861 3736 loca
2914 3680 3225 3745 discedunt,
3268 3680 3453 3749 ibique
3512 3687 3626 3735 tota

2042 3780 2204 3825 nocte
2244 3771 2553 3825 custodiam
2607 3769 2840 3834 habent,
2876 3769 2959 3823 vel
2995 3777 3174 3824 castra
3225 3782 3324 3822 sua
3354 3775 3464 3821 tam
3491 3767 3623 3821 dili-

2042 3867 2232 3930 genter
2264 3859 2541 3925 muuiunt,
2570 3869 2627 3913 ut
2658 3859 2945 3914 nocturnis
2996 3858 3240 3912 hostium
3297 3856 3626 3927 irruptioui-
3660 3847 3671 3857 ’

2046 3951 2150 4006 bus
2182 3967 2288 4006 non
2325 3952 2735 4020 perturbentur.

2118 4042 2239 4097 118.
2310 4041 2647 4108 Quadralam
2699 4048 2753 4096 et
2808 4041 3101 4111 oblongam
3164 4041 3338 4096 aciem
3414 4055 3630 4110 semper

2044 4134 2346 4199 instruunt,
2379 4148 2501 4204 quae
2547 4134 2822 4188 tutissima
2854 4145 2938 4189 est
2995 4142 3047 4187 et
3098 4133 3163 4188 ad
3202 4131 3631 4204 Oppuguandum

2043 4224 2359 4280 difﬁcillima
2384 4224 2439 4279 in
2471 4224 2713 4278 hostium
2748 4223 3176 4294 irruptiouibus.

437 4403 558 4475 ptO'.
592 4403 778 4475 Ταύτῃ
804 4403 859 4456 δέ
886 4404 1121 4473 χρῶνται
1159 4402 1253 4458 καὶ
1287 4403 1345 4455 ἐν
1387 4405 1505 4466 ταῖς
1537 4402 1815 4474 πορείαις,
1846 4401 1936 4455 καὶ

2107 4406 2227 4461 Π9.
2269 4403 2382 4459 "ac
2410 4404 2584 4460 forma
2619 4411 2849 4459 utuntur
2876 4413 2990 4457 tum
3025 4404 3078 4458 in
3111 4403 3310 4459 itinere
3351 4405 3626 4471 faciendo,

361 4495 420 4547 ἐν
460 4497 581 4556 ταῖς
629 4494 918 4548 συστάσεσι
945 4496 1044 4565 τῆς
1090 4494 1407 4564 μάχης·ὠς
1459 4496 1553 4547 ἐπὶ
1601 4494 1661 4548 τὸ
1708 4494 1840 4548 πολὺ
1885 4493 1942 4546 δέ

376 4586 679 4657 Ῥωμαίους
699 4584 1011 4657 μιμοῦνται,
1047 4585 1295 4640 καὶκατὰ
1322 4588 1389 4640 τά
1408 4585 1544 4640 ἄλλα
1566 4588 1666 4656 σχή
1676 4585 1944 4655 ματαςτῶν

362 4678 723 4746 παρατάξεων
756 4680 821 4748 τῇ
859 4676 1026 4748 πείρᾳ
1045 4677 1152 4731 τῶν
1180 4676 1495 4748 προσϐολιῖΝ
1549 4672 1662 4729 οἷον
1712 4677 1941 4744 ἐγγεγυ-

368 4768 667 4837 μνασμένοι
680 4808 705 4835 ,
750 4768 844 4821 καὶ
872 4765 933 4832 ἐξ
955 4761 1029 4821 ὧν
1061 4765 1260 4822 ἔπαθον
1292 4766 1443 4838 παρὰ
1484 4766 1770 4838 Ῥωμαίων
1812 4766 1945 4838 δρᾷν

364 4856 483 4910 κατ’
518 4858 698 4910 αὐτῶν
728 4856 1161 4927 ἐπιτηδεύοντες.

438 4947 541 5017 ρκ’.
609 4947 696 5000 Ἐν
741 4948 798 5001 δὲ
854 4952 972 5010 ταῖς
1024 4948 1401 5019 παρατάξεσιν
1428 4948 1608 5003 αὐτῶν
1644 4947 1944 5018 εὐμήχανοι

370 5040 461 5091 καὶ
486 5037 753 5109 σταθεροὶ,
785 5039 918 5109 μηδὲ
951 5038 1039 5093 διὰ
1076 5039 1240 5109 τάχος
1272 5038 1579 5108 προσϐολῆς
1626 5037 1946 5107 πτοούμενοι

366 5129 492 5193 τοὺς
521 5129 947 5200 ἐπερχομένους,
974 5131 1113 5201 μήτε
1157 5129 1245 5182 διὰ
1276 5127 1652 5198 προσποιητὴν
1681 5126 1946 5196 ἀναϐολὴν

367 5219 709 5291 ἐκλυόμενοι.

439 5317 579 5377 ρκα’.
614 5310 985 5381 Προσμένουσι
1012 5312 1067 5364 δὲ
1110 5316 1174 5382 τῇ
1208 5312 1511 5381 παρατάξει
1548 5310 1804 5379 φέροντες
1855 5310 1949 5362 καὶ

366 5399 462 5463 τας
490 5398 649 5468 βολάς
698 5400 1073 5471 μακροθύμως
1110 5402 1247 5472 πρὸς
1288 5403 1415 5465 τοὺς
1477 5400 1724 5471 θρασέως
1765 5401 1948 5463 αὐτοῖς

371 5493 789 5560 ἐπερχομένους,
822 5511 917 5547 και
964 5496 1099 5548 ὅταν
1131 5494 1220 5547 τὸν
1249 5494 1400 5547 τόνον
1443 5494 1755 5563 χαλάσαντα
1800 5491 1948 5545 ἴδωσι

371 5580 476 5630 vim
504 5582 928 5653 ἀντιπολεμίων,
976 5586 1093 5638 τότε
1130 5584 1513 5648 διαναστάντες
1564 5583 1796 5645 εὐτόνως
1844 5582 1947 5653 μά-

370 5690 489 5740 χνιντ
498 5691 547 5726 1'.
557 5712 573 5726 υ

2048 4493 2243 4548 tumin
2283 4493 2536 4548 manibus
2582 4491 2974 4553 conserendis,
3006 4500 3061 4545 et
3114 4506 3311 4562 magna
3362 4507 3427 4546 ex
3475 4504 3629 4564 parte

2044 4582 2324 4638 Romanos
2349 4582 2657 4646 imitantur,
2700 4592 2811 4637 tum
2844 4583 2898 4636 iu
2923 4584 3153 4638 aliarum
3185 4598 3370 4638 rerum
3403 4583 3630 4639 bellica-

2045 4691 2167 4731 rum
2206 4673 2395 4729 formls
2428 4691 2442 4727 :
2478 4686 2532 4729 et
2572 4675 2910 4744 experientia
2953 4675 3275 4745 proeliorum
3319 4677 3627 4744 exercitati,

2047 4768 2240 4823 iisdem
2284 4767 2466 4822 modis
2502 4783 2610 4822 nos
2649 4768 2935 4834 invadunt,
2965 4770 3169 4839 quibus
3202 4782 3231 4821 a
3266 4769 3427 4823 nobis
3468 4778 3629 4824 antea

2047 4857 2501 4929 proﬂigahantur.

2122 4951 2246 5007 120.
2297 4951 2354 5006 ln
2415 4952 2642 5007 aciebus
2700 4956 2820 5007 suis
2875 4952 3014 5005 firmi
3073 4952 3408 5020 staliilesque
3465 4950 3631 5006 facile

2047 5046 2382 5105 consistunt.
2416 5060 2590 5114 neque
2635 5058 2758 5097 enim
2796 5044 3077 5098 celeritate
3121 5044 3307 5099 hostes
3337 5044 3627 5109 invadunt,

2050 5150 2228 5205 neque
2272 5135 2430 5190 facile
2483 5135 2549 5189 ad
2605 5133 2988 5203 deponendum
3031 5136 3285 5204 prmlium
3327 5135 3441 5205 jam
3478 5137 3628 5192 incc-

2052 5237 2201 5297 ptum
2231 5226 2646 5296 pertrahuntur.

2122 5317 2245 5370 121.
2297 5317 2622 5372 Consistunt
2670 5316 2726 5370 in
2778 5318 2917 5382 acie,
2949 5327 3001 5371 et
3027 5318 3311 5389 perferunt
3359 5318 3622 5388 impetum

2052 5409 2294 5472 illorum,
2322 5408 2413 5479 qui
2470 5408 2525 5462 in
2570 5408 2694 5463 illos
2746 5410 2947 5465 acriter
2977 5410 3264 5477 invadunt,
3300 5409 3623 5466 moderate:

2055 5501 2147 5556 ubi
2188 5516 2316 5555 vero
2367 5500 2787 5571 relanguescere
2830 5500 3093 5572 impetum
3134 5502 3375 5557 hostium
3419 5499 3624 5567 vident,
3656 5556 3677 5571 ν

2056 5600 2171 5645 ιιιιιι
2224 5592 2446 5647 excitati
2478 5590 2829 5648 vehementer
2881 5607 2944 5647 ac
2996 5598 3221 5649 strenue
3271 5590 3620 5661 proeliantur.
