4052 6216
452 4966 455 4973 ν

460 272 571 338 975

461 470 519 525 in
575 469 752 525 navali
792 468 1001 524 faciunt
1042 483 1055 519 :
1102 477 1157 521 et
1189 475 1480 536 postquam
1536 465 1787 521 feriendo
1835 474 1888 520 et
1942 465 2048 520 tela

461 559 809 629 conjiciendo
836 559 1023 612 hostes
1062 557 1314 612 exsatiati
1350 566 1500 614 sunt.
1531 557 1708 612 scutis
1751 557 1915 613 simul
1948 556 2046 610 ad-

463 651 712 705 densatis
760 665 822 704 ea
856 650 1040 703 omnia
1083 664 1207 702 cum
1252 649 1548 710 sustinent,
1596 648 1779 702 statim
1813 648 2048 704 conferti

464 758 523 796 se
571 740 856 810 colligunt,
891 750 945 795 et
990 755 1185 795 manus
1214 756 1509 797 conserere
1560 741 1840 811 incipiunt
1875 761 1889 796 :
1924 756 2049 795 cum

469 834 672 898 quibus
707 832 1007 902 prudenter
1054 847 1274 903 semper
1319 847 1384 886 ac
1436 833 1841 903 circumspecte
1884 832 2051 887 dimi-

466 926 710 981 candum
736 934 843 980 est.

529 1037 656 1092 125.
687 1036 959 1093 Cautione
1012 1046 1066 1093 et
1131 1039 1529 1095 constitutione
1574 1040 1809 1109 quadam
1867 1054 2052 1093 rerum

466 1129 791 1184 bellicarum
826 1131 984 1199 longe
1042 1131 1269 1185 meliore
1336 1145 1401 1186 ac
1469 1130 1790 1200 probatiore
1839 1131 2055 1185 caeteris

467 1221 793 1277 nationibus
847 1230 1124 1288 utuntur,
1177 1224 1641 1293 quemadmodum
1693 1240 1720 1278 a
1781 1223 2055 1294 prml‘eetis

469 1311 681 1367 nostris
730 1311 797 1367 ad
837 1311 960 1367 illos
1000 1328 1145 1382 saepe
1195 1313 1590 1370 accedentibus
1628 1315 2058 1385 universumque

473 1419 655 1458 rerum
701 1413 903 1460 statum
948 1406 1343 1476 indagantibus
1417 1409 1775 1478 cognovimus
1804 1447 1820 1471 ,
1874 1416 1928 1463 et
1990 1423 2056 1464 ex

471 1493 706 1548 aliorum
737 1496 1147 1552 narrationibus
1188 1497 1258 1551 ad
1297 1512 1398 1552 nos
1430 1499 1624 1553 delatis
1651 1499 1981 1564 audivimus,
2005 1506 2060 1555 et

472 1601 498 1635 a
531 1594 727 1641 nostro
763 1586 1111 1657 pientissimo
1142 1596 1319 1658 patre,
1362 1589 1455 1658 qui
1496 1605 1741 1661 persmpe
1764 1590 2059 1645 adversum

476 1674 603 1731 illos
637 1675 888 1741 bellavit,
932 1678 1271 1747 accepimus.

546 1787 672 1842 124.
702 1786 899 1857 Frigus
935 1787 1087 1849 illos,
1125 1796 1178 1842 et
1209 1789 1410 1855 hiems,
1447 1800 1501 1846 et
1535 1791 1699 1862 largae
1741 1792 1939 1863 pluviae
1966 1806 2062 1847 ve-

475 1886 611 1934 xant
648 1896 664 1934 :
699 1880 884 1950 itaque
925 1881 994 1934 iis
1021 1881 1365 1952 temporibus
1412 1883 1598 1953 potius
1646 1900 1811 1954 quam
1847 1885 2062 1941 serenis

478 1971 763 2028 adoriendi
814 1982 965 2037 sunt,
996 1974 1127 2044 quia
1184 1989 1347 2031 arcus
1399 1976 1619 2031 illorum
1670 1986 1895 2047 propter
1926 1978 2058 2033 caeli

476 2065 860 2120 humiditatem
914 2065 1156 2136 languidi
1201 2075 1351 2135 sunt,
1399 2078 1453 2125 et
1500 2072 1827 2126 universum
1859 2085 2065 2141 corpus

478 2156 637 2223 quasi
663 2156 902 2212 cll‘mtum
951 2157 1297 2214 debilitatur.
1350 2160 1630 2230 Ejusmodi
1676 2162 1823 2217 enim
1855 2171 2068 2233 tempo-

478 2248 634 2303 ribus
664 2262 694 2302 a
717 2247 986 2305 Romanis
1035 2252 1177 2321 capti
1221 2253 1638 2310 incursionibus
1674 2262 1727 2310 et
1755 2255 2069 2326 populatio-

478 2340 665 2407 nibus,
694 2350 859 2412 atque
888 2343 1158 2400 interfecti
1184 2353 1336 2401 sunt.

552 2595 678 2652 125.
710 2596 935 2652 Serenis
965 2598 1130 2667 igitur
1164 2600 1634 2673 calidioribusque
1692 2604 1821 2660 anni
1859 2615 2072 2677 tempo-

481 2687 641 2743 ribus
666 2688 928 2744 oblectati
970 2690 1024 2741 in
1055 2707 1223 2745 unum
1258 2694 1616 2759 conveniunt,
1651 2710 1716 2749 ac
1740 2706 1932 2754 (estate
1970 2715 2072 2769 po-

481 2777 784 2841 tissimum,
812 2786 866 2832 et
894 2779 945 2832 in
975 2778 1153 2834 Tarso
1174 2780 1381 2836 Ciliciae
1407 2782 1629 2839 civitate
1652 2800 1775 2840 cum
1802 2788 2073 2860 indigenis

482 2882 675 2937 pacem
709 2867 919 2923 faciunt
973 2889 986 2924 :
1036 2871 1267 2941 reliquis
1314 2875 1655 2943 temporibus
1694 2893 1757 2931 ex
1791 2877 1985 2946 Tarso,
2021 2889 2074 2936 ct

482 2958 718 3023 Adanis,
753 2970 808 3013 et
836 2960 958 3016 aliis
987 2963 1199 3022 Cilicia:
1235 2965 1557 3023 civitatibus
1584 2967 1636 3024 in
1676 2967 1958 3028 Romanos
1990 2972 2074 3029 in-

484 3050 775 3107 cursiones
806 3051 1039 3109 faciunt.

557 3239 685 3295 126.
723 3239 864 3296 Tum
899 3244 1066 3314 igitur
1088 3245 1375 3303 adoriendi
1405 3256 1537 3304 sunt
1579 3249 1868 3319 hiemeque
1902 3252 2074 3320 potis-

485 3331 710 3398 simum,
740 3334 962 3402 quando
999 3336 1065 3390 ad
1095 3339 1332 3407 praedam
1358 3350 1579 3396 exeunt.
1605 3341 1721 3396 Hoc
1746 3343 1858 3407 lict,
1900 3343 1945 3397 si
1976 3358 2073 3397 co-

482 3424 588 3492 pia;
624 3432 829 3481 nostrae
861 3429 1082 3483 occulto
1117 3431 1303 3501 aliquo
1334 3432 1532 3488 inloco
1559 3449 1727 3506 prope
1754 3435 1893 3489 clam
1937 3450 2076 3503 per-

480 3528 767 3584 maneant,
803 3528 858 3574 et
886 3534 1167 3591 egressum
1198 3523 1265 3577 ad
1294 3524 1683 3595 prmdationcm
1722 3526 2068 3582 animadver-

486 3618 605 3664 tant
633 3624 647 3661 :
676 3610 758 3667 sic
791 3612 935 3667 enim
964 3615 1256 3671 vastabunt
1294 3631 1407 3679 eos,
1435 3617 1519 3672 vel
1543 3619 1704 3672 etiam
1732 3633 1929 3687 magno
1948 3634 2074 3673 emn

484 3717 739 3767 numero,
775 3712 828 3758 et
861 3706 1059 3761 bellico
1094 3717 1361 3779 apparatu
1397 3709 1678 3776 instructi,
1713 3711 1840 3767 illos
1870 3714 2070 3769 iterum

492 3795 892 3850 convenientes
923 3798 1264 3853 adoriantur.

562 3976 687 4032 127.
721 3979 1093 4035 Periculosum
1135 3983 1280 4039 enim
1306 3993 1412 4048 est,
1443 3987 1914 4056 quemadmodum
1948 3998 2076 4043 ante

485 4085 516 4125 a
550 4086 636 4125 me
660 4080 1148 4127 commemoratum
1181 4085 1289 4140 est,
1318 4076 1539 4145 publico
1590 4076 1644 4131 in
1691 4078 1886 4145 prmlio
1928 4080 2073 4148 peri-

484 4162 687 4227 clitari,
727 4178 1043 4231 quanquam
1072 4167 1366 4221 admodum
1396 4168 1687 4224 videantur
1725 4169 1914 4227 hostes
1945 4187 2076 4227 suos

486 4255 796 4323 superaturi
829 4273 841 4309 :
875 4254 1106 4311 fortuna:
1130 4259 1277 4312 enim
1314 4260 1493 4315 exitus
1522 4260 1789 4316 incertus.

558 4366 682 4422 128.
710 4367 1057 4424 Conveniunt
1088 4372 1155 4425 ad
1189 4372 1387 4428 bellum
1424 4389 1530 4428 non
1559 4375 1832 4440 arcessiti,
1867 4386 1961 4430 aut
1989 4376 2077 4430 de-

1738 264 2018 326 LEONIS
2045 262 2512 326 PHILOSOPHI

532 379 658 433 122.
690 376 805 433 [Ioc
833 393 942 433 non
972 376 1135 433 modo
1159 378 1213 432 in
1237 375 1475 447 pedestri
1507 374 1726 447 proelio,
1756 376 1850 430 sed
1883 376 2044 430 etiam
2076 384 2125 443 Α

3638 254 3763 319 976

2224 374 2360 445 ρκβ’.
2398 372 2570 426 Τοῦτο
2608 369 2668 424 δὲ
2716 367 2928 423 ποιοῦσι
2976 365 3045 421 οὐ
3074 364 3234 437 μόνον
3282 365 3341 419 ἐν
3396 362 3752 435 πεζομαχίᾳ,

2154 467 2289 521 ἀλλὰ
2317 467 2409 519 καὶ
2441 465 2500 517 ἐν
2522 465 2647 526 ταῖς
2677 461 2820 515 κατὰ
2853 459 3131 513 θάλασσαν
3168 459 3371 529 μάχαις
3395 497 3410 521 ,
3459 459 3525 510 ἐκ
3570 455 3767 527 χειρὸς

2154 560 2265 614 ἀπὸ
2295 560 2404 613 τῶν
2434 558 2634 611 πλοίων
2671 556 2991 627 μαχόμενοι,
3029 554 3123 607 καὶ
3152 552 3290 620 μετὰ
3327 552 3430 621 τὴν
3474 551 3770 624 τῶνοβαλ-

2152 650 2398 721 λομένων
2428 650 2550 703 κατ’
2579 648 2760 701 αὐτῶν
2788 646 3204 715 ἀποπλήρωσιν,
3228 644 3297 698 τὰ
3335 644 3619 697 σύσκουτα
3647 644 3770 711 (77)

2156 741 2439 803 ποιοῦντες
2479 737 2809 809 καρτεροῦσι
2842 736 3149 805 δεχόμενοι,
3190 735 3395 797 εὐθέως
3434 733 3775 787 ἀνίστανται

2155 834 2362 904 ἀθρόοι,
2394 834 2488 887 καὶ
2518 835 2582 886 ἐκ
2608 831 2790 901 χειρὸς
2823 830 2924 899 τῆς
2967 829 3147 900 μάχης
3182 828 3558 897 ἀπάρχονται,
3619 828 3773 898 πρδς

2156 928 2251 991 οὒς
2300 926 2625 997 εὐμηχάνως
2679 924 2765 977 δεῖ
2821 922 3186 994 προσϐάλλειν
3219 920 3327 974 άεί.

2232 1038 2374 1111 ρκγ’.
2409 1040 2662 1108 Χρῶνται
2691 1037 2748 1090 δέ
2788 1036 3043 1107 εὐὸουλία
3093 1035 3188 1088 καὶ
3232 1033 3568 1088 καταστάσει
3621 1030 3776 1102 πρδς

2162 1135 2261 1197 τὰς
2300 1132 2606 1202 πολεμικάς
2646 1131 2905 1200 μεθόδους
2932 1128 3042 1182 τῶν
3072 1127 3249 1182 ἄλλων
3289 1126 3547 1181 ἁπάντων
3585 1124 3777 1178 ἐθνῶν

2158 1224 2547 1296 δοκιμώτερον,
2575 1223 2650 1286 ὡς
2679 1222 2833 1294 παρά
2864 1240 2924 1275 τε
2950 1221 3061 1275 τῶν
3114 1221 3549 1290 ὑποστρατήγων
3599 1216 3780 1288 ἡμῶν

2160 1317 2420 1379 πολλάκις
2482 1316 2667 1377 αὐτοῖς
2713 1312 3131 1385 προσϐαλόντων
3176 1313 3576 1383 ἐρευνήσαντες
3657 1311 3785 1364 ἀν·-

2161 1409 2460 1480 εμάθομεν,
2486 1406 2657 1476 καὶδὴ
2688 1406 2783 1460 καὶ¹
2805 1407 2870 1459 ἐκ
2890 1405 2997 1458 τῶν
3026 1403 3425 1474 ἀνενεχθέντων
3442 1401 3775 1473 διηγήσεων

2163 1504 2273 1564 τοῖς
2303 1500 2410 1570 πρὸ
2458 1498 2618 1570 ἡμῶν
2660 1496 2972 1568 βασιλεῦσιν
3011 1496 3352 1564 ἁνὲγνωμεν,
3395 1494 3489 1548 καὶ
3521 1492 3779 1564 μάλιστα

2164 1591 2317 1661 παρὰ
2346 1589 2439 1645 τοῦ
2465 1587 2738 1659 ἡμετέρου
2765 1585 3048 1643 θειοτάτου
3096 1586 3308 1656 πατρὸς
3332 1582 3595 1647 πολλάκις
3639 1582 3787 1637 κατ*

2163 1681 2344 1736 αὐτῶν
2398 1678 2897 1749 ἐκστρατεύσαντος
2943 1676 3285 1748 ἀκηκόαμεν.

2244 1790 2375 1863 ρκδ’.
2409 1791 2585 1846 Λυπεῖ
2618 1789 2676 1844 δέ
2716 1788 2874 1843 τοῦτο
2905 1788 2967 1843 τὸ
2993 1788 3146 1851 ἔθνος
3182 1786 3367 1857 ψύξις,
3403 1787 3497 1842 καὶ
3525 1786 3783 1858 χειμὼν,

2168 1884 2263 1937 καὶ
2288 1883 2461 1938 ὑετῶν
2492 1882 2770 1953 ἐπιφοραί’
2799 1881 2880 1936 διδ
2910 1882 3005 1936 καὶ
3030 1882 3087 1937 ἐν
3119 1879 3384 1944 τοιούτοις
3408 1883 3631 1950 καιροῖς
3653 1879 3783 1951 χρὴ

2168 1975 2269 2039 τὰς
2324 1975 2450 2031 κατ’
2479 1973 2661 2028 αὐτῶν
2699 1971 3024 2043 συμπλοκάς
3083 1971 3359 2026 ποιεῖσθαι
3393 1969 3596 2040 μᾶλλον
3637 1971 3676 2039 ἧ
3717 1970 3792 2022 ἐν

2169 2067 2389 2131 εὐδίαις.
2426 2066 2537 2120 Καὶ
2569 2065 2677 2137 γὰρ
2705 2065 2801 2119 καὶ
2832 2063 2900 2119 τὰ
2938 2063 3071 2130 τόξα
3101 2063 3283 2116 αὐτῶν
3313 2062 3515 2131 ἀσθενῆ
3548 2061 3639 2115 διὰ
3665 2060 3784 2131 τὴν

2171 2161 2465 2233 ὑγρότητα,
2494 2160 2590 2214 καὶ
2631 2158 2691 2212 τὸ
2713 2158 2835 2213 ὅλον
2885 2157 2982 2212 τοῦ
3014 2154 3268 2227 σώματος
3319 2155 3503 2210 αὐτῶν
3556 2154 3791 2224 νωθρὸν

2170 2252 2257 2307 διὰ
2289 2252 2349 2305 τδ
2382 2250 2553 2322 ψύχος
2598 2249 2977 2321 εὑρεθήσεται.
3038 2247 3308 2311 Πολλάκις
3362 2246 3473 2316 γὰρ
3532 2246 3593 2298 ἐν
3644 2246 3786 2308 ταῖς

2174 2342 2314 2396 κατὰ
2363 2342 2491 2405 τούς
2532 2339 2810 2403 τοιούτους
2853 2337 3078 2408 καιρούς
3132 2337 3509 2405 καταδρομαῖς
3585 2334 3787 2388 αὐτῶν

2172 2435 2267 2489 καὶ
2293 2433 2571 2507 λῃστείαις
2601 2428 3043 2500 καταληφθέντες
3071 2428 3177 2482 ὑπὸ
3214 2427 3507 2499 Ῥωμαίων
3540 2425 3781 2498 διεφθά-

2178 2542 2373 2600 ρησαν.

2246 2614 2381 2685 ρκε’.
2420 2613 2721 2684 Χαίροντες
2749 2607 2842 2665 οὖν
2888 2612 3008 2676 ταῖς
3039 2610 3242 2673 εὐδίαις
3283 2609 3377 2662 καὶ
3416 2609 3537 2670 ταῖς
3564 2609 3781 2678 θερμα-

2172 2708 2361 2776 τέραις
2392 2705 2566 2775 ὥραις
2595 2704 2717 2757 τότε
2754 2703 3127 2769 συλλέγονται,
3161 2702 3259 2756 καὶ
3288 2701 3525 2772 μάλιστα
3547 2701 3783 2771 θέρους.

2174 2800 2268 2853 καὶ
2320 2799 2461 2853 κατὰ
2508 2798 2608 2869 τὴν
2662 2796 2875 2867 Ταρσὸν
2906 2795 3012 2865 τῆς
3041 2794 3296 2857 Κιλικίας
3330 2795 3442 2856 τοῖς
3478 2793 3785 2862 ἐγχωρίοις

2175 2890 2456 2960 ἐνούμενοι
2485 2890 2585 2959 τὴν
2610 2888 2967 2959 ἐκστρατείαν
2998 2886 3299 2950 ποιοῦνται,
3328 2885 3453 2949 τοὺς
3488 2886 3543 2938 δέ
3574 2884 3781 2948 ἄλλους

2179 2983 2406 3055 καιροὺς
2439 2982 2591 3051 μόνοι
2619 2982 2683 3033 ἐκ
2708 2977 2924 3049 Ταρσοῦ
2950 2978 3046 3032 καὶ
3071 2976 3309 3032 Ἀδανῶν
3335 2976 3434 3029 καὶ
3455 2974 3563 3027 τῶν
3588 2974 3787 3029 ἄλλων

2100 3092 2142 3147 c
2176 3074 2276 3143 τῆς
2309 3073 2562 3129 Κιλικίας
2582 3071 2937 3142 πολισμάτων
2960 3069 3055 3133 τὰς
3074 3070 3217 3122 κατὰ
3245 3066 3534 3139 Ῥωμαίων
3555 3064 3791 3121 ποιοῦνι

2174 3184 2265 3221 ται
2296 3164 2671 3235 καταδρομάς.

2249 3261 2397 3325 ρκς’.
2440 3253 2561 3324 Χρὴ
2591 3252 2684 3306 οῦν
2719 3252 2900 3314 αὐτοῖς
2952 3253 3076 3305 τότε
3107 3251 3501 3321 προσϐάλλειν,
3530 3249 3623 3302 καὶ
3652 3248 3782 3319 μά-

2176 3350 2335 3402 λιστα
2380 3348 2522 3402 κατὰ
2563 3347 2654 3400 τὸν
2684 3346 2935 3416 χειμῶνα
2965 3345 3059 3398 ἐπὶ
3092 3345 3327 3415 πραῖδαν
3368 3341 3779 3413 ἐξερχομένοις.

2178 3438 2349 3493 Τοῦτο
2391 3438 2446 3492 δέ
2471 3438 2785 3507 γενήσεται,
2820 3436 2917 3489 ἐὰν
2946 3433 3017 3488 τὰ
3046 3435 3440 3507 στρατεύματα
3486 3434 3781 3504 παραμεί-

2178 3531 2345 3587 ναντά
2369 3549 2471 3584 που
2503 3529 2729 3599 πλησίον
2757 3526 3121 3595 ἀσυμφανῶς,
3153 3527 3247 3579 καὶ
3263 3526 3361 3595 τὴν
3384 3524 3563 3589 ἔξοδον
3588 3523 3781 3579 αὐτῶν

2178 3622 2649 3692 ἐπισκοπήσαντα,
2672 3620 2768 3689 τὴν
2795 3616 2910 3670 κατ’
2932 3617 3110 3669 αὐτῶν
3146 3615 3453 3686 προσϐολὴν
3489 3616 3781 3681 ποιήσων-

2178 3725 2287 3762 ται·
2318 3708 2489 3771 οὐτως
2523 3708 2631 3777 γὰρ
2663 3704 3069 3774 διαφθείρουσιν
3118 3704 3337 3768 αὐτοὺς,
3372 3704 3406 3774 ἦ
3457 3705 3587 3756 ὅταν
3634 3702 3778 3772 ὁμοῦ

2180 3800 2384 3863 πάντες
2434 3798 2762 3859 συνέλθωσιν
2810 3798 2866 3850 ἐν
2914 3794 3260 3867 πολυπληθία
3301 3796 3397 3849 καὶ
3433 3794 3778 3848 καταστάσει

2180 3893 2419 3962 πολέμου
2452 3890 2856 3961 ἐξηρτισμένοι.

2253 3981 2392 4053 ρκζη
2435 3981 2713 4051 Σφαλερὸν
2741 3980 2871 4050 γὰρ,
2903 3980 2979 4043 ὡς
3032 3979 3292 4042 πολλάκις
3346 3979 3480 4049 ἡμῖν
3534 3980 3777 4050 εἴρηται,

2176 4074 2241 4127 τὸ
2266 4074 2400 4145 πρὸς
2423 4073 2680 4143 δημόσιον
2712 4073 2949 4141 πόλεμον
2975 4070 3419 4126 ἀποκινδυνεύειν
3446 4070 3620 4136 τινὰς,
3666 4072 3783 4129 κᾶν

2180 4166 2321 4220 πάνυ
2347 4165 2544 4219 δοκῶσι
2574 4164 2683 4217 τῶν
2708 4164 2911 4236 χειρῶν
2938 4164 3052 4234 (78)
3081 4162 3431 4234 περιττεύειν
3450 4162 3529 4232 τῷ
3550 4163 3773 4234 πλήθειν

2178 4254 2239 4307 τὸ
2270 4254 2378 4324 γὰρ
2402 4254 2500 4325 τῆς
2528 4254 2699 4325 τύχης
2733 4254 2984 4326 ἀόρατον.

2258 4367 2398 4442 ρκη’.
2440 4370 2772 4435 Συνάγονται
2820 4368 2877 4422 δὲ
2924 4368 3046 4439 οὐχὶ
3068 4368 3175 4423 ἀπὸ
3208 4369 3573 4440 καταγραφῆς
3605 4387 3782 4442 στρα-

486 4458 882 4529 seriptionibus
932 4463 1220 4532 assignati,
1261 4467 1355 4522 sed
1397 4467 1466 4521 ad
1516 4468 1717 4523 bellum
1763 4469 2068 4523 voluntarie

2182 4462 2462 4533 τευόμενοι
2486 4498 2500 4522 ,
2534 4459 2649 4513 ἀλλ’
2678 4460 2911 4523 ἕκαστος
2946 4458 3142 4532 γνώμῃ
3174 4461 3404 4531 ἑκουσίᾳ
3448 4461 3781 4531 συντρέχον-

485 4549 770 4605 conﬂuunt.
799 4567 991 4608 omnes
1030 4574 1042 4608 :
1073 4555 1295 4621 divites,
1331 4567 1388 4611 ut
1428 4572 1526 4626 pro
1558 4574 1654 4613 sua
1690 4560 1936 4629 ipsorum
1971 4575 2069 4629 pa-

485 4643 589 4694 tria
644 4645 901 4701 conducti
947 4648 1255 4703 moriantur
1308 4666 1323 4704 :
1376 4665 1665 4720 pauperes,
1723 4661 1782 4705 ut
1824 4652 2069 4723 aliquam

485 4735 684 4804 paeda:
714 4747 922 4807 partem
958 4739 1262 4805 lucrentur.
1299 4741 1462 4794 Arma
1496 4742 1607 4797 illis
1634 4741 1907 4812 indigena!
1941 4758 2073 4811 sup-

486 4829 740 4897 peditant
770 4847 785 4895 ;
814 4840 869 4886 et
905 4832 1121 4888 feminae
1151 4834 1494 4903 potissimum
1523 4836 1736 4905 virique
1770 4836 1874 4892 hoc
1912 4835 2072 4890 modo

491 4924 785 4994 participes
821 4926 896 4979 rei
932 4926 1135 4981 bellicae
1189 4936 1341 4989 sunt,
1386 4927 1567 4997 magni
1610 4927 1771 4982 ollicii
1822 4928 1940 4982 loco
1972 4942 2075 4996 po-

453 5042 456 5089 ί
492 5025 704 5078 nentes,
739 5030 955 5071 armare
983 5033 1078 5073 eos
1102 5018 1194 5089 qui
1233 5026 1462 5088 propter
1495 5018 1923 5072 imbecillitatem
1957 5033 2079 5072 cor-

494 5108 647 5176 poris
678 5124 891 5163 armare
921 5126 978 5165 se
1020 5110 1170 5180 ipsos
1203 5126 1311 5165 non
1349 5118 1603 5179 possunt.
1640 5110 1817 5179 Atque
1848 5108 1965 5163 hate
2012 5109 2080 5163 de

498 5199 809 5266 Saracenis,
843 5202 934 5271 qui
975 5203 1194 5259 barbari
1242 5202 1598 5273 inlidelcsque
1643 5210 1793 5266 sunt,
1846 5217 1874 5254 a
1918 5200 2081 5257 nobis

497 5293 645 5347 dicta
677 5305 862 5349 sunto.

2181 4574 2272 4620 τες
2308 4555 2580 4619 πανοικεὶ,
2612 4552 2859 4607 πλούσιοι
2889 4554 2989 4623 μὲν
3013 4595 3029 4619 ,
3061 4553 3200 4608 ὥστε
3234 4554 3375 4624 ὑπὲρ
3415 4553 3545 4607 ἰδίου
3583 4554 3780 4619 ἔθνους

2185 4648 2363 4719 μισθῷ
2409 4646 2723 4711 ἀποθανεῖν,
2752 4645 2985 4717 πένητες
3037 4645 3230 4711 δὲ,ἴνα
3278 4664 3329 4698 τι
3380 4645 3478 4715 τῆς
3536 4645 3781 4714 πραίδας

2184 4742 2542 4814 κερδήσωσιν.
2561 4740 2722 4793 Ἀλλὰ
2752 4741 2845 4793 καὶ
2869 4739 3009 4793 ὅπλα
3040 4739 3223 4804 αὐτοῖς
3256 4739 3597 4808 συμφυλέται
3631 4755 3781 4808 χορο

2184 4835 2401 4906 ηγοῦσι,
2461 4833 2555 4886 καὶ
2600 4834 2856 4900 γυναῖκες
2907 4832 3145 4901 μάλιστα
3194 4832 3289 4885 καὶ
3335 4831 3549 4902 ἄνδρες,
3582 4830 3780 4901 ὥσπερ

2180 4927 2269 4981 διὰ
2295 4925 2485 4979 τούτου
2514 4922 2900 4986 κοινωνοῦντες
2925 4924 3109 4986 αὐτοῖς
3138 4923 3237 4993 τῆς
3268 4922 3652 4994 ἐκστρατείας,
3679 4920 3781 4974 καὶ

2184 5018 2375 5089 μισθὸν
2430 5015 2727 5087 ἡγούμενοι
2776 5014 2838 5068 τὺ
2896 5014 3226 5068 καθοπλίσαι
3279 5015 3658 5085 στρατιώτας,
3721 5014 3780 5065 οἱ

2181 5108 2500 5177 ὁπλισθῆναι
2524 5106 2591 5160 δι’
2621 5104 2907 5158 ἀσθένειαν
2936 5104 3188 5174 σώματος
3208 5105 3283 5176 μὴ
3318 5105 3626 5175 δυνάμενοι.
3659 5104 3778 5157 Καὶ

2183 5201 2353 5255 ταῦτα
2405 5201 2504 5271 μὲν
2547 5198 2877 5269 Σαρακηνοὶ,
2909 5195 3061 5261 ἔθνος
3125 5196 3399 5269 βάρϐαρόν
3425 5197 3537 5268 (791
3570 5215 3629 5249 τε
3682 5197 3783 5251 καὶ

2184 5294 2436 5347 ἄπιστον.

2035 5387 2268 5443 ΝΟΤίΕ.

581 5477 692 5543 (77)
730 5479 803 5533 Τὰ
837 5480 1173 5535 σύσκουτα.
1212 5482 1590 5544 Scribebatttr,
1632 5482 1667 5537 ἃ
1698 5482 1961 5536 συσούτα.
1993 5480 2084 5537 Sic

508 5550 645 5622 iul'ra
684 5549 980 5605 Constitttt.
1030 5570 1117 5606 xm
1148 5596 1160 5617 ,
1197 5554 1223 5622 ᾗ
1260 5554 1323 5609 15
1360 5573 1372 5606 :
1406 5556 1469 5607 Οἱ
1528 5553 1758 5606 ἐναντίοι
1813 5553 2084 5606 σύσκουτα

512 5621 838 5693 ποιήσαντες
861 5663 873 5685 ,
918 5623 1011 5676 καὶ
1040 5624 1137 5686 τὰς
1170 5624 1329 5692 βολὰς
1356 5624 1603 5677 ὁπωσοῦν
1632 5623 1937 5693 δεξάμενοι.
1961 5622 2079 5675 Jatn

516 5688 817 5742 σύσκουτον
852 5700 933 5748 est
956 5735 968 5759 ,
1013 5688 1293 5749 scuto-rum
1327 5695 1703 5759 condcnsatio,
1748 5688 1867 5763 φιλο
1900 5694 2093 5749 Scuta-

2195 5484 2267 5536 tio
2299 5482 2503 5538 dicitur
2527 5482 2815 5539 Ammiano

2264 5550 2375 5621 (78}
2412 5552 2532 5607 Τῶν
2557 5552 2788 5621 χειρῶν.
2824 5551 3038 5611 Scribe,
3074 5550 3184 5604 τῶν
3211 5548 3443 5621 ἐχθρῶν.

2268 5624 2379 5695 (79)
2412 5620 2742 5695 Βάρϐαρον.
2778 5622 3157 5689 Scribebalur,
3192 5620 3563 5690 βαράρὸαρον.
