4074 6222
323 293 432 361 977
441 325 444 332 .

1365 299 1704 362 TACTICA.
1732 327 1802 338 --
1839 302 2347 367 CONSTITUTIO
2369 307 2598 374 XVIII.

3497 314 3618 380 978’

397 405 536 478 ρκο⁹.
574 405 880 476 Ῥωμαίους
931 405 988 460 δὲ
1036 406 1144 480 χρὴ
1191 407 1252 460 οὐ
1305 409 1465 478 μόνον
1497 411 1668 465 ταῦτα
1719 412 1908 479 ἐπιτη-

2087 414 2208 470 129.
2242 417 2521 474 Romanos
2557 435 2664 475 non
2699 421 2877 476 solum
2911 423 3013 479 hoc
3041 433 3260 495 oportet
3294 403 3504 494 conari,
3543 441 3604 487 ut

323 500 521 567 δεύειν,
557 499 651 554 καὶ
684 499 953 569 εὐψύχους
979 502 1045 571 τῇ
1083 501 1404 573 προαιρέσει
1443 504 1537 556 καὶ
1574 503 1915 576 στρατιώτας

324 593 420 646 καὶ
467 593 595 656 τοὺς
653 590 810 647 οὐπω
866 597 1378 666 στρατευσαμένους
1429 598 1914 666 συνεκστρατεύειν

325 684 467 738 κατᾶ
496 683 604 737 τῶν
634 684 1100 756 βλασφημούντων
1129 688 1222 741 τὸν
1266 689 1486 742 πάντων
1521 689 1744 760 βασιλέα
1776 690 1914 761 Χρι-

324 778 449 831 στὸν
476 777 568 832 τὸν
593 777 728 831 Θεὸν
771 778 948 849 ἡμῶν,
1003 781 1098 834 καὶ
1121 781 1188 834 δι’
1220 781 1475 836 ἁπάντων
1513 781 1916 853 ἐνδυναμοῦντα

321 871 448 934 τοὺς
471 869 614 941 ὑπὲρ
639 864 806 924 αὐτοῦ
833 873 1296 943 στρατευομένους
1320 875 1463 928 κατὰ
1489 875 1597 928 τῶν
1624 874 1796 928 ἐθνῶν
1818 873 1917 926 καὶ

322 962 530 1027 ὅπλοις,
561 962 654 1016 καὶ
681 963 900 1035 δώροις,
925 965 1019 1018 καὶ
1046 967 1166 1029 ταῖς
1189 967 1681 1038 προπεμπτηρίαις
1704 967 1918 1036 εὐχαῖς,

322 1053 461 1108 ἀλλὰ
489 1054 586 1107 καὶ
615 1054 778 1108 nia-50v
804 1073 858 1108 τι
892 1056 1098 1110 τούτων
1141 1057 1405 1128 πράττειν
1423 1097 1439 1122 ,
1476 1059 1536 1111 τὸ
1565 1058 1661 1110 καί
1689 1075 1748 1110 τε
1789 1057 1917 1120 τοὺς

323 1147 507 1211 οἴκους
539 1147 648 1201 τῶν
679 1147 777 1201 σὺν
817 1149 1096 1220 προθυμίᾳ
1158 1149 1255 1204 καὶ
1283 1150 1507 1222 ἀνδρείᾳ
1551 1150 1917 1221 στρατευομέο

325 1257 432 1295 νων
461 1240 924 1310 φιλοφρονεῖσθαι,
951 1242 1045 1296 καὶ
1067 1241 1187 1295 εῖτι
1211 1243 1388 1296 ἐνδέον
1419 1245 1534 1306 τοῖς
1565 1241 1916 1312 στρατεύμαο

327 1351 433 1400 σιν,
467 1333 500 1404 ἢ
535 1334 712 1400 ἵπποι,
744 1333 778 1404 ἢ
815 1333 1166 1406 ἀναλώματα,
1204 1336 1238 1406 ἢ
1273 1335 1590 1399 πανοπλίαι,
1625 1334 1720 1388 καὶ
1743 1333 1917 1388 ταῦτα

327 1426 582 1496 χορηγεῖν
613 1424 699 1480 διὰ
729 1425 1012 1490 κοινωνίας
1039 1428 1134 1482 καὶ
1167 1428 1607 1500 συγκροτήσεως.

397 1613 497 1686 ρλ’.
539 1616 600 1670 El
633 1615 743 1688 γάρ
790 1617 932 1672 οὕτω
981 1621 1228 1690 γένηται,
1259 1622 1480 1687 πάντως
1527 1623 1921 1678 πολυπλασίων

326 1707 588 1777 ὑπάρχων
615 1709 644 1761 ό
670 1707 780 1761 τῶν
814 1708 1100 1777 Ῥωμαίων
1127 1712 1377 1780 στρατὸς,
1401 1713 1494 1766 καὶ
1523 1713 1706 1776 καλῶς
1738 1732 1798 1768 τε
1821 1713 1918 1768 καὶ

323 1798 400 1863 ὡς
421 1799 702 1870 προσῆκεν
725 1800 1196 1872 καθωπλισμένος,
1214 1804 1310 1858 καὶ
1324 1803 1560 1874 μάλιστα
1581 1805 1771 1859 ὁπόσοι
1794 1804 1915 1859 ἐπί-

324 1891 505 1946 λεκτοι
534 1892 604 1946 δι’
624 1893 880 1966 ἀνδρείαν
909 1895 1005 1948 καὶ
1035 1897 1394 1967 γενναιότητα
1425 1898 1776 1969 τυγχάνουσι,
1809 1915 1916 1968 μη-

324 1982 414 2036 δὲν
444 1983 554 2037 τῶν
597 1983 828 2039 δεόντων
861 1987 919 2038 έν
949 1985 1098 2057 αὐτῷ
1128 1987 1520 2060 ὑστερούμενοι
1538 2033 1553 2056 ,
1587 1990 1786 2062 ῥᾳδίως
1815 1990 1916 2045 σὺν

323 2075 443 2146 Θεῷ
471 2075 572 2146 τὴν
600 2076 744 2132 κατὰ
779 2076 888 2131 τῶν
927 2077 1222 2152 βαρϐάρων
1253 2081 1591 2153 Σαρακηνῶν
1621 2081 1916 2154 ἀναδήσον-

320 2183 411 2219 ται
435 2165 549 2237 (80)
577 2167 756 2238 νίκην.
841 2179 844 2184 ’

401 2258 538 2330 ρλα’.
579 2260 645 2315 Εἰ
677 2261 782 2333 γὰρ
807 2264 874 2334 τῇ
899 2281 958 2316 τε
979 2264 1189 2319 ὁπλίσει
1222 2265 1318 2321 καὶ
1356 2266 1592 2338 μάλιστα
1618 2266 1794 2331 τόξοις
1818 2268 1915 2320 καὶ

326 2349 507 2420 βέλεσι
540 2351 833 2417 πλείστοις,
863 2355 959 2409 καὶ
989 2356 1054 2426 δὴ
1086 2357 1183 2411 καὶ
1230 2358 1308 2429 τῷ
1355 2359 1553 2429 πλήθει
1584 2358 1682 2413 καὶ
1712 2363 1782 2430 τῇ
1816 2363 1914 2413 άν-

323 2443 480 2514 δρείᾳ
511 2445 736 2506 καὶτοῖς
767 2450 1108 2517 προσήκουσι
1138 2452 1563 2520 στρατηγήμασί
1592 2469 1650 2504 τε
1681 2454 1776 2505 καὶ
1805 2469 1913 2522 μη-

324 2532 604 2602 χανήμασι
651 2533 1142 2604 πλεονεκτήσομεν,
1177 2536 1438 2606 Ῥωμαῖοι
1488 2537 1724 2606 μάλιστα
1773 2538 1917 2592 κατὰ

327 2624 621 2696 βαρϐάρων
642 2667 656 2690 ,
695 2627 792 2679 καὶ
823 2627 922 2698 τὴν
959 2627 1109 2682 θείαν
1135 2629 1231 2681 ἐπὶ
1271 2630 1437 2682 πᾶσιν
1459 2614 1666 2699 ⁸ἕξομεν
1691 2647 1915 2699 συμμα-

327 2715 485 2786 χίαν,
514 2717 611 2772 καὶ
647 2716 886 2783 εὐκόλως
929 2717 1029 2790 τὴν
1076 2719 1199 2774 κατ’
1233 2721 1457 2776 ἐκείνων
1491 2719 1915 2792 κατορθώσομεν

327 2809 509 2882 νίκην.

397 2906 530 2980 ρλβ’.
547 2909 717 2964 Τοῦτο
742 2910 852 2983 γὰρ
875 2912 936 2965 τὸ
950 2910 1100 2976 ἔθνος
1125 2913 1212 2967 διὰ
1232 2913 1355 2984 τὴν,
1387 2913 1462 2978 ὡς
1493 2915 1668 2980 εῖκδτ,
1696 2915 1916 2982 ἐλπιζο-

329 3001 498 3071 μένην
530 3002 798 3072 πραῖδαν,
830 3004 926 3057 καὶ
953 3003 1016 3056 τὸ
1064 3005 1138 3074 μὴ
1179 3005 1466 3073 φοϐεῖσθαι
1501 3007 1782 3070 κινδύνους
1813 3025 1915 3061 πο-

2019 509 2189 564 alacri
2223 511 2411 567 animo
2455 513 2656 569 milites
2686 513 2819 577 sint,
2856 524 2912 570 et
2939 517 3034 585 qui
3079 518 3323 572 nondum
3368 520 3422 574 in
3462 521 3606 576 bello

2021 601 2242 668 fuerint,
2279 605 2544 662 adversus
2565 621 2662 661 eos
2687 607 2940 677 prcelium
2964 610 3290 680 suscipiant,
3313 613 3404 682 qui
3433 613 3605 667 Deum

2019 705 2270 751 nostrum
2311 697 2689 754 universitatis
2746 715 2955 770 regem,
3019 701 3304 758 Christum
3348 705 3608 776 blasphe-

2019 793 2194 853 mant,
2220 799 2275 842 et
2300 789 2532 842 omnino
2562 790 2687 844 illos
2718 800 2990 858 quantum
3037 803 3267 861 possunt
3309 795 3521 863 juveni,
3553 803 3609 851 et

2019 889 2428 949 prosequantur
2462 891 2575 934 tum
2615 881 2798 948 donis,
2831 890 2947 936 tum
2982 885 3176 946 armis,
3201 893 3315 938 tum
3368 888 3476 956 piis
3507 902 3606 942 vo-

2019 970 2114 1035 tis,
2169 972 2263 1039 qui
2317 971 2609 1029 adversum
2641 983 2835 1044 gentes
2875 974 3019 1028 bella
3057 977 3390 1045 suscipiunt,
3431 979 3526 1033 sed
3558 989 3613 1034 et
3677 984 3680 988 ’

2019 1063 2177 1133 plura
2211 1063 2279 1120 iis
2315 1063 2550 1129 efﬁcere,
2583 1065 2728 1122 mdes
2753 1074 2807 1120 et
2839 1066 3077 1122 familias
3105 1085 3321 1134 eorum,
3354 1072 3447 1140 qui
3483 1088 3608 1125 cum

2019 1158 2303 1215 alacritate
2337 1160 2616 1231 animique
2651 1161 3088 1231 promptitudine
3131 1163 3198 1216 ad
3249 1165 3452 1218 bellum
3497 1166 3613 1219 ive-

2021 1249 2151 1315 rint,
2181 1249 2461 1307 beneﬁciis
2489 1267 2554 1306 ac
2586 1253 2965 1307 benevolentia
3000 1255 3282 1324 prosequi,
3307 1266 3362 1308 et
3392 1256 3438 1310 si
3478 1257 3611 1325 quid

2020 1341 2108 1407 iis,
2144 1342 2240 1411 qui
2283 1344 2336 1398 in
2387 1345 2634 1400 exercitu
2683 1354 2835 1412 sunt,
2869 1353 2965 1398 aut
3018 1347 3178 1415 equis
3233 1363 3425 1402 eorum
3473 1364 3612 1416 opus

2020 1433 2210 1497 fuerit,
2244 1437 2361 1492 sive
2392 1448 2668 1507 sumptus,
2699 1437 2816 1493 sive
2846 1454 2999 1492 arma
3048 1440 3118 1496 iis
3161 1441 3515 1511 suppeditent
3561 1451 3613 1495 et

2019 1526 2320 1582 liberaliter
2354 1529 2803 1585 subministreut.

2091 1619 2214 1674 150.
2246 1622 2364 1674 Hoc
2401 1623 2450 1676 si
2507 1622 2623 1686 fiat,
2680 1638 2805 1677 eum
2860 1623 3022 1695 longe
3055 1624 3293 1693 majores
3335 1624 3613 1678 Romano-

2023 1728 2142 1766 rum
2175 1715 2345 1782 copiae
2375 1715 2508 1779 sint,
2543 1715 2682 1770 bene
2705 1730 2768 1770 ac
2793 1715 2992 1772 idonee
3026 1727 3276 1779 armatae,
3303 1717 3612 1785 delectique

2019 1814 2246 1874 propter
2316 1805 2491 1859 robur
2576 1823 2642 1861 ac
2715 1809 3098 1863 strenuitatem
3161 1808 3282 1872 viri,
3351 1808 3612 1874 nullaque

2019 1912 2080 1952 re
2126 1898 2440 1952 necessaria
2479 1897 2707 1964 defecti,
2744 1898 2903 1955 facile
2947 1899 3121 1954 Deum
3171 1900 3468 1969 propitium
3515 1899 3615 1952 Ita-

2021 1988 2215 2044 bentes
2260 1987 2329 2044 de
2360 1988 2612 2045 barbaris
2671 1990 2970 2046 Saracenis
3019 1989 3304 2045 victoriam
3364 1999 3618 2061 reporta-

2020 2081 2188 2138 bunt.

2091 2267 2217 2324 15!.
2254 2265 2313 2321 Si
2345 2267 2494 2322 enim
2555 2276 2834 2324 armatura
2875 2269 3207 2339 sagittisque
3239 2267 3618 2338 potissimum,

2019 2369 2074 2415 et
2139 2359 2264 2415 telis
2322 2359 2598 2430 plurimis,
2663 2367 2718 2415 et
2792 2360 3139 2415 multitudine
3211 2359 3493 2414 hominum
3563 2370 3620 2414 et

2020 2452 2374 2512 Strenuitate,
2406 2459 2460 2504 et
2479 2451 2695 2506 idoneis
2727 2452 3002 2516 consiliis,
3031 2459 3087 2507 et
3106 2450 3486 2505 molitionibus
3510 2451 3618 2504 mi-

2019 2542 2275 2598 litaribus
2317 2542 2784 2597 abundaverimus
2821 2541 3054 2598 Romani
3097 2550 3289 2597 contra
3319 2543 3466 2607 illos,
3504 2551 3617 2595 tum

2019 2635 2210 2690 divino
2267 2635 2480 2690 auxilio
2525 2645 2638 2690 tum
2673 2635 2906 2690 victoria
2956 2635 3024 2691 de
3055 2637 3164 2690 illis
3199 2651 3307 2690 non
3349 2634 3617 2690 destitue-

2019 2746 2166 2788 mur.

2095 2919 2220 2974 1⁸52.
2253 2917 2381 2973 Ile
2436 2917 2582 2972 enim
2632 2932 2766 2988 gens
2818 2925 3046 2986 propter
3092 2931 3245 2986 spem
3301 2912 3522 2986 prmum.
3567 2919 3622 2967 et

2021 3008 2150 3079 quia
2175 3008 2301 3061 belli
2329 3007 2578 3077 pericula
2617 3008 2800 3061 minus
2832 3007 3050 3071 timent,
3083 3005 3148 3059 ad
3187 3021 3437 3074 magnam
3464 3005 3624 3059 facile

331 3091 518 3163 λέμου.
551 3095 791 3158 εὐκόλως
817 3096 898 3158 είς
932 3096 1310 3168 πολυπληθίαν
1340 3098 1635 3166 συνάγεται
1666 3098 1774 3151 ἀπὸ
1815 3100 1914 3167 τῆς

2022 3099 2430 3154 multitudinem
2456 3107 2872 3168 congregantur
2892 3113 2956 3154 ex
2989 3099 3140 3152 omni
3171 3098 3329 3168 Syria
3357 3097 3623 3151 iutcriorc

330 3185 482 3249 ἐντὸς
515 3187 716 3257 Συρίας
740 3187 835 3240 καὶ
862 3187 1231 3260 Παλαιστίνης
1261 3190 1482 3260 ἀπάσης
1501 3230 1515 3252 ,
1551 3191 1643 3244 καὶ
1673 3190 1781 3244 τῶν
1827 3191 1921 3245 ἀν·-

330 3276 538 3348 ἀνδρων
565 3279 704 3350 τάχα
733 3280 820 3333 διὰ
841 3279 939 3343 τὰς
969 3280 1225 3344 τοιαύτας
1255 3282 1478 3347 ἐλπίδας
1507 3283 1921 3356 συνερχομένων

329 3370 592 3435 ἑκουσίως
619 3373 733 3434 τοῖς
762 3373 1244 3444 ἐκστρατεύουσιν.

407 3459 543 3532 ρλγ¹.
587 3461 650 3515 El
684 3463 740 3516 δὲ
772 3464 873 3532 τῆς
903 3462 998 3516 τοῦ
1027 3463 1164 3516 Θεοῦ
1197 3466 1332 3534 ἡμῖν
1367 3467 1768 3536 συμμαχούσης
1797 3467 1922 3533 βοη-

330 3554 481 3618 θείας
530 3554 710 3619 καλῶς
753 3541 1108 3626 ὁπλισάμενοι
1159 3556 1257 3609 καὶ
1315 3557 1788 3628 παραταξάμενοι,
1822 3555 1921 3609 καὶ

327 3646 512 3711 καλῶς
539 3649 634 3702 καὶ
663 3647 916 3719 εὐψύχως
947 3648 1377 3712 προσϐάλλοντες
1408 3649 1613 3712 αὐτοῖς,
1657 3649 1797 3720 ὑπὲρ
1819 3649 1921 3718 τῆς

327 3741 567 3812 ψυχικῆς
594 3742 750 3812 ἡμῶν
777 3740 1055 3813 σωτηρίας
1081 3741 1156 3798 ὡς
1180 3743 1275 3796 καὶ
1300 3743 1441 3812 ὑπὲρ
1465 3741 1603 3795 θεοῦ
1633 3742 1800 3795 αὐτοῦ
1823 3741 1922 3796 καὶ⁸

331 3833 611 3902 συγγενῶν
649 3833 745 3887 καὶ
773 3833 880 3887 τῶν
912 3833 1090 3887 ἄλλων
1116 3835 1460 3905 Χριστιανῶν
1484 3833 1732 3902 ἀδελφῶν
1760 3835 1791 3902 ἡ
1802 3834 1920 3903 μῶν

331 3923 743 3995 ἀγωνιζόμενοι,
766 3924 1158 3989 ἀνενδοιάστως
1179 3925 1278 3989 τὰς
1295 3927 1373 3989 είς
1401 3927 1532 3980 Θεὸν
1555 3926 1778 3988 ἐλπίδας
1801 3925 1922 3994 ἔχο-

334 4027 456 4079 μεν,
486 4012 588 4066 οὐκ
622 4012 1036 4084 άποτευξόμεθα
1061 4014 1199 4084 (81),
1237 4013 1373 4069 ἀλλὰ
1405 4015 1496 4068 καὶ
1526 4013 1922 4086 ἐπιτευξόμεθα

330 4100 438 4154 τῶν
461 4103 583 4156 κατ’
616 4103 843 4157 ἐκείνων
877 4105 1098 4167 πάντως
1129 4106 1488 4178 νικητηρίων.

405 4193 532 4264 ρλδν.
573 4196 666 4248 Δεῖ
713 4195 770 4249 δέ
825 4214 885 4251 σε
914 4197 1049 4267 (82),
1081 4197 1265 4252 εἴποτε
1314 4198 1412 4253 καὶ
1453 4198 1711 4270 λῃστείας
1757 4197 1923 4268 χάριν

331 4284 744 4356 καταδράμωσι,
783 4287 876 4340 τοῦ
911 4288 1128 4360 Ταύρου
1161 4291 1312 4355 ἐντὸς
1353 4288 1698 4360 ἐπιτηδεύειν
1726 4290 1924 4353 αὐτοὺς

331 4379 428 4434 καὶ
454 4379 515 4433 ἐν
540 4382 663 4444 ταῖς
688 4383 902 4446 στεναῖς
936 4382 1031 4436 τοῦ
1059 4383 1222 4454 ὄρους
1263 4382 1454 4437 τούτου
1487 4383 1763 4450 διεξόδοις,
1788 4383 1921 4436 ὅταν

332 4471 716 4544 ὕποστρέφωσι
777 4475 1013 4545 μάλιστα
1067 4477 1371 4546 κεκωμὲνοι
1437 4474 1573 4545 (85),
1636 4475 1768 4538 ἴσως
1825 4478 1924 4533 καὶ

332 4564 568 4634 πραίδας
616 4564 770 4629 τινὰς
811 4565 969 4628 ζώων
1011 4565 1044 4634 ἢ
1103 4565 1454 4634 πραγμάτων
1511 4565 1921 4637 ἐπιφερόμενοι.

344 4657 720 4722 Ἐπιϐιϐάζειν
751 4659 860 4727 γάρ
893 4658 974 4710 δεῖ
1005 4656 1090 4725 ἐφ’
1114 4657 1334 4727 ὑψηλῶν
1366 4675 1530 4710 τινων
1559 4657 1741 4712 τόπων
1773 4659 1924 4724 τοξόο

329 4765 428 4812 τας
475 4751 570 4804 καὶ
617 4751 999 4820 σφενδονήτας,
1032 4750 1127 4801 καὶ
1177 4747 1394 4817 βάλλειν
1436 4749 1558 4801 κατ’
1593 4749 1796 4814 αὐτῶν,
1829 4752 1924 4804 καὶ

331 4837 506 4902 οὕτως
535 4841 827 4906 ποιεῖσθαι,
864 4841 960 4894 καὶ
989 4840 1088 4902 τὰς
1132 4840 1221 4894 διά
1253 4839 1640 4911 καϐαλλαρίων
1683 4842 1923 4912 προσϐο-

331 4929 447 4996 λάς,
477 4930 510 5003 ἢ
558 4931 636 4994 ὡς
668 4931 735 4986 ἂν
765 4932 926 5002 χρεία
960 4932 1198 4998 καλέσοι,
1245 4932 1278 5005 ἢ
1313 4933 1381 4987 δι’
1410 4935 1842 5005 ἐγκρυμμάτων,
1881 4935 1915 5006 ἦ

328 5021 397 5075 δι’
419 5021 624 5094 ἐτέρων
651 5022 1123 5094 ἐπιτηδευμάτων,
1159 5026 1192 5097 ἢ
1236 5027 1454 5099 πέτρων
1481 5027 1622 5082 κατὰ
1647 5028 1915 5100 κρημνῶν

332 5113 685 5184 κυλιομένων,
717 5115 750 5187 ἦ
789 5116 1113 5189 ἀναφραγῆς
1141 5117 1264 5174 ὁδοῦ
1290 5120 1384 5173 καὶ
1414 5119 1524 5174 άπὸ
1562 5119 1796 5190 δένδρων
1825 5123 1920 5176 καὶ

2024 3199 2074 3244 et
2129 3189 2443 3255 Palaestina,
2497 3197 2550 3244 et
2609 3189 2913 3245 imbecilles
2975 3197 3141 3258 atque
3206 3188 3459 3243 imbelles
3519 3189 3622 3244 viri

2025 3291 2248 3352 propter
2297 3281 2614 3352 bujusmodi
2665 3297 2819 3351 spem
2879 3279 3192 3352 pricd'arum
3257 3278 3327 3334 ad
3377 3279 3624 3350 reliquos

2025 3372 2197 3427 fortes
2232 3372 2438 3427 milites
2465 3387 2524 3426 se
2558 3379 2886 3441 aggregant.

2097 3466 2220 3520 {'55.
2260 3464 2316 3519 Si
2371 3479 2501 3518 vero
2546 3462 2751 3518 Christi
2801 3461 3057 3533 praesidio
3101 3460 3299 3531 adjuti,
3334 3460 3475 3516 bene
3528 3459 3622 3512 in-

2024 3555 2222 3609 Structi
2256 3564 2424 3624 atque
2475 3553 2698 3618 armati,
2730 3554 2986 3609 alacriter
3015 3570 3140 3610 cum
3167 3554 3274 3608 illis
3298 3568 3398 3624 pro
3426 3551 3623 3606 animm

2025 3653 2232 3700 nostrae
2265 3644 2466 3707 salute,
2500 3645 2659 3714 quasi
2697 3660 2800 3715 pro
2831 3643 2963 3708 Deo,
2990 3651 3046 3697 et
3089 3644 3364 3715 cognatis,
3400 3651 3455 3699 et
3486 3643 3621 3698 reli-

2023 3737 2150 3806 quis
2181 3735 2521 3792 Cbristianis
2553 3735 2821 3792 fratribus
2845 3735 3202 3803 dimicantes,
3237 3750 3340 3791 nos
3379 3735 3490 3791 illis
3519 3750 3624 3805 op-

2024 3844 2322 3899 ponatnus.
2376 3843 2631 3900 magnam
2687 3829 2741 3883 in
2792 3827 2906 3884 Deo
2965 3844 3118 3900 spem
3183 3828 3470 3889 habemus.
3523 3843 3623 3883 nos

2026 3921 2231 3975 nullam
2265 3918 2628 3975 offensionem
2657 3927 3013 3990 accepturos,
3052 3917 3149 3975 sed
3179 3933 3398 3974 onmem
3445 3916 3624 3973 victo-

2025 4013 2162 4069 riam
2188 4018 2592 4083 rcportaturos.

2100 4201 2224 4256 liii.
2256 4198 2360 4256 Ubi
2395 4198 2474 4254 illi
2507 4197 2792 4270 pradandi
2817 4214 2984 4256 causa
3008 4198 3250 4254 Taurum
3281 4194 3622 4260 transierint,

2028 4292 2084 4347 in
2137 4291 2277 4360 ipsis
2331 4290 2543 4344 viarum
2576 4287 2872 4359 angustiis,
2907 4287 3132 4358 quando
3181 4282 3392 4354 fatigati
3428 4283 3624 4337 admo-

2027 4383 2155 4438 dum
2186 4390 2558 4446 revertuntur,
2585 4389 2639 4436 et
2669 4378 2908 4450 przedam
2956 4377 3334 4448 iumentorum
3370 4385 3465 4429 aut
3491 4373 3627 4428 alia-

2027 4489 2149 4530 rum
2197 4489 2382 4529 rertnn
2435 4471 2705 4537 referunt,
2745 4472 2800 4526 in
2833 4469 3067 4526 excelsis
3101 4467 3435 4540 quibusdam
3490 4467 3627 4522 locis

2028 4567 2300 4641 sagittarii
2357 4576 2411 4621 et
2451 4564 2762 4622 funditores
2820 4563 3130 4620 collocandi
3183 4569 3337 4628 sunt,
3389 4568 3446 4616 et
3498 4575 3624 4614 cum

2027 4661 2310 4733 equitibus
2336 4658 2714 4713 dimicandum
2762 4657 2836 4712 ita
2867 4667 2973 4713 est.
3026 4655 3126 4713 Vel
3181 4655 3228 4711 si
3279 4653 3441 4709 aliter
3487 4667 3625 4708 usus

2030 4753 2196 4820 ferat,
2228 4751 2472 4814 insidiis,
2502 4762 2600 4805 aut
2625 4751 2749 4806 aliis
2780 4748 3182 4811 molitionibus,
3225 4757 3322 4800 aut
3355 4745 3506 4800 saxis
3541 4743 3627 4798 in-

2027 4845 2288 4918 gentibus
2311 4845 2609 4910 devolutis,
2639 4844 2723 4900 vel
2758 4842 3142 4899 obstructione
3169 4839 3383 4894 viarum
3412 4835 3628 4892 arbori-

2029 4940 2134 4994 bus
2161 4935 2417 5006 objectis,
2439 4941 2538 4990 aut
2575 4933 2704 4990 aliis
2737 4933 2916 4990 modis
2952 4949 2982 4986 a
3022 4931 3187 4987 nobis
3219 4940 3347 4986 ante
3384 4945 3628 4984 commc-

2029 5029 2278 5094 moratis,
2313 5034 2407 5081 aut
2435 5026 2481 5083 si
2516 5025 2650 5097 quid
2681 5025 2831 5081 aliud
2855 5024 2926 5080 ad
2961 5039 3122 5081 usum
3155 5022 3348 5078 idonee
3376 5020 3629 5078 invenire

2029 5131 2209 5192 potes,
2245 5117 2534 5174 adoriendi
2562 5126 2712 5173 sunt.

331 5207 695 5275 ἀδιεξοδεύτου
726 5211 1040 5284 γινομένης,
1069 5212 1144 5276 ὡς
1176 5213 1290 5268 άνω
1323 5231 1427 5266 που
1457 5214 1589 5284 ἡμῖν
1617 5215 1854 5284 εἴρηται,
1880 5217 1912 5289 ἢ
1944 5217 2020 5281 ὡς
2051 5216 2118 5270 ἂν
2148 5213 2372 5268 δυνατόν
2405 5229 2510 5278 σοι,
2541 5205 2588 5265 ὧ
2617 5209 2890 5280 σττρτηγὶ
2915 5251 2931 5278 ,
2977 5210 3122 5266 κατὰ
3183 5210 3274 5264 τὸν
3325 5209 3448 5264 τότε
3500 5225 3626 5263 και-

331 5301 425 5372 ρὺν
461 5301 560 5374 τὴν
587 5303 683 5357 τοῦ
718 5304 1044 5376 πράγματος
1073 5305 1312 5360 διάθεσιν
1343 5307 1704 5378 κατανοῆσαι.

403 5391 528 5466 ph‘.
569 5395 660 5452 Ἓν
690 5396 748 5450 δὲ
775 5400 895 5462 ταῖς
923 5399 1297 5470 παρατάξεσιν
1323 5397 1502 5452 αὐτῶν
1523 5399 1586 5453 οὐ
1611 5398 1796 5453 λύουσι
1826 5401 1925 5472 τὴν

2107 5397 2446 5456 155.Aciem
2499 5413 2657 5454 suam
2717 5411 2825 5455 non
2887 5396 3220 5462 dissolvunt,
3276 5395 3322 5452 si
3367 5395 3491 5468 quis
3528 5402 3623 5450 aut

1813 5514 2046 5574 ΝΟΤΑΞ.

551 5600 1011 5675 ἶΑναδήσονται.
1057 5602 1268 5667 Scribe,
1309 5604 1732 5675 ἁνακτήσονται.

402 5667 1054 5743 (81)--Ἂποτειεξόιιει1α,
1132 5667 1524 5737 Scribebatur,
1587 5673 1913 5739 άποτοξευό-

331 5741 492 5813 μεθα.
519 5741 584 5796 Et
604 5758 726 5800 mox
747 5741 950 5802 ibidem
975 5747 1193 5803 correxi
1219 5746 1636 5816 ὲπιτευξόμεθα,
1668 5761 1763 5816 pro
1795 5750 1914 5800 ἐπι-

2021 5603 2373 5674 τοξευόμεθα.

2097 5673 2337 5740 (82)⁷Δεῐ
2357 5675 2424 5728 δέ
2466 5690 2559 5728 σε.
2596 5673 2978 5740 Scribebatur,
3021 5673 3083 5726 Ei
3121 5673 3178 5726 δέ
3205 5687 3286 5726 σε.

2094 5749 2209 5810 (85)
2249 5746 2604 5816 Κεκωμένοι.
2641 5745 2854 5812 Scribe,
2893 5744 3293 5814 κεκοπωμένοι.
