4074 6222
394 310 527 378 ³98Ῑ

1441 303 1785 364 TACTIC‘A.
1814 328 1880 338 -
1903 301 2407 363 CONSTITUTIO
2434 302 2656 361 XVIII.

3549 285 3669 362 982

401 428 544 482 σιῶν
578 422 800 479 ἐκείνων
847 417 1196 487 καταληίσεις
1248 415 1351 486 τὴν
1397 414 1601 486 χώραν,
1634 411 1740 467 οἷόν
1792 430 1922 466 ποτε
1961 417 1988 467 ὁ

2106 415 2220 468 Ιιιιιι
2272 414 2620 468 clarissimus
2676 419 2841 480 atque
2899 409 3273 479 amplissimus
3322 416 3477 478 pater
3516 422 3676 466 meus

402 521 667 589 ἡμέτερος
702 509 1119 582 μακαριώτατος
1148 507 1332 577 πατὴρ
1362 510 1457 559 καὶ
1499 505 1784 574 Ῥωμαίων
1824 505 1988 557 αύτοο

402 610 624 680 κράτωρ
656 606 714 656 ὲν
743 606 854 665 τοῖς
880 600 1045 654 αὐτοῦ
1093 598 1305 669 χρόνοις
1349 598 1437 651 διὰ
1484 595 1788 659 κελεύσεως
1822 592 1988 647 αὑτοῦ

404 699 555 759 Θείας
584 693 909 762 πεποίηκεν.

477 784 626 860 ρμα’.
667 786 806 848 Τοὺς
826 785 883 837 δὲ
914 782 1314 853 πλησιάζοντας
1344 781 1410 851 τῇ
1449 776 1854 847 Μεσοποταμίᾳ
1882 778 1987 831 Zo-

410 878 527 951 ρίας
553 872 902 946 Σαρακηνοὺς
926 872 993 923 δι’
1014 867 1462 939 ἐπιτηδευμάτων
1485 864 1989 934 καταπολεμήσεις,

405 964 486 1032 οἷς
516 967 786 1037 ἐχρήσατο
832 964 861 1016 ὁ
908 960 1049 1014 κατὰ
1080 961 1173 1014 τὸν
1205 958 1387 1030 μικρῷ
1421 957 1763 1027 παρελθόντα
1800 954 1993 1026 καιρὸν

406 1060 506 1131 τὴν
531 1053 815 1112 Θεοδοσίου
841 1054 994 1107 πόλιν
1019 1052 1110 1106 ὑπ’
1136 1052 1361 1105 ἐκείνων
1385 1048 1759 1119 κατεχομένην
1790 1046 1992 1117 ἀφελό-

412 1167 572 1225 μενος
623 1145 950 1217 στρατηγὸς,
979 1144 1074 1198 καὶ
1114 1145 1179 1214 τῇ
1234 1141 1478 1213 ἡμετέρᾳ
1522 1139 1690 1211 αὐτὴν
1717 1138 1990 1204 ὑποτάξας

412 1242 679 1322 βασιλεία.
698 1240 915 1311 Ἐπειδὴ
938 1239 994 1293 δὲ
1021 1238 1071 1291 οἱ
1106 1236 1409 1308 Ῥωμαίἰκολ⁸
1439 1235 1597 1290 ἵπποι
1629 1233 1810 1305 άήθως
1839 1233 1992 1304 έχον-

410 1352 501 1400 τες
533 1334 667 1404 πρός
695 1349 756 1385 τε
785 1332 883 1394 τὰς
912 1329 1191 1400 καμήλους
1216 1368 1232 1388 ,
1264 1328 1359 1380 καὶ
1391 1325 1571 1395 πολλῷ
1614 1323 1816 1395 μᾶλλον
1857 1323 1994 1393 πρὸς

414 1426 480 1485 τὰ
504 1425 762 1494 τύμπανα
791 1421 1027 1492 ἠχοῦντα
1054 1419 1149 1473 καὶ
1179 1418 1249 1473 τὰ
1273 1417 1550 1489 κύμϐαλα,
1577 1416 1869 1487 πτύρονται
1899 1415 1996 1467 καὶ

414 1515 845 1587 ἀποστρέφονται
870 1514 949 1576 είς
979 1510 1047 1565 τά
1075 1508 1432 1576 ὀπίσω,ὤστε
1467 1509 1566 1561 καὶ
1596 1509 1675 1571 εἰς
1705 1506 1882 1576 φυγήν
1906 1505 1995 1559 διά

413 1606 655 1668 τοιούτου
693 1604 896 1677 τρόπου
924 1602 1185 1666 πολλάκις
1212 1602 1388 1673 ὀρμᾷν
1416 1600 1745 1671 Ῥωμαίους,
1779 1600 1860 1653 δεῖ
1880 1599 1993 1653 set-

414 1699 606 1764 ζεσθαι
653 1698 779 1760 τοὺς
816 1696 924 1749 τῶν
972 1694 1322 1766 στρατιωτῶν
1358 1692 1580 1756 ἵππους,
1612 1694 1707 1746 καὶ
1756 1692 1993 1762 μάλιστα

2092 504 2329 558 Basilius
2361 504 2659 573 imperator
2692 500 2973 554 Romanus
3015 499 3240 555 fecerat.

2169 778 2291 833 Ml.
2325 778 2427 845 Qui
2474 778 2878 848 Mesopotamizc
2909 778 3081 849 Syria:
3137 777 3355 833 finitimi
3410 780 3673 835 Saraceni

2094 881 2243 935 sunt,
2301 873 2369 927 iis
2415 872 2794 926 molitionibus
2850 871 3216 940 oppugnabis,
3264 871 3464 940 quibus
3510 874 3675 941 paulo

2097 976 2226 1018 ante
2259 963 2361 1017 hoc
2392 976 2609 1031 tempus
2642 962 2941 1031 imperator
2961 962 3241 1017 exercitus
3275 962 3366 1017 ille
3398 963 3674 1027 utebatur,

2105 1054 2198 1124 qui
2230 1052 2525 1108 Theodosii
2552 1054 2828 1107 civitatem
2859 1053 2928 1107 ab
2963 1052 3073 1107 illis
3098 1061 3421 1121 occupatam
3450 1054 3681 1123 eripuit,

2094 1156 2149 1200 et
2178 1145 2233 1199 in
2268 1154 2515 1199 nostram
2550 1154 2869 1214 potestatem
2901 1144 3148 1213 redegit;
3180 1152 3232 1197 et
3265 1143 3521 1213 quoniam
3551 1144 3677 1214 equi

2099 1238 2332 1291 Romani
2366 1236 2550 1291 minus
2585 1234 2883 1291 assuefacti
2915 1244 3063 1299 sunt,
3104 1237 3190 1290 vel
3221 1237 3463 1305 aspectui
3494 1251 3678 1291 came.-

2044 1402 2045 1405 η
2098 1329 2298 1391 lorum,
2345 1330 2429 1382 vel
2470 1336 2853 1398 tympanorum
2884 1328 3375 1398 eymhalorumque
3405 1329 3679 1398 strepitui,

2096 1418 2387 1473 exercendi
2420 1418 2486 1471 ad
2519 1419 2624 1471 ista
2650 1416 2779 1486 equi
2810 1427 2960 1481 sunt,
2994 1416 3374 1486 praefectorum
3408 1425 3590 1472 autem
3628 1434 3681 1472 et

2098 1511 2487 1581 primariorum
2517 1509 2757 1563 virorum
2798 1507 3171 1578 potissimum,
3208 1516 3266 1563 ut
3315 1525 3490 1579 neque
3520 1526 3681 1578 aspe-

2096 1613 2244 1658 ctum
2276 1601 2611 1656 camelorum
2663 1600 2963 1671 refugiant,
2994 1616 3173 1670 ncquc
3201 1603 3440 1656 sonitum
3470 1612 3681 1674 tympa-

2099 1708 2292 1746 norum
2325 1692 2815 1762 cymbalorumque
2847 1691 3161 1747 formident.
3197 1693 3386 1764 Itaque
3410 1697 3681 1768 permulta

415 1792 523 1846 τῶν
569 1786 969 1860 πρωτοστατῶν
1018 1786 1116 1840 καὶ
1163 1785 1271 1839 τῶν
1305 1785 1605 1855 ἀρχόντων,
1647 1784 1726 1847 εἷς
1772 1800 1832 1837 τε
1869 1784 1999 1847 τοὺς

2106 1792 2251 1846 sunt,
2278 1798 2399 1853 quae
2428 1782 2556 1852 quis
2583 1782 2877 1854 diligenter
2902 1783 3120 1840 intuens
3145 1786 3212 1839 ad
3240 1786 3344 1840 ista
3372 1787 3684 1859 excogitare

415 1881 655 1945 κτύπους
684 1880 793 1933 τῶν
822 1876 1126 1948 τυμπάνων
1157 1876 1248 1929 καὶ
1293 1875 1402 1928 τῶν
1450 1874 1745 1944 κυμϐάλων
1774 1872 1863 1926 διὰ
1890 1889 2001 1926 τοι·

2109 1875 2306 1944 possit.

415 1977 585 2047 αύτης
612 1973 939 2046 γυμνασίας,
969 1970 1067 2026 καὶ
1099 1970 1164 2041 δὴ
1192 1969 1286 2024 καὶ
1316 1970 1396 2033 είς
1425 1969 1485 2022 τὸ
1515 1969 1757 2021 συνεῖναι
1782 1965 2051 2037 καμήλοις
2079 1968 2173 2020 καὶ
2208 1971 2283 2039 μή
2312 1967 2614 2033 ξενίζεσθαι
2657 1970 2723 2040 τῇ
2756 1968 2855 2040 θέα
2887 1970 3087 2025 αὐτῶν.
3125 1972 3246 2025 Εἰσὶ
3274 1971 3331 2025 δὲ
3362 1971 3459 2025 καὶ
3497 1973 3683 2044 ἕτερα,

418 2071 563 2141 ἅπερ
592 2067 657 2121 ἄν
683 2083 766 2130 τις
800 2063 1080 2134 ἐπινοήσοι
1126 2061 1262 2132 πρὸς
1293 2060 1360 2113 τά
1388 2058 1633 2130 παρόντα
1661 2054 2144 2122 διασκοπούμενος.

492 2156 635 2231 ρμβ¹.
677 2156 968 2209 Συνελόντα
1000 2154 1055 2207 δὲ
1084 2154 1262 2206 εἰπεῖν
1285 2151 1503 2205 ἅπαντα
1530 2148 1596 2201 τὰ
1627 2146 2006 2217 προειρημένα

420 2253 547 2320 περὶ
574 2252 672 2321 τῆς
698 2246 963 2316 τακτικῆς
1001 2245 1233 2315 θεωρίας
1280 2243 1375 2298 ἀπ’
1404 2241 1579 2312 ἀρχῆς
1615 2239 1743 2311 ἄχρι
1787 2238 1999 2302 τέλους.

420 2344 519 2396 ὅσα
543 2357 601 2394 τε
633 2339 721 2393 διά
763 2355 823 2391 τε
868 2336 937 2390 τὰ
986 2336 1148 2400 ὅπλα,
1217 2334 1313 2387 καὶ
1355 2332 1452 2397 τὰς
1486 2331 1750 2396 ὁπλίσεις,
1783 2331 1876 2383 καὶ
1906 2330 2003 2392 τὰς

420 2432 728 2505 γυμνασίας
747 2472 761 2496 ,
795 2431 890 2483 καὶ
915 2428 1013 2491 τὰς
1052 2425 1383 2497 παρατάξεις
1410 2424 1508 2487 τάς
1536 2421 1840 2492 πολεμικὰς
1859 2460 1875 2486 ,
1908 2420 2005 2473 καὶ

420 2526 517 2589 τὰς
542 2522 707 2585 ἄλλας
737 2518 1109 2589 στρατηγικάς
1144 2516 1421 2587 μεθόδους,
1453 2516 1668 2584 είρηται
1696 2513 1882 2566 ἕνεκεν
1908 2509 2002 2564 τοῦ

419 2612 754 2687 Σαρακηνῶν
789 2611 973 2673 ἔθνους
1007 2611 1162 2680 ἡμῖν,
1193 2609 1288 2661 καὶ
1316 2605 1675 2678 παρηγγέλθη
1702 2644 1718 2667 ,
1766 2604 1860 2657 καὶ
1889 2602 2004 2655 δια-

420 2708 700 2761 τέτακται.
729 2701 903 2756 Τοῦτο
930 2701 1038 2770 γὰρ
1070 2697 1164 2752 καὶ
1189 2697 1493 2766 γειτονεῦον
1522 2698 1589 2765 τῇ
1624 2694 1871 2765 ἡμετέρᾳ
1908 2709 2005 2744 πο-

421 2796 616 2869 λιτεία,
646 2795 799 2849 οὐδὲν
830 2789 993 2865 ἦττον
1025 2790 1120 2844 τοῦ
1155 2790 1326 2843 πάλαι
1358 2785 1630 2859 Περσικοῦ
1672 2785 1859 2846 ἔθνους
1889 2786 2004 2845 τοῖς

421 2888 667 2960 ἀρχαίοις
702 2883 982 2957 βασιλεῦσι
1031 2884 1100 2935 τά
1136 2880 1230 2935 νῦν
1262 2881 1395 2950 ἡμῖν
1428 2878 1664 2948 ἐνοχλεῖ,
1700 2875 1794 2928 καὶ
1824 2890 2004 2960 παραῖ

422 2957 582 3030 λυπεῖ
607 2976 734 3039 τοὺς
762 2974 1062 3045 ἡμετέρους
1107 2971 1380 3038 ὑπηκόους
1430 2968 1491 3021 τὸ
1546 2966 1912 3033 καθεκάστην,
1942 2957 2003 3017 οὗ

422 3066 583 3143 χάριν
633 3065 726 3119 καὶ
772 3064 865 3143 ’τὸν
917 3060 1160 3132 παρόντα
1205 3060 1302 3130 τῆς
1356 3056 1659 3127 πολεμικῆς
1706 3051 2004 3117 διατάξεως

2180 2148 2301 2203 ΗΞ.
2348 2148 2504 2203 Brevi
2535 2159 2741 2215 autem,
2779 2165 3124 2221 quaecunque
3156 2167 3185 2206 a
3220 2153 3379 2207 nobis
3411 2153 3479 2208 de
3510 2168 3685 2225 appa-

2108 2253 2226 2297 ratu
2273 2243 2419 2306 belli,
2451 2244 2519 2298 de
2564 2247 2755 2310 armis,
2812 2254 3113 2310 armatura,
3170 2247 3684 2313 exercitationibus,

2108 2335 2330 2390 aciebus
2358 2335 2588 2401 bellicis,
2621 2350 2686 2391 ac
2721 2336 2930 2404 reliqua
2972 2336 3264 2405 disciplina
3298 2338 3518 2392 militari
3555 2354 3687 2392 eon-

2106 2429 2312 2496 scripta
2339 2436 2490 2493 sunt,
2526 2440 2590 2480 ea
2621 2426 2807 2480 omnia
2838 2426 2905 2479 ad
2938 2425 3245 2481 Saracenos
3286 2428 3689 2497 Oppugnandos

2107 2519 2575 2583 recensebantur;
2611 2520 2725 2573 haec
2750 2519 2896 2573 enim
2928 2534 3063 2587 gens
3099 2519 3327 2573 finitima
3365 2530 3553 2574 nostro
3588 2522 3690 2574 im-

2108 2609 2279 2677 perio,
2311 2607 2773 2676 quemadmodum
2812 2607 2993 2665 Persa:
3019 2610 3149 2662 olim
3186 2609 3422 2675 fuerant,
3450 2626 3555 2664 non
3589 2611 3689 2664 mi-

2110 2711 2214 2747 nus
2272 2698 2377 2749 sub
2444 2706 2695 2749 nostrum
2753 2697 3044 2764 imperium
3102 2697 3380 2766 subjectos
3441 2699 3690 2755 homines

2108 2794 2293 2850 vexat,
2326 2796 2490 2854 atque
2526 2787 2601 2840 illi
2662 2785 2791 2839 olim
2843 2786 3113 2842 fecerunt.
3152 2789 3341 2857 itaque
3379 2790 3541 2858 hujus
3568 2791 3689 2844 libri

2108 2876 2494 2931 conscribendi
2533 2876 2775 2930 laborem
2802 2878 3171 2946 suscepimus,
3205 2888 3262 2931 ut
3292 2879 3467 2933 nostri
3499 2880 3693 2933 adver-

2109 2981 2206 3021 sus
2248 2966 2372 3020 illos
2422 2966 2721 3035 paratiores
2774 2968 3271 3037 instructioresque
3302 2978 3510 3024 essent.
3553 2971 3693 3025 Alia:

2111 3073 2240 3112 vero
2274 3058 2514 3111 acierum
2571 3057 2759 3111 forma:
2808 3074 2837 3111 a
2889 3061 3048 3115 nobis
3086 3073 3347 3130 praeterea
3388 3064 3692 3121 adinventaa

425 3137 796 3229 ἀνεδεξάμεθα
829 3155 1009 3208 πόνον.
1056 3151 1330 3222 Εὕρηνται
1360 3151 1416 3204 δὲ
1450 3150 1582 3221 ἡμῖν
1609 3146 1745 3218 πρὸς
1776 3148 1891 3206 τοῖς
1925 3145 2001 3195 εί-

2109 3156 2260 3213 sunt,
2290 3146 2493 3215 quibus
2529 3148 2822 3202 adversum
2856 3149 3125 3206 barbaros
3155 3167 3289 3207 usus
3321 3168 3572 3223 magnam
3608 3157 3689 3211 ri-

428 3250 685 3327 ρημένοις
728 3247 824 3301 καὶ
863 3246 1028 3318 ἕτερα
1060 3243 1419 3315 παρατάξεων
1447 3242 1727 3314 σχήματα,
1755 3232 1836 3301 οἷς
1863 3253 2001 3308 χρη-

429 3342 684 3413 σάμενος,
704 3333 750 3395 ὧ
774 3336 1069 3409 στρατηγέ,
1099 3336 1242 3390 κατὰ
1270 3336 1363 3390 τοῦ
1388 3334 1631 3388 τοιούτου
1664 3327 2001 3403 βαρόαρικού

426 3432 612 3497 ἔθνους
632 3430 1035 3501 εὐδοκιμήσεις.
1064 3427 1187 3479 Εἰσὶ
1219 3426 1278 3479 δὲ
1306 3425 1503 3480 ταῦτα·

502 3519 647 3593 ρμγ’.
689 3519 949 3589 Ποιήσεις
994 3514 1297 3587 παράταξιν
1330 3514 1583 3585 ποικίλην
1622 3512 1698 3577 ὡς
1745 3516 1805 3568 έν
1848 3531 2003 3585 τυπῳ

426 3616 598 3673 εἰπεῖν
642 3611 752 3668 ἀπὸ
795 3609 1007 3684 ἀνδρῶν
1034 3609 1081 3674 ,δ
1107 3607 1430 3665 ἐπιλέκτων.
1459 3602 1643 3671 οὕτως
1674 3604 1867 3676 πρώτη
1900 3606 2002 3677 μὲν

424 3706 566 3768 δστω
591 3700 916 3777 παράταξιςο
941 3703 976 3773 ἦ
1006 3700 1276 3772 λεγομένη
1298 3700 1599 3769 πρόμαχος,
1625 3697 1839 3769 ἀνδρῶν
1871 3696 1999 3771 ,αφς

426 3800 521 3858 καὶ
558 3800 638 3862 είς
669 3798 795 3869 τρία
826 3796 1125 3866 διαιρήσεις
1158 3794 1249 3847 ίσα
1277 3793 1446 3864 μέρη,
1476 3791 1670 3859 δεξιὸν,
1689 3792 1998 3863 ἀριστερὸν,

430 3892 617 3964 μέσον,
644 3890 785 3943 ὥστε
816 3886 957 3943 εἶναι
989 3888 1081 3941 καὶ⁸
1102 3885 1277 3939 ταῦτα
1303 3885 1412 3940 άπὸ
1433 3883 1644 3955 ἀνδρῶν
1671 3882 1744 3952 φ’,
1776 3883 2003 3952 ἔγγιστα

428 3983 673 4054 ἀλλήλων
694 3983 802 4035 τῶν
825 3979 994 4051 τριῶν
1021 3977 1229 4033 τούτων
1249 3974 1458 4043 τάξεων
1483 3976 2000 4046 παρατεταγμένων,

426 4076 502 4138 ὼς
533 4075 708 4127 δοκεῖν
746 4073 874 4142 μίαν
896 4068 1033 4124 εἶναι
1066 4068 1164 4141 τὴν
1192 4068 1371 4133 τάξιν.
1403 4066 1512 4138 Τὴν
1540 4066 1597 4119 δὲ
1632 4065 1887 4135 δευτέραν
1910 4065 2004 4118 τά·

429 4168 512 4233 ξιν
538 4166 784 4237 ποιήσεις
825 4164 933 4219 ἀπὸ
977 4162 1189 4234 ἀνδρῶν
1219 4179 1288 4229 ,α,
1317 4162 1384 4233 ήν
1415 4162 1495 4225 είς
1525 4160 1765 4230 τέσσαρα
1793 4158 2002 4229 διαιρήει

430 4271 543 4318 σεις
577 4255 717 4326 μέρη
751 4254 856 4307 ἀπὸ
883 4255 1000 4317 ένος
1035 4253 1417 4323 σαγιττοὸόλου
1446 4251 1691 4322 ἀλλήλων
1723 4250 2004 4320 διιστάμε-

426 4363 515 4413 να,
546 4344 686 4401 ὥστε
721 4341 858 4400 εἶναι
883 4346 1022 4400 αὐτὰ
1044 4348 1151 4401 ἀπὸ
1180 4345 1389 4416 ἀνδρῶν
1416 4344 1512 4410 ον’,
1536 4344 1711 4397 ὀπίσω
1734 4343 1829 4411 τῆς
1856 4343 2004 4412 πρώ-

426 4458 524 4510 της
554 4436 911 4510 παρατάξεως
938 4438 1242 4509 ἱσταμένων
1265 4477 1279 4501 ,
1313 4435 1453 4493 ὥστε
1482 4438 1596 4504 εῖγε
1630 4436 1786 4488 τοῦτο
1822 4435 2001 4505 συμόῇ

427 4532 527 4601 τὴν
549 4526 771 4601 πρώτην
798 4525 1331 4597 ὑποηδῆσαιτάξιν,
1364 4523 1721 4595 ὑποδέχεσθαι
1752 4523 1920 4595 αὐτὴν
1948 4526 2004 4577 ὲν

426 4623 540 4683 τοῖς
585 4621 761 4682 κενοῖς
807 4616 988 4671 αὐτῶν
1035 4615 1135 4685 τῆς
1176 4614 1491 4685 διαιρέσεως
1524 4614 1743 4679 τόποις,
1775 4614 1869 4666 καὶ
1897 4608 2008 4664 οἷον

432 4712 561 4782 μίαν
592 4711 689 4764 σὺν
709 4710 888 4772 αὐτοῖς
915 4707 1158 4777 γίνεσθαι
1184 4706 1511 4778 παράταξιν.
1530 4707 1572 4757 Τ
1576 4705 1611 4759 ἁ
1632 4708 1741 4777 γάρ
1765 4708 2007 4776 τέσσαρα

433 4802 575 4872 μέρη
603 4802 704 4872 τῆς
730 4800 988 4870 δευτέρας
1031 4797 1236 4862 τάξεως
1283 4798 1413 4869 τρία
1459 4800 1604 4850 ποιεῖ
1647 4797 1780 4850 κενά
1806 4796 2002 4867 χωρία,

429 4894 509 4956 είς
535 4892 680 4964 ἅπερ
703 4893 869 4962 οίτῆς
900 4891 1124 4962 πρώτης
1145 4890 1351 4955 τάξεως
1378 4890 1622 4954 ἐλθόντες
1646 4890 2007 4959 συστήσονται

429 4988 495 5058 τῇ
532 4985 779 5057 δευτέρῳ
801 4984 895 5037 ἐπὶ
914 4983 1141 5047 ταύταις
1164 4982 1221 5037 δὲ
1237 4986 1485 5056 ποιήσεις
1507 4985 1601 5039 καὶ
1623 4983 2012 5051 νωτοφύλακας

430 5080 628 5150 ἄνδρας
663 5083 714 5146 φ’
752 5075 843 5141 οὓς
875 5076 1174 5149 διαιρήσεις
1222 5078 1301 5140 είς
1345 5077 1487 5148 μέρη
1522 5076 1616 5129 δύο
1647 5077 1789 5129 κατά
1819 5075 2008 5144 οὐρὰν,

429 5168 549 5238 ἦτοι
577 5166 748 5233 δεξιὸν
775 5165 866 5220 καὶ
892 5165 1199 5237 ἀριστερὸν,
1230 5163 1481 5219 ἵστασθαι
1511 5164 1566 5218 δὲ
1595 5163 1792 5225 αὐτοὺς
1836 5163 2011 5216 ὀπίσω

428 5261 528 5331 τῆς
558 5260 813 5330 δευτέρας
838 5259 1198 5331 παρατάξεως
1245 5260 1326 5321 είς
1369 5258 1561 5330 τρίτην
1592 5257 1765 5323 τάξιν,
1797 5255 1919 5327 ἔχον
1950 5256 2010 5308 τὸ

428 5356 658 5411 ἕκαστον
704 5356 869 5426 μέρος
916 5356 1019 5409 ἀνα
1064 5360 1161 5419 ον’,
1194 5352 1334 5406 ὥστε
1369 5354 1465 5406 καὶ
1508 5354 1566 5405 ὲν
1615 5350 1792 5422 καιρῴ
1820 5349 2008 5421 χρείας

430 5447 626 5510 αὐτοὺς
670 5447 1103 5518 προερχομένους
1150 5444 1401 5498 ὲνούσθαι
1450 5441 1586 5514 πρὸς
1637 5440 1889 5511 βοήθειαν
1941 5441 2005 5509 τῇ

428 5540 657 5613 δευτέρᾳ
691 5540 991 5611 παρατάξει
1017 5537 1384 5608 ὑποδεχομένη
1412 5536 1509 5606 τήν
1534 5534 1775 5604 πρώτην.
1792 5531 2006 5594 Ταύτας

433 5634 612 5702 μέντοι
651 5634 748 5697 τάς
784 5637 931 5704 τρεῖς
977 5633 1193 5700 τάξεις,
1225 5632 1272 5685 εί
1306 5633 1399 5683 καὶ
1425 5627 1758 5699 διῃρημένας
1788 5625 1878 5677 διά
1908 5626 2005 5693 τὴν

429 5728 616 5802 χρείαν
643 5729 946 5801 ὡρίσαμεν,
980 5727 1092 5784 ἀλλ’
1123 5727 1213 5782 οὖν
1240 5727 1520 5799 ήνωμένας
1540 5724 1604 5792 τῇ
1624 5720 1879 5792 ἐγγύτητι
1911 5718 2004 5772 καὶ

2109 3240 2339 3293 ctoriam
2363 3239 2732 3309 comparabis.

2183 3518 2306 3572 “5.
2342 3516 2562 3572 Variam
2588 3519 2760 3574 aciem
2793 3520 2859 3575 ad
2892 3521 3038 3577 hunc
3077 3522 3298 3579 modum
3338 3524 3579 3583 instrues
3612 3530 3693 3585 vi-

2110 3623 2297 3663 rorum
2332 3618 2569 3678 quatuor
2599 3608 2852 3665 millium.
2887 3612 3065 3667 Prima
3104 3614 3177 3670 sit
3216 3616 3384 3681 acies,
3413 3633 3536 3688 quae
3567 3635 3693 3689 pro-

2111 3701 2408 3771 pugnatrix
2439 3701 2664 3765 dicitur,
2706 3703 2949 3758 virorum
2974 3704 3123 3761 mille
3152 3707 3605 3779 quingentorum,
3636 3721 3692 3766 et

2111 3792 2167 3848 in
2217 3802 2328 3849 tres
2373 3802 2555 3863 partes
2599 3810 2719 3850 eam
2768 3796 3024 3853 divides:
3063 3798 3335 3866 dextram,
3382 3803 3690 3868 sinistram,

2110 3886 2368 3953 mtdiam,
2394 3895 2453 3942 ut
2479 3889 2707 3960 singula:
2733 3891 3157 3961 quingentorum
3181 3894 3425 3948 virorum
3451 3896 3562 3950 sint
3584 3913 3598 3961 ;
3627 3912 3693 3953 ac

2110 3982 2184 4034 ita
2218 3996 2387 4051 prope
2420 3996 2480 4037 se
2515 3990 2704 4036 mutuo
2754 3984 3078 4051 collucabis,
3114 3994 3171 4040 ut
3215 4002 3323 4041 una
3374 3988 3522 4045 acies
3571 4005 3693 4046 esse

2112 4072 2384 4127 videatur.
2427 4071 2738 4129 Secundam
2794 4076 2966 4130 aciem
3031 4078 3273 4133 virorum
3315 4080 3461 4143 mille
3499 4080 3689 4144 facies,

2110 4180 2346 4236 eamque
2406 4167 2460 4221 in
2506 4176 2745 4238 quatuor
2791 4177 2976 4238 partes
3007 4169 3241 4237 divides,
3276 4172 3436 4226 unius
3479 4173 3697 4242 sagittae

2106 4256 2256 4326 jactu
2289 4272 2319 4311 a
2354 4272 2414 4312 se
2446 4266 2635 4313 n‘mtuo
2665 4259 2955 4326 distantes,
2983 4268 3042 4313 ut
3072 4260 3129 4315 in
3171 4276 3499 4331 unaquaque
3535 4272 3692 4332 parte

2111 4349 2331 4405 ducenti
2365 4349 2763 4420 quinquaginta
2794 4350 2897 4403 viri
2927 4358 3053 4419 post
3092 4350 3320 4420 primam
3359 4353 3532 4407 aciem
3575 4356 3691 4408 col-

2113 4440 2384 4495 locentur.
2420 4440 2578 4506 Quod
2620 4440 2665 4495 si
2698 4440 2929 4511 primam
2962 4441 3135 4496 aciem
3165 4442 3512 4499 retrocedere
3549 4460 3688 4499 con-

2112 4531 2307 4602 tingat,
2335 4532 2388 4585 in
2424 4547 2592 4587 vacua
2640 4531 2922 4588 interstitii
2964 4533 3083 4587 loca
3117 4534 3475 4603 recipiantur,
3524 4545 3691 4605 atque

2108 4622 2243 4677 adeo
2278 4637 2385 4677 una
2424 4639 2548 4678 cum
2583 4623 2692 4678 illis
2721 4624 2867 4680 acies
2892 4622 3045 4678 fiant.
3075 4623 3210 4678 Nam
3248 4636 3485 4696 quatuor
3507 4639 3689 4697 partes

2108 4715 2367 4771 secunda:
2396 4716 2532 4770 aciei
2560 4718 2664 4771 tria
2695 4717 2981 4773 intervalla
3006 4716 3235 4781 faciunt,
3269 4719 3324 4772 in
3365 4735 3487 4789 quae
3513 4720 3688 4789 prima

2107 4805 2256 4861 acies
2288 4821 2348 4861 se
2379 4805 2668 4876 recipiens,
2702 4806 2770 4861 ad
2800 4808 3100 4863 secundam
3134 4808 3305 4862 aciem
3340 4819 3684 4880 aggregetur.

2108 4894 2237 4950 Post
2262 4896 2385 4963 hos,
2426 4898 2723 4969 tergistitcs
2749 4898 3013 4966 instrues,
3050 4899 3298 4954 homines
3331 4901 3684 4971 quingentos.

2113 5003 2251 5058 quos
2283 4987 2421 5044 duas
2460 4989 2514 5041 in
2561 4997 2746 5058 partes
2779 5004 2808 5042 a
2847 5000 2999 5059 tergo
3040 4988 3250 5045 divides
3282 5006 3295 5043 :
3344 4990 3594 5046 dextram
3632 5001 3689 5048 et

2112 5083 2415 5136 sinistram.
2449 5078 2556 5135 llos
2606 5095 2637 5134 a
2667 5090 2820 5150 tergo
2858 5081 3115 5137 secunda:
3148 5083 3285 5137 aciei
3323 5083 3585 5151 instrues,
3621 5100 3688 5139 ac

2110 5172 2156 5225 si
2190 5170 2351 5225 tertia
2381 5171 2529 5225 acies
2561 5179 2767 5235 essent,
2799 5179 2855 5224 ut
2884 5186 3223 5241 unaquaque
3257 5186 3385 5242 pars
3416 5172 3684 5227 ducentos

2110 5260 2504 5333 quinquaginta
2540 5262 2687 5318 viros
2740 5263 2955 5329 habeat,
2991 5270 3045 5317 ut
3087 5264 3133 5319 si
3164 5265 3383 5334 quando
3426 5275 3688 5335 opportu-

2115 5371 2243 5410 num
2281 5356 2373 5419 sit,
2410 5362 2463 5410 et
2496 5354 2598 5424 ipsi
2657 5353 2725 5409 ad
2769 5356 3064 5411 secundam
3106 5359 3279 5411 aciem
3318 5357 3684 5426 adjuvandam

2113 5449 2696 5523 prOgrediautur,-qua:
2724 5447 2836 5517 jam
2860 5447 3092 5517 primam
3120 5456 3420 5518 receperat.
3440 5446 3548 5503 Has
3573 5456 3685 5504 tres

2114 5543 2261 5595 acies
2288 5542 2354 5595 ad
2389 5557 2549 5595 usum
2576 5550 2882 5614 separatas,
2904 5542 3314 5613 propinquitate
3339 5542 3687 5613 conjunctas,

2114 5635 2179 5688 ad
2207 5651 2263 5689 se
2296 5644 2484 5690 mutuo
2518 5635 2858 5706 adjuVandas
2889 5634 3113 5690 idoneas
3133 5652 3255 5691 esse
3286 5636 3684 5705 perspeximus.

2115 5726 2207 5785 llis
2259 5727 2522 5801 adjimgcs
2569 5743 2775 5786 cornua
2825 5742 3015 5797 prope,
3045 5734 3097 5783 et
3131 5742 3314 5785 coram
3348 5727 3526 5799 prima
3566 5725 3684 5781 acie
