4074 6222
371 270 484 337 953

1603 267 1880 329 LEONIS
1907 265 2375 328 PHILOSOPHI

3543 265 3664 338 984

367 386 436 435 ad
474 382 731 437 dextrum
765 377 911 434 latus
948 376 1288 445 cornistites,
1323 376 1390 431 ad
1441 377 1728 434 sinistrum
1767 379 1965 434 latera-

2074 382 2181 442 τοῖς
2215 379 2358 450 ὑπὲρ
2389 375 2638 446 ἀλλήλων
2667 375 3015 448 ἀγωνίσμασι
3040 376 3439 449 κατανοοῦμεν,
3470 375 3562 434 διὰ
3589 380 3669 434 τὰ

369 488 508 537 nos;
547 471 694 539 iique
715 484 780 524 ex
805 468 1056 523 ducentis
1091 467 1224 523 viris
1253 467 1641 532 conficiantur,
1671 477 1728 521 ut
1757 469 1826 523 ad
1860 471 1958 524 ho-

373 563 544 615 stium
583 561 756 614 aciem
787 557 1137 612 ambiendam
1168 557 1490 613 eornistites
1531 558 1706 628 parati
1737 560 1871 623 sint,
1904 567 1960 613 et

371 654 437 706 ad
473 655 681 715 hostes,
717 653 807 722 qui
840 649 1279 706 circumcluderc
1315 666 1414 705 vos
1453 661 1747 715 conantur,
1791 652 1961 721 impe-

370 746 622 810 diendos,
659 744 886 798 laterani
913 743 1170 798 instructi
1195 743 1324 798 sint.
1360 743 1561 799 Praeter
1593 743 1694 799 hos
1726 752 1960 813 utroque

371 839 424 890 in
454 839 622 892 latere
646 836 864 891 eminus
889 838 1148 893 cohortes
1169 837 1307 892 duas
1329 835 1694 891 ducentorum
1718 836 1960 890 virorum

370 929 698 994 collocabis,
726 943 866 999 quas
897 929 1024 984 hinc
1080 936 1243 998 atque
1287 929 1437 983 illinc
1476 930 1612 983 aciei
1655 929 1708 982 iu
1741 928 1961 983 insidiis

329 1034 337 1044 ··
371 1021 698 1085 collocabis,
759 1022 852 1091 qui
901 1021 1176 1090 drnngisti
1213 1029 1267 1075 et
1303 1020 1591 1076 confertim
1648 1020 1956 1090 prosiliant,

368 1122 423 1164 et
453 1112 692 1166 hostium
738 1113 909 1165 latera
949 1111 1231 1166 invadant.
1265 1110 1322 1165 ln
1351 1113 1527 1166 tribus
1559 1121 1740 1166 autem
1775 1113 1962 1168 vacuis

370 1204 567 1272 spatiis
595 1213 760 1272 atque
817 1203 1123 1257 intervallis
1162 1204 1419 1258 secunda:
1457 1203 1594 1257 aciei
1628 1203 1778 1258 viros
1827 1219 1961 1258 cen-

373 1305 508 1359 tum,
544 1303 637 1349 aut
660 1295 930 1350 ducentos
962 1295 1300 1359 collocabis,
1321 1303 1380 1348 ut
1408 1294 1660 1349 videatur
1711 1310 1816 1348 una
1843 1294 1966 1364 jun-

370 1397 572 1457 ctaque
595 1387 742 1442 acies
773 1402 915 1442 esse.
954 1385 1042 1450 lli,
1083 1386 1129 1440 si
1163 1386 1293 1455 quid
1323 1401 1466 1456 opus
1493 1388 1588 1450 sit,
1622 1387 1800 1442 locum
1832 1388 1965 1443 dent

372 1481 564 1550 prima:
603 1479 736 1532 aciei
790 1477 858 1531 ad
903 1477 1018 1531 haec
1069 1477 1354 1530 intervalla
1393 1493 1450 1532 sc
1492 1477 1823 1549 recipienti;
1875 1479 1964 1534 sin

375 1573 581 1635 minus,
637 1569 705 1624 ad
762 1569 943 1639 fugam
973 1569 1234 1624 incitatos
1265 1569 1590 1639 reprimant,
1617 1579 1671 1625 et
1707 1571 1773 1624 ad
1806 1587 1962 1626 suam

376 1665 620 1734 ipsorum
685 1662 856 1716 aciem
919 1676 1013 1714 eos
1074 1660 1375 1729 impellant,
1424 1668 1478 1714 et
1549 1661 1615 1714 ad
1662 1661 1964 1731 tergistites

2059 471 2158 523 τοῦ
2207 471 2487 542 σχήματος
2538 468 2778 522 εὔθετον.
2798 469 2922 523 Ἐπὶ
2954 469 3170 534 τούτοις
3209 471 3430 540 στήσεις
3463 471 3559 525 καὶ
3584 473 3664 524 τὰ

2058 563 2330 632 λεγόμενα
2352 563 2559 635 κέρατα
2586 561 2730 615 κατὰ
2755 564 2944 632 χεῖραν
2967 562 3202 631 (89),καὶ
3223 561 3533 634 ἔμπροσθεν
3552 563 3666 631 τῆς

2061 655 2284 727 πρώτης
2309 655 2536 721 τάξεως,
2574 656 2700 717 τοὺς
2739 655 2837 724 μὲν
2867 655 3195 724 λεγομένους
3230 654 3676 726 ὕπερκεράστας

2061 749 2204 802 κατὰ
2234 748 2296 800 τὸ
2327 746 2502 814 δεξιὸν
2539 746 2704 816 μέρος
2728 784 2743 807 ,
2771 744 2899 808 τοὺς
2928 744 2984 797 δέ
3019 743 3469 814 πλαγιοφύλακας
3512 745 3666 798 κατά

2059 839 2121 893 τὺ
2150 838 2452 907 εὐώνυμον.
2468 837 2579 890 Καὶ
2598 836 2768 890 ταῦτα
2796 835 3038 889 ἔστωσαν
3057 836 3165 890 ὂ.πὸ
3185 841 3230 888 σθ
3254 835 3482 906 ἀνδρῶν,
3510 835 3662 888 ὥστε

2061 926 2201 984 εἶναι
2233 929 2483 999 ἑτοίμους
2515 930 2594 992 είς
2618 926 2679 979 τὸ
2703 927 2983 980 κυκλῶσαι
3006 928 3106 998 τὴν
3136 927 3513 998 ἐπερχομένην
3540 927 3664 980 τῶν

2064 1018 2341 1088 πολεμίων
2385 1017 2692 1088 παράταξῐν
2741 1017 2870 1080 τοὺς
2917 1015 3358 1088 ὑπερκεράστας,
3392 1018 3470 1080 είς
3501 1017 3558 1070 δὲ
3595 1019 3666 1070 τὸ

2063 1107 2306 1161 κωλύσαι
2334 1106 2434 1176 τὴν
2467 1107 2561 1160 ἀπ’
2593 1106 2818 1160 ἐκείνων
2863 1105 3003 1159 κατὰ
3044 1107 3141 1175 τῆς
3191 1107 3289 1176 σῆς
3322 1107 3524 1172 τάξεως
3554 1107 3663 1160 κύ-

2063 1200 2262 1254 κλωσιν
2289 1200 2412 1264 τοὺς
2444 1199 2759 1269 εὐωνύμους
2801 1197 3254 1267 πλαγιοφύλακας
3274 1239 3288 1262 ,
3323 1199 3356 1272 ἢ
3386 1198 3526 1269 τάχα
3559 1199 3661 1252 κα).

2063 1293 2264 1355 αὐτοὺς
2313 1292 2394 1355 είς
2439 1291 2715 1345 κύκλωσιν
2765 1291 3038 1361 ἑτοίμους.
3089 1290 3201 1344 Καὶ
3249 1291 3385 1361 πρὸς
3443 1291 3664 1354 τούτοις

2065 1387 2316 1455 ποιήσεις
2348 1387 2406 1438 ἐν
2433 1385 2674 1454 ἑκατέρᾳ
2705 1384 2917 1456 πλευρᾷ
2963 1383 3241 1456 μακρόθεν
3271 1385 3528 1455 τάγματα
3559 1385 3683 1438 δύο.

2065 1477 2174 1531 ἀπὸ
2219 1477 2431 1549 ἀνδρῶν
2464 1475 2528 1542 σ’,
2559 1476 2704 1530 ὥστε
2750 1479 2831 1540 είς
2883 1478 3132 1546 ἐνέδρους
3176 1477 3454 1545 γενέσθαι,
3483 1479 3664 1548 ἧγουν

2067 1569 2438 1640 ἐγκρύμματα
2488 1569 2641 1623 ἐνθεν
2689 1571 2950 1623 κακεῖθεν
2986 1569 3087 1640 τῆς
3144 1570 3247 1640 σῆς
3298 1569 3667 1640 παρατάξεως

2067 1659 2330 1724 ἑστῶτας,
2359 1659 2572 1730 ἀθρόως
2625 1659 2684 1712 δὲ
2739 1660 2835 1713 καὶ
2890 1660 2952 1712 τὸ
3003 1659 3298 1730 λεγόμενον
3341 1661 3668 1730 δρουγγιστὶ

375 1767 705 1823 magnopere
729 1765 852 1804 cum
886 1749 994 1802 illis
1025 1747 1406 1817 posteajuncti
1437 1749 1814 1817 adjuvabuut:
1842 1766 1964 1821 qua:

2074 1751 2442 1822 ἐκπηδῶντας,
2475 1752 2570 1804 καὶ
2613 1751 2759 1804 κατὰ
2807 1751 2915 1804 τῶν
2949 1751 3204 1824 πλευρῶν
3235 1752 3346 1806 τῶν
3380 1753 3666 1824 πολεμίων

374 1860 467 1900 res
496 1860 604 1899 non
637 1857 807 1912 parvo
835 1839 1090 1911 praesidio
1113 1849 1196 1895 est
1227 1840 1292 1895 iis
1317 1840 1407 1910 qui
1438 1841 1491 1895 in
1517 1841 1710 1910 praelio
1736 1842 1960 1898 fuerint.

375 1939 480 2003 Qui
523 1944 734 1993 restant
763 1943 982 1991 centum
1022 1935 1144 2001 viri,
1180 1951 1304 1989 cum
1349 1935 1683 2005 imperatore
1729 1936 1853 2006 ipso
1886 1937 1965 1992 si,-

379 2031 490 2084 mul
515 2032 569 2082 in
606 2028 954 2099 expeditione
977 2028 1297 2097 procedant,
1332 2037 1391 2081 ut
1425 2028 1470 2082 si
1503 2027 1725 2098 quando
1753 2026 1966 2082 afﬂictae

378 2120 518 2191 parti
544 2119 979 2174 succurrendum
1005 2119 1094 2180 sit,
1120 2117 1156 2171 ii
1181 2134 1246 2173 eo
1275 2118 1428 2173 missi
1459 2135 1714 2190 magnum
1739 2119 1793 2174 in
1824 2121 1965 2176 bello

380 2217 719 2261 momentum
777 2205 1028 2272 all'erant,
1079 2216 1133 2261 et
1172 2207 1462 2279 praesentia
1497 2225 1594 2264 sua
1649 2209 1963 2264 inclinatam

379 2306 587 2369 partem
645 2298 954 2352 sublevem.
989 2297 1165 2368 Atque
1221 2299 1284 2352 ad
1321 2302 1465 2353 hunc
1501 2299 1720 2353 modum
1766 2301 1964 2370 prima,

377 2392 643 2454 Secunda,
676 2392 836 2446 tertia
873 2391 1020 2445 acies
1052 2393 1354 2457 instructus,
1393 2393 1604 2447 militia:
1647 2403 1847 2448 nostra:
1889 2394 1968 2447 la-

377 2484 578 2550 terani,
630 2483 924 2549 cornistes,
968 2483 1286 2554 tergistitcs,
1348 2492 1401 2539 et
1433 2483 1670 2550 insidim,
1704 2494 1757 2540 et
1793 2486 1845 2540 in
1881 2485 1967 2540 itt-

377 2573 633 2629 tcrstitiis
684 2573 779 2643 qui
837 2583 960 2626 sunt
995 2573 1183 2642 positi,
1217 2583 1271 2628 et
1311 2575 1402 2642 qui
1456 2576 1510 2629 in
1545 2575 1808 2630 subsidiis
1842 2591 1966 2630 cum

379 2665 710 2734 imperatore
748 2671 898 2728 sunt,
931 2672 1170 2733 quatuor
1217 2667 1457 2721 millibus
1489 2667 1733 2721 virorum
1765 2667 1970 2724 descri-

382 2755 602 2808 bantur.
641 2754 945 2822 Imperator
990 2752 1232 2806 medium
1257 2754 1446 2822 prima:
1476 2756 1612 2810 aciei
1648 2754 1826 2808 locum
1871 2757 1970 2809 ob-

383 2846 604 2911 tinebit,
665 2846 927 2908 instruat,
984 2860 1051 2900 ac
1114 2845 1420 2915 provideat,
1461 2862 1584 2916 quae
1642 2847 1790 2902 facto
1828 2861 1969 2916 opus

384 2951 534 3006 sunt,
569 2953 870 3008 secumque
907 2938 1009 2994 hoc
1033 2946 1254 2993 centum
1290 2940 1534 2994 virorum
1570 2940 1764 2994 habeat
1786 2940 1971 2995 subsi-

384 3033 556 3088 dium.
574 3031 982 3101 Sinmajoribus
994 3031 1172 3101 copiis
1195 3047 1333 3101 opus
1357 3031 1450 3095 sit,
1471 3031 1536 3084 ad
1567 3033 1968 3096 turmarcham,

2065 1846 2785 1918 ἐπερχομένους.Ἕστωσαν
2813 1846 2868 1899 δὲ
2901 1847 2996 1899 καὶ
3039 1847 3098 1898 ἐν
3143 1847 3259 1909 τοῖς
3301 1847 3447 1917 τρισὶ
3478 1851 3668 1911 κενοῖς

2068 1939 2261 2009 μέρεσι
2305 1938 2407 2008 τῆς
2455 1937 2714 2010 δευτέρας
2764 1938 3123 2009 παρατάξεως
3173 1938 3282 1991 ἀπὸ
3329 1939 3537 2009 ἀνδρῶν
3585 1938 3665 2011 ρ⁹;

2067 2033 2235 2101 ῆγουν
2262 2029 2454 2100 ἄνδρες
2495 2027 2562 2095 τ’,
2594 2030 2735 2084 ὥστε
2763 2031 2941 2084 δοκεῖν
2973 2030 3328 2101 συνημμένην
3377 2026 3515 2083 εἶναι
3561 2033 3663 2085 καὶ

2067 2122 2238 2192 αὐτὴν
2257 2121 2355 2192 τὴν
2384 2120 2557 2185 τάξιν.
2581 2113 2742 2174 Οὗτοι
2765 2121 2844 2186 δὲ,
2875 2123 2924 2174 εί
2951 2123 3060 2192 ἄρα
3095 2120 3253 2192 χρεία
3279 2121 3496 2176 καλέσοι
3527 2122 3668 2175 ὕπο-

2068 2215 2315 2286 χωρῆσαι
2363 2216 2490 2278 τοὺς
2540 2214 2642 2285 τῆς
2672 2213 2898 2286 πρώτης
2923 2215 3152 2278 τάξεως,
3181 2215 3261 2277 είς
3291 2213 3361 2267 τά
3391 2214 3680 2284 εἰρημένω

2067 2306 2194 2377 τρία
2220 2307 2352 2360 κενὰ
2401 2307 2851 2377 ὑποχωρήσουσιν
2884 2306 3080 2372 ὀπίσω,
3116 2305 3252 2374 ὁμοῦ
3305 2305 3363 2358 δὲ
3404 2306 3497 2359 καὶ
3523 2307 3670 2361 ἁνα-

2072 2391 2317 2445 στελοῦσι
2347 2393 2474 2456 τοὺς
2503 2393 2792 2463 ὁρμῶντας
2839 2395 2973 2464 πρὸς
3015 2394 3213 2464 φυγὴν,
3276 2394 3368 2447 καὶ
3400 2397 3667 2465 ἐπιστρέ-

2068 2483 2230 2554 ψουσι
2256 2486 2335 2547 εἰς
2362 2485 2460 2554 τὴν
2502 2486 2711 2539 οίκείαν
2745 2485 2925 2539 αὐτῶν
2953 2486 3106 2550 τάξιν
3139 2489 3251 2548 τοῖς
3289 2486 3667 2555 νωτοφύλαξιν

2073 2577 2191 2647 ἅμα
2225 2577 2502 2648 γινόμενοι
2527 2578 2616 2630 διὰ
2645 2578 2745 2648 τῆς
2780 2579 2956 2631 ὀπίσω
2990 2579 3415 2650 ὑποχωρήσεως,
3438 2581 3577 2649 ὅπερ
3597 2579 3663 2631 οὗ

2075 2669 2279 2739 μικρὰν
2319 2670 2490 2740 ῥοπὴν
2521 2672 2740 2740 ποιήσει
2767 2673 2880 2734 τοῖς
2910 2672 3332 2742 ἀγωνιζομένοις
3360 2672 3659 2742 ὠφέλιμον.

2071 2762 2136 2814 Ui
2186 2760 2244 2814 δὲ
2292 2761 2470 2813 λοιποὶ
2517 2759 2562 2832 ρ’
2593 2761 2785 2832 ἄνδρες
2814 2761 3058 2817 ἔστωσαν
3099 2764 3213 2831 ἅμα
3254 2763 3335 2833 τῷ
3370 2764 3662 2835 στρατηγῴ

2076 2850 2215 2918 μετὰ
2238 2849 2338 2920 τῆς
2364 2851 2499 2913 ἰδίας
2521 2850 2670 2920 αὐτῷ
2693 2851 3067 2921 προελεύσεως
3088 2869 3101 2883 ο
3133 2853 3220 2906 ἵνα
3248 2853 3452 2907 ὁπόταν
3477 2853 3658 2924 συμσῇ

2073 2940 2232 3009 χρεία
2259 2941 2512 3009 γενέσθαι
2547 2942 2930 3013 βοηθῆσαίτινι
2963 2943 3286 3014 βαρουμένῳ
3320 2944 3500 3014 μέρει,
3528 2945 3666 2998 am-

2075 3033 2418 3104 στελλόμενοι
2453 3035 2644 3104 ἱκανὴν
2675 3036 2848 3106 ῥοπὴν
2882 3038 3200 3106 παρέχωσιν
3224 3036 3373 3105 αὐτῷ
3403 3039 3494 3089 καὶ
3525 3039 3659 3090 ἀνα-

385 3126 477 3195 qui
507 3125 637 3180 olim
670 3124 991 3194 imperator,
1017 3138 1166 3177 nunc
1201 3123 1513 3189 Inerarcba,
1537 3132 1632 3176 attt
1661 3126 1971 3178 turmarcba

2079 3125 2256 3196 ψυχὴν
2287 3125 2376 3178 διὰ
2407 3127 2504 3195 τῆς
2553 3127 2734 3178 αὐτῶν
2781 3127 3120 3197 ίκανότητος.
3159 3127 3267 3178 Ka‘t
3309 3126 3452 3179 οὕτω
3501 3130 3599 3198 μὲν
3629 3130 3664 3200 ἢ

385 3219 612 3283 dicitur,
651 3218 870 3272 mittere
903 3225 1138 3287 oportet.
1177 3213 1519 3270 Turmarclta
1558 3223 1739 3268 autem
1781 3213 1973 3283 singu-

386 3312 455 3366 lis
487 3311 756 3382 partibus,
810 3310 925 3365 sive
973 3309 1172 3364 turmis
1205 3315 1331 3361 ante
1373 3307 1499 3376 poni
1546 3305 1745 3371 debet;
1792 3304 1974 3358 omni-

389 3405 494 3460 bus
544 3415 723 3458 autem
777 3392 965 3473 prwsit
1010 3401 1328 3469 imperator.
1387 3399 1445 3452 In
1492 3397 1723 3467 singulis
1777 3395 1974 3450 turmis

389 3496 692 3569 (lruugarii,
721 3498 841 3552 sive
869 3496 1073 3550 tribuni
1097 3495 1228 3558 sint,
1257 3500 1312 3549 et
1342 3492 1571 3547 comites
1599 3491 1702 3546 sub
1734 3491 1862 3555 illis,
1890 3504 1978 3544 rc-

391 3588 630 3659 liquique
663 3586 926 3658 praefecti,
951 3587 1043 3657 qui
1079 3595 1269 3656 regant
1321 3584 1740 3655 gubernentque
1769 3583 1980 3637 exerci-

391 3689 530 3745 tum,
559 3690 612 3736 et
648 3679 714 3734 ad
748 3681 1086 3750 propositum
1117 3677 1368 3749 prwlium
1395 3677 1644 3730 incitent.

2082 3215 2231 3268 πᾶσά
2280 3231 2336 3266 τε
2394 3213 2583 3284 πρώτη
2619 3217 2712 3267 καὶ
2742 3215 2968 3283 δευτέρα
3019 3216 3110 3267 καὶ
3156 3215 3314 3286 τρίτη
3365 3216 3515 3279 τάξις
3561 3217 3666 3285 τῆς

2081 3304 2474 3375 παρατάξεως,
2525 3305 2619 3357 καὶ
2669 3305 2734 3376 δὴ
2791 3309 2885 3360 καὶ
2934 3307 2984 3358 oi
3035 3307 3504 3375 πλαγιοφύλακες,
3560 3307 3660 3360 καὶ

2082 3397 2514 3467 ύπερκεράσται,
2546 3396 2640 3449 καὶ
2668 3397 3050 3466 νωτοφύλακές
3083 3416 3141 3451 τε
3173 3400 3265 3452 καὶ
3301 3400 3499 3468 ἔνεδροι
3521 3439 3536 3461 ,
3565 3399 3664 3451 καὶ

2079 3489 2130 3542 οἱ
2159 3489 2312 3559 μέσοι
2347 3487 2455 3540 τῶν
2489 3487 2662 3540 κενῶν
2695 3489 2896 3554 τόπων,
2925 3491 3018 3542 καὶ
3045 3491 3108 3561 δὴ
3138 3492 3232 3543 καὶ
3257 3491 3306 3543 οί
3337 3493 3396 3543 ἐν
3431 3490 3668 3565 ὑποὸοητ

2083 3583 2204 3652 θείᾳ
2236 3581 2376 3652 μετὰ
2409 3581 2505 3634 τοῦ
2554 3581 2863 3652 στρατηγοῦ
2890 3584 3216 3653 τεταγμένοι
3244 3586 3302 3636 ἐν
3334 3584 3475 3646 ὅλοις
3508 3581 3551 3637 δ’
3572 3585 3671 3638 ἁν-

2081 3673 2242 3744 δράσι
2276 3674 2476 3736 πάντες
2501 3673 2638 3742 όμοῦ
2669 3675 3070 3740 ταττέσοωσαν,
3095 3676 3128 3728 ὁ
3149 3675 3206 3728 δὲ
3237 3675 3545 3745 στρατηγὸς
3569 3675 3670 3746 τὴν

393 3777 566 3848 μέσην
597 3777 764 3846 ἐχέτω
811 3776 966 3840 τάξιν
1007 3776 1108 3843 τῆς
1155 3773 1380 3843 πρώτης
1426 3770 1804 3841 παρατάξεως,
1862 3769 1956 3823 καὶ
1993 3769 2327 3822 διαταττέτω
2391 3769 2486 3820 καὶ
2517 3767 2698 3840 ὁράτω
2725 3770 2792 3822 τὰ
2820 3770 3044 3835 δέοντα,
3080 3771 3174 3824 καὶ
3229 3770 3436 3841 ταύτην
3497 3769 3673 3839 ἐχέτω

392 3869 813 3943 προσϐοὴθειαν,
846 3869 1000 3920 εἵπου
1033 3870 1126 3920 καὶ
1156 3867 1264 3919 δέοι
1295 3866 1540 3936 μείζονος
1567 3866 1875 3935 δυνάμεως,
1911 3865 2216 3933 ἐκπέμπων
2243 3863 2360 3933 ἅμα
2389 3863 2482 3915 τοῦ
2526 3863 2624 3916 σὺν
2681 3863 2830 3932 αὐτῷ
2857 3865 3089 3927 ἑστῶτος
3135 3865 3483 3934 τουρμάρχου
3530 3865 3671 3934 (90),

392 3971 512 4040 ἤτοι
547 3966 640 4018 τοῦ
677 3965 841 4017 πάλαι
875 3964 970 4032 μὲν
998 3961 1448 4031 ύποστρατήγου,
1481 3958 1576 4011 νῦν
1609 3958 1665 4011 δὲ
1695 3959 1969 4030 μεράρχου
2006 3956 2364 4026 καλουμένου.
2401 3956 2510 4008 Καὶ
2535 3955 2645 4022 γὰρ
2674 3954 2796 4007 καθ’
2847 3955 3079 4008 ἕκαστον
3134 3956 3302 4026 μέρος
3357 3956 3673 4026 ἔμπροσθεν

391 4057 744 4129 τουρμάρχης
787 4054 992 4124 ὀφείλει
1024 4051 1445 4124 προτάττεσθαι,
1503 4051 1599 4104 καὶ
1658 4051 1753 4102 ἐπὶ
1796 4053 2014 4103 πάντων
2072 4048 2279 4102 τούτων
2307 4050 2334 4102 ό
2363 4046 2691 4118 στρατηγός.
2728 4047 3033 4116 Ἐχέτωσαν
3060 4046 3118 4101 δὲ
3151 4048 3218 4100 τὰ
3249 4048 3392 4119 μέρη
3423 4049 3673 4109 καὶτοὺς

396 4155 558 4216 ἰδίους
587 4149 1002 4223 δρουγγαρίους,
1035 4149 1131 4200 καὶ
1157 4148 1282 4210 τοὺς
1316 4146 1409 4199 ὑπ’
1433 4147 1676 4208 ἐκείνους
1708 4145 1977 4215 κόμητας,
2007 4146 2101 4196 καὶ
2132 4146 2258 4206 τοὺς
2287 4144 2508 4207 λοιποὺς
2540 4143 2832 4215 ἄρχοντας,
2859 4143 2981 4196 κατ’
3004 4145 3207 4215 ἀρετὴν
3258 4145 3489 4199 ἕκαστον
3547 4161 3673 4198 συν-

392 4249 634 4312 εστῶτας
671 4247 765 4302 καὶ
803 4246 1078 4308 ἱθύνοντας
1107 4245 1234 4308 τοὺς
1263 4242 1600 4316 στρατιώτας
1639 4242 1736 4296 καὶ
1764 4242 2132 4313 διεγείροντας
2161 4242 2299 4313 πρὸς
2327 4241 2429 4312 τὴν
2464 4241 2835 4312 προκειμένην
2864 4242 3068 4316 μάχην.

466 4340 589 4394 ιιι.
618 4340 815 4393 Prima!
844 4338 980 4392 aciei
1017 4336 1422 4392 multitudinem
1463 4335 1532 4390 ad
1575 4337 1725 4390 ltune
1755 4336 1971 4390 modum

2158 4335 2302 4404 ppﬁ'.
2336 4333 2410 4386 Τὸ
2438 4333 2492 4385 δὲ
2522 4335 2687 4386 ποσὸν
2715 4337 2815 4403 τῆς
2849 4332 3073 4405 πρώτης
3107 4331 3315 4398 τάξεως
3343 4334 3669 4406 διαιρήσεις,

369 4435 626 4489 «lividos.
664 4431 903 4487 Tertiam
963 4439 1174 4502 partem
1215 4429 1336 4500 ejus
1366 4469 1382 4493 ,
1419 4444 1560 4499 quos
1615 4429 1832 4484 noveris
1882 4426 1971 4481 fort

2095 4426 2190 4479 καὶ
2225 4425 2286 4479 τὸ
2328 4426 2426 4496 μὲν
2477 4426 2643 4480 αὑτοῦ
2693 4429 2862 4497 ἤγουν
2892 4429 2951 4481 τὸ
2979 4429 3161 4498 τρίτον
3195 4429 3361 4500 μέρος
3391 4429 3671 4500 άφορίσεις

401 4540 481 4582 tes
527 4535 900 4595 strenuosque
952 4540 1097 4591 esse,
1133 4525 1185 4577 in
1212 4537 1469 4577 cursores
1514 4521 1746 4587 divides,
1779 4521 1971 4577 besscn

2093 4520 2172 4580 είς
2202 4521 2328 4582 τοὺς
2361 4519 2685 4589 λεγομένους
2713 4520 3059 4590 κούρσωρας,
3095 4521 3255 4583 ὅσους
3305 4521 3539 4589 μάλιστα
3581 4537 3672 4588 γι-

398 4622 666 4691 rcliquam
709 4620 762 4673 in
796 4619 1138 4679 defensores,
1176 4626 1236 4670 ut
1276 4617 1312 4670 ii
1345 4632 1402 4671 se
1423 4615 1678 4671 hostibus
1718 4614 1986 4683 objicien-

400 4726 482 4770 tes
514 4714 670 4785 quasi
722 4720 1182 4785 propugnatores,
1229 4709 1522 4778 drungisti,
1558 4709 1612 4764 id
1661 4707 1991 4764 estconfer-

401 4809 522 4877 tim,
559 4810 681 4864 sine
711 4809 829 4862 acie
867 4806 922 4860 in
949 4806 1136 4860 hostes
1163 4810 1511 4871 procurrant.
1540 4802 1698 4869 Quod
1743 4803 1787 4858 si
1819 4802 1872 4856 in
1908 4801 1991 4855 fu-

399 4919 523 4974 gain
573 4903 698 4957 illos
751 4900 1051 4961 verterint,
1099 4903 1402 4965 sequantur
1458 4893 1817 4960 defensores,
1877 4894 1993 4948 sive

401 4991 646 5045 vindices
675 5028 692 5057 ,
744 4989 916 5042 aciem
953 4987 1282 5040 instructam
1339 4999 1445 5036 non
1495 4984 1842 5045 deserentes,
1897 4981 1991 5035 sed

401 5084 692 5155 diligenter
720 5089 1026 5137 servantes.
1061 5075 1158 5132 Sin
1225 5086 1545 5145 pretnantur
1587 5087 1847 5128 cursores
1876 5071 1992 5127 sive

402 5179 711 5245 proclastae,
743 5184 796 5230 et
827 5171 1268 5237 retrocesserint,
1302 5178 1360 5223 ut
1398 5184 1522 5224 cum
1556 5169 1675 5223 acie
1733 5166 1990 5223 defenso-

2096 4611 2326 4674 νώσκεις
2357 4611 2636 4680 ἀνδρείους
2663 4613 2758 4664 καὶ
2789 4612 3107 4684 εὐτόλμους,
3137 4613 3197 4666 τὸ
3222 4613 3277 4666 δὲ
3301 4614 3528 4684 δίμυρον
3558 4611 3677 4683 (91)¹

2101 4703 2267 4773 μέρος
2287 4701 2472 4766 τάξεις
2497 4705 2574 4766 είς
2603 4704 2730 4766 τοὺς
2756 4703 3085 4774 λεγομένους
3116 4704 3436 4775 διφένσορας
3455 4745 3469 4769 ,
3504 4705 3591 4756 ἵνα
3623 4705 3673 4756 οί

2102 4797 2201 4865 μὲν
2235 4796 2378 4848 κατὰ
2411 4796 2704 4866 πρόσωπον
2736 4798 3078 4866 πεμπόμενοι
3106 4797 3180 4860 ὡς
3211 4797 3486 4868 πρόμαχοι
3515 4796 3674 4848 ἐπέλ-

2101 4891 2234 4944 θωσι
2270 4891 2411 4944 κατὰ
2441 4891 2547 4944 τῶν
2579 4890 2852 4961 πολεμίων
2885 4891 3218 4962 δρουγγιστὶ,
3259 4893 3286 4944 ὅ
3323 4893 3470 4944 ἐστιν
3513 4891 3672 4958 ὁμοῦ,

2102 4983 2438 5046 άνεντάξεως
2471 4982 2603 5053 (θῖ).
2640 4984 2748 5036 Καὶ
2770 4985 2818 5036 εἰ
2862 4985 2960 5054 μὲν
2985 4984 3276 5054 τρέφουσιν
3305 4983 3522 5046 αὐτοὺς,
3555 4983 3677 5034 ἀκο·

2101 5077 2427 5148 λουθήσουσι
2454 5078 2548 5130 καὶ
2587 5078 2635 5130 oi
2663 5077 3014 5148 διφένσωρες,
3045 5080 3211 5148 ἤγουν
3235 5079 3284 5129 οἱ
3319 5076 3501 5147 βοηθοὶ
3537 5075 3679 5128 ἔκδι-

2101 5186 2208 5235 κοι,
2242 5169 2319 5238 μὴ
2352 5167 2571 5231 λύοντες
2594 5168 2692 5240 τὴν
2717 5168 2870 5233 τάξιν
2899 5169 3109 5230 αὐτῶν.
3137 5169 3250 5222 ἀλλ’
3277 5170 3551 5230 εὐτάκτως
3583 5183 3681 5219 πε-

1897 5309 2140 5367 NOTAE.

464 5434 592 5505 ,(89)
618 5435 778 5489 Κατὰ
812 5433 1037 5504 χεῖραν.
1065 5430 1688 5505 Observamluntxsipa,
1713 5446 1810 5505 pro
1831 5429 1980 5505 χείρ.

409 5501 502 5558 Sic
533 5501 674 5571 apud
704 5501 916 5560 Annam
938 5506 1270 5559 Contuenam
1296 5504 1452 5555 Alex.
1485 5502 1624 5571 libro
1656 5518 1670 5554 ι
1696 5518 1708 5553 :
1745 5501 1854 5553 Kal.
1879 5505 1984 5570 γάρ

409 5573 486 5626 τὼ
516 5570 674 5641 άνδρε
706 5577 879 5628 τούτω
918 5575 1013 5628 καὶ
1038 5572 1206 5641 ἄμφω
1237 5573 1408 5641 ἤστην
1437 5570 1587 5641 καλώ
1611 5574 1704 5624 καὶ
1729 5571 1984 5638 γενναίω,

412 5645 505 5697 καὶ
530 5643 598 5696 τά
621 5640 686 5708 γε
716 5647 792 5706 εἰς
821 5648 1007 5713 χεῖραν
1029 5640 1120 5696 καὶ
1147 5640 1339 5711 πεῖραν
1369 5643 1487 5694 ἴσω.
1516 5640 1781 5694 Nimirum
1805 5641 1976 5696 Graeci

414 5713 746 5786 posteriores
786 5723 1038 5781 quartum
1075 5727 1261 5767 casum
1304 5728 1400 5780 pro
1441 5714 1616 5780 primo
1666 5713 1978 5779 ponebant;

2091 5438 2146 5486 et
2170 5428 2299 5483 talia
2325 5429 2481 5495 plura
2512 5428 2820 5483 indicamus
2853 5429 3055 5498 passim
3083 5429 3134 5482 in
3163 5434 3355 5482 nostro
3380 5424 3683 5478 Clossario.

2161 5500 2271 5569 (90)
2308 5499 2714 5568 Τουρμάρχου.
2753 5499 3128 5562 Scribebatur,
3202 5499 3540 5566 τουμάργου,

2167 5572 2282 5640 (9|)
2313 5572 2590 5639 Δίμυρον.
2625 5571 2838 5636 Scribe,
2874 5571 3144 5640 δίμοιρον.

2164 5642 2276 5712 (9'2)
2338 5640 2754 5707 Ἀνεντίίξεως.
2791 5641 2999 5706 Scribe,
3034 5639 3161 5695 ἄνευ
3194 5639 3421 5706 τάξεως,
