4052 6216
435 281 545 354 985

1465 275 1802 343 TACTICA.
1837 307 1906 321 —
1945 272 2447 340 CONSTITUTIO
2464 273 2685 344 XVIII.

3592 287 3701 353 986

436 396 794 468 ριπατοῦντες
822 395 932 466 (95)
953 410 966 425 ⁶
999 388 1122 447 εἰδὲ
1147 392 1457 464 βαρηθῶσιν
1495 396 1542 446 οῖ
1572 393 1879 464 κούρσωρες
1902 392 2012 463 (9-1)

2121 406 2208 446 res
2244 391 2366 446 illos
2420 393 2756 462 excipientes
2807 393 2994 449 hostes
3055 396 3374 464 reprimant.
3435 399 3530 455 Sin
3575 402 3707 470 quid

431 490 606 560 ἧγουν
641 491 689 542 οῖ
709 487 993 557 λεγόμενοι
1027 486 1125 538 κα)⁹
1183 484 1524 556 προκλάσται
1551 527 1565 549 ,
1600 479 1721 536 εἶτα
1756 484 2018 552 ὑποστρέ-

432 580 648 649 ψουσιν,
680 579 767 632 ἵνα
809 577 1184 648 ὑποδέχωνται
1215 575 1410 640 αὐτοὺς
1442 576 1490 628 οἱ
1521 575 1849 644 διερένσωρες
1881 574 2019 643 μετά

429 667 663 732 τάξεως,
695 668 791 719 καὶ
819 664 1206 719 ἀναστέλλουσι
1241 665 1367 726 τοὺς
1415 663 1726 732 πολεμίους.
1773 663 1833 715 ΕΞ
1873 662 1929 714 δέ
1966 679 2018 714 τι

431 757 528 809 καὶ
564 756 728 809 πλέον
756 756 970 824 καὶτῆς
999 754 1262 824 δευτέρας
1299 753 1506 817 τάξεως
1537 751 1972 822 ὑποὸοηθήσουσι
2001 789 2016 814 ,

431 847 533 900 καὶ
558 845 786 917 προσέτι
810 847 859 899 οἱ
885 843 1288 913 νωτοφύλακες,
1314 846 1412 897 καὶ
1437 845 1580 896 οὕτω
1612 843 1863 907 διώξουσι
1892 834 2019 905 τοὺς

435 936 771 1006 πολεμίους,
825 936 889 988 ὲκ
917 934 1170 1004 διαδοχῆς
1203 935 1302 1005 τὴν
1334 933 1584 1005 βοήθειαν
1625 934 1779 1005 παρά
1807 933 2016 986 πολλῶν

435 1027 844 1096 ὑποδεχόμενοι.
867 1026 941 1078 Ού
970 1027 1078 1096 γάρ
1106 1043 1196 1096 μοι
1227 1026 1376 1079 δοκεῖ
1406 1013 1463 1077 ἐν
1517 1026 1616 1095 μιᾷ
1646 1025 1786 1096 μόνῃ
1834 1040 2015 1096 παρα-

434 1119 588 1183 τάξει
622 1117 1068 1171 ἀποκινδυνεύειν
1113 1117 1352 1186 ἀσφαλές
1383 1116 1518 1188 (95).
1563 1115 1731 1184 Ὀμοῦ
1775 1115 1882 1185 γάρ
1923 1131 2018 1167 πο-

434 1208 608 1262 νοῦσα
640 1209 675 1280 ὴ
713 1209 812 1278 μία
837 1208 978 1278 ὁμοῦ
1020 1210 1114 1262 καὶ
1163 1209 1378 1277 φεύγει.
1415 1205 1683 1260 Ἐνταῦθα
1723 1206 1780 1259 δὲ
1821 1208 1870 1259 εἰ
1927 1208 2020 1260 καὶ

435 1301 472 1370 ἡ
504 1299 698 1370 πρώτη
725 1299 973 1368 πονήσει,
1007 1296 1123 1351 ἀλλ’
1152 1299 1186 1368 ή
1225 1297 1458 1368 δευτέρα
1486 1297 1699 1349 ἑστῶσα
1718 1295 2016 1367 ῥωμαλεώο

435 1408 594 1460 τερον
623 1388 890 1459 βοηθήσει
913 1388 1052 1459 (96).
1085 1388 1148 1440 Εἰ
1181 1388 1238 1442 δὲ
1262 1389 1356 1441 καὶ
1383 1387 1521 1460 αὐτὴ
1549 1390 1775 1457 πονήσει
1801 1427 1816 1451 ,
1842 1387 1956 1440 ἀλλ’
1980 1389 2014 1458 ii

433 1482 598 1553 τρίτη
647 1481 872 1544 ἀπαθῶς
903 1480 1107 1551 ἐπέλθῃ
1133 1520 1150 1546 ,
1187 1481 1283 1534 καὶ
1327 1481 1470 1534 οὕτω
1519 1481 1654 1552 πρὸς
1690 1483 1836 1551 τρεῖς
1870 1483 2013 1536 ἀπα-

436 1571 551 1634 θεῖς
583 1569 972 1641 παρατάξειςή
1003 1570 1100 1640 μία
1132 1569 1242 1622 τῶν
1263 1569 1534 1640 πολεμίων
1563 1568 1803 1621 πονοῦσα
1844 1569 2009 1621 εύκαο

433 1661 774 1731 ταγὼνιστος
803 1661 1037 1730 γίνεται,
1071 1660 1166 1712 καὶ
1195 1663 1405 1730 ταχέως
1434 1659 1756 1730 λυθήσεται,
1807 1660 1898 1712 καὶ
1929 1662 2008 1724 εἰς

2116 484 2338 552 gravius
2385 485 2688 554 contingat,
2751 484 2990 540 secunda
3053 487 3199 542 acies
3269 499 3324 543 et
3405 492 3706 561 tergi-stitcs

2119 582 2383 644 praeterea
2414 591 2570 646 Opem
2605 575 2806 640 lerant,
2831 585 2993 646 atque
3026 577 3168 632 adeo
3200 580 3384 636 hostes
3414 581 3707 652 insequan-

2118 670 2229 728 tur,
2261 663 2364 718 sibi
2402 673 2590 718 mutuo
2628 680 2808 734 opem,
2836 666 2881 720 si
2907 667 3035 734 quid
3072 682 3206 721 usus
3241 670 3500 737 postulet,
3529 669 3708 724 teren-

2119 763 2221 810 tes.
2251 755 2445 825 Neque
2487 755 2634 809 enim
2677 756 2811 810 mihi
2854 765 3029 810 lutum
3062 756 3277 812 videtur
3325 775 3468 822 esse,
3518 776 3710 814 omnes

2119 858 2225 897 una
2254 844 2308 897 in
2345 845 2462 897 acie
2492 859 2695 913 ponere
2727 883 2743 912 ,
2780 859 2848 900 ne
2888 846 3052 900 simul
3085 857 3389 917 pugnantes
3441 850 3602 903 simul
3655 851 3707 902 in

2115 936 2417 1005 periculum
2448 938 2689 1004 veniant,
2742 945 2796 993 et
2831 938 2892 992 in
2923 937 3106 1008 fugam
3139 956 3197 995 se
3229 940 3555 1010 conjiciant.
3606 945 3705 994 ilic

2117 1034 2299 1082 autem
2324 1043 2640 1098 quanquam
2691 1030 2865 1099 prima
2893 1029 3089 1086 amicta
3121 1032 3212 1098 sit,
3245 1035 3483 1089 secunda
3514 1043 3694 1089 tamen

2116 1117 2345 1174 ﬁrmiter
2378 1122 2636 1176 Consistit
2683 1129 2847 1191 atque
2879 1121 2955 1176 illi
2979 1137 3136 1194 opem
3177 1123 3319 1181 ferre
3351 1127 3487 1181 solet
3520 1127 3709 1196 ;quotl

2117 1213 2164 1268 si
2199 1208 2329 1284 quid
2363 1217 2584 1284 gravius
2611 1215 2726 1271 haec
2763 1232 2982 1287 quoque
3031 1219 3291 1288 patiatur,
3327 1221 3485 1274 tertia
3517 1229 3699 1277 tamen

2120 1319 2312 1359 secure
2338 1305 2577 1359 invadat.
2603 1307 2778 1375 Atque
2839 1306 2911 1360 ita
2947 1315 3154 1363 nostra:
3204 1317 3315 1365 tres
3346 1310 3495 1365 acies
3538 1311 3709 1365 ﬁrmze

2120 1391 2383 1449 adversus
2421 1409 2584 1447 unam
2617 1393 2858 1449 hostium
2877 1396 3050 1450 aciem
3083 1399 3474 1454 contendentes
3501 1439 3515 1462 ,
3551 1399 3709 1454 facile

2118 1495 2238 1536 eam
2271 1498 2535 1553 superare
2568 1493 2730 1554 atque
2751 1500 3066 1556 expugnare
3092 1497 3324 1557 possunt
3363 1496 3417 1542 et
3445 1490 3496 1542 in
3522 1489 3707 1560 fugam

2117 1573 2460 1643 piaacipitare
2491 1615 2506 1638 ,
2563 1577 2953 1645 adjuvantibus
2994 1579 3063 1633 ad
3112 1579 3254 1635 hanc
3281 1596 3392 1636 rem
3431 1581 3696 1637 lateranis

2115 1671 2166 1718 et
2204 1665 2608 1721 cornistitihus.

433 1753 614 1824 φυγὴν
636 1753 892 1823 ὁρμήσει,
923 1751 1308 1822 συμπνεόντων
1349 1752 1596 1822 δηλονότι
1641 1750 1780 1805 κατά
1844 1751 1904 1805 τὸ
1973 1755 2322 1826 ἐνδεχόμενον
2355 1758 2449 1812 καὶ
2490 1759 2598 1814 τῶν
2658 1760 3113 1832 πλαγιοφυλάκων
3174 1762 3269 1815 καὶ
3311 1761 3420 1816 τῶν
3481 1763 3707 1834 ὑπερκε-

437 1845 672 1916 ραστῶν.

507 1965 648 2032 ρμε’.
668 1959 918 2014 Μάλιστα
938 1959 1046 2012 τῶν
1064 1958 1372 2029 εἰρημένων
1399 1957 1440 2030 ,δ
1467 1957 1678 2027 ἀνδρῶν
1709 1957 2008 2010 ἐπιλέκτων
2041 1965 2082 2020 Β

436 2052 606 2104 ὄντων
637 2052 730 2104 καῖ
761 2050 1128 2121 διαφερόντων
1155 2053 1221 2122 τῇ
1245 2050 1486 2120 ἀνδρεία,
1518 2049 1612 2101 καὶ
1642 2052 1706 2120 τῇ
1741 2051 1868 2119 περὶ
1889 2050 2018 2112 τοὺς

436 2141 705 2211 πολέμους
730 2142 930 2212 ἀρετῇ,
956 2143 1093 2210 ὅπερ
1119 2141 1343 2209 ὀφείλει.
1381 2141 1453 2193 Ού
1492 2141 1600 2209 γὰρ
1649 2140 1783 2210 πρὸς
1819 2140 2015 2209 ἀνδρα⁶
2052 2207 2054 2209 γ

436 2233 648 2303 ποδώδη
698 2233 931 2304 στρατὸν
980 2233 1113 2302 ἡμῖν
1153 2231 1436 2301 πρόκειται
1469 2233 1502 2300 ή
1558 2230 1798 2293 διάταξις
1824 2269 1839 2294 ,
1877 2230 2015 2282 ἀλλά

437 2325 574 2397 πρὸς
607 2325 792 2378 ἱκανὸν
852 2322 1338 2393 μεταχειρίσασθαι
1388 2321 1573 2386 ὅπλον,
1619 2321 1714 2374 καὶ
1759 2320 2014 2390 ἐκθύμως

437 2413 836 2485 ἀγωνίσασθαι.

508 2512 664 2578 ρμς¹.
725 2504 837 2567 Τὰς
883 2504 940 2556 δὲ
987 2504 1150 2568 ἀκῖας
1195 2504 1293 2573 τῆς
1347 2502 1604 2571 τοιαύτης
1661 2503 2016 2574 παρατάξεως

437 2599 685 2668 ποιήσεις
733 2595 841 2649 ἀπὸ
879 2594 1088 2666 ἀνδρῶν
1121 2595 1252 2647 δέκα
1284 2594 1345 2646 τὸ
1398 2592 1559 2663 βάθος
1603 2595 1722 2664 ήτοι
1750 2599 1812 2647 τὸ
1841 2595 2018 2665 πάχος

437 2688 642 2754 αὐτῶν,
665 2686 806 2740 ὥστε
832 2681 971 2740 εἶναι
1001 2685 1123 2739 καθ’
1155 2686 1392 2756 ἑκάστην
1417 2685 1579 2739 ἀκίαν
1608 2687 1875 2756 ἄρχοντας
1898 2688 2014 2751 δύο,

433 2781 528 2835 τόν
557 2797 616 2832 τε
649 2779 941 2848 λεγόμενον
969 2777 1220 2846 λοχαγὸν,
1245 2778 1412 2848 ἤγουν
1444 2777 1780 2848 δέκαρχον,ή
1807 2796 2019 2848 πρωτο-

437 2872 660 2941 στάτην,
689 2870 723 2940 ἢ
751 2869 1051 2938 πρόμαχον,
1071 2869 1163 2921 καὶ
1182 2867 1272 2922 τὸν
1287 2869 1542 2938 οὐραγὸν,
1568 2869 1626 2930 ὃς
1651 2871 1764 2921 ἐστι
1790 2869 2015 2938 ἔσχατος

435 2962 532 3017 τοῦ
567 2963 772 3032 στίχου,
801 2961 894 3014 καὶ
920 2961 1166 3013 καλεῖται
1184 2960 1515 3030 πεντάρχης,
1535 2958 1628 3021 οὒς
1658 2958 1753 3011 καὶ
1778 2959 2012 3028 μάλιστα

437 3056 655 3116 ἱκανοὺς
689 3051 830 3107 εἶναι
859 3054 987 3124 χρὴ,
1026 3053 1120 3106 καὶ
1149 3051 1448 3120 ἀνδρείους,
1483 3052 1576 3105 καὶ
1599 3050 2013 3121 καταφράκτους

433 3148 545 3210 τοῖς
585 3144 919 3216 ἀρμόζουσιν
954 3142 1160 3207 ὅπλοις,
1193 3142 1285 3193 καὶ
1315 3139 1485 3204 οὕτως
1532 3140 1626 3194 τοῦ
1660 3139 1858 3209 βάθους
1905 3139 2013 3192 τῶν

2186 1957 2306 2012 145.
2343 1956 2466 2013 llaec
2505 1967 2742 2029 quatuor
2769 1959 2935 2014 millia
2980 1976 3047 2015 ex
3094 1960 3322 2018 delectis
3355 1961 3704 2030 strenuiSqne

2122 2048 2255 2104 viris
2280 2049 2434 2113 tiant,
2465 2057 2516 2104 et
2557 2050 2610 2104 in
2650 2052 2794 2106 bello
2842 2052 3078 2122 gerendo
3111 2054 3429 2110 exercitatis
3479 2069 3706 2121 :ncqne

2118 2137 2265 2192 enim
2311 2137 2378 2192 de
2411 2138 2618 2208 plebeis
2657 2155 2721 2194 ac
2775 2140 3019 2197 fortuitis
3059 2142 3378 2199 hominibus
3427 2143 3634 2198 mentio
3674 2159 3704 2195 a

2118 2226 2282 2282 nobis
2327 2225 2473 2282 facta
2525 2239 2633 2294 est,
2658 2229 2755 2284 sed
2786 2229 2853 2285 de
2906 2246 2968 2286 ea
3002 2235 3119 2289 acie
3166 2250 3288 2304 qua:
3337 2235 3512 2304 possit
3551 2249 3706 2288 arma

2116 2333 2306 2390 gerere
2333 2328 2385 2375 et
2418 2320 2671 2375 alacriter
2706 2321 2990 2378 dimicare.

2202 2501 2326 2557 “6.
2361 2503 2728 2559 Coutubernia
2769 2504 2932 2574 hujus
2960 2506 3097 2561 aciei
3132 2507 3200 2562 ad
3230 2508 3414 2562 decent
3461 2508 3706 2562 virorum

2129 2593 2472 2647 altitudinem
2505 2595 2696 2658 facies,
2733 2605 2792 2649 ut
2835 2597 2891 2649 in
2933 2613 3260 2667 unaquaque
3291 2598 3409 2652 acie
3458 2599 3568 2653 duo
3601 2600 3704 2654 viri

2133 2684 2266 2746 sint,
2297 2685 2436 2738 alter
2483 2684 2744 2756 lochagus
2765 2725 2780 2747 ,
2841 2688 2956 2740 sive
2983 2689 3294 2755 caudauus,
3341 2691 3457 2748 sive
3483 2692 3706 2763 quinta-

2124 2791 2257 2831 nus:
2280 2790 2420 2845 quos
2456 2787 2711 2830 strenuos
2735 2778 3070 2849 iduncosque
3110 2782 3256 2836 viros
3314 2799 3434 2838 esse
3471 2797 3707 2855 oportet,

2133 2876 2186 2922 et
2219 2867 2432 2922 idoneis
2457 2868 2624 2923 armis
2652 2869 2970 2925 instructos.
2999 2871 3179 2940 Atque
3206 2873 3273 2927 ad
3317 2875 3462 2930 hunc
3490 2879 3709 2933 modum

2127 2957 2417 3011 altitudine
2447 2960 2683 3012 acierum
2710 2960 3001 3024 instructa,
3029 2962 3095 3016 ad
3117 2963 3709 3036 longitudinem,quam

2129 3058 2501 3103 trausversmn
2538 3050 2810 3104 altitudini
2868 3051 3180 3121 appellant,
3215 3064 3480 3124 quantum
3517 3073 3709 3112 nume-

2128 3155 2227 3195 rus
2265 3146 2320 3194 et
2348 3139 2518 3194 latera
2553 3135 2860 3210 patiuntur,
2890 3141 3148 3197 instruat.

434 3240 603 3295 ἀκιῶν
647 3235 982 3308 τεταγμένου
1011 3277 1025 3304 ,
1058 3235 1118 3288 τὸ
1167 3233 1260 3287 ἐπὶ
1320 3231 1572 3304 μέτωπον
1609 3232 1823 3304 ἕκταμα
1870 3231 2007 3303 πρὸς
2042 3231 2246 3297 πλάτος
2267 3232 2408 3286 κατά
2431 3230 2620 3302 ζυγὸν,
2651 3233 2774 3288 ὅσον
2803 3233 2870 3287 ἂν
2932 3234 3222 3306 ἀπαντήσῃ
3259 3236 3552 3290 τάττεσθαι
3607 3238 3705 3291 καὶ

435 3330 573 3385 κατά
611 3326 877 3398 πλευράν.

504 3447 651 3521 ρμζ’.
694 3450 818 3503 Ἐπὶ
849 3449 906 3502 δὲ
952 3448 1053 3518 τῆς
1085 3444 1183 3501 νῦν
1237 3444 1546 3508 ὑποθέσεως
1597 3444 1628 3513 ἡ
1676 3442 1776 3512 μὲν
1817 3441 2008 3513 πρώτη
2039 3452 2081 3509 C

432 3543 609 3608 τάξις,
631 3544 752 3614 ἥτις
783 3543 880 3595 καὶ
933 3541 1016 3604 εἰς
1060 3539 1188 3610 τρία
1224 3538 1366 3609 μέρη
1393 3535 1797 3607 διαιρεθήσεται
1825 3574 1840 3599 ,
1890 3533 2012 3588 καθ’

432 3633 663 3687 ἕκαστον
716 3633 881 3704 μέρος
931 3629 1042 3695 ἕξει
1094 3627 1256 3692 ἀκίας
1302 3633 1366 3693 ν’,
1424 3625 1526 3679 ἀνὰ
1571 3623 1602 3677 ι’
1655 3623 1887 3694 ἐχούσας
1953 3625 2014 3677 τὸ

434 3723 598 3794 βάθος
621 3724 760 3776 κατά
787 3713 990 3793 στίχον,
1023 3721 1133 3775 ἀπὸ
1167 3719 1261 3773 τοῦ
1294 3718 1527 3790 λοχαγοῦ
1571 3718 1666 3771 καὶ
1705 3717 2015 3787 πρωτοστά-

433 3832 527 3868 του
587 3816 694 3879 ἓως
737 3813 834 3868 τοῦ
885 3813 1118 3884 ἐσχάτου
1172 3811 1436 3882 οὐραγοῦ,
1486 3810 1558 3874 ὡς
1586 3805 1723 3862 εἶναι
1752 3808 1850 3872 τάς
1887 3809 2014 3870 ὅλας

435 3905 598 3970 ἀκέας
630 3906 738 3959 τῶν
761 3904 928 3977 τριῶν
965 3903 1148 3975 μερῶν
1205 3903 1307 3972 τῆς
1362 3902 1585 3972 πρώτης
1643 3900 1851 3964 τάξεως
1911 3897 2012 3970 ρν’,

431 3997 553 4067 ήτοι
597 3998 796 4070 ἄνδρας
833 4014 882 4069 ⁴α
927 3997 1022 4050 καὶ
1071 3994 1122 4066 φ’
1149 4010 1163 4026 ⁶
1203 3997 1237 4067 ή
1271 3995 1326 4048 δὲ
1372 3996 1603 4065 δευτέρα
1645 3993 1798 4057 τάξις
1841 3991 2015 4061 ἐχέτω

437 4087 527 4141 διὰ
555 4088 664 4142 τῶν
694 4090 978 4160 τεσσάρων
1026 4088 1199 4156 αὐτῆς
1233 4087 1418 4159 μερῶν
1461 4087 1624 4149 ἀκὶας
1659 4086 1763 4138 ἀνά
1797 4081 1870 4154 η’,
1922 4085 2016 4136 καὶ

439 4180 624 4245 πέντε,
662 4181 760 4243 τὰς
793 4182 971 4245 πάσας
1005 4181 1169 4244 ἀκὶας
1200 4178 1246 4250 ρ’
1278 4178 1488 4251 ἀνδρῶν
1511 4197 1580 4252 ,α.
1619 4179 1682 4232 0i
1711 4176 1768 4230 δὲ
1795 4176 2016 4244 πλάγιοι

425 4267 680 4340 ,φύλακες
702 4271 911 4336 ἕξουσιν
951 4272 1111 4334 ἀκίας
1150 4278 1220 4338 κ’,
1253 4271 1450 4341 ἄνδρας
1484 4278 1549 4335 σ’,
1583 4269 1807 4340 προσέτι
1854 4266 1911 4321 δὲ
1966 4266 2017 4320 οἱ

438 4361 644 4432 ἔνεδροι
673 4363 843 4432 ήγουν
873 4362 940 4416 τά
989 4359 1358 4433 ὲγκρύμματα
1403 4359 1554 4413 ἔνθεν
1604 4355 1860 4411 κάκεῖθεν
1908 4354 2018 4408 τῶν

438 4452 532 4507 δύο
563 4453 747 4526 μερῶν
769 4455 867 4524 τῆς
901 4453 1288 4526 παρατάξεως,
1313 4451 1397 4506 ἀν’
1433 4450 1606 4506 ἀκιῶν
1640 4447 1712 4515 κ’,
1740 4449 1903 4510 ἀκίας
1943 4443 2015 4517 μ’,

436 4546 552 4600 ἀντ’
575 4546 781 4616 ἀνδρῶν
812 4545 877 4614 σ’,
897 4546 1033 4618 ὁμοῦ
1054 4546 1110 4600 δὲ
1131 4545 1330 4617 ἀνδρας
1349 4551 1417 4610 υ’,
1440 4543 1532 4596 καὶ
1553 4543 1600 4595 οἱ
1627 4543 1686 4596 ἐν
1706 4543 1817 4603 τοῖς
1845 4543 2019 4602 κενοῖς

435 4637 482 4692 δ’
533 4639 764 4704 ἑστῶτες
802 4639 900 4709 τῆς
961 4637 1225 4708 δευτέρας
1267 4633 1649 4707 παρατάξεως,
1694 4632 1912 4697 οἵτινες,
1943 4631 2018 4694 ὡς

436 4729 675 4798 εῐρηται,
711 4729 807 4782 καὶ
835 4728 966 4790 τοὺς
999 4725 1304 4794 φεύγοντας
1323 4722 1766 4788 ἀναστέλλουσιν,
1797 4719 2015 4773 ἔσονται

2189 3443 2313 3497 147.
2357 3441 2650 3508 Quoniam,
2699 3443 3158 3513 quemadmodum
3194 3461 3341 3503 nunc
3397 3448 3708 3528 posuimus,

2117 3531 2292 3602 prima
2343 3533 2487 3586 acies
2515 3533 2570 3586 in
2635 3540 2750 3587 tres
2812 3545 2995 3604 partes
3026 3534 3313 3601 dividitur,
3366 3553 3707 3609 unaquaeque

2115 3637 2243 3691 pars
2273 3622 2665 3693 quinquaginta
2697 3626 3057 3680 contubernia
3083 3626 3321 3692 habebit,
3342 3644 3464 3697 qua:
3493 3631 3707 3700 singula

2115 3711 2304 3766 decem
2363 3712 2512 3766 viros
2574 3712 2855 3767 habebunt
2885 3729 2915 3768 a
2947 3714 3177 3784 lochago
3197 3754 3213 3780 ,
3274 3716 3328 3770 id
3359 3724 3442 3771 est
3473 3718 3684 3773 decano

2116 3802 2183 3857 ad
2225 3803 2575 3870 ultinianum,
2604 3803 2798 3859 ordine
2846 3805 3075 3870 locatos,
3106 3815 3164 3860 ut
3217 3808 3482 3861 universa
3505 3815 3708 3862 contu.

2119 3895 2309 3951 bernia
2371 3897 2564 3966 prima:
2611 3896 2748 3951 aciei
2797 3905 3015 3951 centum
3065 3899 3461 3970 quinquaginta
3489 3902 3619 3970 sint,
3655 3903 3709 3956 id

2118 3996 2204 4043 est
2257 3988 2357 4042 viri
2400 3989 2550 4043 mille
2571 3987 2876 4058 quingenti.
2920 3987 3173 4045 Secunda
3211 3992 3358 4047 acies
3403 3992 3601 4048 habeat
3651 3995 3710 4049 in

2118 4087 2355 4148 quatuor
2387 4078 2541 4132 illius
2571 4077 2818 4146 partibus
2849 4078 3208 4134 contubernia
3233 4079 3426 4149 viginti
3463 4077 3710 4151 quinque

2118 4171 2375 4242 singulis,
2407 4169 2681 4224 universis
2714 4177 2935 4223 centum
2997 4169 3376 4233 contubernia,
3414 4169 3466 4223 id
3500 4179 3588 4224 est
3623 4173 3708 4224 vi-

2117 4279 2214 4320 ros
2254 4263 2421 4317 mille.
2478 4260 2732 4317 Laterani
2797 4261 3031 4314 habeant
3079 4259 3439 4314 contubernia
3490 4260 3708 4331 viginti,

2119 4355 2272 4410 viros
2327 4353 2596 4407 ducentos
2629 4351 2920 4406 :similiter
2969 4351 3292 4406 cornistites
3343 4351 3707 4406 contubernta

2118 4444 2332 4514 viginti,
2369 4442 2517 4498 viros
2558 4441 2823 4497 ducentos
2879 4441 3131 4496 habeant.
3168 4441 3388 4496 Insidiae
3442 4451 3706 4511 praeterea

2121 4534 2250 4588 hinc
2288 4534 2656 4604 atque'illinc
2705 4532 2844 4588 aciei
2899 4533 3257 4588 contubernia
3308 4531 3526 4604 viginti,
3557 4533 3707 4586 viros

2119 4624 2387 4679 ducentos
2425 4622 2656 4692 singulae
2707 4622 2942 4676 habeant
2973 4641 2988 4676 :
3026 4623 3293 4677 universae
3347 4621 3706 4676 Contubcrnia

2121 4715 2482 4786 quadraginta
2505 4753 2520 4778 ,
2560 4714 2709 4769 viros
2738 4713 3196 4784 quadringentos,
3228 4715 3318 4782 qui
3352 4713 3405 4767 in
3438 4713 3705 4768 interval-

436 4818 502 4872 τὰ
523 4819 651 4889 τρία
687 4818 833 4888 μέρη
849 4817 959 4871 ἀπὸ
985 4816 1158 4871 ἀκιῶν
1202 4814 1270 4887 ρ’,
1295 4814 1432 4885 ὁμοῦ
1456 4813 1668 4886 ἀνδρῶν
1705 4810 1773 4877 τ’,
1824 4810 1920 4864 καὶ
1957 4811 2004 4864 οἱ

2121 4809 2182 4862 lis
2212 4805 2472 4861 inanibus
2505 4805 2742 4876 singulis
2776 4806 3029 4860 locantur
3061 4806 3318 4860 secunda:
3351 4804 3485 4859 aciei
3511 4811 3702 4857 contu-

433 4911 511 4982 τῷ
543 4911 832 4982 στρατηγῴ
862 4909 1210 4980 παρεστῶτες
1240 4909 1430 4981 ἄνδρες
1454 4905 1517 4978 ρ’.

508 5095 657 5167 ρμη’.
691 5095 881 5149 Ἀλλαι
912 5095 1013 5165 μὲν
1059 5097 1206 5166 τρεῖς
1264 5090 1600 5163 παρατάξεις
1659 5086 2015 5160 ἐξῃρημένων

437 5185 542 5239 τῶν
571 5185 899 5258 κουρσώρων
930 5185 1036 5238 ὑπὸ
1067 5183 1228 5247 ἀκίας
1259 5181 1654 5253 ταχθήσονται,
1687 5178 1754 5230 τά
1780 5176 1834 5228 δὲ
1854 5175 2016 5228 λοιπὰ

435 5277 686 5348 τάγματα
711 5279 881 5349 ήγουν
902 5277 950 5330 οἱ
982 5274 1426 5346 πλαγιοφύλακες
1451 5272 1546 5326 καὶ
1583 5269 2016 5339 ὑπερκεράσται,

2122 4899 2311 4954 bernia
2367 4898 2554 4954 det-ein
2592 4897 2881 4961 virorum,
2917 4895 3080 4951 simul
3139 4904 3456 4961 tercentos,
3506 4903 3560 4949 et
3612 4897 3707 4965 qui

2120 5000 2380 5062 praterca
2413 4994 2726 5062 imperatori
2767 4990 2968 5044 adsunt
2990 4998 3209 5044 centum
3231 4988 3354 5042 viri.

2197 5084 2320 5138 MS.
2357 5084 2599 5152 Reliqua:
2654 5083 2800 5137 acies
2863 5081 3110 5151 exceptis
3156 5079 3476 5134 cursoribus
3513 5079 3710 5134 ordine

2122 5173 2356 5242 quodam
2390 5172 2778 5236 instruantur;
2823 5170 3050 5224 latcrani
3071 5211 3086 5238 ,
3113 5169 3461 5235 cornistites,
3493 5169 3708 5224 insidim

2122 5280 2232 5320 non
2269 5277 2485 5333 semper
2511 5262 2811 5328 instructae,
2841 5261 2935 5318 sed
2970 5277 3067 5332 pro
3102 5277 3235 5318 usus
3289 5263 3502 5318 ratione
3534 5263 3708 5316 inter-

1941 5400 2171 5458 ΝΟΤᾸΕ.

511 5527 621 5598 (95)
660 5528 976 5609 Εὐτάκτως
1001 5525 1491 5597 περιπατοῦντες.
1520 5521 1897 5584 Scribebatur,
1923 5516 2017 5588 οΰέ

439 5613 1090 5675 τακτοπεριπατρωντες.
1143 5667 1173 5675 ἡ
1246 5666 1279 5675 η
1335 5665 1347 5675 _
1576 5664 1588 5675 .
1700 5659 1711 5675 ν

511 5668 622 5738 (94)
661 5664 723 5723 οι
746 5664 1106 5736 κούρσωρες.
1141 5665 1516 5734 Scribebatur,
1544 5664 1590 5717 oi
1619 5664 1915 5730 κούσωρες.

2202 5515 2317 5588 (95)
2357 5512 2677 5588 Ἀσφιελές.
2708 5513 3090 5588 §crihc_batur,
3122 5515 3321 5588 ἀσφές.

2205 5582 2314 5659 (96)
2347 5582 2668 5654 Βοηίθήσει.
2705 5582 3078 5653 Scribebatur,
3113 5584 3318 5655 βοήσει.
