3964 6206
329 296 434 361 987

1549 290 1823 355 LEONIS
1871 287 2332 354 PHILOSOPIII

3504 296 3627 359 988

323 412 450 465 dum
487 412 786 480 drnngtsti,
819 410 870 464 id
910 409 1322 478 estgconfertim,
1371 409 1675 470 incurrant.
1731 409 1898 462 inter-

2022 408 2122 476 ξτοι
2162 409 2209 459 οἱ
2236 407 2369 473 πρὸς
2390 405 2486 475 τὴν
2510 406 2782 460 κύκλωσιν
2833 408 3112 475 ταγέντες,
3146 409 3237 461 καὶ
3262 409 3326 479 δὴ
3357 410 3451 463 καὶ
3479 413 3527 464 οί
3547 418 3617 465 ὲκ

321 502 450 555 dum
484 502 731 554 ordinem
764 517 921 555 suum
957 508 1304 554 conservent.

2022 498 2132 549 τῶν
2154 496 2581 566 ἐγκρυμμάτων,
2610 497 2727 567 ἤτοι
2751 498 2799 548 οἱ
2831 497 3038 568 Ενεδροι
3068 500 3162 551 καὶ
3191 501 3239 551 οἱ
3271 500 3451 553 λοιποὶ
3472 543 3488 565 ,
3509 503 3617 554 οιὶκ

320 596 407 647 ἀεὶ
442 593 860 662 συντεταγμένοι
886 594 1193 663 στήσονται,
1223 591 1359 644 ἀλλὰ
1388 592 1524 661 πρὸς
1548 590 1644 661 τὴν
1705 590 1916 660 χρείαν,
1962 588 2091 641 ποτὲ
2131 589 2229 658 μὲν
2276 589 2446 650 οὕτως
2474 588 2591 657 ἦτοι
2633 588 2950 658 δρουγγιστὶ
2995 589 3398 657 ὲπελεύσονται,
3462 594 3496 666 ἢ
3536 594 3621 655 ὡς

319 687 541 739 ἀπαιτεῖ
570 687 602 755 ἡ
632 683 723 737 τοῦ
756 686 989 754 πολέμου
1023 684 1358 754 περίστατις.

394 822 514 877 149.
566 821 853 892 Eligentnr
880 838 943 876 ex
989 822 1054 878 iis
1084 821 1385 892 designatis
1443 829 1678 889 quatuor
1733 818 1904 873 milli-

318 910 421 965 bus
453 913 691 964 virorum
720 951 734 974 ,
792 911 1028 978 praefecti
1060 910 1256 965 delecti
1320 909 1468 964 mille
1502 909 1738 963 trecenti
1766 923 1905 977 qua-

318 1003 567 1072 draginta
597 1019 717 1067 ενι,
762 1004 1012 1073 quintani
1064 1004 1386 1073 octingenti,
1427 1002 1619 1056 decani
1652 1002 1911 1071 quadrin-

318 1096 491 1163 genti,
525 1095 983 1167 quinquagenarii
1040 1095 1339 1165 octoginta,
1389 1095 1745 1149 centuriones
1773 1108 1908 1162 qua-

316 1186 845 1255 draginta,comites
898 1187 1112 1257 viginti,
1170 1187 1454 1256 drungarii
1490 1195 1745 1256 quatuor,
1793 1193 1910 1239 tur-

314 1279 551 1332 marchae
575 1279 703 1333 duo.
726 1281 801 1334 lta
824 1288 985 1334 erunt
1013 1280 1250 1349 prmfecti
1274 1281 1507 1349 majores
1526 1288 1639 1333 tum
1667 1281 1905 1334 minores

316 1369 465 1424 mille
504 1373 729 1425 trecenti
763 1371 1123 1441 quadraginta
1155 1386 1271 1424 sex.
1315 1370 1517 1442 Sicque
1561 1372 1615 1425 in
1649 1372 1908 1427 universo

314 1462 565 1515 exercitu
626 1464 902 1532 eligantur
958 1463 994 1516 ii
1054 1462 1265 1516 strenui
1341 1461 1564 1516 milites.
1632 1461 1913 1515 Summam

313 1553 484 1607 totius
516 1554 752 1619 nmueri,
806 1553 885 1607 vel
933 1554 1249 1607 universum
1286 1553 1557 1623 reliquum
1618 1554 1917 1608 exercitum

312 1641 517 1708 potius,
552 1641 697 1712 quod
752 1641 928 1694 thema
978 1641 1202 1704 dicitur,
1241 1643 1435 1693 horum
1491 1649 1728 1710 quatuor
1772 1640 1919 1693 mille

313 1732 556 1786 virorum
589 1733 943 1797 delectorum,
993 1732 1218 1786 armatis
1246 1732 1526 1800 equitibus
1553 1745 1616 1785 ac
1676 1731 1917 1785 strenuis

315 1821 589 1877 militibus
618 1822 920 1891 complebis
941 1862 957 1888 ,
996 1823 1455 1893 quemadmodum
1493 1822 1591 1877 tibi
1618 1823 1683 1876 ad
1716 1837 1915 1893 oppor-

318 1909 608 1961 luuitatem
651 1909 913 1977 temporis
944 1908 1199 1963 idoneum
1231 1909 1524 1964 videbitur.

387 2184 511 2240 150.
554 2184 732 2254 Atque
773 2184 888 2239 lucc
922 2185 1142 2254 quidem
1196 2185 1269 2239 ita
1310 2185 1465 2240 nobis
1512 2184 1914 2241 describanturv

316 2276 362 2331 si
400 2277 577 2331 minor
608 2276 774 2331 fuerit
808 2279 1044 2334 hostium
1099 2282 1380 2334 exercitus
1404 2321 1418 2344 ,
1454 2289 1547 2333 aut
1587 2281 1631 2335 si
1661 2281 1912 2349 aequalis.

317 2371 413 2424 Sin
445 2372 603 2443 longe
631 2374 815 2442 plures
842 2374 1082 2428 hostium
1121 2379 1294 2445 copiae
1323 2374 1547 2439 fuerint,
1572 2374 1639 2429 ad
1674 2375 1915 2444 praedic‘

317 2474 425 2516 tam
458 2464 681 2519 formam
714 2471 1014 2522 cvercitum
1043 2468 1373 2538 duplicabis,
1412 2468 1636 2524 totidem
1665 2470 1915 2537 pluribus

314 2553 379 2607 ad
408 2558 707 2611 exercitum
744 2567 895 2612 tuum
928 2560 1178 2627 adjectis,
1217 2568 1275 2613 ut
1314 2561 1571 2615 universa
1599 2564 1744 2615 acies
1778 2572 1904 2614 octo

315 2646 545 2700 millium
598 2651 702 2708 sit.
749 2657 804 2702 et
840 2651 1067 2718 singula-
1121 2651 1379 2705 cohortes
1416 2652 1702 2720 :equalem,
1756 2660 1917 2720 atque

313 2746 470 2791 antea
503 2754 788 2793 numerum
848 2741 1104 2796 habeant.
1157 2741 1252 2796 Su
1293 2758 1398 2796 non
1427 2744 1562 2797 satis
1598 2742 1762 2796 fuerit
1810 2745 1915 2795 du-

313 2827 517 2893 plicare
539 2867 554 2891 ,
600 2829 908 2896 triplicabis
942 2830 1240 2884 exercitum
1270 2868 1285 2894 ,
1313 2838 1368 2885 ct
1392 2830 1530 2885 duos
1579 2831 1717 2885 alios
1748 2833 1917 2885 duces

314 2916 582 2986 adjunges
620 2932 742 2971 eum
808 2919 1078 2976 militibus
1139 2922 1367 2977 delectis
1423 2931 1476 2977 et
1516 2923 1794 2989 strenuis,
1858 2933 1917 2978 ut

317 3007 445 3060 flant
466 3009 710 3063 Δκαίνει-δί
746 3008 1028 3065 duodecim
1059 3012 1226 3067 millia
1260 3013 1527 3068 virorum.
1560 3014 1749 3084 Itaque
1776 3029 1915 3084 pra:-

313 3100 459 3152 dieto
498 3114 649 3155 more
678 3102 960 3157 universus
994 3104 1268 3160 exercitus
1321 3104 1689 3173 describetur,
1745 3107 1916 3177 tripli-

312 3184 449 3245 catis
480 3205 809 3261 unaquaque
854 3194 906 3246 iu
937 3194 1052 3248 acie
1089 3195 1377 3251 militibus.

2087 815 2234 886 ρμθ’.
2266 814 2709 885 Συναχθήσονται
2763 815 2941 868 τοίνυν
2978 814 3086 868 ἀπὸ
3123 814 3233 869 τῶν
3282 815 3427 871 οὕτω
3453 836 3624 874 τετα-

2018 907 2241 976 γμένων
2262 902 2303 958 δ’
2333 905 2593 976 χιλιάδων
2615 905 2824 975 ἀνδρῶν
2848 907 2898 958 οί
2924 906 3124 967 πάντες
3157 907 3420 977 ἄρχοντες
3465 912 3620 962 κατὰ

2015 996 2113 1066 τὴν
2139 995 2320 1050 αὐτῶν
2339 996 2493 1060 τάξιν
2535 996 2813 1049 ἐπίλεκτοι
2854 994 3026 1066 ατμς⁹
3056 996 3255 1062 οὕτως,
3307 1000 3619 1069 πεντάρχαι

2021 1090 2120 1159 μὲν
2140 1087 2223 1155 ω’,
2250 1088 2514 1159 δεκάρχαι
2537 1088 2594 1140 δὲ
2616 1085 2683 1152 υ’,
2718 1087 3189 1158 πεντηκοντάρχαι
3212 1088 3269 1142 δὲ
3289 1091 3339 1142 οἱ
3366 1091 3464 1143 καὶ
3492 1108 3621 1161 τρι-

2016 1178 2198 1231 6οὗνοι
2243 1177 2569 1247 καλούμενοι
2597 1175 2671 1243 π’,
2704 1177 2991 1247 κένταρχοι
3018 1178 3190 1247 ἦγουν
3215 1178 3619 1250 ἑκατοντάρχαι

2016 1268 2089 1339 μ’,
2116 1270 2354 1339 κὸμητες
2383 1266 2454 1333 κ’,
2485 1268 2836 1340 δρουγγάριοι
2864 1268 2958 1321 καὶ¹
2987 1268 3262 1338 χιλίαρχοι
3304 1268 3368 1333 δ’,
3400 1288 3619 1340 τουρμ-

2012 1360 2169 1431 άρχοι
2231 1360 2295 1429 β’,
2331 1359 2534 1430 ὁμοίως
2574 1360 2834 1430 ἄρχοντες
2877 1359 3065 1430 μικροὶ
3116 1361 3343 1430 μεγάλοι
3398 1361 3616 1434 ⁴ατι.ις’,

2027 1451 2122 1505 καὶ
2150 1448 2323 1513 οὕτως
2360 1451 2460 1521 μὲν
2490 1450 2585 1505 ἐπὶ
2613 1451 2707 1505 τοῦ
2739 1453 2857 1515 ἑνὸς
2901 1452 3135 1523 θέματος
3163 1454 3617 1522 ὲπιλεγέσθωσαν

2025 1542 2263 1613 ἀνδρεῖοι
2297 1542 2631 1614 στρατιῶται
2661 1544 2755 1597 καὶ
2791 1543 3193 1613 πληρούτωσαν
3218 1547 3279 1597 τὸ
3314 1545 3617 1615 λεγόμενον

2026 1633 2423 1705 στρατιωτικὸν
2444 1632 2606 1704 θέμα,
2638 1634 2759 1705 ἦτοι
2812 1634 2920 1687 τῶν
2968 1635 3011 1697 ,δ
3060 1635 3152 1689 τὸν
3196 1635 3427 1706 ἀριθμὸν
3479 1637 3617 1690 ἑπι-

2021 1724 2254 1789 λέκτων,
2280 1725 2374 1778 καὶ
2405 1724 2645 1779 ἐνόπλων
2671 1724 3055 1794 καδαλλαρίων
3077 1725 3173 1778 καὶ
3198 1726 3459 1794 γενναίων
3484 1732 3615 1790 ταῖς

2024 1818 2265 1889 ἀρεταῖς.
2292 1816 2365 1870 Τὸ
2384 1814 2428 1870 δ’
2453 1817 2580 1872 ἄλλο
2611 1817 2816 1888 πλῆθος
2844 1819 2908 1872 ὲκ
2934 1819 3026 1872 τοῦ
3049 1818 3107 1872 θέ
3117 1836 3284 1888 ματος
3311 1820 3389 1883 είς
3408 1820 3613 1891 ἑτέρας

1946 1931 1988 1985 Β
2018 1908 2201 1976 τάξεις
2236 1909 2327 1962 καὶ
2355 1911 2544 1980 χρείας
2590 1910 3046 1981 καταμεριζέσθω
3065 1951 3079 1976 ,
3124 1912 3201 1975 ὡς
3230 1912 3295 1966 ἄν
3332 1928 3412 1964 σοι
3438 1912 3603 1983 δοκῇ.

2020 1994 2065 2053 ὦ
2121 2001 2400 2070 στρατηγέ
2433 2040 2448 2065 ,
2529 2000 2592 2054 τὸ
2641 2001 2954 2055 λυσιτελοῦν
3007 2003 3147 2074 πρὸς
3203 2004 3293 2057 τὸν
3342 2004 3606 2058 ἑκάστοτε

2020 2091 2231 2161 καιρόν.

2095 2183 2191 2254 pv'.
2224 2185 2333 2237 Καὶ
2361 2183 2534 2238 ταῦτα
2577 2186 2674 2254 μὲν
2703 2187 2946 2256 εἴρηται,
2972 2186 3068 2241 ἐὰν
3099 2188 3206 2258 ἄρα
3236 2189 3416 2257 ὀλίγος
3452 2190 3615 2244 ἐστὶν

2019 2274 2047 2327 ὁ
2075 2275 2185 2328 τῶν
2215 2276 2491 2346 πολεμίων
2516 2277 2751 2348 στρατὸς
2782 2278 2922 2347 ὑπὲρ
2944 2280 3034 2332 τὸν
3066 2281 3157 2332 σὸν
3180 2322 3194 2344 ,
3225 2282 3258 2352 ἢ
3289 2281 3416 2344 ἴσως
3460 2282 3605 2351 (97}.

2020 2369 2081 2421 Εἰ
2120 2368 2177 2422 δὲ
2208 2369 2584 2443 πολυπληθείᾳ
2615 2371 2932 2424 πλεονεκτεί
2955 2375 2984 2425 ὁ
3006 2373 3271 2436 ἐναντίος,
3303 2373 3427 2427 τότε
3455 2380 3606 2429 κατὰ

2018 2462 2109 2515 τὸν
2142 2462 2433 2530 ὁρισθέντα
2468 2480 2549 2516 σοι
2579 2463 2750 2517 τύπον
2805 2467 2862 2517 ὲν
2893 2466 2958 2535 τῇ
2992 2463 3401 2536 προδηλωθείσῃ
3431 2483 3609 2537 παρα-

2017 2553 2191 2619 τάξει,
2218 2556 2250 2619 ἢ
2280 2554 2569 2619 διπλώσεις
2604 2556 2663 2608 τὸ
2698 2555 3018 2626 στράτευμα
3047 2556 3156 2609 ἀπὸ
3193 2556 3397 2627 ἑτέρων
3430 2556 3604 2626 θεμςὶ⁴

2018 2665 2127 2700 των
2153 2647 2262 2700 τῶν
2286 2649 2614 2719 στρατηγῶν
2646 2666 2739 2703 σου
2763 2692 2777 2713 ,
2820 2649 2959 2702 ὥστε
2997 2649 3254 2717 γενέσθαι
3286 2650 3386 2719 τὴν
3421 2652 3605 2704 πᾶσαν

2020 2741 2328 2811 παράταξιν
2357 2742 2613 2811 χιλιάδων
2637 2741 2709 2811 η’,
2735 2743 2978 2813 δηλονότι
3022 2742 3164 2796 κατὰ
3187 2743 3281 2796 τὸν
3310 2744 3604 2815 εἰρημένον

2016 2834 2188 2885 τύπον
2242 2833 2604 2902 μεριζομένου
2655 2833 2749 2887 τοῦ
2797 2834 2920 2887 ὅλου
2946 2834 3181 2903 στρατοῦ
3208 2874 3224 2899 ,
3256 2834 3395 2904 πλὴν
3438 2834 3603 2902 μόνου

2018 2924 2111 2976 τοῦ
2145 2927 2312 2977 ποσοῦ
2347 2924 2469 2978 καθ’
2500 2925 2733 2979 ἕκαστον
2768 2926 2955 2997 τάγμα
2990 2927 3089 2997 τῆς
3126 2924 3334 2990 τάξεως
3373 2941 3602 2996 προστι-

2018 3014 2270 3085 θεμένου.
2304 3017 2366 3070 Εἰ
2408 3015 2464 3068 δὲ
2503 3016 2579 3086 μὴ
2621 3016 2889 3070 διπλῶσαι
2936 3017 3096 3086 μόνον
3139 3017 3319 3088 ἀρκεῖ,
3352 3018 3447 3068 καὶ
3477 3032 3603 3086 τρι-

2018 3106 2273 3170 πλώσεις,
2339 3108 2654 3161 συντάσσων
2732 3107 2827 3161 καὶ
2882 3108 3104 3179 ἑτέρους
3153 3105 3196 3177 β’
3259 3107 3599 3175 στρατηγοὺς

2021 3197 2136 3267 ἅμα
2174 3198 2286 3259 τοῖς
2308 3196 2399 3248 ὑπ’
2433 3196 2632 3260 αὐτοὺς
2663 3197 3028 3269 στρατιώταις
3069 3198 3245 3261 οὕτως
3286 3198 3600 3258 ἐπιλέκτοις

311 3282 405 3334 καὶ
436 3283 869 3355 καταφράκτοις,
914 3284 1055 3338 ὣστε
1081 3285 1175 3339 δύο
1217 3289 1311 3341 καὶ
1341 3288 1472 3341 δέκα
1502 3288 1758 3357 γενέσθαι
1809 3287 2206 3358 χιλιάδας.Κα“ι
2249 3288 2421 3351 οὕτως
2480 3287 2622 3341 κατὰ
2682 3289 2774 3342 τὸν
2825 3291 3115 3361 εἰρημένον
3181 3289 3382 3343 ἄνωθεν
3422 3287 3595 3342 τύπον

308 3374 796 3446 διατιερισθήσεται
840 3378 959 3441 ὅλος
993 3379 1021 3431 ὁ
1054 3378 1306 3449 στρατὸς,
1335 3379 1733 3450 τρι-πλωμένων
1757 3378 2007 3453 δηλονότι
2032 3377 2144 3431 τῶν
2207 3379 2294 3447 ἐφ’
2320 3379 2528 3449 ἑκάστῃ
2564 3378 2715 3443 τάξει
2766 3380 3115 3451 στρατιωτῶν
3165 3381 3306 3433 κατὰ
3356 3380 3413 3433 τὸ
3474 3380 3592 3433 ἅνω

311 3483 412 3518 που
437 3465 742 3536 ὡρισμένον
769 3470 954 3525 ποσόν.

381 3576 507 3630 151.
551 3576 611 3630 Si
641 3592 763 3631 eum
824 3580 1016 3647 paucis
1064 3590 1118 3635 et
1150 3584 1394 3637 strenuis
1426 3582 1677 3639 hostibus
1736 3599 1905 3655 nego-
1937 3591 1979 3647 (ι

314 3672 450 3724 tium
505 3668 747 3723 futurum
784 3679 908 3737 est,
948 3673 1270 3743 videturque
1304 3675 1401 3728 tibi
1458 3676 1591 3731 utile
1627 3690 1750 3731 esse
1800 3692 1911 3731 uno

312 3775 377 3813 ex
453 3763 697 3814 exercitu
759 3776 950 3817 omnes
998 3766 1290 3831 instruere,
1351 3776 1463 3821 tres
1514 3767 1679 3823 far-ito
1741 3769 1909 3838 acies,

311 3853 554 3918 singulas
610 3862 844 3921 quatuor
913 3857 1197 3922 millium,
1233 3861 1694 3930 quemadmndum
1775 3879 1913 3932 prae-

310 3940 591 4001 diximus,
644 3940 727 3992 vel
770 3941 932 3993 etiam
978 3942 1026 3996 si
1075 3944 1323 4013 pluribus
1376 3948 1615 4003 millibus
1688 3965 1786 4020 pro
1822 3966 1912 4004 ra-

312 4030 464 4084 tione
495 4031 780 4099 copiarum
819 4040 1034 4086 tuarum
1081 4035 1470 4105 abtmdaveris,
1499 4050 1551 4095 et
1586 4043 1758 4110 prima
1796 4045 1913 4097 acie

313 4127 586 4178 irruentes
617 4121 802 4177 ho5tes
832 4124 1097 4192 cvcipies,
1126 4134 1178 4180 et
1199 4126 1327 4181 dum
1360 4130 1395 4182 ii
1431 4130 1531 4186 hac
1564 4143 1910 4193 exercentur,

320 4211 369 4265 si
415 4212 468 4265 in
517 4210 702 4282 fugam
749 4221 1078 4281 wrtantur,
1114 4217 1401 4286 quiescere
1461 4228 1688 4275 caeteros
1722 4220 1909 4279 facies.

309 4304 408 4358 Sin
445 4306 650 4369 minus,
687 4314 799 4360 tum
834 4309 1009 4363 altera
1044 4312 1192 4366 acies
1224 4327 1253 4365 a
1284 4322 1436 4384 tergo
1485 4314 1700 4368 illorum
1757 4315 1909 4370 inva-

311 4396 474 4463 dens,
507 4398 869 4468 irruptionem
929 4402 984 4456 in
1028 4418 1122 4458 eos
1155 4403 1339 4471 faciet,
1373 4422 1543 4476 quare
1574 4422 1681 4461 non
1712 4421 1907 4479 parum

316 4490 502 4545 hostes
531 4489 986 4561 profligabuntur.
1024 4492 1119 4548 Sin
1167 4510 1233 4550 ne
1266 4497 1347 4550 sic
1391 4497 1609 4573 quidem
1643 4515 1910 4569 superen-

318 4600 430 4650 tur,
462 4584 556 4640 sed
585 4585 804 4639 fortiter
851 4589 1133 4651 resistant,
1169 4597 1281 4642 tum
1335 4591 1489 4644 tertia
1524 4591 1604 4646 vel
1634 4592 1701 4646 ad
1745 4594 1908 4648 latus.

314 4678 398 4733 vel
433 4691 464 4731 a
496 4676 956 4747 tergoinvadens,
981 4689 1034 4732 et
1063 4680 1221 4735 simul
1251 4696 1375 4735 cum
1411 4682 1531 4738 aliis
1566 4684 1750 4739 hostes
1796 4686 1906 4739 cir—

304 4771 692 4835 cumcludens,
729 4769 982 4827 funditus
1041 4772 1285 4840 delebit;
1323 4778 1575 4845 quamvis
1613 4781 1756 4833 enim
1806 4795 1905 4834 au-

303 4861 460 4916 dacia
497 4865 653 4932 quasi
682 4865 871 4920 colore
896 4866 1080 4936 aliquo
1135 4868 1466 4925 imbuuntur
1502 4874 1709 4938 hostes,
1740 4888 1907 4934 carne

2088 3590 2225 3653 ρνα¹.
2285 3584 2394 3637 Καὶ
2441 3585 2491 3637 εἰ
2517 3584 2616 3653 μὲν
2644 3585 2778 3656 πρὸς
2811 3586 3025 3655 ὀλίγους
3055 3589 3151 3642 καί
3179 3589 3460 3661 ἀνδρείους
3502 3609 3601 3646 πο-

2016 3675 2237 3745 λεμίους
2284 3676 2428 3747 ἔχεις
2480 3677 2571 3730 τὸν
2599 3678 2806 3747 ἀγῶνα,
2841 3682 2936 3734 καὶ
2972 3681 3119 3735 δοκεί
3157 3699 3239 3735 σοι
3285 3683 3559 3755 χρήσιμον
3583 3727 3599 3746 ,

2016 3766 2160 3819 κατὰ
2206 3767 2265 3819 ἓν
2316 3768 2460 3838 θέμα
2495 3769 2731 3835 ἐκτάξας
2766 3774 2915 3841 τρεῖς
2955 3770 3203 3843 ποιήσεις
3259 3775 3602 3843 παρατάξεις

2016 3856 2119 3909 ἀνὰ
2149 3856 2407 3926 χιλιάδων
2434 3858 2498 3921 δ’,
2546 3859 2687 3913 κατὰ
2740 3860 2832 3914 τὸν
2891 3861 3130 3931 ρηθέντα
3183 3863 3387 3929 τύπον,
3431 3866 3463 3937 ἢ
3500 3868 3602 3919 καὶ

2017 3947 2280 4001 πλειόνων
2310 3948 2591 4019 χιλιάδων,
2622 3953 2764 4004 κατὰ
2793 3952 2853 4004 τὸ
2882 3952 3051 4006 ποσὸν
3090 3954 3189 4023 τῆς
3234 3954 3327 4007 τοῦ
3358 3957 3600 4027 στρατοῦ

2016 4042 2300 4112 εὐπορίας,
2330 4043 2424 4095 καὶ
2446 4046 2511 4115 τῇ
2539 4043 2639 4113 μὲν
2665 4047 2764 4116 μιᾷ
2793 4031 3121 4116 προσᾱξιλεῖς
3141 4048 3350 4113 αὐτοῖς,
3379 4051 3410 4120 ἢ
3434 4065 3600 4119 προσ-

2015 4133 2311 4199 ϐάλλοντας
2351 4136 2588 4210 ὑποδέξῃ
2618 4138 2849 4204 αὐτοὺς,
2900 4140 2995 4194 καὶ
3025 4141 3117 4194 ἐπὶ
3154 4141 3325 4213 ταύτῃ
3367 4142 3598 4196 ἐκείνων

2014 4232 2452 4304 ἀσχολουμένων,
2488 4238 2536 4288 εί
2568 4235 2669 4305 μὲν
2708 4236 3015 4307 τραπῶσιν,
3050 4239 3144 4292 καὶ
3178 4238 3355 4303 οὕτως
3379 4240 3596 4304 διώξεις

2015 4325 2299 4395 ἀσφαλῶς,
2332 4329 2377 4380 εἰ
2407 4327 2452 4381 δ’
2479 4328 2798 4394 ἀνθιστῶσι,
2832 4329 2953 4382 τότε
2989 4330 3084 4384 καὶ
3114 4333 3146 4401 ἠ
3178 4331 3342 4402 ἑτέρα
3374 4333 3594 4402 ποιήσει

2013 4433 2101 4469 ται
2167 4418 2501 4489 προσϐολὴν,
2538 4419 2823 4485 ἐξόπισθεν
2870 4422 3050 4475 αὐτῶν
3104 4421 3446 4487 ἐπελθοῦσα,
3493 4424 3592 4475 καὶ

2012 4507 2187 4573 οὕτως
2244 4511 2786 4583 κατεργασθήσονται
2845 4514 2893 4567 οί
2951 4514 3216 4586 πολέμιοι.
3269 4515 3331 4568 Εἰ
3394 4514 3451 4567 δὲ
3491 4516 3592 4567 καὶ

2014 4600 2151 4670 πρὸς
2206 4602 2411 4672 ταύτην
2459 4605 2808 4674 ἀντίσχωσιν,
2856 4605 2972 4659 ἀλλ’
3008 4609 3041 4677 ὴ
3105 4606 3266 4676 τρίτη
3288 4605 3589 4660 ἐπελθοῦσα

2013 4693 2045 4762 ἢ
2068 4691 2294 4746 ὄπισθεν
2323 4697 2355 4765 ἢ
2384 4696 2446 4748 ἐκ
2478 4696 2733 4766 πλαγίου,
2755 4698 2850 4751 καὶ
2874 4698 2992 4769 ἅμα
3020 4701 3137 4761 ταῖς
3166 4698 3356 4760 ἄλλαις
3382 4697 3589 4751 κυκλῶ-

2014 4798 2150 4834 σασα
2181 4784 2306 4846 τοὺς
2336 4786 2614 4850 ἐναντίους
2648 4787 2868 4850 πάντως
2904 4789 3122 4859 αἱρήσει
3143 4789 3359 4851 αὐτούς.
3382 4789 3455 4843 Οὺ
3474 4789 3588 4861 γὰρ

2013 4872 2245 4944 ἄσαρκοί
2278 4878 2412 4928 εἰσιν
2460 4878 2508 4930 οἱ
2562 4879 2841 4950 πολέμιοι,
2893 4881 3001 4935 κᾶν
3043 4881 3103 4935 τὸ
3145 4882 3345 4954 θράσος
3401 4884 3588 4947 αὐτοῖς

305 4968 486 5010 tamen
513 4957 673 5010 vacui
722 4971 830 5011 non
881 4970 1031 5025 sunt,
1086 4968 1145 5014 ut
1191 4962 1418 5017 vulnera
1480 4964 1629 5020 illata
1700 4967 1907 5023 sentire

2022 4964 2200 5037 ὥσπερ
2229 4968 2426 5040 χρῶμα
2457 4972 2787 5042 περίκειται.

304 5059 412 5101 non
451 5049 688 5118 possint.

371 5160 497 5218 152.
548 5164 605 5217 Si
650 5178 775 5219 cum
811 5166 1023 5237 magnis
1079 5176 1133 5223 et
1182 5167 1507 5240 ingentibus
1541 5171 1719 5243 copiis
1752 5189 1887 5230 con-

302 5248 529 5306 ﬂictatio
552 5254 649 5309 tibi
675 5255 856 5311 futura
875 5266 977 5323 est,
1001 5266 1239 5328 quatuor
1257 5260 1425 5315 millia
1446 5278 1608 5317 unam
1635 5264 1687 5318 in
1715 5268 1887 5321 aciem

300 5344 574 5412 conferes,
614 5359 669 5404 et
722 5352 1129 5409 multitudinem
1173 5356 1456 5425 copiarum
1524 5367 1742 5413 tuarum
1778 5372 1889 5415 tres

313 5435 368 5488 in
398 5447 581 5506 partes
610 5441 845 5509 divides,
894 5446 1357 5514 quemadmodum
1393 5450 1642 5520 praedixi.
1674 5451 1729 5505 in
1774 5452 1888 5522 pri-

2073 5177 2206 5248 pyﬁ'.
2243 5181 2303 5233 Εἰ
2346 5180 2402 5235 δὲ
2448 5183 2582 5255 πρὸς
2614 5183 2818 5251 πλῆθος
2856 5185 3132 5256 πολεμίων
3166 5187 3585 5257 διαγωνίζεσθαι

2000 5270 2241 5338 μέλλεις,
2269 5273 2369 5338 τὰς
2398 5278 2548 5345 τρεῖς
2581 5277 2916 5349 παρατάξεις
2948 5279 3057 5332 ἀπὸ
3094 5281 3374 5351 τεσσάρων
3403 5280 3585 5350 χιλιά-

1997 5360 2103 5414 δων
2134 5364 2215 5426 εἰς
2259 5364 2408 5434 μίαν,
2438 5366 2514 5430 ὡς
2543 5367 2778 5440 εἴρηται,
2827 5370 3097 5438 συνάξεις,
3133 5373 3229 5425 καὶ
3266 5371 3588 5444 τριπλασιάο

2001 5470 2116 5518 σεις
2148 5455 2210 5510 τὸ
2238 5459 2399 5511 ποσὸν
2427 5460 2526 5530 τῆς
2554 5464 2962 5539 προειρημένης
2989 5465 3285 5533 ἐκτάξεως,
3339 5465 3588 5537 διαμερία

1789 5628 2018 5686 NOTAE.

373 5705 483 5780 (97)
517 5707 593 5763 Ἦ
626 5707 789 5777 ἴσως.
815 5715 1023 5793 scribe,
1054 5719 1087 5788 ἢ
1123 5720 1256 5783 ἴσος.
