3964 6206
304 312 428 381 κθ

1353 310 1693 377 ΤΑίἸΤῖΕᾹ.
1725 341 1790 350 --
1818 312 2325 375 CONSTITUTIO
2352 311 2514 374 XIX.

3461 322 3585 388 090‘

310 425 421 491 ζων
456 422 598 478 κατὰ
633 421 813 488 λόγον,
844 419 918 481 ὡς
961 419 1267 491 πρῦκειται,
1302 423 1382 485 εἴς
1424 439 1482 475 τε
1520 423 1742 494 πρώτην
1786 423 1880 477 καὶ

2011 439 2126 477 nam
2200 432 2252 478 ct
2303 422 2598 476 set-nudam
2652 421 2846 490 aciem,
2908 423 2960 479 in
3001 426 3299 497 tcrgistites
3337 440 3389 485 et
3438 433 3573 488 late-

310 514 572 585 δευτέραν
601 508 923 583 παράταξιν,
955 512 1047 564 καὶ
1076 512 1157 573 είς
1190 512 1661 582 πλαγιοφύλακας,
1695 514 1787 567 καὶ
1815 516 1894 577 εἰς

311 605 749 675 ὑπερκεράστας,
785 602 877 654 καὶ
908 603 990 665 είς
1038 603 1310 674 ἐνέδρους,
1352 605 1469 674 ἢτοι
1509 605 1891 675 ἐγκρύμματα.

382 700 515 765 ρνγ’.
537 694 645 747 Καὶ
667 694 746 756 εἰς
766 692 835 745 τά
855 693 1008 757 ἄλλα,
1023 693 1097 756 ὡς
1118 693 1461 764 προείρηται,
1483 695 1738 764 τάγματα
1760 695 1893 762 (98),

308 788 403 840 καὶ
427 784 600 848 οὕτως
633 786 772 854 μετὰ
795 784 1049 849 εὐταξίας
1074 786 1170 838 καὶ
1191 786 1503 851 συστάσεως
1530 788 1778 858 ποιήσεις
1801 787 1896 856 τὴν

310 876 620 949 προσϐολὴν
647 875 736 928 διὰ
772 875 881 927 τῶν
911 876 1220 946 λεγομένων
1255 877 1608 948 κουρσὼρων,
1640 880 1759 949 ἦτοι
1789 878 1895 931 τῶν

308 969 611 1041 προμάχων
652 967 753 1038 τῆς
799 965 1022 1038 πρώτης
1053 967 1279 1033 τάξεως,
1310 969 1343 1039 ἢ
1390 971 1485 1021 καὶ
1514 969 1625 1023 τῶν
1658 970 1897 1040 ὑπερκε-

313 1060 549 1131 ραστῶν,
590 1059 623 1130 ῆ
655 1058 730 1122 ὡς
760 1058 825 1112 ἂν
872 1060 905 1128 ἡ
937 1059 1098 1129 χρεία
1131 1061 1368 1125 καλέσει,
1399 1059 1581 1124 καθὼς
1617 1062 1710 1114 καὶ
1740 1063 1796 1114 ὲν
1829 1063 1894 1131 τῇ

310 1154 438 1226 περὶ
481 1152 573 1206 τοῦ
620 1152 858 1222 πολέμου
906 1151 1145 1217 διατάξει
1189 1152 1581 1224 διωρισάμεθα.
1614 1153 1677 1205 Et
1709 1152 1765 1204 δὲ
1804 1153 1897 1206 καὶ

307 1245 390 1300 ἔτι
445 1244 691 1308 πλείονές
749 1245 889 1296 εἰσιν
934 1244 984 1296 οί
1036 1244 1306 1314 πολέμιοι,
1356 1244 1450 1298 καὶ¹
1504 1244 1661 1316 χρεία
1717 1243 1897 1315 πολλῷ

310 1340 556 1403 πλείονος
594 1335 844 1408 στρατοῦ,
884 1335 1128 1390 ἔστωσαν
1154 1339 1248 1389 καὶ
1276 1338 1325 1390 oi
1364 1335 1541 1391 λοιποὶ
1567 1335 1676 1389 τῶν
1703 1336 1895 1389 ἀνατο-

309 1430 474 1485 λικῶν
506 1430 756 1500 θεμάτων
790 1429 1089 1499 στρατηγοὶ⁸
1125 1427 1259 1499 πρὸς
1283 1428 1383 1498 τὴν
1411 1427 1667 1498 τοιαύτην
1709 1430 1897 1499 χρείαν

309 1524 517 1592 ἕτοιμοι
539 1520 559 1586 ,⁷
613 1520 813 1591 ὁμοίως
864 1521 973 1574 τῶν
1001 1521 1216 1575 οἰκείων
1245 1519 1492 1591 στρατῶν
1521 1519 1897 1591 ἐπιλεξάμενοι.

310 1612 404 1665 καὶ
445 1610 813 1680 διακρίνοντες
852 1611 977 1673 τοὺς
1019 1609 1325 1681 χρησίμους
1368 1610 1474 1663 ἀπὸ
1500 1610 1605 1663 τῶν
1636 1609 1894 1679 ἀχρείων,

306 1702 382 1765 ὡς
411 1703 537 1772 ἄχρι
569 1701 848 1771 τεσσάρων
897 1700 1171 1770 χιλιάδων,
1201 1701 1276 1764 ὡς
1298 1700 1538 1771 εἴρηται,
1572 1703 1655 1772 ἐφ’
1682 1704 1898 1775 ἑκάστῳ

2001 528 2185 565 ΙΊΙΠΟΞ.

2071 699 2199 754 155.
2240 698 2297 754 ιιι
2352 702 2669 757 cornistitcs
2711 713 2991 773 praeterea,
3044 714 3097 760 et
3149 708 3399 773 insidias,
3447 714 3575 768 relio

1998 807 2246 862 quasque
2293 794 2569 857 cohortes.
2625 813 2764 863 quas
2818 813 2984 867 supra
3035 802 3282 869 recitavi,
3335 805 3568 871 dividas,

2000 880 2183 951 itaque
2215 882 2518 939 instructus
2548 894 2713 954 atque
2739 898 3035 956 apparatus
3078 894 3322 958 prodibis
3345 894 3410 947 ad
3438 912 3576 950 cou-

2000 969 2290 1038 ﬂigendum
2324 988 2447 1026 cum
2473 975 2817 1037 cursoribus,
2848 976 2900 1028 id
2919 985 3020 1040 est,
3059 981 3354 1047 prociastis
3388 984 3576 1052 prima:

2000 1062 2161 1125 aciei,
2221 1072 2275 1117 et
2316 1065 2726 1132 cornistitibus,
2755 1067 2801 1123 si
2839 1070 2910 1121 ita
2947 1085 3081 1123 usus
3120 1071 3276 1135 ferat,
3311 1077 3577 1143 quemad-

1925 1208 1937 1216 ,
1998 1154 2222 1211 modum
2283 1155 2336 1210 iu
2388 1173 2510 1227 cap.
2559 1159 2633 1212 De
2663 1159 2794 1213 belli
2839 1174 3099 1230 apparatu
3150 1164 3414 1219 diximus.
3476 1165 3574 1220 Sin

2001 1246 2187 1315 plures
2241 1247 2421 1303 adhuc
2466 1249 2651 1305 hostes
2695 1250 2923 1317 fuerint,
2978 1256 3283 1324 maiorique
3328 1260 3574 1313 exercitu

1999 1352 2141 1408 opus
2175 1339 2269 1404 sit,
2300 1341 2499 1411 reliqui
2549 1342 2792 1398 Orientis
2834 1345 3070 1414 praefecti
3104 1347 3220 1402 suis
3252 1364 3374 1402 cum
3402 1352 3575 1421 cepiis

2001 1432 2183 1486 adsint
2228 1430 2293 1487 ad
2336 1432 2651 1503 hujusumdi
2689 1450 2845 1488 usum
2897 1438 3098 1505 parati,
3147 1439 3199 1492 in
3251 1442 3452 1510 quibus
3481 1443 3578 1499 de-

2001 1522 2125 1577 lecti
2171 1525 2275 1578 viri
2322 1526 2390 1580 ab
2437 1526 2701 1595 improbis
2764 1535 2819 1582 et
2860 1529 3077 1598 ignavis
3123 1543 3467 1602 separentur,
3518 1547 3577 1590 ut

2002 1616 2058 1669 in
2111 1632 2445 1687 unoquoque
2494 1620 2755 1683 themate,
2802 1620 2858 1677 id
2897 1629 3002 1684 cst,
3044 1630 3285 1690 Caterva,
3340 1636 3578 1695 quatuor

2003 1707 2171 1762 millia
2224 1700 2490 1764 virorutn‘
2526 1711 2658 1776 sint,
2709 1723 2934 1782 propter
2985 1713 3220 1768 militum
3259 1726 3576 1772 nostrorum

309 1792 528 1863 θέματι,
561 1788 648 1844 διὰ
675 1791 771 1863 τὴν
805 1791 899 1844 νῦν
921 1793 1373 1862 ἐπικρατήσασαν
1405 1793 1512 1847 τῶν
1542 1795 1894 1863 στρατιωτῶν

2011 1800 2315 1871 diligentem
2348 1804 2488 1858 hanc
2520 1804 2585 1857 ad
2623 1804 2854 1858 formam
2884 1806 3358 1871 exercitationem,
3393 1816 3446 1861 et
3482 1811 3575 1879 qui

309 1884 660 1955 ἀγυμνασίαν
689 1902 746 1938 τε
782 1884 874 1938 καὶ
899 1884 1158 1955 ἀμέλειαν
1190 1885 1284 1938 καὶ
1317 1886 1624 1955 ὀλιγότητα.
1661 1888 1770 1940 Καὶ
1803 1884 1894 1942 οὗ·

309 1994 393 2031 τοι
424 1978 625 2042 πάντες
656 1977 863 2048 πλῆθος
894 1977 1133 2048 δοκίμων
1174 1978 1525 2047 στρατιωτῶν
1560 1979 1892 2045 συλλέξουσι,

313 2070 406 2122 καὶ
450 2071 896 2141 παραστήσουσιν
951 2070 1065 2140 ἅμα
1123 2070 1207 2122 σοι
1264 2069 1403 2123 κατὰ
1449 2070 1557 2121 τῶν
1600 2070 1893 2140 πολεμίων,

311 2156 454 2210 ὥστε
499 2159 595 2211 καὶ
639 2158 779 2227 ὑπὲρ
817 2159 915 2222 τὰς
952 2158 1246 2228 τριάκοντα
1277 2156 1522 2226 χιλιάδας
1560 2159 1896 2228 καταστῆναι

311 2248 438 2311 τοὺς
466 2247 779 2317 ὀφείλοντας
813 2247 1073 2319 ἀνδρείως
1105 2247 1202 2300 καὶ
1231 2247 1483 2317 εὐψύχως
1512 2250 1897 2321 ἐκστρατεύειν

313 2337 457 2393 κατὰ
484 2338 592 2391 τῶν
619 2337 712 2410 ὲχθ
722 2339 852 2410 ρῶν.

388 2432 513 2501 ρνδ’.
541 2433 651 2485 Καὶ
677 2432 850 2486 ταῦτα
884 2433 983 2503 μὲν
1011 2433 1384 2504 διωρισάμεθα
1408 2438 1473 2505 τῇ
1499 2435 1652 2505 ὑμῶν
1687 2435 1897 2502 ἔνδοξός-

311 2539 457 2592 τητι,
494 2523 637 2592 τάχα
665 2523 785 2577 οὐδὲ
811 2525 997 2578 καινόν
1019 2541 1070 2577 τι
1105 2526 1136 2593 ἢ
1175 2526 1326 2595 παρὰ
1350 2526 1447 2595 τὴν
1486 2524 1644 2589 δόξαν
1673 2525 1893 2596 ἔχοντα⁹

313 2616 430 2670 ἀλλ’
459 2615 519 2681 ἐξ
555 2612 743 2681 ὦν,ὼς
772 2616 1007 2686 εἴρηται,
1032 2620 1146 2680 τοῖς
1178 2617 1554 2688 παλαιοτέροις
1583 2620 1898 2688 ἐντυχόντες

313 2706 778 2778 ὴνθολογήσαμεν,
810 2707 907 2760 καὶ
954 2708 1182 2778 μετρίαν
1217 2710 1415 2778 πεῖραν
1453 2709 1661 2762 ἐκεῖθεν
1713 2708 1900 2761 συλλέ-

315 2796 502 2863 ξαντες
527 2796 833 2869 συμφώνως
854 2798 1084 2861 ἐκείνοις
1105 2799 1487 2869 διεταξάμεθα.
1517 2801 1625 2852 Καὶ
1648 2800 1814 2871 ἔτερα
1839 2798 1897 2852 δὲ

316 2884 541 2937 πλεῖστα
569 2886 775 2957 δυνήσῃ
806 2887 1057 2956 ὲφευρεῖν
1080 2888 1328 2940 ἐντεῦθεν
1352 2889 1643 2959 λαμϐάνων
1674 2889 1770 2952 τάς
1798 2891 1901 2960 ἁφ-

313 2973 508 3044 ορμὰς,
528 2974 689 3047 άπερ,
705 2975 779 3039 ὡς
803 2977 1038 3046 εἴρηται,
1057 2975 1179 3030 οὔτε
1200 2980 1431 3049 γράφειν
1445 2979 1565 3032 καθ’
1583 2978 1638 3030 ἓν
1656 2980 1899 3045 δυνατὸν,

1999 1894 2227 1962 Spectati
2287 1895 2389 1949 viri
2471 1898 2793 1967 strenuiquc
2859 1898 3083 1964 fuerint,
3141 1898 3208 1952 ad
3266 1900 3577 1955 exercitum

2002 1994 2154 2039 tutttu
2209 1989 2671 2057 aggregabuntur,
2706 1998 2760 2044 et
2816 1997 2994 2043 tecum
3054 1992 3241 2046 hostes
3288 1994 3577 2049 invadent.

2002 2079 2152 2133 llane
2192 2080 2258 2134 ad
2305 2080 2536 2134 formam
2589 2083 2755 2136 etiam
2806 2084 3030 2153 triginta
3085 2084 3255 2139 millia
3293 2086 3575 2141 hominum

2001 2171 2201 2226 instrui
2251 2172 2304 2227 in
2353 2174 2472 2228 acie
2531 2184 2786 2243 possunt,
2838 2177 2905 2231 ad
2970 2177 3187 2233 fortiter
3245 2190 3298 2234 et
3353 2189 3578 2235 strenue

2000 2261 2258 2319 inimicos
2302 2267 2716 2335 oppugnandos.

2077 2429 2198 2483 156.
2241 2429 2365 2484 llaec
2412 2430 2667 2501 dignitati
2728 2441 2833 2486 tua:
2886 2433 2955 2487 iis
3003 2433 3073 2488 dc
3120 2435 3286 2490 rebus
3338 2450 3579 2491 commc—

2002 2522 2361 2585 moravimus,
2395 2524 2450 2577 in
2500 2525 2704 2592 quibus
2759 2524 2894 2578 nihil
2931 2542 3130 2581 novum
3181 2528 3435 2593 fortasse,
3482 2539 3577 2583 aut

2002 2622 2197 2681 praeter
2231 2613 2548 2684 Opinionem
2579 2622 2727 2668 tuam
2771 2616 3039 2679 invenies,
3085 2619 3184 2673 sed
3229 2635 3347 2689 qum
3376 2638 3441 2674 ex
3480 2637 3578 2676 an-

2003 2704 2171 2773 tiquis
2219 2706 2297 2760 rei
2350 2706 2609 2760 militaris
2664 2709 3033 2776 scriptoribus
3082 2710 3467 2779 delibmimtts,
3522 2722 3578 2766 rt

2002 2805 2191 2849 nostra
2239 2796 2501 2851 mediocri
2558 2798 2897 2867 experientia
2939 2801 3307 2868 percepimus,
3344 2800 3488 2855 hunc
3523 2803 3578 2856 in

2006 2886 2202 2938 librum
2255 2886 2503 2941 studiose
2551 2887 2898 2961 collegimus,
2942 2895 3105 2958 atque
3151 2890 3207 2944 in
3263 2906 3431 2944 unum
3484 2893 3585 2945 ad-

2006 2975 2288 3038 duximus,
2321 2977 2523 3044 quibus
2551 2984 2605 3028 tu
2631 2991 2732 3044 pro
2764 2987 2851 3028 tua
2884 2979 3196 3043 prudentia,
3234 2979 3579 3049 ingenioque,

312 3065 435 3121 οὔτε
460 3067 536 3138 τῷ
558 3068 783 3139 παρόντι
800 3069 1134 3140 συντάγματι
1152 3071 1239 3123 διά
1254 3072 1351 3139 τὴν
1371 3071 1658 3140 συντομίαν
1685 3072 1899 3135 ἐντάξαι

2011 3069 2299 3120 occasione
2342 3080 2407 3119 ex
2441 3066 2507 3119 iis
2545 3067 2753 3120 nostris
2785 3075 3033 3136 accepta,
3075 3069 3180 3121 alia
3209 3085 3428 3139 quoque
3454 3087 3582 3139 pcr-

314 3159 591 3230 ἁρμόδιον.
630 3160 777 3225 Ἐξδν
806 3161 862 3214 δέ
893 3178 981 3225 σοι,
1019 3161 1413 3231 φιλοπονοῦντι,
1443 3161 1537 3216 καὶ
1581 3162 1658 3233 τῷ
1704 3162 1897 3216 πλάτει

312 3251 424 3304 τῶν
452 3252 725 3306 τακτικῶν
755 3253 1209 3323 ἐμμελετήσαντι,
1242 3254 1338 3308 καὶ
1381 3253 1602 3309 τοιαῦτα
1642 3257 1735 3307 καὶ
1778 3254 1899 3307 τού-

316 3360 423 3398 των
445 3343 525 3398 ἔτι
554 3344 965 3416 δραστικὼτερα
991 3347 1086 3399 καὶ
1109 3347 1533 3417 προσεπινοήσαι
1554 3349 1648 3400 καὶ
1668 3347 1901 3417 διαπρά-

318 3434 513 3502 ξασθαι
558 3434 689 3489 Θεὸν
740 3436 915 3507 ἔχοντι
968 3436 1159 3506 βοηθὸν
1217 3436 1306 3490 διά
1350 3454 1409 3489 τε
1462 3439 1560 3507 τῆς
1613 3440 1692 3500 είς
1736 3438 1898 3490 αὑτὸν

318 3525 575 3594 πίστεως,
602 3528 816 3598 καὶιτῆς
843 3529 924 3593 είς
949 3529 1047 3599 τὴν
1074 3529 1348 3600 ἡμετέραν
1373 3527 1649 3598 βασιλείαν
1679 3529 1899 3599 ἀγάπης

318 3617 415 3672 καὶ
439 3616 756 3684 διαθέσεως.

814 3835 1123 3890 auram
1164 3836 1241 3891 ιο
1268 3836 1405 3909 (99).

848 3963 987 4032 Περὶ
1015 3965 1380 4034 ναυμαχίας.

393 4099 462 4148 α’.
502 4092 638 4161 Ἤδη
688 4092 782 4145 καὶ
826 4091 954 4161 περὶ
1000 4091 1304 4163 ναυμαχίας
1338 4091 1902 4162 διαταξάμεθα,οὐδὲν

326 4181 426 4251 μὲν
459 4183 517 4234 ἐν
549 4183 658 4245 τοῖς
681 4181 927 4247 παλαιοῖς
954 4185 1231 4246 τακτικοῖς
1266 4185 1392 4257 περὶ
1418 4185 1586 4254 αὐτῆς
1617 4201 1900 4238 κεκανονι-

325 4270 523 4344 σμένον
566 4272 851 4343 εὑρόντες,
886 4274 978 4344 ἀφ’
1029 4267 1104 4327 ὧν
1151 4275 1209 4328 δὲ
1250 4276 1525 4347 σποράδην
1563 4276 1899 4345 ἀνέγνωμεν,

321 4364 417 4420 καὶ
460 4363 548 4418 διὰ
591 4364 819 4434 μετρίας
868 4368 1062 4437 πείρας
1107 4366 1199 4419 τοῦ
1229 4366 1324 4419 νῦν
1358 4368 1571 4438 καιροῦ,
1602 4367 1752 4440 παρά
1792 4367 1902 4423 τῶν

2006 3156 2174 3209 multa
2210 3155 2278 3209 iis
2300 3155 2500 3210 similia
2528 3155 2774 3211 invenire
2805 3159 3033 3224 poteris,
3059 3174 3179 3226 qua:
3208 3175 3385 3230 neque
3415 3163 3586 3215 simu!

2005 3246 2196 3312 scribi,
2259 3264 2435 3317 neque
2497 3247 2550 3301 in
2607 3247 2752 3302 hunc
2808 3248 3005 3302 librum
3051 3250 3293 3305 conferri
3358 3263 3584 3323 propter

2006 3335 2404 3405 longitudinem
2454 3344 2724 3405 poterant.
2760 3335 2838 3387 'l‘u
2893 3337 3162 3407 vero,qui
3196 3346 3247 3393 te
3298 3348 3469 3395 totum
3516 3343 3590 3398 iis

2005 3429 2169 3482 rebus
2219 3444 2368 3482 nunc
2402 3426 2699 3491 tradidisti,
2734 3427 2904 3481 multa
2955 3428 3022 3484 iLs
3057 3430 3372 3499 probatiora
3415 3442 3582 3503 atque

2005 3515 2311 3570 cfﬁcaciora
2362 3518 2679 3586 excogitare
2746 3524 2799 3572 et
2860 3518 3131 3574 conficere
3186 3519 3297 3576 Deo
3348 3523 3586 3592 prepitio

2004 3604 2237 3672 poteris,
2286 3603 2331 3658 si
2399 3603 2557 3657 fidem
2617 3604 2670 3658 in
2720 3620 2843 3658 cum
2896 3605 3121 3672 habeas,
3172 3615 3226 3662 ct
3281 3610 3581 3668 rectionem

2004 3702 2251 3749 nostram
2289 3695 2400 3748 uilo
2441 3695 2590 3748 cultu
2630 3710 2694 3748 ac
2744 3695 3093 3751 observantia
3137 3700 3508 3767 prosequaris.

2454 3821 2917 3878 CONSTITUTIO
2976 3822 3116 3877 XIX.

2523 3950 2598 4006 De
2640 3952 2820 4005 navali
2856 3953 3063 4022 pra-lio.

2079 4083 2128 4137 1.
2185 4082 2376 4137 Restat
2421 4082 2556 4151 jam,
2594 4090 2652 4136 ut
2696 4081 2763 4139 de
2814 4082 2991 4136 navali
3043 4082 3230 4153 prazlio
3291 4082 3452 4136 verba
3501 4081 3584 4138 fa-

2006 4175 2239 4231 ciamus.
2272 4173 2417 4229 Nihil
2471 4181 2652 4229 autetu
2704 4173 2772 4227 de
2805 4172 2872 4227 iis
2916 4172 2967 4225 in
3019 4173 3266 4242 antiquis
3309 4172 3384 4225 rei
3442 4172 3584 4225 mili-

2005 4266 2143 4321 taris
2178 4264 2543 4335 scriptoribus
2591 4262 2850 4316 traditum
2890 4262 3228 4326 iuvrnimus;
3274 4276 3394 4330 qua:
3451 4276 3584 4317 vero

2006 4359 2236 4426 Sparsim
2287 4356 2482 4410 din‘usa
2534 4355 2787 4424 legimus.
2828 4355 2882 4406 et
2917 4352 3179 4407 mediocri
3222 4366 3321 4405 usu
3356 4351 3456 4423 ipsi
3488 4367 3584 4406 co-

322 4432 939 4529 nlwtpwv‘crpa‘rqytbv
965 4432 1124 4528 ήμῶν
1155 4432 1521 4526 άνεμάθομεν,
1560 4432 1629 4512 τά
1666 4432 1765 4530 μὲν
1803 4478 1899 4515 πε-

2011 4449 2320 4518 gnovimus,
2392 4462 2624 4517 quaeque
2682 4444 2923 4515 praefecti
2979 4444 3153 4498 nostri
3207 4443 3401 4513 partim
3461 4444 3581 4498 aliis

321 4549 653 4622 ποιηκότων,
692 4548 759 4602 τὰ
800 4549 857 4602 δὲ
895 4546 1261 4610 πεπονθότων,
1291 4546 1681 4617 ἀναλεξάμενοι
1730 4553 1904 4622 μικρά

323 4659 448 4697 τινα
512 4643 607 4696 καὶ⁵
664 4644 786 4694 ὅσον
845 4641 1081 4710 ἔμφασιν
1141 4636 1323 4691 δοῦναι
1386 4642 1496 4701 τοῖς
1547 4642 1640 4695 καὶ
1679 4643 1769 4696 ἐπὶ
1814 4642 1908 4697 θαι

325 4731 531 4800 λάσσης
574 4731 844 4802 μάχεσθαι
886 4730 973 4782 διά
1004 4729 1111 4781 τῶν
1148 4745 1277 4781 ποτε
1311 4728 1619 4800 λεγομένων
1643 4734 1907 4805 τριηρῶν,

324 4820 486 4873 νῦνδὲ
509 4821 801 4892 δρομώνων
832 4820 1202 4889 καλουμένων,
1225 4820 1500 4890 μέλλουσι,
1527 4825 1585 4875 ὲν
1610 4825 1810 4894 ὀλίγοις
1834 4825 1911 4879 δι-

328 4911 651 4981 ορισόμεθα.

398 5020 464 5089 β’.
514 5022 736 5094 Πρῶτον
788 5021 888 5091 μὲν
940 5017 1054 5087 οὖν,
1106 5016 1149 5077 ὦ
1195 5024 1292 5091 τῆς
1323 5025 1580 5094 ναυτικῆς
1620 5025 1906 5094 δυνάμεως

327 5114 601 5185 στρατηγὲ
635 5114 754 5183 (ἤδη
814 5114 921 5185 γάρ
980 5113 1075 5167 καὶ
1129 5115 1263 5184 πρὸς
1330 5116 1388 5168 σε
1441 5116 1560 5168 δέον
1622 5115 1908 5182 τὸνλόγον

326 5206 703 5278 ποιήσασθαι),
731 5207 829 5277 τῆς
856 5207 1200 5277 ναυμαχικῆς
1232 5206 1527 5277 ἐμπειρίας
1576 5206 1669 5260 καὶ
1702 5206 1906 5270 τάξεως

327 5300 668 5370 ἐπιστήμονά
697 5317 756 5353 σε
788 5295 925 5354 εἶναι
960 5298 1161 5370 χρεὼν,
1194 5302 1288 5352 καὶ
1316 5299 1415 5363 τὰς
1453 5300 1563 5352 τῶν
1605 5299 1782 5370 ἀέρων
1813 5299 1910 5352 καὶ

230 5389 234 5392 ⁴
326 5389 435 5444 τῶν
466 5390 791 5460 πνευμάτων
817 5391 1056 5461 κινήσεις
1087 5390 1420 5459 προσκοπεῖν
1447 5406 1503 5442 τε
1541 5389 1633 5444 καὶ
1661 5388 1907 5457 προειδέ-

328 5500 415 5537 ναι
442 5482 531 5537 διά
552 5483 649 5552 τῆς
681 5481 790 5534 τῶν
821 5481 1162 5551 φαινομένων
1190 5480 1437 5549 ἀστέρων
1478 5481 1569 5533 καὶ
1596 5480 1653 5533 ὲν
1687 5480 1907 5551 ἄστροις

2014 4540 2336 4606 inferentes,
2378 4540 2577 4610 partim
2627 4542 2695 4595 ab
2727 4538 2851 4592 aliis
2880 4537 3234 4605 accipientes,
3283 4535 3441 4590 nobis
3475 4552 3583 4590 ex-

2011 4636 2303 4704 plicarunt,
2330 4642 2383 4689 ct
2415 4648 2538 4703 quae
2576 4632 2923 4688 occasionem
2952 4630 3192 4698 aliquam
3224 4628 3416 4682 afferre
3453 4644 3581 4697 pos-

2010 4738 2140 4784 sunt
2179 4729 2246 4782 ad
2288 4742 2398 4781 rem
2449 4727 2585 4780 bene
2628 4724 3009 4789 dromouibus,
3044 4721 3097 4776 id
3129 4730 3232 4787 est,
3264 4721 3581 4777 triremibus

2010 4817 2329 4888 gerendam,
2376 4832 2439 4872 ea
2489 4817 2679 4887 paucis
2723 4816 3031 4886 explicabo.

2082 5023 2136 5077 2.
2181 5020 2421 5077 Primum
2472 5029 2653 5075 autem
2689 5018 2837 5088 (nam
2893 5017 2958 5072 ad
3008 5026 3056 5072 te
3088 5016 3581 5081 nunc,.navarchc,

2011 5115 2172 5171 verba
2210 5113 2458 5168 facienda
2504 5111 2657 5174 sunt)
2680 5112 2756 5163 rei
2784 5109 2995 5163 navalis
3022 5111 3217 5177 peritia
3276 5123 3340 5163 ac
3373 5109 3581 5162 instru~

2008 5208 2190 5262 ctione
2236 5206 2438 5274 pollere
2468 5212 2517 5257 te
2545 5207 2778 5269 oportet,
2825 5210 2877 5253 et
2910 5201 3071 5263 acris,
3104 5208 3386 5254 ventorum
3424 5198 3584 5255 ﬂatus

2013 5311 2378 5370 praenoscere,
2416 5310 2512 5365 per
2542 5295 2822 5350 stellarum
2856 5292 3235 5361 apparentium
3268 5301 3495 5350 motum.
3530 5298 3585 5341 ι·ι

2016 5398 2288 5446 astrorum
2328 5388 2505 5457 signa,
2529 5384 3009 5454 tempestivitatuau
3038 5381 3205 5435 etiam
3232 5381 3582 5435 mutationem

2016 5479 2257 5551 perfecte
2300 5491 2627 5547 cognoscas,
2677 5481 2734 5527 ut
2780 5474 2824 5526 si
2876 5471 3149 5541 perfectus
3199 5470 3267 5526 iis
3312 5469 3366 5524 in
3420 5469 3585 5523 rebus

1869 5655 2097 5713 ΝΟΤᾹΞ.

404 5759 517 5833 {98)
554 5757 843 5832 Τᾴτμιιτα.
879 5760 1261 5834 Scribebatur,
1294 5761 1562 5830 δόγματα.

2097 5750 2205 5821 (99)
2234 5746 2290 5802 In
2331 5746 2520 5803 codice
2556 5745 2815 5799 Laurent.
2848 5749 2934 5799 est
2962 5756 3084 5813 cap.
3120 5740 3213 5797 20.
