3964 6206
437 299 537 368 991

1707 292 1985 353 LEONIS
2014 292 2480 357 PHILOSOPHI

3615 301 3768 367 992

437 416 626 479 fueris,
678 419 830 468 tutus
877 417 932 466 et
973 423 1202 465 securus
1245 407 1314 463 ab
1351 407 1609 463 omnibus
1670 411 1840 463 maris
1874 417 2013 464 tem-

2135 413 2363 482 τημείων
2393 413 2610 485 πείρας,
2641 411 2734 466 καὶ
2770 411 2880 465 τῶν
2915 409 3039 466 καθ’
3069 413 3221 484 ἥλιόν
3245 431 3304 467 τε
3349 415 3445 470 καὶ
3475 418 3620 488 σελή
3634 435 3758 489 δην

437 505 739 576 pestatibus
780 500 1141 558 conseri-eris.

2121 502 2423 572 γινομένων
2450 503 2754 572 σημασιῶν,
2779 503 2879 556 καὶ
2903 503 2970 575 δὴ
3001 505 3219 575 καὶτῆς
3248 506 3358 560 τῶν
3389 510 3616 580 καιρῶν
3643 513 3755 564 ἑν-

435 595 678 664 αλλαγῆς
723 595 823 664 τὴν
871 589 1156 661 ἀκρίϐειαν
1209 589 1612 656 ἐπιγινώσκειν,
1648 588 1723 652 ὡς
1773 588 1840 642 ἂν
1881 589 2020 660 ἔχων
2057 591 2186 662 περὶ
2211 591 2364 644 ταῦτ’
2391 593 2671 664 ἐμπείρως
2697 591 2946 665 ἀσφαλὴς
2972 594 3068 648 καὶ
3115 595 3394 662 ἀκίνδυνος
3451 599 3562 652 ἀπὸ
3611 599 3752 655 τῶν

434 688 534 756 τῆς
572 685 846 753 Θαλάσσης
878 681 1217 752 διαφυλάττῃ
1250 679 1555 750 χειμώνων.

501 782 557 835 5.
605 779 924 840 Drumoncs,
967 775 1020 829 id
1075 783 1180 840 est,
1215 774 1468 829 triremes
1516 772 1847 830 fabricanda:
1882 783 2016 831 sunt

436 873 504 926 ad
575 869 768 925 navale
823 867 1070 938 praelium
1128 866 1357 932 idoneae,
1417 865 1712 921 adversum
1776 867 2016 922 hostium

435 968 759 1020 instructam
808 961 1068 1016 classem.
1106 963 1294 1029 Itaque
1336 965 1623 1029 perspecto
1655 958 1854 1014 classis
1891 958 2019 1012 illo-

432 1072 554 1111 rum
608 1063 874 1125 apparatu
932 1062 985 1107 et
1047 1051 1302 1106 universa
1381 1051 1820 1116 constitutione,
1869 1061 2018 1106 tuam

433 1149 668 1202 classem
717 1145 942 1200 omnino
990 1143 1072 1198 sic
1129 1141 1371 1213 parabis,
1431 1152 1490 1197 ut
1541 1142 1608 1196 ad
1664 1147 2018 1214 pugnandum

434 1255 557 1295 cum
611 1238 722 1294 illis
781 1235 1066 1306 aptissima
1125 1235 1219 1291 sit.

499 1335 558 1388 4.
600 1331 931 1385 Triremimn
967 1327 1266 1394 confectio,
1295 1341 1474 1397 neque
1505 1326 1802 1382 admodum
1832 1340 2022 1382 crassa

436 1426 530 1490 sit,
573 1432 630 1478 ut
661 1438 728 1477 ne
761 1423 930 1475 tardae
959 1421 1071 1474 siut
1105 1420 1171 1473 ad
1196 1434 1443 1484 cursum,
1485 1434 1660 1488 neque
1697 1418 1766 1474 ad
1799 1419 2022 1473 nimiam

435 1517 735 1572 exilitatem
768 1520 1082 1577 attenuata,
1117 1526 1186 1565 ne
1225 1511 1444 1564 infirma
1489 1525 1554 1564 ac
1606 1509 1818 1580 fragilis
1863 1509 2022 1564 facile

438 1607 792 1663 adversarum
836 1607 1054 1658 navium
1105 1604 1309 1672 impetu
1369 1602 1646 1666 elidatur;
1680 1602 1775 1658 sed
1812 1602 2018 1657 medio-

435 1716 584 1756 crem
635 1699 827 1752 habeat
870 1693 1286 1759 confectionem,
1339 1701 1398 1746 ut
1434 1692 1717 1758 incitatus,
1757 1693 2011 1762 celerque

437 1791 505 1844 ad
560 1798 781 1845 cursum
836 1786 929 1852 sit,
976 1796 1034 1842 et
1081 1786 1296 1854 firmus,
1351 1799 1414 1840 ac
1463 1784 1680 1841 stabilis
1733 1785 1800 1840 ad
1837 1785 2022 1840 hostes

439 1897 500 1936 re
509 1879 815 1950 pellendos.

512 2165 567 2220 5.
602 2165 684 2218 Ad
734 2161 974 2218 triremis
1024 2158 1425 2216 confectionem
1477 2159 1661 2211 omnia
1696 2164 1888 2226 parata
1921 2155 2025 2209 ha-

439 2258 624 2322 beant,
673 2271 846 2324 eaque
878 2256 934 2308 in
989 2263 1266 2322 promptu,
1313 2261 1366 2305 ct
1403 2250 1592 2320 dupla,
1631 2258 1692 2302 ut
1723 2250 2022 2312 aueheues,

443 2364 649 2412 remos,
685 2348 944 2411 scalmos,
981 2345 1162 2408 funes,
1211 2345 1384 2408 earia,
1428 2350 1481 2396 et
1513 2348 1753 2395 transtra
1781 2340 2022 2404 illorum,

439 2442 683 2506 ceratia,
739 2447 791 2493 et
837 2438 1103 2500 catartia,
1158 2445 1212 2491 et
1257 2450 1598 2505 quateunque
1642 2433 1746 2486 alia
1804 2433 2023 2486 nautica

443 2547 535 2586 ars
569 2531 634 2586 ad
681 2547 841 2586 usum
876 2529 1128 2599 requirit.
1183 2527 1389 2580 llabeat
1417 2537 1678 2596 praeterea
1719 2527 1861 2596 ligna
1891 2541 2026 2578 cou-

441 2637 597 2689 cava,
650 2637 888 2685 asseres,
929 2631 1210 2689 stuppam,
1259 2620 1459 2688 picem,
1508 2619 1681 2687 picem
1739 2618 2022 2688 liquidam,

441 2715 738 2783 omniaque
785 2713 1154 2768 instrumenta
1207 2710 1442 2775 navalia,
1477 2719 1528 2763 et
1563 2711 1630 2763 ad
1679 2710 2025 2763 fabricandas

443 2821 610 2859 naves
645 2802 974 2874 spectantia,
1026 2818 1174 2856 unus
1219 2800 1423 2868 aliquis
1457 2809 1671 2864 rector,
1700 2811 1758 2852 ut
1793 2802 2022 2864 ast-iam,

446 2895 750 2958 terebrum,
806 2907 1040 2958 serram,
1089 2898 1254 2961 atque
1303 2890 1410 2944 alia
1465 2891 1585 2960 ejus
1618 2891 1855 2961 generis.

514 3082 568 3136 6.
602 3079 662 3134 In
712 3093 872 3154 prora
939 3077 1228 3148 siphonem
1276 3092 1384 3132 mre
1432 3077 1710 3133 obtectum
1751 3077 1818 3132 de
1873 3092 2025 3130 more

443 3172 648 3226 habeas
691 3170 757 3223 ad
793 3171 970 3240 ignem
1010 3171 1064 3222 in
1120 3168 1307 3222 ho.~tes
1341 3169 1750 3236 ejaculandnm,
1790 3177 1843 3222 et
1881 3170 2024 3222 celse

445 3278 611 3333 supra
659 3262 946 3329 siphonem
1006 3259 1427 3329 pseudopatium
1459 3275 1524 3313 ex
1575 3260 1856 3313 asseribus
1887 3274 2022 3313 cou-

447 3357 668 3419 fectum,
719 3360 772 3406 et
802 3350 1082 3406 asseribus
1122 3350 1563 3414 circumtectum,
1599 3349 1651 3401 in
1683 3363 1795 3417 quo
1827 3349 1927 3401 viri
1957 3351 2022 3400 ad

445 3445 759 3501 bellandum
815 3441 1070 3496 instructi
1113 3440 1245 3507 sint,
1276 3442 1369 3511 qui
1407 3440 1697 3494 adversum
1739 3440 1928 3494 hostes
1956 3456 2020 3494 ex

442 3551 606 3608 prora
656 3545 918 3604 pugnent,
973 3533 1058 3586 vel
1108 3533 1162 3586 in
1214 3531 1466 3586 hostilem
1507 3546 1700 3585 navem
1755 3531 1885 3595 tela,
1933 3542 2027 3587 aut

443 3632 548 3684 alia
585 3628 650 3682 ad
687 3625 983 3681 vastandos
1034 3625 1223 3679 hostes
1275 3623 1585 3694 spectantia
1639 3622 1915 3692 injiciant.

514 3911 571 3965 7.
620 3907 723 3961 Sed
767 3915 821 3961 et
859 3907 1039 3975 lignea
1083 3913 1288 3969 castra,
1325 3919 1447 3975 quae
1495 3905 1546 3958 in
1593 3905 1773 3960 medio
1803 3906 2022 3959 catartii

445 4014 594 4069 sunt,
644 4001 899 4056 maximis
954 4002 1008 4055 iu
1061 4000 1382 4054 triremibus
1440 3999 1720 4054 asseribus
1784 3997 2023 4054 exmdili-

443 4107 662 4161 cantur,
694 4112 724 4151 e
751 4094 954 4167 quibus
984 4093 1188 4146 milites
1237 4093 1292 4146 in
1341 4092 1579 4146 mediani
1640 4092 1896 4147 hostilem
1931 4105 2026 4143 na-

445 4204 566 4244 vem
625 4186 924 4255 conjicient
985 4182 1069 4237 vel
1130 4182 1340 4251 lapides
1394 4180 1657 4242 molares,
1727 4180 1812 4234 vel
1864 4195 2027 4249 grave

445 4281 673 4343 ferrum,
728 4286 786 4332 ut
840 4290 1024 4331 mazas
1081 4272 1423 4344 cuspidalas,
1466 4270 1671 4341 quibus
1712 4270 1794 4324 vel
1833 4284 2023 4324 navem

444 4369 814 4438 confringent,
842 4367 923 4421 vel
957 4365 1238 4434 subjectos
1272 4364 1325 4418 in
1381 4377 1519 4417 nave
1552 4360 1913 4425 contundunt,
1941 4361 2024 4414 vel

444 4462 552 4514 alia
597 4460 652 4514 in
691 4459 814 4514 illos
861 4457 1220 4528 profundent,
1277 4463 1373 4511 aut
1411 4453 1653 4509 hostium
1710 4465 1901 4506 navem
1936 4450 2019 4504 in-

2183 775 2256 846 γ’.
2291 779 2820 849 Κατασκευασοῆναι
2858 779 2916 832 δέ
2942 781 3034 834 καὶ
3055 781 3338 852 δρόμωνας
3367 783 3449 837 δεῖ
3475 785 3750 855 ἀρκοῦν·-

2113 886 2213 934 τας
2261 869 2398 941 πρὸς
2445 870 2753 941 ναυμαχίαν
2802 870 2944 926 κατὰ
2984 873 3094 926 τῶν
3131 877 3744 948 ἀντιστρατευομένων

2117 965 2380 1034 πλωϊμων
2417 963 2714 1035 πολεμίων,
2744 964 2841 1018 καὶ
2890 965 3028 1036 πρὸς
3067 966 3169 1036 τὴν
3201 966 3427 1021 ἐκείνων
3460 969 3742 1024 διάθέσίν

2116 1070 2176 1106 τε
2223 1053 2320 1107 καὶ
2379 1053 2736 1118 κατάστασιν,
2795 1053 2889 1106 καὶ
2932 1055 3041 1107 τῶν
3081 1055 3190 1110 σῶν
3237 1059 3572 1129 ποιήσασθαι
3619 1061 3742 1131 τὴν

2121 1145 2469 1216 κατασκευὴν
2495 1145 2728 1216 δυνατὴν
2762 1145 2899 1217 πρὸς
2930 1146 3168 1216 ἅπαντα,
3209 1149 3440 1214 ἐκείνοις
3473 1153 3741 1225 ἀντιμά-

2122 1237 2341 1309 χεσοαι.

2194 1328 2256 1384 δ’,
2301 1331 2364 1382 Ἦ
2419 1329 2476 1384 δὲ
2519 1329 2630 1384 τῶν
2675 1330 2968 1402 δρομώνων
3018 1334 3337 1407 κατασκευὴ
3390 1337 3528 1407 μήτε
3566 1339 3736 1408 ἄγαν

2124 1421 2265 1474 ἐστω
2291 1423 2513 1490 παχεῖα,
2536 1421 2622 1474 ἵνα
2654 1421 2729 1492 μὴ
2745 1422 2904 1492 ἀργοὶ
2928 1422 3196 1491 γένωνται
3220 1425 3277 1478 ἐν
3297 1425 3417 1488 ταῖς
3437 1425 3732 1489 ἐλασίαις·

2127 1514 2266 1585 μήτε
2290 1512 2410 1566 λίαν
2435 1513 2515 1575 είς
2544 1511 2849 1584 λεπτότητα
2883 1512 3302 1586 ἐξειργασμένῃ,
3327 1516 3415 1570 ἵνα
3439 1515 3517 1586 μὴ
3546 1516 3738 1570 ἀσθε-

2125 1603 2223 1674 νὴς
2265 1598 2398 1655 οὖσα
2456 1602 2552 1655 καὶ
2595 1603 2770 1674 σαθρὰ
2814 1602 3012 1674 ῥᾳδίως
3044 1603 3152 1657 ὑπὸ
3183 1605 3291 1659 τῶν
3323 1607 3590 1677 κυμάτων
3629 1610 3739 1661 καὶ

2125 1696 2225 1766 τῆς
2258 1695 2367 1749 τῶν
2390 1695 2648 1748 ἐναντίων
2690 1696 3036 1766 συναράξεώς
3069 1714 3128 1749 τε
3161 1697 3256 1750 καὶ
3280 1698 3561 1768 κρούσεως
3596 1699 3737 1753 δια-

2127 1785 2334 1838 λύεται.
2375 1784 2536 1838 Ἀλλὲ
2561 1785 2872 1856 σύμμετρον
2901 1784 3071 1856 ἐχέτω
3108 1786 3212 1858 τὴν
3237 1788 3498 1855 ἐργασίαν
3528 1789 3558 1841 ὀ
3592 1788 3736 1860 δρό-

2057 1895 2098 1950 B
2131 1896 2267 1950 μων,
2302 1880 2389 1931 ἵνα
2421 1877 2516 1930 καὶ
2555 1877 2909 1948 ἐλαυνόμενος
2942 1877 3016 1948 μὴ
3045 1878 3167 1930 λίαν
3203 1879 3371 1950 ἀργός
3407 1881 3579 1946 ἐστιν,
3631 1883 3738 1935 καὶ

2129 1965 2602 2034 κλυδωνιζόμενος,
2633 1966 2665 2036 ἧ
2700 1966 2851 2036 παρὰ
2897 1966 3005 2019 τῶν
3032 1967 3243 2038 ἐχθρῶν
3278 1969 3738 2040 συγκρουόμενος

2131 2059 2477 2129 ἰσχυρότερος
2511 2058 2742 2130 διαμένῃ
2771 2059 2865 2112 καλ⁵
2892 2058 3188 2130 ἄρρηκτος.

2195 2157 2260 2206 ε’.
2308 2150 2614 2221 Ἐχέτωσαν
2657 2151 2714 2204 δὲ
2757 2151 2854 2204 καὶ
2894 2153 3070 2206 πάντα
3105 2152 3172 2206 τὰ
3209 2153 3347 2223 πρδς
3383 2155 3738 2226 ἐξαρτισμδν

2125 2243 2399 2315 δρόμωνος
2427 2244 2814 2316 ἀπαράλειπτα
2845 2244 2936 2296 καὶ
2975 2243 3159 2311 διπλᾶ,
3193 2239 3304 2299 οἷον
3343 2247 3579 2317 αὐχένας
3616 2250 3730 2318 (ι),

2127 2336 2338 2398 κώπας,
2371 2337 2673 2407 σκαρμοὺς,
2699 2338 2929 2407 σχοινία,
2962 2338 3179 2409 κὰροια,
3202 2340 3294 2391 καὶ
3321 2340 3388 2393 τὰ
3415 2339 3640 2410 ἄρμενα
3671 2343 3733 2396 δὲ

2126 2426 2303 2478 αὐτῶν
2333 2425 2425 2479 καὶ
2455 2427 2780 2498 κερατάρια,
2806 2430 2900 2482 καὶ
2932 2429 3222 2500 κατάρτια,
3256 2433 3347 2485 καὶ
3377 2434 3556 2486 ὁπόσα
3582 2435 3729 2488 ἄλλα

2127 2518 2408 2590 ήναυτικὴ
2443 2520 2608 2589 τέχνη
2638 2521 2774 2590 πρὸς
2806 2522 2996 2592 χρείαν
3026 2523 3267 2577 ἀπαιτεῖ.
3311 2523 3510 2594 Ἐχέτω
3534 2527 3591 2578 δὲ
3625 2529 3728 2581 κ;-ὶ

2127 2611 2192 2664 ἐκ
2233 2611 2496 2680 περισσοῦ
2546 2613 2681 2678 ξύλα
2716 2614 2838 2668 τινὰ
2879 2616 3142 2681 ἐγκοίλια,
3180 2615 3275 2668 καὶ
3325 2618 3564 2681 σανίδας,
3621 2624 3724 2673 καὶ

2129 2704 2394 2764 στυππία,
2419 2705 2511 2757 καὶ
2542 2704 2761 2770 πίσσαν,
2788 2705 2882 2759 καί⁵
2908 2707 3257 2777 ύγρὸπισσον,
3285 2708 3378 2761 καὶ
3408 2713 3722 2780 ναυπηγὸν,

2129 2796 2266 2866 μετὰ
2321 2797 2541 2851 πάντων
2592 2799 2698 2852 τῶν
2745 2800 3049 2870 ἐργαλείων
3072 2801 3258 2867 αὑτοῦ,
3292 2803 3389 2858 ἕνα
3448 2804 3555 2857 τῶν
3589 2806 3719 2861 ὲλοῐ⁸

2125 2889 2234 2940 τῶν
2264 2886 2376 2944 οἷον
2420 2891 2752 2962 σκεπάρνου,
2789 2892 3041 2964 τελέτρου
3072 2894 3174 2964 (2),
3209 2895 3451 2966 πρίονος,
3485 2897 3576 2949 καὶ
3605 2897 3724 2952 τῶν

2127 2979 2349 3049 ὁμοίων.

2195 3077 2271 3138 ς’.
2309 3071 2512 3141 Ἐχέτω
2533 3072 2590 3126 δέ
2615 3074 2830 3138 πάντως
2852 3074 2943 3128 τὸν
2967 3077 3174 3146 σίφωνα
3197 3078 3340 3132 κατὰ
3362 3079 3460 3152 τὴν
3484 3079 3718 3153 πρῶραν

2128 3163 2440 3233 ἔμπροσθεν
2501 3165 2687 3236 χαλκῷ
2710 3169 3108 3237 ἠμφιεσμένον,
3143 3171 3219 3235 ὡς
3275 3171 3418 3238 ἔθος,
3449 3173 3513 3228 δι’
3543 3169 3604 3228 οὗ
3653 3175 3718 3229 τδ

2128 3256 2549 3325 ἐσκευασμένων
2587 3257 2663 3326 (5)
2720 3258 2837 3329 πῦρ
2873 3261 3015 3312 κατᾶ
3047 3261 3154 3314 τῶν
3195 3262 3451 3317 ἐναντίων
3490 3265 3718 3319 ἀκοντί-

2130 3361 2210 3396 σοι
2235 3345 2333 3414 (4).
2364 3348 2469 3398 Καὶ
2502 3345 2710 3400 ἄνωθεν
2743 3348 2799 3402 δὲ
2826 3350 2920 3402 τοῦ
2952 3351 3195 3406 τοιούτου
3244 3353 3463 3422 σίφωνος
3504 3355 3711 3424 ψευδο-
3787 3379 3791 3382 ν

2129 3437 2322 3490 πὰτιον
2387 3439 2494 3492 ἀπὸ
2548 3439 2796 3505 σανίδων,
2848 3443 2942 3494 καὶ
2991 3443 3123 3496 αὐτὸ
3183 3448 3716 3518 περιτετειχισμένον

2131 3530 2360 3594 σανίσιν,
2400 3531 2457 3583 ἐν
2495 3526 2539 3599 ᾧ
2570 3532 2852 3602 στήσονται
2887 3533 3079 3604 ἄνδρες
3117 3534 3440 3606 πολεμισταὶ
3469 3540 3582 3601 τοῖς
3609 3541 3713 3593 ἐπ-

2128 3637 2151 3671 ε
2161 3621 2443 3690 ρχομένοις
2473 3623 2581 3676 ἀπὸ
2607 3623 2707 3694 τῆς
2732 3623 2956 3696 πρώρας
2979 3625 3087 3678 τῶν
3110 3626 3385 3698 πολεμίων
3413 3628 3715 3700 ἀντιμαχό-

2130 3727 2304 3778 μενοι,
2337 3711 2370 3781 ἢ
2411 3711 2550 3766 κατὰ
2587 3713 2682 3782 τῆς
2712 3714 2976 3784 πολεμίας
3011 3717 3146 3781 νεὼς
3173 3717 3302 3788 ὅλης
3329 3716 3616 3789 βάλλοντες
3641 3719 3712 3773 δι’

2127 3803 2268 3855 ὅσων
2293 3802 2360 3856 ἂν
2393 3806 2756 3876 ἐπινοήσωσιν
2783 3807 2984 3865 ὃπλων.

2198 3893 2264 3959 ζ’.
2308 3896 2466 3950 Ἀλλὰ
2494 3901 2588 3950 καὶ
2618 3899 2687 3951 τὰ
2710 3899 2978 3972 λεγόμενα
2999 3902 3341 3976 ξυλόκαστρα
3371 3908 3502 3978 περὶ
3533 3907 3594 3961 τὸ
3619 3909 3711 3979 μέ-

2134 4003 2226 4040 σον
2257 4006 2361 4041 που
2393 3990 2486 4043 τοῦ
2515 3992 2810 4063 καταρτίου
2863 3994 2920 4046 ἐν
2956 3999 3069 4060 τοῖς
3117 3999 3397 4067 μεγίστοις
3440 4001 3709 4073 δρόμωσιν

2131 4081 2484 4151 ἐπιστήσουσι
2520 4087 3026 4158 περιτετειχισμένα
3065 4092 3292 4156 σανίσιν,
3319 4092 3381 4158 ἐξ
3407 4087 3484 4148 ὧν
3521 4095 3706 4166 ἄνδρες

2128 4175 2271 4238 τινὲς
2299 4176 2361 4229 τὸ
2394 4177 2557 4246 μέσον
2584 4181 2683 4249 τῆς
2711 4179 2978 4251 πολεμίας
3008 4182 3135 4252 νηὸς
3163 4183 3540 4239 ἀκοντίσουσιν
3568 4185 3602 4255 ἢ
3629 4186 3706 4238 λί-

2129 4262 2256 4328 θους
2307 4266 2587 4336 μυλικοὺς,
2641 4269 2904 4342 ῆσίδηρα
2959 4272 3152 4343 βαρέα,
3185 4269 3296 4329 οἷον
3338 4277 3518 4346 μάζας
3563 4276 3705 4346 5:370-

2128 4359 2312 4425 ειδεῖς,
2355 4360 2421 4414 δι’
2458 4354 2534 4415 ὧν
2561 4362 2594 4433 ἢ
2631 4362 2727 4435 τὴν
2753 4364 2883 4419 ναῦν
2909 4365 3315 4438 διαθρύψοιυσιν,
3345 4369 3378 4440 ἢ
3416 4370 3545 4434 τοὺς
3573 4371 3701 4422 ὑποι

2129 4451 2415 4522 κειμένους
2445 4454 2830 4509 συνολάσουσιν
2861 4459 3107 4530 σφοδρῶς
3127 4462 3571 4532 καταφερόμενα,
3595 4463 3626 4534 ἦ
3653 4480 3698 4516 τι

445 4554 697 4618 condent,
755 4559 847 4604 aut
901 4551 1087 4605 hostes
1159 4549 1316 4619 ipsos
1374 4547 1429 4602 in
1481 4546 1607 4601 navi
1668 4543 2019 4600 interﬁcient.

2135 4543 2315 4614 ἕτερον
2348 4547 2700 4618 ἐπιχύσουσιν
2739 4550 2772 4620 ἢ
2800 4551 3087 4624 ἐμπρῆσαι
3118 4554 3416 4626 δυνάμενον
3442 4557 3544 4626 τὴν
3574 4555 3698 4609 ναῦν

447 4646 798 4716 Unaquaeque
842 4651 1025 4697 autem
1076 4641 1322 4696 triremis
1376 4639 1609 4711 oblonga
1657 4637 1750 4703 sit,
1796 4646 1852 4692 et
1899 4650 2022 4689 mo-

445 4741 651 4800 derata,
715 4737 853 4792 duos
911 4735 1117 4789 habens
1164 4732 1388 4789 ordines
1435 4747 1711 4788 remorum
1773 4748 1784 4784 :
1851 4729 2020 4784 alium

444 4834 806 4904 superiorem,
863 4831 1030 4885 alium
1081 4829 1419 4885 inferiorem.

516 5025 570 5080 8.
615 5022 763 5078 ()rdo
813 5019 1197 5090 unusquisque
1231 5016 1429 5072 habeat
1465 5015 1531 5070 ad
1574 5013 1859 5068 minimum
1889 5011 2018 5083 juga

443 5115 634 5186 viginti
668 5113 932 5184 quinque,
989 5113 1043 5166 in
1092 5108 1294 5181 quibus
1325 5106 1560 5177 remiges
1624 5103 2014 5170 considebunt,

445 5223 587 5262 unus
621 5207 688 5260 ad
715 5205 986 5268 dextram,
1023 5203 1162 5257 alter
1196 5200 1265 5256 ad
1311 5199 1616 5264 sinistram,
1653 5195 1742 5268 qui
1777 5204 1890 5250 tum
1925 5211 2016 5250 ar-

444 5300 573 5354 mati
629 5299 849 5362 milites,
899 5305 1013 5350 tum
1060 5295 1296 5365 remiges
1327 5301 1457 5350 sunt
1488 5293 1823 5362 superiores,
1852 5299 2016 5361 atque

442 5391 732 5450 inferiores
787 5389 889 5444 viri
923 5395 1185 5453 centum;
1234 5396 1432 5454 praeter
1465 5386 1566 5441 hos
1615 5383 1854 5439 triremis
1885 5397 2014 5438 cen-

2128 4637 2236 4688 τῶν
2265 4637 2542 4705 ἐναντίων,
2580 4639 2613 4708 ἢ
2647 4641 2770 4704 τοὺς
2801 4643 2858 4695 ἐν
2881 4644 3018 4714 αὐτῇ
3054 4644 3343 4716 πολεμίους
3373 4646 3694 4702 θανατῶσαι.

2132 4728 2400 4792 ’Ἕκαστος
2430 4730 2486 4783 δὲ
2516 4731 2624 4783 τῶν
2650 4733 2944 4803 δρομὼνων
2975 4737 3229 4808 εὐμήκης
3252 4739 3414 4802 ἔστω,
3437 4742 3532 4794 καὶ
3567 4740 3696 4812 σύμ-

2133 4838 2348 4890 μετρος,
2383 4822 2521 4890 ἔχων
2549 4825 2649 4893 μὲν
2676 4825 2774 4890 τὰς
2802 4825 3099 4898 λεγομένας
3135 4830 3354 4896 ἐλασίας
3386 4832 3499 4899 δύο,
3530 4834 3623 4905 τήν
3641 4850 3695 4887 τε

2131 4914 2278 4967 κάτω
2305 4917 2398 4968 καὶ
2431 4915 2527 4988 τὴν
2549 4917 2679 4972 ἄνωέ

2201 5005 2272 5078 η’.
2316 5009 2552 5080 Ἐκάστη
2600 5010 2656 5063 δὲ
2697 5012 2868 5081 ἐχέτω
2899 5012 3097 5082 ζυγοὺς
3134 5016 3196 5068 τὸ
3227 5017 3511 5085 ἐλάχιστον
3543 5016 3694 5070 πέντε

2125 5101 2220 5154 καὶ
2244 5101 2440 5166 εἴκοσι,
2479 5104 2539 5157 ἐν
2577 5099 2658 5168 οἷς
2690 5107 2737 5158 οί
2768 5107 3091 5177 κωπηλάται
3127 5109 3578 5180 καοεσοήσονται.
3614 5110 3698 5173 Ὦς

2123 5190 2261 5250 εἶναι
2316 5196 2512 5264 ζυγοὺς
2567 5198 2692 5261 τοὺς
2750 5198 2995 5264 ἅπαντας
3049 5200 3197 5254 κάτω
3241 5202 3344 5270 μὲν
3394 5201 3567 5256 εἴκοσι
3611 5204 3698 5255 καὶ

2126 5287 2311 5353 πέντε,
2361 5287 2474 5341 ἄνω
2508 5287 2562 5341 δὲ
2593 5289 2793 5358 ὁμοίως
2821 5291 2992 5345 εἰκοσι
3031 5294 3126 5345 καὶ
3174 5293 3356 5358 πέντε,
3392 5295 3530 5363 ὁμοῦ
3571 5312 3697 5347 πεν-

2123 5382 2401 5451 τήκοντα·
2452 5382 2570 5434 καθ’
2601 5382 2696 5436 ἕνα
2740 5383 2795 5436 δὲ
2844 5385 3022 5439 αὐτῶν
3063 5385 3156 5440 δύο
3187 5387 3608 5451 καθεζέσοωσαν
3649 5389 3698 5440 oi

1950 5519 2178 5576 NOTAE.

509 5609 587 5679 (l)
617 5613 698 5684 Ali
727 5614 959 5684 αὐχένας
981 5655 994 5680 ,
1028 5628 1203 5683 usque
1242 5613 1308 5669 ad
1365 5614 1460 5668 καὶ
1509 5613 1752 5670 στυππία
1777 5652 1792 5682 ,
1842 5613 2017 5671 codex

441 5678 839 5736 Laurentianus
870 5678 1002 5739 hiat.

509 5750 584 5826 (Ξ)
625 5750 924 5816 Τελέτρου,
969 5751 1179 5818 Scribe,
1211 5753 1490 5823 τερέτρου.

2317 5612 2838 5688 ξΕσκευασμέκωνή,
2872 5615 3082 5688 Scribe.
3123 5615 3550 5688 ἐσκευασμένον.

2196 5680 2273 5756 (εί)
2322 5680 2667 5741 Ἀκοντίσόι.
2704 5686 2916 5756 Scribe,
2949 5686 3252 5740 ἀκοντίσαι.
