3964 6206
371 278 475 344 993

1416 265 1754 325 TACTICA.
1797 289 1862 299 —
1902 261 2403 324 CONSTITUTIO
2433 263 2591 321 XIX.

3509 261 3612 323 994

378 389 847 464 κωπηλατοῦντες,
879 381 957 450 εἷς
984 386 1083 459 μὲν
1112 385 1282 450 δεξιὰ,
1318 381 1396 447 εἷς
1436 384 1491 436 δὲ
1520 384 1803 454 ἀριστερά.
1862 382 1948 445 Ὠς
1978 435 1980 442 ,

2092 381 2219 447 irio,
2271 385 2324 434 et
2357 380 2449 451 qui
2478 379 2753 435 llamulum
2788 388 2950 444 tenet,
2982 390 3035 434 et
3064 380 3172 436 duo
3211 380 3605 450 gubernatores

377 480 519 537 εἶναι
547 482 673 541 τοὺς
704 478 951 537 ἅπαντας
970 475 1297 545 κωπηλάτας
1326 473 1461 543 ὁμοῦ
1492 473 1587 525 καὶ
1607 472 1732 534 τοὺς
1756 470 1955 533 αὐτοὺς

378 575 473 627 καὶ
503 569 840 640 στρατιώτας
884 568 1009 631 τούς
1042 585 1099 620 τε
1134 567 1246 621 ἀνω
1281 565 1375 619 καὶ
1412 564 1539 628 τοὺς
1573 564 1722 619 κάτω
1758 562 1956 633 ἄνδρας

378 664 592 717 ἑκατόν.
621 660 766 726 Ἔξω
788 659 846 713 δὲ
874 658 1085 712 τούτων
1103 657 1203 728 τὴν
1228 656 1524 727 κένταρχον
1542 652 1637 707 τοῦ
1657 652 1952 723 δρόμωνος,

379 753 472 807 καὶ
525 752 615 804 τὸν
665 750 727 804 τὸ
783 748 1091 819 φλάμουλον
1124 746 1443 817 κατέχοντα,
1473 744 1719 806 καὶτοὺς
1742 742 1835 795 δύο
1862 758 1958 794 κυ-

379 843 650 913 ῆερνήτας
693 841 801 893 τῶν
844 837 939 890 τοῦ
990 837 1267 907 δρόμωνος
1306 834 1571 903 αὐχένων,
1600 832 1693 896 οὓς
1730 831 1958 885 καλοῦσι

383 934 480 987 καὶ
534 929 1018 1003 πρωτοκαράδους.
1063 927 1173 981 Καὶ
1218 926 1271 978 εῐ
1305 942 1426 979 τινα
1470 925 1588 979 δέον
1628 925 1710 989 είς
1742 923 1839 994 τὴν
1864 922 1958 974 τοῦ

384 1024 683 1094 κεντάρχου
726 1018 1075 1090 ύπηρεσίαψ
1125 1017 1235 1070 τῶν
1270 1015 1327 1069 δὲ
1359 1014 1623 1085 πρωρέων
1666 1012 1870 1069 ὲλατῶν
1909 1010 1962 1071 oi.

389 1116 693 1170 τελευταῖοι
750 1112 846 1166 δύο
893 1113 921 1164 ὁ
964 1109 1066 1180 μὲν
1103 1108 1244 1161 ἔστω
1269 1106 1613 1176 σιφωνάτωρ,
1643 1107 1671 1158 6
1700 1104 1753 1157 δὲ
1778 1104 1962 1174 ἕτερος

386 1209 417 1259 6
452 1206 551 1268 τὰς
579 1202 832 1271 ἀγκύρας
862 1200 1076 1271 βάλλων
1097 1197 1241 1252 κατὰ
1267 1196 1573 1251 θάλασσαν·
1606 1193 1749 1246 ἔστω
1774 1192 1832 1245 δὲ
1868 1194 1962 1245 καὶ

385 1300 415 1351 6
443 1296 694 1367 πρωρεὺς
726 1295 838 1349 ἀνω
863 1309 965 1345 που
996 1291 1101 1359 τῆς
1126 1288 1349 1360 πρώρας
1380 1285 1688 1356 καθήμενος
1716 1283 1955 1349 ἔνοπλος,

387 1390 482 1445 καὶ
503 1390 532 1442 6
552 1387 647 1441 τοῦ
675 1386 944 1456 ναυάρχου
977 1384 1034 1436 δὲ
1061 1383 1179 1453 ἦτοι
1208 1381 1303 1434 τοῦ
1326 1379 1624 1450 κεντάρχου
1653 1377 1959 1448 κράὄϐατος

2052 471 2176 526 colli
2225 471 2489 533 triremis,
2542 486 2682 540 quos
2716 472 3170 542 πρωτοκαράὅους
3202 482 3417 537 vocant,
3465 481 3518 527 et
3568 474 3613 527 si

2052 561 2178 632 quis
2207 559 2349 616 alius
2387 560 2714 615 administer
2753 561 3095 617 centurionis
3124 570 3227 616 est.
3257 560 3332 616 Ex
3372 562 3438 618 iis
3473 564 3616 631 regi-

2053 653 2179 716 b‘us,
2215 668 2308 721 qui
2342 652 2393 705 in
2412 652 2593 739 puppi
2626 659 2777 718 sunt,
2819 653 3046 709 extremi
3098 653 3206 708 duo
3257 655 3368 709 sint
3420 674 3435 710 :
3484 656 3621 711 alter

2054 745 2396 813 siplionator,
2457 745 2593 799 alter
2645 744 2737 816 qui
2785 746 3079 800 anchoram
3134 746 3190 799 in
3239 761 3386 801 mare
3433 746 3619 815 jaciat.

2059 835 2143 889 Sit
2191 842 2246 889 et
2276 843 2518 903 proreta,
2560 835 2614 889 in
2651 850 2867 890 summa
2897 842 3054 905 parte
3101 848 3276 905 prorae
3305 835 3501 892 sedens
3529 853 3619 891 ar-

2058 935 2261 993 matlts,
2293 934 2347 980 et
2386 927 2667 993 navarcbi,
2717 929 2772 983 id
2828 936 2934 992 est,
2974 928 3312 984 centurionis
3367 931 3623 998 grabatus
3664 950 3665 953 η

2059 1015 2113 1069 in
2170 1032 2346 1086 puppe
2396 1018 2485 1082 sit,
2539 1016 2631 1085 qui
2664 1017 2826 1071 simul
2873 1027 3180 1086 separatum
3214 1033 3243 1072 a
3285 1019 3496 1072 caeteris
3524 1034 3625 1071 no-

2059 1112 2135 1161 tet
2184 1106 2559 1160 centurionem
2607 1122 2750 1173 esse,
2785 1107 2948 1161 simul
2987 1108 3158 1177 praelii
3197 1116 3439 1177 tempore
3473 1110 3622 1162 illum

2061 1212 2089 1251 a
2132 1198 2399 1267 conjectis
2446 1197 2689 1251 hostium
2747 1198 2870 1253 telis
2903 1197 3176 1254 defendat.
3225 1198 3467 1265 Quorum
3508 1201 3627 1252 loco

2067 1288 2281 1359 singula
2331 1287 2696 1356 perlustrans,
2739 1288 2806 1344 ad
2860 1305 3076 1344 omnem
3110 1304 3268 1349 usum
3300 1289 3492 1351 adduci
3528 1292 3626 1345 tri-

2046 1416 2049 1417 ν
2070 1391 2275 1431 tentem
2314 1375 2550 1445 jubebit'.
2648 1404 2651 1406 -

389 1482 483 1537 ιπὶ
530 1479 631 1548 τῆς
670 1476 927 1549 πρύμνης
969 1471 1225 1543 γινέσθω,
1262 1471 1407 1541 ’ὁμοῦ
1453 1471 1550 1541 μὲν
1580 1468 1961 1540 ἀφωρισμένον
1989 1466 2247 1521 δεικνύων
2274 1468 2366 1520 τὸν
2390 1468 2623 1539 ἄρχοντα
2644 1470 2776 1541 ὁμοῦ
2798 1471 2969 1524 δὲκαὶ
3024 1471 3305 1540 φυλάττων
3334 1475 3432 1544 μὲν
3458 1477 3633 1546 καιρῷ

390 1567 665 1639 συμϐολῆς
714 1565 822 1620 ἀπὸ
883 1563 991 1618 τῶν
1029 1562 1369 1633 ῥιπτομένων
1427 1557 1603 1628 βελῶν
1659 1558 1808 1628 παρὰ
1854 1555 1964 1610 τῶν
1995 1557 2275 1623 ἐναντίων,
2308 1557 2369 1622 ἐξ
2394 1553 2456 1613 οὗ
2514 1560 2610 1612 καὶ
2701 1560 2768 1613 τὰ
2839 1561 3046 1615 ἕκαστα
3099 1562 3312 1632 βλέπων
3360 1565 3497 1643 πρὸς
3535 1568 3636 1638 τὴν

378 1657 579 1729 -χρείαν
600 1653 837 1723 ἄγεσθαι
863 1649 1111 1704 κελεύσοι
1135 1651 1164 1704 6
1197 1649 1386 1719 ἄρχων
1417 1647 1508 1698 τὸν
1545 1643 1823 1714 δρόμωνα.

460 1746 527 1805 0'.
553 1747 668 1801 Καὶ
688 1747 865 1816 ιτεροι
889 1742 949 1796 δὲ
965 1742 1241 1814 δρόμωνες
1264 1737 1859 1803 ωτασκευαξὲσθωσάν
1884 1755 1966 1791 σοι
1999 1747 2040 1800 Β

391 1840 594 1895 τούτων
622 1838 885 1909 μείζονες,
909 1835 1020 1891 ἀπὸ
1049 1832 1335 1889 διακοσίων
1358 1832 1660 1903 χωροῦντες
1681 1831 1909 1903 ἀνδρῶν,
1924 1832 1960 1902 ἢ

392 1931 565 1985 πλείω
588 1928 789 1984 τούτων
814 1928 846 1998 ἦ
874 1926 1103 1989 ὲλάςτω,
1126 1923 1267 1978 κατά
1288 1923 1386 1993 τὴν
1410 1922 1599 1993 χρείαν
1621 1922 1719 1992 τὴν
1740 1922 1964 1976 δέουσαν

394 2025 488 2079 ἐπὶ
513 2022 707 2093 καιροῦ
729 2019 869 2074 κατὰ
899 2016 1317 2073 τῶνλὲναντίωνο
1343 2010 1418 2070 ὧν
1433 2016 1482 2068 οἱ
1507 2014 1603 2085 μὲν
1632 2016 1969 2085 πεντήκοντα

394 2119 494 2188 τὴν
527 2116 679 2169 κάτω
709 2111 931 2165 ἐλασίαν
958 2108 1422 2179 ὁπουργήσουσιν,
1459 2107 1508 2159 οἱ
1537 2106 1593 2160 δὲ
1616 2106 1809 2160 ἑκατὸν
1837 2123 1967 2161 πεν-

395 2209 633 2278 τήκοντα
679 2205 790 2266 ἀνω
834 2201 1071 2264 ἑστῶτες
1112 2200 1352 2262 ἅπαντες
1388 2197 1600 2252 ἔνοπλοι
1634 2197 1967 2268 μαχήσονται

399 2301 510 2363 τοῖς
537 2295 840 2365 πολεμίοις.

475 2392 524 2440 ι’.
552 2385 663 2438 Καὶ
710 2384 790 2438 ἔτι
834 2383 892 2437 δὲ
932 2381 1361 2445 κατασκευάσεις
1398 2381 1680 2453 δρόμωνας
1719 2381 1971 2446 ἐλάττους

402 2478 865 2548 δρομικωτόπους,
899 2476 1062 2537 οἱονεὶ
1090 2473 1322 2542 γαλαίας
1362 2473 1396 2543 ἢ
1442 2475 1699 2544 μονήρεις
1745 2473 1973 2545 λεγομέ-

404 2589 549 2637 νους,
572 2571 823 2641 ταχινοῦς
859 2571 958 2623 καὶ
985 2567 1277 2637 ἐλαφροκ,
1319 2560 1513 2637 οἷσπερ
1548 2566 1729 2637 χρήσῃ
1770 2568 1828 2621 ὲν
1855 2569 1975 2630 ταῖς

408 2660 620 2732 βίγλαις
653 2660 747 2712 καὶ
765 2660 892 2722 ταῖς
916 2658 1105 2720 ἄλλαις
1124 2657 1372 2725 ταχιναῖς
1396 2656 1625 2729 χρείαις.

479 2758 567 2805 ια’.
601 2752 714 2804 Καὶ
746 2750 942 2820 ἑτέρας
992 2747 1050 2800 δὲ
1091 2745 1225 2809 ναῦς
1265 2745 1512 2815 ποιήσεις
1547 2746 1851 2819 φορτηγοὺς
1884 2746 1979 2801 καὶ

411 2844 789 2913 ίππαγωγοίις,
827 2838 990 2893 οἱονεὶ
1016 2837 1235 2891 τούλδου
1262 2837 1441 2907 δίκην,
1475 2838 1681 2903 αἵτινες
1720 2841 1815 2908 τὴν
1844 2841 1981 2895 ἀπο-

411 2936 611 3007 σκευὴν
644 2938 861 2990 ἃπασαν
884 2930 990 2984 τῶν
1022 2929 1368 3000 στρατιωτῶν
1396 2929 1757 2998 βαστάσωσιν,
1787 2932 1874 2984 ῐνα
1906 2932 1981 3003 μὴ

402 3028 472 3083 δι’
502 3028 673 3097 αὐτὴν
722 3022 1014 3096 βαροῦνται
1059 3020 1110 3075 οἱ
1151 3019 1448 3090 δρόμωνες,
1491 3020 1584 3073 καὶ
1639 3020 1872 3089 μάλιστα
1921 3024 1979 3074 ὲν

2139 1740 2192 1793 9.
2243 1740 2377 1795 Alim
2434 1742 2686 1797 triremes
2734 1742 2803 1797 iis
2866 1744 3101 1815 majores
3160 1746 3310 1811 ﬂant,
3368 1748 3635 1806 ducentos

2064 1831 2235 1895 viros.
2284 1843 2379 1886 aut
2432 1833 2616 1902 plures
2663 1835 2742 1890 vel
2785 1837 3044 1901 minores,
3095 1852 3194 1906 pro
3225 1840 3635 1909 opportunitate

2036 1970 2041 1975 .
2069 1921 2314 1975 locorum
2352 1930 2793 1995 temporumque,
2833 1931 3155 1997 capientes;
3187 1943 3217 1984 ο
3249 1930 3449 1998 quibus
3478 1932 3639 2002 quin-

2069 2013 2329 2082 quaginta
2358 2014 2411 2066 in
2442 2012 2704 2069 inferiore
2753 2032 3030 2072 remorum
3066 2020 3257 2075 ordine
3291 2020 3637 2088 locabuntur,

2070 2090 2291 2155 céntum
2326 2102 2723 2173 quinquaginta
2754 2107 3011 2176 superius
3044 2116 3273 2177 stantes,
3310 2124 3500 2166 omnes
3537 2112 3636 2165 ad-

2072 2204 2291 2255 versum
2344 2190 2533 2247 hostes
2584 2196 2776 2249 armati
2830 2191 3167 2268 pugnabunt.

2147 2374 2238 2429 10.
2292 2372 2577 2432 Triremes
2642 2376 2884 2433 minores
2933 2376 3232 2435 fabricabis
3293 2380 3360 2434 ad
3422 2395 3644 2437 cursum

2076 2466 2395 2525 celerrimas
2423 2482 2592 2521 unum
2621 2482 2895 2524 remorum
2926 2470 3174 2525 ordinem
3200 2470 3484 2538 habentes,
3509 2491 3648 2544 quas

2076 2557 2261 2628 galeas
2306 2568 2540 2622 vocant,
2591 2560 2762 2629 agiles
2834 2570 2890 2615 ct
2943 2563 3259 2631 expeditas,
3325 2566 3526 2636 quibus
3579 2570 3648 2622 ad

2077 2647 2339 2703 excubias
2368 2648 2611 2719 aliasque
2651 2652 2856 2707 celeres
2893 2667 3092 2713 causas
3133 2655 3321 2717 uteris,

2150 2738 2238 2791 Η.
2288 2738 2439 2793 Alias
2491 2750 2753 2807 praeterea
2806 2756 2969 2798 naves
3000 2746 3307 2809 onerarias,
3351 2755 3407 2802 et
3441 2751 3655 2817 equile-

2084 2841 2175 2883 ras
2216 2829 2459 2898 parabis,
2486 2845 2629 2900 quas
2688 2830 3204 2901 impedimentorum
3258 2836 3379 2891 loco
3406 2837 3653 2904 habebis,

2084 2932 2206 2987 quae
2262 2928 2579 2988 apparatum
2622 2921 2944 2978 universum
2996 2924 3285 2980 militarem
3341 2930 3654 2995 gestabunt,

2090 3016 2150 3061 ut
2187 3024 2254 3063 ne
2286 3010 2353 3064 iis
2390 3011 2554 3066 rebus
2584 3012 2843 3069 triremes
2894 3015 3012 3068 aliae
3056 3026 3375 3085 graventur,
3423 3021 3659 3091 bellique

407 3081 860 3186 ἀγῶνοςοκαιρῶ.
891 3111 1021 3169 Ὅτε
1068 3108 1125 3169 δὲ
1177 3081 1338 3179 χρεία
1388 3081 1589 3179 μικρᾶς
1629 3081 1891 3179 δαπάνης,
1944 3110 1975 3179 ἢ

2092 3097 2440 3177 potissimum
2484 3108 2754 3171 tempore.
2812 3102 2913 3157 Ubi
2969 3081 3153 3159 autem
3206 3081 3516 3164 commeatu
3565 3081 3660 3167 aut

408 3207 608 3272 ὅπλων,
638 3206 672 3279 ἢ
702 3203 868 3275 ἄλλης
898 3200 1050 3273 ὕλης,
1088 3198 1297 3254 ἐκεῖθεν
1322 3199 1745 3272 ἀναλαμϐάνουσι
1773 3201 1869 3265 τὰς
1898 3201 1979 3256 δι-

409 3301 671 3369 οικήσεις.

486 3388 574 3457 ιβ’.
601 3390 704 3443 Τὸν
737 3389 795 3444 δὲ
818 3389 924 3443 τῶν
951 3391 1241 3463 δρομώνων
1269 3390 1519 3462 ἀριθμὸν,
1552 3390 1644 3443 καὶ
1672 3389 1779 3442 τῶν
1808 3389 1866 3441 ὲν
1891 3386 1983 3439 αύ-

413 3483 524 3544 τοῖς
559 3482 929 3550 στρατιωτῶν,
964 3481 1283 3535 ἀνείκαστον
1316 3483 1433 3534 ἐστι
1468 3481 1560 3533 καὶ
1586 3479 1779 3549 ἄδηλον
1811 3478 1980 3548 διορίο

417 3570 632 3633 σασθαι.
670 3570 735 3623 Ἦ
755 3572 862 3641 γὰρ
895 3570 1037 3625 κατά
1067 3570 1157 3625 τὸν
1186 3569 1375 3640 καιρὸν
1398 3570 1554 3641 χρεία
1584 3570 1720 3638 πρὸς
1747 3569 1845 3639 τὴν
1872 3566 1981 3620 τῶν

415 3660 866 3731 ἀντιμαχομένων
900 3661 1177 3732 πολεμίων
1200 3659 1451 3728 δύναμιν,
1482 3658 1557 3721 ὠς
1599 3659 1666 3712 ἂν
1704 3658 1984 3730 ἀπαιτήσῃ

418 3745 512 3807 καὶ
537 3745 598 3807 τὸ
627 3745 831 3814 πλῆθος
856 3745 965 3807 τῶν
983 3744 1298 3817 δρομώνων.
1321 3747 1432 3809 Καὶ
1453 3746 1613 3805 πάλιν
1637 3746 1727 3799 τὸν
1753 3745 1985 3817 ἀριθμὸν

421 3836 513 3894 τοῦ
545 3838 602 3893 ἐν
624 3838 805 3898 αὐτοῖς
837 3835 967 3890 λαοῦ
994 3837 1137 3891 κατά
1164 3838 1225 3893 τὸ
1248 3837 1477 3907 μέγεθος
1507 3837 1614 3897 τῶν
1639 3837 1859 3903 πλοίων,
1892 3837 1987 3892 καὶ

420 3928 518 3998 τὴν
547 3928 769 3985 δέουσαν
805 3930 863 3982 ὲν
893 3930 1076 3993 αὐτοῖς
1123 3930 1422 4002 πολεμικὴν
1464 3928 1675 3983 ὅπλισιν
1717 3928 1859 3984 οὕτω
1895 3931 1989 3985 καὶ

424 4019 686 4089 ποιήσεις.

498 4108 588 4179 ιγ’.
627 4110 856 4178 Προσὲτι
895 4111 950 4164 δὲ
988 4112 1082 4166 καὶ
1128 4110 1196 4165 τὰ
1224 4112 1532 4182 σκευοφόρα
1563 4115 1657 4167 καὶ
1689 4111 1990 4181 ίππαγωγὰ

428 4194 585 4248 πλοῖα
620 4198 743 4261 τοὺς
784 4200 840 4250 ὲν
872 4200 1053 4265 αὐτοῖς
1098 4201 1401 4272 ἀρκοῦντας
1448 4201 1628 4268 ἕξουσι
1668 4202 1867 4265 ναύτας
1890 4201 1991 4270 (5),

428 4287 548 4367 οὐδὲ
582 4287 774 4352 αὐτοὺς
812 4291 1094 4356 ἀνόπλους.
1118 4292 1293 4347 ,Ἀλλὰ
1326 4292 1422 4345 καὶ
1461 4292 1591 4356 τόξα
1626 4292 1870 4361 ἔχοντας,
1900 4292 1994 4346 καὶ

428 4380 705 4449 σαγίττας,
738 4384 831 4442 καὶ
859 4385 1136 4454 ρικτάρια,
1165 4384 1338 4438 καὶ-εἷ
1362 4399 1413 4435 τι
1439 4381 1695 4453 χρειῶδες
1727 4382 1863 4450 πρὸς
1892 4383 1993 4436 πό·-

427 4473 481 4525 λε
493 4491 589 4542 μον
620 4472 705 4525 Et;
714 4490 826 4543 ρον,
859 4473 948 4527 διὰ
975 4473 1074 4535 τάς
1098 4473 1400 4540 ἀναγκαίας
1428 4471 1797 4543 περιστάσεις.
1844 4474 1997 4531 Ἐπιο

431 4565 784 4636 φερέσθωσαν
821 4565 878 4617 δὲ
908 4565 1000 4617 καὶ
1026 4562 1255 4633 περιττά
1286 4562 1447 4616 ὅπλα’
1486 4562 1616 4615 ποτὲ
1638 4562 1745 4633 γὰρ
1771 4564 1866 4616 καὶ
1888 4563 1999 4618 λει-

432 4656 640 4707 πόντων
666 4655 861 4719 ὃπλων,
887 4653 1091 4707 ἐκεῖθεν
1125 4654 1173 4709 οἱ
1202 4651 1528 4723 στρατιῶται
1555 4654 1888 4722 πορίσονται.
1921 4653 2000 4708 Τά

424 4746 480 4797 δὲ
504 4746 726 4799 τοιαῦτα
749 4746 910 4799 πλοῖα
932 4746 1024 4798 καὶ
1045 4744 1264 4815 ἅρματα
1286 4745 1581 4814 ἐχέτωσαν,
1601 4745 1696 4799 καὶ
1720 4747 1995 4817 μάγγανα,

427 4837 521 4888 καὶ
571 4835 639 4887 τὰ
685 4836 818 4890 ἄλλα
855 4836 995 4887 ὅπλα
1042 4834 1177 4905 πρὸς
1226 4835 1432 4905 χρείαν,
1470 4836 1518 4889 εί
1566 4834 1743 4907 τύχοι,
1789 4838 1997 4908 μήποτε

428 4926 766 4978 ἐπιλείπουσι
809 4926 895 4979 διὰ
926 4927 985 4979 τὸ
1012 4927 1323 4997 ὀλιγοῦσοαι
1354 4928 1495 4982 αύτά
1531 4929 1590 4981 ὲν
1616 4931 1735 4991 ταῖς
1775 4928 1994 4997 μάχαις.

443 5016 626 5078 Ἐκτδς
658 5016 715 5069 δὲ
778 5016 889 5069 τῶν
929 5017 1273 5093 στρατιωτῶν
1320 5018 1438 5093 ἦτοι
1484 5016 1594 5075 τῶν
1639 5018 1753 5073 ἀνω
1796 5018 2000 5071 ὲλατῶι

432 5111 546 5160 ὅσοι
577 5107 641 5161 ἄν
672 5109 807 5173 εἰσιν
833 5108 941 5164 ἀπό
976 5125 1035 5162 τε
1077 5108 1170 5162 τοῦ
1204 5109 1499 5178 κεντάρχου
1533 5108 1628 5162 καὶ
1666 5107 1864 5177 ἑφεξῆς
1898 5108 2001 5173 ἕως

427 5199 522 5250 τοῦ
554 5199 787 5271 ἐσχάτου
818 5199 1193 5268 κατάφρακτοι
1236 5197 1452 5250 ἔσονται
1482 5196 1622 5250 ὅπλα
1648 5196 1861 5266 ἔχοντες
1893 5192 2003 5250 οἷον

432 5290 749 5364 σκουτάρια,
798 5288 1059 5360 μέναυλα,
1099 5289 1251 5354 τόξα,
1301 5288 1564 5356 σαγίττας
1602 5290 1666 5342 ἐκ
1716 5288 1998 5360 περισσοῦ,

433 5379 659 5445 σπαθία,
714 5380 992 5452 ρικτάρια,
1033 5380 1286 5452 λωρίκια,
1340 5379 1624 5447 κλιϐἀνια,
1687 5380 1735 5431 εί
1783 5382 1875 5433 καὶ
1924 5380 1998 5450 μὴ

430 5471 675 5539 ὄπισθεν,
702 5471 835 5526 ἀλλά
859 5473 1077 5527 πάντων
1133 5471 1439 5543 ἔμπροσθεν
1457 5488 1471 5505 ο
1503 5471 1779 5536 κασσίδας,
1820 5471 2000 5541 χειρό-

2090 3189 2283 3256 armis,
2330 3199 2425 3244 ant
2472 3192 2578 3247 alia
2616 3193 2844 3249 materia
2873 3209 3012 3263 opus
3059 3203 3165 3261 est,
3219 3197 3345 3252 inde
3394 3199 3463 3253 ad
3495 3216 3655 3257 usum

2093 3294 2253 3336 suum
2304 3280 2649 3349 depromant.

2165 3370 2251 3425 12.
2296 3370 2627 3426 Triremium
2673 3374 3037 3443 singularum,
3074 3377 3439 3448 militumque,
3468 3382 3561 3451 qui
3603 3384 3656 3437 in

2094 3458 2204 3513 illis
2242 3460 2530 3525 vehuntur,
2580 3478 2864 3519 numerum
2908 3466 3133 3521 delinire
3174 3468 3333 3524 facile
3384 3486 3494 3525 non
3538 3483 3657 3539 est;

2098 3555 2404 3618 temporum
2450 3552 2597 3605 enim
2650 3552 2896 3622 ipsorum
2931 3559 3318 3626 opportunitas
3349 3560 3414 3615 ad
3471 3563 3660 3631 cupias

2099 3642 2337 3697 hostium
2392 3648 2803 3716 expugnandas,
2832 3658 2946 3711 tum
3007 3653 3311 3708 triremium
3350 3670 3661 3723 numerum,

2098 3742 2214 3788 tum
2276 3735 2511 3791 militum
2554 3739 2743 3804 etiam,
2789 3756 3086 3813 omnesque
3143 3760 3231 3800 res
3284 3759 3546 3815 praeterea
3598 3751 3665 3803 ad

2100 3823 2300 3883 bellum
2353 3828 2714 3895 necessarias,
2776 3831 3059 3892 indicabit.

2172 4107 2258 4161 15.
2298 4107 2477 4164 Naves
2515 4110 2824 4179 onerarias,
2854 4120 2910 4167 et
2938 4122 3224 4184 equestres
3258 4116 3438 4169 omnia
3473 4116 3668 4171 idonea

2102 4196 2158 4250 in
2214 4212 2276 4251 se
2325 4197 2525 4253 habere
2578 4202 2887 4269 oportebit,
2924 4219 3101 4271 neque
3135 4220 3222 4258 res
3256 4207 3433 4259 solum
3476 4204 3543 4256 ad
3576 4222 3671 4257 na.
3744 4240 3745 4243 η

2104 4286 2393 4356 vigamlnm
2449 4291 2809 4357 necessarias,
2842 4292 2936 4351 sed
2999 4293 3164 4347 etiam
3200 4309 3380 4358 arcus,
3414 4293 3667 4363 sagittas,

2098 4375 2303 4446 jacula,
2360 4388 2417 4433 et
2462 4380 2670 4450 siquid
2725 4390 2982 4450 praeterea
3021 4392 3239 4453 propter
3291 4399 3378 4440 res
3431 4385 3671 4439 circum-

2108 4478 2316 4533 stantes
2380 4472 2448 4526 ad
2516 4472 2770 4528 bellicum
2826 4489 2986 4531 usum
3046 4478 3302 4545 pertinet.
3362 4475 3675 4530 Aﬂerantur

2104 4562 2268 4626 etiam
2299 4577 2581 4620 armorum
2606 4578 2807 4635 genera
2833 4566 3126 4634 permulta,
3160 4576 3221 4621 ut
3261 4565 3492 4622 defectis
3532 4580 3678 4634 sepe

2106 4654 2370 4709 militibus
2417 4668 2569 4709 arma
2598 4656 2724 4712 inde
2755 4658 3190 4728 suppeditentur.
3220 4659 3482 4731 Mangana
3509 4658 3676 4714 etiam

2105 4744 2363 4812 habeant,
2400 4747 2719 4817 reliquaque
2746 4749 2866 4819 ejus
2900 4751 3115 4819 generis
3149 4765 3321 4814 arma,
3366 4765 3436 4806 ne
3485 4750 3675 4807 militi-

2107 4835 2213 4892 bus
2262 4837 2461 4893 horum
2503 4837 2725 4894 defectu
2750 4840 3082 4897 offensiones
3110 4854 3319 4910 magna:
3344 4841 3494 4896 ﬁant.
3524 4840 3674 4895 Prae-

2106 4932 2190 4980 ter
2224 4926 2425 4981 milites
2478 4934 2683 4993 autem,
2715 4936 2771 4984 et
2811 4930 3123 4998 superiores
3152 4929 3405 4999 remiges,
3436 4930 3671 5003 quicun-

2104 5033 2211 5087 que
2263 5032 2388 5073 cum
2433 5020 2757 5075 centurione
2808 5028 2956 5083 sunt,
2992 5021 3299 5091 reliquique
3333 5036 3361 5074 a
3398 5021 3576 5091 primo
3605 5022 3670 5074 ad

2107 5117 2435 5176 extremum,
2473 5124 2663 5166 omnes
2711 5111 2903 5173 armati
2961 5112 3094 5178 sint,
3143 5120 3198 5167 et
3247 5120 3429 5173 scuta,
3484 5112 3673 5166 hastas

2110 5197 2409 5268 longiores,
2440 5215 2625 5264 arcus,
2664 5202 2892 5271 sagittas
2929 5204 3248 5272 permultas,
3300 5203 3543 5271 spathas,
3588 5202 3676 5270 ja-

2113 5291 2260 5354 cula,
2296 5292 2500 5361 galeas,
2535 5293 2826 5357 thoraces,
2888 5294 2935 5348 si
2989 5310 3097 5349 non
3150 5309 3179 5348 a
3215 5301 3387 5363 tergo,
3447 5301 3574 5349 ante
3618 5309 3677 5348 se

2110 5380 2302 5437 saltem
2337 5380 2609 5449 habeant;
2642 5383 2915 5449 cassides,
2946 5386 3264 5451 brachialia,
3293 5386 3677 5455 anterioraque

2109 5471 2358 5541 corporis
2398 5473 2576 5529 omnis
2625 5472 2677 5527 in
2722 5473 2836 5544 ipsa
2879 5475 3250 5542 dimicatione,
3284 5487 3336 5531 et
3385 5484 3671 5533 concerta:

1934 5560 2168 5628 ΝΟΤΛΞ.

510 5655 578 5725 (ὃ)
611 5655 858 5719 Ἕξουσι
885 5657 1127 5721 ναύτας.
1155 5655 1528 5718 Serihrbatur,
1553 5655 1771 5707 ἓκουσιν
1808 5653 1998 5717 αύτάς.

680 5751 946 5809 Parum“
984 5752 1092 5808 (in.
1133 5749 1313 5809 (illi.

3215 5756 3291 5810 3’2.
