3964 6206
461 276 565 337 999

1688 277 1976 342 ιΕΟΝιε
1999 278 2095 337 ΡΗ
2108 278 2121 335 l
2135 276 2451 337 LOSOPIII

3581 281 3722 344 1000

462 383 758 441 admodum
789 383 1027 454 dignitas
1060 396 1148 437 tua
1182 382 1511 451 judicaverit
1555 383 1743 440 hostes
1771 400 1892 439 cum
1926 386 2036 441 illis

2151 388 2406 457 Ξιλλήλους
2458 389 2585 453 τοὺς
2638 385 3429 463 άντιπολεμοῦντας’χρήσιμον
3462 392 3562 446 διὰ
3590 395 3722 459 τοὺς

461 477 726 533 dimicare
748 476 906 539 velle,
942 482 999 527 ut
1023 474 1089 528 ad
1122 474 1407 544 strepitus,
1432 474 1723 539 clamores,
1759 479 2035 548 reliquos-

2151 477 2413 545 ἱφύκτους
2460 480 2852 548 ἀναγκαιοῦσιν
2894 481 3193 545 κινδύνους.
3247 482 3361 535 Καὶ
3409 482 3622 552 ἑτέρως
3664 485 3719 540 δὲ

464 582 573 639 que
631 573 817 621 motus
860 564 1084 619 bellicos
1133 562 1454 627 assuciiant,
1507 580 1684 634 neque
1746 567 2033 621 confestim

465 658 857 730 perturbentur
883 694 898 718 ,
934 663 1027 710 aut
1061 654 1269 710 inscitae
1300 661 1597 725 tctpra'ter
1633 655 1946 726 opinionem
1977 656 2034 711 in

400 792 405 797 -
463 751 581 806 iure
616 750 922 804 incurrant.

2139 569 2605 640 γυμναζέσθωσαν
2635 572 2710 635 ὡς
2756 572 2824 626 ἂν
2860 572 3092 643 ἐπιϐάλῃ
3126 573 3160 643 ἡ
3197 572 3263 642 σὴ
3311 572 3597 642 ὲνὸοξότης
3625 576 3721 638 τὰς

2138 657 2279 712 κατὰ
2306 659 2418 713 τῶν
2461 660 2773 715 ἀντιπάλων
2830 662 3184 732 ἐνδεχομένας
3235 662 3496 728 ἐπινοίας,
3537 664 3619 727 ὡς
3658 665 3720 719 ἂν

2137 748 2390 803 ἐντεῦθεν
2413 750 2708 815 ἐθίζωνται
2741 753 2877 822 πρὸς
2896 754 3020 815 τοὺς
3050 751 3290 816 κτύπους
3322 752 3541 817 καὶτὰς
3569 754 3716 829 βοὰς,

462 841 559 895 καὶ
585 840 684 911 τὴν
713 839 879 909 ἄλλην
901 837 1110 907 κίνησιν
1138 838 1231 891 τοῦ
1254 838 1524 911 πολέμου,
1552 840 1653 894 καὶ
1677 840 1751 911 μὴ
1777 839 2066 911 θροῶνται,
2106 839 2181 904 ὼς
2203 841 2571 912 ἀγυμνάστως
2598 844 2691 898 καὶ
2712 843 2908 914 ἀθρόον
2928 845 3023 899 καὶ
3045 844 3196 915 παρὰ
3218 843 3376 911 δόξαν
3412 844 3510 897 ἐπὶ
3550 844 3718 901 ταῦτα

461 934 767 1006 ἐρχόμενοι.

530 1029 620 1081 26.
664 1026 755 1080 Sic
789 1024 955 1095 igitur
983 1025 1268 1080 exercitati
1299 1024 1664 1095 instructique
1687 1026 1742 1080 in
1768 1026 1884 1083 acie
1908 1040 2032 1096 pro-

2211 1027 2325 1093 κς’.
2389 1028 2577 1091 Οῦτως
2631 1024 2724 1083 οῦν
2772 1029 3175 1099 γυμνασθέντες
3232 1030 3325 1082 καὶ
3382 1029 3717 1095 διατεθέντες

460 1120 719 1176 cedentes
765 1120 1065 1188 navigent:
1116 1128 1329 1172 tantum
1378 1133 1408 1172 a
1444 1134 1503 1173 se
1537 1128 1730 1172 mutuo
1762 1121 1817 1174 in
1864 1134 2031 1173 cursu

2151 1118 2465 1173 κελεύσουσιν
2494 1121 2552 1172 ὲν
2588 1122 2741 1186 τάξει
2788 1121 3114 1192 συνηγμένοι
3144 1120 3421 1182 τοσοῦτον,
3457 1121 3546 1190 ἐφ’
3594 1123 3717 1176 ὅσον

459 1211 684 1274 distent,
716 1216 773 1261 ut
807 1225 873 1263 ne
919 1223 979 1262 se
1023 1218 1212 1261 mutuo
1267 1207 1571 1275 impediant
1612 1218 1726 1261 tum
1765 1208 1818 1261 in
1868 1222 2033 1263 curso

2151 1211 2382 1282 ιλλήλοις
2423 1211 2497 1281 μὴ
2537 1212 2851 1281 ἐμποδίζειν
2881 1212 2937 1264 ἕν
2969 1229 3026 1265 τε
3074 1216 3192 1275 ταῖς
3226 1212 3494 1275 ὲλασίαις,
3530 1214 3624 1265 καὶ
3652 1215 3710 1264 ὲν

460 1300 759 1362 maritimo,
793 1310 904 1353 tum
953 1299 1005 1352 in
1044 1299 1464 1367 tempestatibus
1500 1298 2031 1369 ingravescentibus,

460 1404 515 1449 ct
544 1405 830 1449 ventosum
863 1395 1103 1449 ﬂatibus.
1130 1393 1283 1448 Aciei
1314 1393 1599 1447 instructa:
1629 1400 1682 1447 et
1721 1392 2032 1446 exercitata:

461 1488 518 1543 in
551 1484 1085 1555 morcmspredeanl,
1122 1491 1177 1538 et
1226 1483 1283 1537 in
1340 1484 1661 1553 appulsihus
1715 1484 1781 1537 ad
1829 1490 2029 1537 terram

463 1575 997 1630 ordinateclassem
1040 1576 1354 1638 instruant,
1398 1581 1451 1625 et
1480 1573 1547 1626 ad
1595 1573 1885 1628 stationem
1937 1572 2035 1625 ali-

461 1680 625 1734 quam
658 1680 718 1719 se
740 1663 1119 1733 applicantes,
1142 1660 1263 1715 sine
1285 1661 1394 1714 ulla
1414 1658 1736 1715 confusione
1758 1659 1825 1714 ad
1859 1659 2032 1724 littus,

2140 1306 2284 1368 ταῖς,
2310 1303 2385 1366 ὡς
2409 1304 2576 1369 εἰκὸς,
2600 1304 2741 1357 κατὰ
2758 1304 3032 1357 θάλασσαν
3053 1304 3158 1356 ὑπὸ
3178 1304 3286 1356 τῶν
3308 1303 3532 1373 ἀνέμων
3557 1303 3711 1372 βίαις.

2149 1397 2291 1451 Ἀλλ’
2312 1396 2472 1449 οἱονεί
2514 1414 2600 1460 τις
2632 1396 2939 1469 παράταξις
2958 1396 3414 1467 γεγυμνασμένη,
3446 1394 3597 1447 οὕτω
3629 1413 3718 1448 πο⁶

2142 1486 2505 1559 ρευέσθωσαν,
2547 1487 2645 1539 καὶ
2695 1489 2754 1541 ὲν
2796 1489 2918 1551 ταῖς
2950 1487 3248 1558 όρμησίαις
3278 1485 3386 1538 τῶν
3436 1485 3719 1538 ἀπλίκτων

2141 1578 2420 1641 εὐτάκτως
2446 1578 2541 1631 τὸν
2564 1578 2875 1632 κατάπλουν
2905 1577 3250 1639 ποιείτωσαν,
3286 1576 3381 1629 καὶ
3407 1577 3722 1634 κπαγέτω-

2145 1685 2244 1721 σαν
2285 1668 2569 1739 ὲνορδίνως
2613 1668 2954 1738 ὲξορμῶντες
2997 1668 3137 1738 πρός
3186 1668 3284 1734 τὴν
3334 1665 3535 1737 ξηράν,
3575 1668 3603 1734 ἢ
3648 1668 3717 1729 είς

461 1758 529 1811 ad
560 1766 798 1827 portum,
831 1756 898 1809 ad
929 1755 1107 1808 locum
1131 1760 1453 1823 portuosum
1488 1752 1731 1815 veniant,
1768 1759 1828 1805 ut
1852 1752 1897 1806 si
1932 1750 2029 1803 aii-

2151 1759 2337 1829 λιμένα
2375 1737 2615 1822 πάντως,
2658 1737 2815 1827 ῆνείς
2846 1737 3092 1828 ὑφορμον
3121 1759 3290 1812 τόπον
3312 1798 3327 1823 ,
3358 1759 3415 1811 ὲν
3466 1751 3523 1826 ᾧ
3561 1757 3720 1827 ζάλης

463 1862 571 1916 qua
639 1854 935 1916 tempestas
1004 1844 1058 1899 in
1114 1844 1234 1899 salo
1276 1843 1564 1908 oriatur,
1641 1842 1825 1897 minus
1907 1840 2031 1895 allii-

462 1945 704 1994 ctcntur.

533 2033 625 2086 27.
673 2032 827 2087 Venti
863 2032 1023 2087 flatus
1054 2049 1119 2088 ex
1153 2033 1327 2105 signis
1368 2040 1646 2089 astrorum
1695 2042 2040 2101 praenoscen-

464 2126 569 2181 dus
591 2125 687 2179 tibi
717 2132 825 2189 est,
851 2134 905 2179 et
927 2125 1079 2181 locus
1108 2126 1358 2195 ad-quem
1389 2122 1693 2194 applicabis
1718 2120 2037 2192 eligendus:

460 2228 517 2271 et
552 2217 656 2271 nisi
686 2217 869 2287 aliqua
906 2218 1088 2286 gravis
1121 2226 1310 2287 urgeat
1347 2217 1674 2280 necessitas,
1705 2215 1824 2269 sine
1856 2214 2040 2283 aliquo

461 2308 709 2364 secundo
732 2317 896 2363 vento
928 2317 1022 2362 aut
1052 2308 1454 2377 tranquillitate
1472 2317 1524 2363 et
1540 2315 1663 2361 tuta
1684 2322 1795 2376 spe
1812 2306 2036 2364 salutis.

460 2400 517 2455 in
556 2399 929 2467 perturbatam
960 2400 1198 2468 aliquam
1227 2398 1626 2468 navigationem
1664 2405 1817 2452 nete
1863 2396 2039 2463 conji-

460 2490 597 2556 cias;
623 2491 717 2546 sed
738 2490 1168 2559 signiﬁcationes
1186 2499 1458 2545 astrorum
1492 2504 1631 2558 quas
1654 2498 1835 2543 nautae
1848 2487 2040 2542 obser-

462 2591 682 2645 varunt,
714 2581 1037 2651 reliquaque
1085 2596 1207 2649 qum
1248 2579 1316 2633 ad
1349 2579 1491 2635 hanc
1527 2595 1640 2635 rem
1664 2578 1868 2635 idonea
1912 2583 2040 2635 sunt

461 2671 807 2737 observabis,
834 2682 996 2743 atque
1033 2672 1109 2725 ita
1136 2672 1241 2725 iter
1279 2684 1431 2725 tuum
1465 2673 1740 2727 iustitues.

535 2850 636 2904 28.
659 2850 719 2902 In
751 2848 953 2903 castris
984 2846 1276 2917 ponendis,
1308 2848 1353 2901 si
1379 2847 1443 2901 ad
1470 2858 1617 2901 tuam
1653 2848 1825 2918 ipsius
1855 2850 2039 2920 appel-

465 2944 534 2997 lis
561 2952 787 3005 terram,
819 2940 1142 3009 nullumque
1176 2940 1426 2994 timorem
1460 2939 1699 2994 hostium
1729 2941 2039 3007 habes,or-

466 3036 654 3090 dinate
683 3034 777 3087 ibi
800 3033 1151 3103 requiescant
1175 3033 1397 3096 milites,
1432 3047 1610 3102 neque
1640 3031 1729 3087 die
1749 3041 1845 3086 aut
1878 3045 2038 3089 nocte
2067 3070 2109 3128 ο

466 3127 850 3197 indigenarum
878 3138 1216 3193 quemquam
1265 3124 1485 3187 laedant,
1526 3132 1618 3177 aut
1668 3124 1923 3193 iniuriam
1951 3126 2038 3179 ul-

465 3222 574 3276 lam
604 3217 862 3281 inferant,
893 3227 984 3275 aut
1021 3215 1207 3286 fruges
1228 3215 1512 3285 diripiant,
1542 3224 1638 3270 aut
1671 3231 1832 3286 agros
1865 3232 2038 3287 popu-

464 3314 669 3367 leutnr.
1943 3331 1989 3378 ο

534 3405 624 3458 29.
664 3402 720 3455 Si
757 3416 925 3471 prope
955 3400 1213 3456 hostilem
1254 3405 1456 3454 terram
1493 3398 1685 3465 fueris,
1717 3410 1810 3453 aut
1846 3402 2035 3456 hostes

464 3511 635 3568 prope
665 3493 957 3550 adfuturos
990 3492 1188 3545 metuis
1217 3531 1232 3555 ,
1278 3491 1543 3547 excubias
1582 3492 1798 3546 eminus
1840 3491 2039 3545 habere

463 3596 677 3658 oportet
711 3595 824 3641 tum
882 3583 1017 3638 mari
1055 3590 1167 3636 tum
1220 3592 1383 3646 terra,
1434 3589 1489 3636 et
1539 3583 1854 3652 vigilantem
1894 3598 2038 3647 esse,

464 3681 737 3739 etot-dine
763 3681 1123 3738 instructum,
1146 3681 1510 3744 paratumque
1531 3673 1595 3727 ad
1633 3673 2037 3728 dimicandum:

465 3773 831 3833 multae-enim
887 3777 1016 3825 sunt
1049 3766 1292 3822 hostium
1340 3764 1557 3820 insidiae
1588 3785 1601 3820 :
1636 3774 1689 3818 et
1721 3766 1765 3819 si
1805 3774 1947 3820 terra
1989 3774 2041 3819 te

464 3864 777 3919 invenerint
813 3860 1227 3932 procedentem,
1258 3857 1367 3910 vim
1402 3856 1629 3910 afferent
1653 3856 1772 3921 tibi,
1805 3858 1849 3911 si
1878 3872 2040 3923 quam

464 3954 702 4024 possint,
733 3961 786 4006 et
833 3966 998 4006 naves
1044 3950 1382 4004 incendent:
1429 3947 1515 4001 vel
1556 3962 1651 4017 per
1685 3964 1832 4002 mare
1877 3958 2039 4002 ποι-ιιι

467 4057 559 4100 aut
592 4046 827 4101 interdiu
861 4045 1223 4113 irruptionem
1251 4044 1304 4097 in
1338 4050 1391 4095 te
1422 4041 1645 4102 facient,
1674 4042 1818 4110 quod
1865 4044 1908 4095 si
1943 4044 2043 4095 im-

466 4147 691 4207 paratus
716 4139 784 4191 ab
817 4138 926 4191 illis
959 4136 1161 4205 paratis
1186 4134 1489 4197 inveniare,
1526 4133 1683 4186 facile
1708 4134 1776 4185 ab
1811 4132 1922 4186 illis
1946 4148 2043 4198 op-

466 4229 745 4298 primere:
781 4228 862 4282 sin
913 4236 1137 4297 paratus
1186 4225 1395 4293 fueris,
1452 4222 1605 4277 irrita
1658 4231 1820 4291 atque
1865 4221 2041 4275 inanis

465 4319 647 4374 omnis
670 4319 887 4373 illorum
928 4318 1161 4388 irruptio
1192 4319 1314 4373 erit.

535 4501 622 4557 30.
656 4501 928 4567 Quoniam
964 4516 1093 4555 vero
1131 4500 1327 4553 horum
1373 4500 1512 4554 satis
1546 4498 1661 4567 jam
1702 4496 2036 4552 mentionem

465 4592 591 4659 feci,
640 4608 738 4663 age
792 4594 859 4647 de
898 4601 1119 4655 caetero,
1172 4590 1634 4660 quemadmodum
1682 4590 2036 4659 irruptiones.

467 4695 628 4755 atque
683 4684 856 4739 aciem
912 4684 1237 4737 instructam
1290 4680 1344 4735 in
1393 4681 1748 4736 dimicatione
1792 4681 2037 4750 parabis,

465 4776 658 4844 paucis
714 4773 1021 4842 explicabo,
1072 4772 1218 4825 sicut
1244 4770 1299 4825 in
1338 4771 1692 4828 terrestribus
1738 4771 1911 4841 copiis
1954 4772 2039 4826 in-

466 4868 752 4930 struendis
775 4874 938 4922 antea
976 4864 1303 4920 feceramus.

536 5058 628 5113 3i.
669 5051 904 5120 Quando
953 5048 1121 5121 igitur
1165 5047 1292 5103 belli
1341 5054 1558 5118 tempus
1605 5048 1893 5102 imminere
1940 5046 2039 5103 tibi

466 5150 707 5211 videtur,
735 5142 1085 5213 congregatis
1134 5140 1402 5194 militibus
1434 5155 1530 5209 per
1558 5140 1727 5204 acies,
1762 5148 1816 5197 et
1841 5139 2041 5193 cohor-

470 5250 573 5305 tcs,
608 5240 861 5307 legantur
890 5235 1000 5290 illis
1022 5234 1288 5289 militares
1319 5232 1521 5297 multis,
1543 5246 1664 5301 quae
1688 5246 1719 5285 a
1748 5230 1907 5286 nobis
1939 5246 2041 5285 an-

472 5338 578 5391 tea,
621 5345 743 5382 cum
781 5326 849 5381 de
886 5324 1244 5380 terrestribus
1293 5323 1470 5392 copiis
1513 5324 1808 5393 agebamus
1834 5363 1848 5387 ,
1885 5336 2038 5376 com-

472 5427 785 5471 memoratae
818 5425 982 5482 sunt;
1029 5413 1321 5483 verbisque
1359 5413 1484 5469 illos
1517 5413 1729 5469 idoneis
1780 5413 2039 5468 cohorta-

470 5503 620 5559 beris
664 5510 728 5561 ad
773 5508 1017 5577 pericula
1064 5505 1441 5575 suscipienda,
1486 5512 1546 5558 ut
1588 5505 1786 5575 partim
1830 5504 2039 5574 suppli-

471 5594 682 5651 ciorum
714 5600 927 5665 timore,
955 5598 1153 5669 pertint
1192 5607 1284 5650 tua
1342 5597 1719 5653 cohortatione
1759 5603 1922 5666 atque
1953 5596 2036 5649 in-

471 5684 733 5745 citatione
763 5691 967 5744 strenui
999 5689 1280 5760 fertesque
1306 5690 1459 5757 fiant,
1487 5697 1541 5744 et
1581 5691 1637 5746 in
1670 5689 1787 5758 ipso
1810 5688 2037 5743 dimica-

2144 1848 2550 1921 συμϐαινούσης
2587 1848 2649 1902 οὑ
2677 1848 3099 1920 εκλυσθησονται.

2214 2041 2315 2105 κζ’.
2344 2043 2435 2094 Δεῖ
2468 2039 2523 2094 δέ
2558 2059 2615 2094 σε
2643 2042 2737 2096 καὶ
2772 2040 2865 2094 τοῦ
2921 2040 3124 2110 ἀνέμου
3158 2039 3257 2111 τὴν
3281 2039 3563 2110 ἐπιφορὰν
3595 2057 3717 2109 προσ

2144 2133 2339 2188 ειδέναι
2363 2133 2449 2187 διὰ
2481 2132 2590 2186 τῶν
2621 2132 2866 2203 σημείων
2900 2133 3044 2187 κατὰ
3071 2133 3163 2186 τὶν
3185 2132 3399 2204 καιρόν.
3440 2134 3563 2185 Καὶ
3591 2133 3716 2201 πρὸς

2142 2225 2347 2295 ταύτην
2380 2227 2473 2279 καὶ
2504 2226 2594 2278 τὸν
2617 2226 2782 2279 τόπον
2812 2226 2912 2295 τῆς
2934 2224 3206 2297 ὁρμησίας
3236 2223 3587 2289 ἐκλέξασθαι.
3616 2224 3717 2276 Καὶ

2143 2321 2191 2372 εί
2224 2321 2295 2388 μή
2348 2335 2433 2381 τις
2466 2317 2787 2386 κατεπείγει
2824 2318 3060 2385 ἀνάγκη,
3114 2317 3189 2386 μὴ
3229 2317 3357 2370 ἄνευ
3410 2315 3716 2384 πνεύματος

2144 2408 2319 2461 αἰσίου
2352 2408 2447 2461 καὶ
2470 2408 2733 2478 γαλήνης,
2759 2406 2854 2459 καὶ
2886 2405 3163 2475 ἀσφαλοῦς
3204 2405 3415 2467 ἐλπίδος
3443 2405 3715 2474 σωτηρίας

2143 2497 2489 2569 ὲπιρῤίπτειν
2540 2497 2769 2551 σεαυτὸν
2810 2496 2891 2560 είς
2940 2496 3310 2565 ἀνεπιτήδειον
3353 2495 3547 2548 πλοῦν.
3585 2495 3710 2547 Ἀλλ’

2143 2590 2449 2659 ὑφορᾶσθαι
2476 2592 2572 2644 καὶ
2605 2589 2705 2651 τὰς
2747 2587 3046 2658 λεγομένας
3094 2586 3247 2657 παρὰ
3297 2586 3408 2638 τῶν
3446 2584 3708 2637 ναυτικῶν

2144 2680 2579 2750 παρασημασίας
2630 2678 2740 2731 τῶν
2796 2676 3033 2747 ἄστρων,
3070 2676 3165 2729 καλ⁵
3193 2676 3293 2731 ὅσα
3338 2672 3477 2728 ἄλλα
3511 2672 3700 2743 συμφέ-

2142 2788 2327 2841 ροντα,
2352 2771 2445 2823 καὶ
2479 2769 2623 2822 οὕτω
2653 2768 2928 2822 ποιεῖσθαι
2954 2766 3051 2837 τὴν
3088 2765 3340 2837 πορείαν.

2213 2870 2321 2933 κη’.
2377 2862 2467 2915 Ἐν
2514 2861 2569 2914 δὲ
2616 2864 2728 2923 τοῖς
2778 2859 3098 2928 άπλήκτοις,
3144 2857 3193 2910 εί
3236 2858 3335 2925 μὲν
3386 2856 3447 2909 ὲν
3487 2859 3556 2926 τῇ
3610 2856 3701 2925 ἰδίει

2143 2951 2547 3025 ἁρμεῒςλχώρᾳ,
2577 2952 2673 3005 καὶ
2709 2951 2914 3022 μηδένα
2953 2950 3120 3019 φόϐον
3162 2950 3306 3018 ἔχεις
3334 2948 3447 3003 ἀπὸ
3474 2948 3583 3000 τῶν
3615 2964 3703 2998 ποι

2142 3044 2366 3113 λεμίων,
2400 3045 2492 3097 καὶ
2544 3042 2686 3096 οὕτω
2744 3042 2863 3112 μετ’
2910 3040 3161 3105 εὐταξίας
3211 3038 3581 3093 ἀναπαύεσθαι
3619 3036 3701 3089 τὸν

2145 3136 2376 3207 στρατὸν
2402 3136 2497 3188 καὶ
2526 3136 2583 3187 ὲν
2606 3135 2762 3187 νυκτῖ⁵
2785 3135 2879 3186 καὶ
2910 3136 2970 3186 ἐν
3005 3133 3189 3203 ἡμέρα
3228 3130 3426 3202 μηδένα
3461 3131 3566 3182 τῶν
3592 3132 3704 3180 sm-

2142 3227 2356 3297 χωρίων
2390 3226 2750 3295 βλάπτοντας,
2781 3226 2815 3296 ἢ
2836 3224 3175 3289 ἀδικοῦντας,
3207 3224 3240 3294 ἢ
3268 3224 3510 3295 καρποὺς
3532 3220 3701 3291 am-

2143 3317 2353 3380 ζοντας,
2384 3319 2416 3384 ἢ
2446 3316 2783 3387 φθείροντας.

2214 3406 2315 3461 κο’.
2358 3408 2419 3459 Εἰ
2449 3408 2505 3459 δὲ
2536 3409 2593 3459 ἐν
2634 3411 2698 3477 τῇ
2730 3407 2968 3478 πολεμίᾳ
3006 3410 3075 3477 γῇ
3111 3407 3449 3476 πλησιάζεις,
3477 3408 3511 3477 ἢ
3550 3408 3698 3460 πολε-

2147 3498 2302 3564 μίους
2327 3494 2580 3567 παρεῖναί
2607 3513 2711 3548 που
2741 3494 3004 3559 ἐλπίζεις,
3043 3496 3263 3559 πάντως
3296 3496 3469 3565 χρεὼν
3519 3514 3577 3549 σε
3615 3497 3704 3549 καὶ

2146 3587 2336 3657 βίγλας
2375 3588 2521 3655 ἔχειν
2558 3586 2830 3656 μακρόθεν
2877 3587 2971 3639 καὶ⁵
3025 3587 3167 3640 κατὰ
3197 3589 3300 3656 γῆν
3328 3590 3421 3641 καὶ
3456 3589 3596 3642 κατὰ
3620 3589 3705 3643 0&-

2143 3677 2370 3733 λασσαν.
2402 3678 2837 3748 Καὶοάγρύπνως
2864 3677 3247 3731 διατελεῖννκαὶ
3275 3680 3707 3749 κατησφαλισμέ-

2141 3788 2232 3823 νον
2267 3770 2360 3822 καὶ
2386 3770 2604 3838 ἕτοιμον
2650 3764 2791 3822 εἶναι
2821 3768 2957 3839 πρὸς
3005 3770 3312 3840 παράταξιν
3333 3788 3346 3801 ⁸
3376 3771 3572 3824 πολλαὶ
3602 3770 3701 3841 γὰρ

2142 3864 2200 3916 αἱ
2244 3862 2350 3914 τῶν
2407 3861 2682 3930 πολεμίων
2734 3862 3051 3916 ὲπιϐουλαί·
3105 3863 3199 3916 καὶ
3226 3863 3334 3933 γὰρ
3368 3864 3399 3933 ἢ
3431 3863 3577 3917 κατὰ
3618 3864 3708 3931 γῆς

2143 3954 2396 4023 εὑρόντες
2432 3969 2491 4007 σε
2534 3952 2808 4024 όρμοῦντα
2842 3953 3140 4022 βιάσονται.
3181 3955 3241 4006 Et
3274 3954 3427 4023 τύχοι
3466 3956 3522 4008 δὲ
3558 3956 3706 4007 εὐπο-

2148 4044 2409 4113 ρήσαντες
2431 4044 2526 4095 καὶ
2548 4044 2646 4106 τὰς
2672 4043 2802 4106 ναῦς
2827 4044 3221 4115 ἐμπρήσουσιν.
3242 4046 3311 4097 Ἢ
3337 4044 3422 4097 διὰ
3446 4044 3707 4115 θαλάσσης

2143 4133 2509 4200 ἁναφανέντες
2534 4132 2840 4201 προσϐολὴν
2868 4135 3185 4205 ποιήσονται
3206 4133 3397 4198 νυκτὸς
3423 4135 3457 4205 ἢ
3481 4135 3704 4208 ἡμέρας.

2144 4224 2252 4277 Καὶ
2269 4224 2362 4275 ἐὰν
2383 4225 2455 4294 μὴ
2469 4224 2681 4293 ἕτοιμος
2702 4227 2758 4276 ἐν
2776 4225 3010 4295 ἑτοίμοις
3029 4226 3279 4296 εὑρεθῇς,
3294 4227 3533 4297 προτερή
3544 4244 3709 4279 σουσιν

2144 4315 2194 4365 οἱ
2242 4315 2473 4366 ἐναντίοι
2510 4315 2652 4366 κατὰ
2691 4315 2803 4371 σοῦ.
2843 4317 2905 4368 Ei
2936 4316 2991 4368 δέ
3027 4334 3085 4368 σε
3120 4316 3335 4386 ἕτοιμον
3372 4317 3706 4387 εὑρήσουσιν,

2078 4399 2123 4457 D
2151 4405 2431 4475 ἄπρακτος
2451 4407 2637 4468 αὐτοῖς
2663 4407 2694 4476 ὴ
2718 4406 2982 4479 ἐπιϐουλὴ
3012 4411 3325 4480 γενήσεται.

2216 4498 2279 4551 λ’.
2327 4498 2480 4549 Ἐπεὶ
2540 4498 2596 4549 δὲ
2644 4498 2851 4552 τούτων
2885 4500 3214 4572 συμμέτρως
3261 4503 3617 4573 ἐμνήσθημεν
3656 4517 3708 4553 τι

2145 4586 2240 4641 καὶ
2266 4586 2651 4656 διεταξάμεθα,
2682 4589 2814 4659 φέρε
2842 4590 3028 4644 λοιπὸν
3066 4592 3160 4643 καὶ
3182 4592 3326 4655 ὅπως
3358 4593 3706 4663 παρατάξεις,

2146 4680 2240 4733 καὶ
2269 4678 2364 4743 τὰς
2406 4679 2712 4749 προσϐολὰς
2750 4681 2847 4745 τὰς
2877 4682 2935 4735 ἑν
2969 4685 3089 4745 ταῖς
3119 4683 3321 4753 μάχαις
3357 4686 3621 4753 ποιήσεις,
3642 4683 3708 4744 ὡς

2145 4775 2204 4827 ὲν
2235 4770 2455 4838 συνόψει
2477 4770 2872 4841 διορισώμεθα·
2908 4773 3031 4826 καθ’
3062 4773 3121 4827 ὃν
3157 4774 3357 4844 τρόπον
3389 4775 3482 4826 καὶ
3517 4775 3578 4828 ὲν
3598 4775 3707 4833 ταῖς

2146 4865 2291 4918 κατά
2339 4865 2445 4933 γῆν
2479 4861 2805 4932 πολεμικαῖς
2834 4863 3158 4934 προσϐολαῖς
3198 4864 3312 4917 ἄνω
3338 4880 3439 4917 που
3468 4862 3709 4926 διεταξά-

2145 4954 2307 5026 μεοα.

2212 5046 2315 5100 λα’.
2352 5047 2521 5100 Ὀταν
2549 5046 2728 5101 τοίνυν
2778 5045 3068 5117 ὲλπίζηταί
3100 5063 3182 5100 σοι
3226 5047 3463 5117 πολέμου
3501 5043 3703 5113 καιρὸς,

2139 5134 2187 5191 ὦ
2226 5138 2522 5209 στρατηγὲ,
2557 5136 2920 5191 συνελθόντων
2941 5136 3049 5191 τῶν
3078 5139 3421 5208 στρατιωτῶν
3442 5138 3584 5191 κατὰ
3614 5136 3704 5196 τὰς

2140 5231 2322 5297 τάξεις
2363 5231 2601 5301 ἑκάστην
2639 5230 2984 5301 διῃρημένως
3029 5230 3585 5302 ὑπαναγνωσθήσεται
3616 5229 3703 5281 αὑ-

2139 5324 2253 5385 τοῖς
2301 5321 2368 5375 τὰ
2422 5322 2789 5392 στρατιωτικὰ
2822 5322 3094 5391 ἐπιτίμια.
3152 5322 3332 5392 "Amp
3372 5322 3503 5390 ἡμῖν
3549 5323 3606 5372 ἐν
3633 5315 3703 5385 τῷ

2147 5415 2276 5484 περὶ
2304 5415 2404 5483 τῆς
2432 5414 2573 5467 κατὰ
2593 5416 2697 5481 γῆν
2727 5416 3121 5486 στρατιωτικῆς
3151 5413 3457 5484 γυμνασίας
3478 5411 3698 5481 simul.

2148 5508 2246 5560 καὶ
2271 5505 2608 5579 ὲπιρῤώσεις
2645 5507 2840 5570 αὑτοὺς
2864 5506 3041 5575 λόγοις
3061 5508 3395 5577 προσήκουσι
3416 5500 3702 5574 παρορμῶν

2148 5600 2243 5653 καὶ
2287 5598 2595 5665 ὲπαλείφων
2650 5597 2788 5670 πρὸς
2818 5599 2944 5661 τοὺς
2980 5598 3215 5666 ἀγῶνας·
3256 5597 3343 5651 ἵνα
3381 5596 3439 5649 τὸ
3472 5595 3565 5667 μὲν
3620 5588 3702 5643 διὰ

2146 5689 2237 5742 τὸν
2268 5688 2431 5758 φόϐον
2456 5689 2562 5743 τῶν
2610 5687 2920 5756 ἐπιτιμίων,
2946 5687 3005 5740 τὸ
3039 5687 3093 5740 δὲ
3123 5686 3209 5742 διὰ
3245 5686 3343 5757 τὴν
3371 5685 3467 5754 τῆς
3507 5680 3702 5746 σῆςνὲνκ
