3964 6206
233 417 235 420 ι
329 341 468 416 ίοοι

1351 345 1778 408 ΤᾹΕΤῘΕΑπ*
1817 341 2333 406 CONSTITUTIO
2374 343 2535 403 XIX.

3453 343 3590 410 1002

323 461 609 530 δοξὸτητος
657 456 1002 529 παραίνεσιν,
1041 456 1302 526 ἀνδρεῖοι,
1353 457 1449 508 καὶ
1517 454 1771 523 εὖτολμοι
1815 453 1908 523 γέσι

2041 452 2198 508 ionis
2237 450 2564 507 discrimine
2614 450 2868 508 cominus
2914 452 3173 510 alacriter
3218 467 3412 513 manu;
3457 471 3592 514 con.-

326 569 546 615 νωνται,
577 548 672 604 καὶ
707 550 765 603 ἐν
812 551 926 612 τοῖς
986 542 1237 618 pennam
1270 546 1587 616 πολεμικοῖς
1642 543 1905 607 κινδύνοις

327 645 392 696 ὲκ
431 642 615 712 χειρὸς
643 638 1062 710 ἀγωνιζόμενοι.
1813 640 1816 643 ’

398 732 500 802 λβ’.
531 729 653 802 Χρὴ
681 731 739 785 δέ
769 746 832 784 σε
865 729 1064 801 μᾶλλον
1102 729 1168 784 δι’
1213 730 1420 800 ἐφόδων
1448 730 1547 800 μὲν
1596 729 1691 784 καὶ
1726 729 1903 783 ἄλλων

327 822 780 894 ἐπιτηδευμάτων
830 837 890 875 τε
921 821 1014 876 καὶ
1063 821 1540 892 στρατηγημάτων
1596 821 1903 893 μεθοδεύειν

329 915 472 971 κατὰ
499 916 609 968 τῶν
639 913 932 985 πολεμίων,
965 913 999 983 ἢ
1033 913 1100 967 δι’
1123 913 1247 966 ὅλου
1289 913 1383 967 τοῦ
1421 913 1545 967 eno:
1565 913 1625 966 σὲ
1661 913 1910 983 πλωΐμου

335 1009 555 1074 στόλου,
617 1007 651 1078 ἢ
701 1005 792 1060 διὰ
855 1006 1056 1077 μέρους
1112 1005 1302 1060 αὐτοῦ.
1355 1005 1445 1076 Μὴ
1508 1005 1689 1076 μέντοι
1745 1004 1914 1075 χωρὶς

333 1099 580 1169 ἀνάγκης
626 1096 867 1167 μεγάλης
911 1095 1192 1149 ἐπὶτοῦτο
1223 1097 1661 1165 κατεπειγούσης
1703 1095 1784 1159 εἰς
1819 1095 1913 1164 δη-

339 1191 521 1261 μόσιον
546 1188 784 1258 πόλεμον
825 1188 1054 1241 σεαυτὸν
1091 1188 1460 1260 ὲπιρῤίπτειν.
1497 1189 1676 1243 Πολλά
1709 1189 1814 1259 γάρ
1846 1188 1916 1244 τά

335 1283 438 1353 τῆς
469 1281 771 1352 λεγομένης
799 1278 971 1350 τύχης
991 1277 1316 1352 ἀντίρροπα,
1343 1280 1438 1332 καὶ
1454 1280 1520 1334 τά
1546 1279 1640 1334 τοῦ
1676 1280 1916 1351 πολέμου

321 1372 643 1445 ιπαράδοξα.

403 1464 507 1535 λγ’.
546 1465 646 1519 Διά
684 1464 844 1520 τοῦτο
881 1466 987 1538 χρή
1035 1482 1093 1520 σε
1130 1465 1217 1521 ἀεὶ
1255 1466 1794 1537 παραφυλάττεσθαι,
1826 1467 1932 1522 καὶ

337 1561 411 1632 μὴ
440 1559 579 1629 πρὸς
601 1558 887 1630 δημοσίας,
922 1557 998 1623 ὡς
1027 1559 1268 1629 εἴρηται,
1309 1557 1648 1630 παρατάξεις
1677 1560 1920 1630 ἀποθραε

339 1649 638 1716 σύνεσθαι,
673 1649 910 1720 μάλιστα
971 1651 1028 1704 ἔν
1084 1649 1309 1714 πλοίοις.
1346 1651 1520 1705 Ὅπου
1577 1646 1921 1720 δεσμούντων

2013 550 2221 601 serant;

2083 727 2176 785 δὲ.
2219 726 2636 784 incursionibus
2682 726 2918 798 aliisque
2949 727 3326 783 molitionib‘us
3357 729 3594 800 impera-

2018 822 2181 878 toriis
2213 820 2498 877 adoriendi
2532 821 2714 890 potius
2738 821 2926 877 hostes
2964 829 3116 887 sunt,
3149 836 3312 891 quam
3338 823 3595 880 universa

2017 913 2196 968 navali
2237 913 2438 978 classe,
2474 913 2559 968 vel
2589 913 2774 981 aliqua
2819 911 2937 982 ejus
2967 911 3171 983 ingenti
3205 913 3365 982 quasi
3391 924 3591 980 turma,

2017 1004 2124 1060 nisi
2161 1004 2345 1075 aliqua
2371 1005 2556 1076 gravis
2589 1005 2895 1060 necessitas
2928 1005 2997 1059 ad
3032 1005 3136 1060 hoc
3163 1005 3476 1077 impulerit;
3500 1021 3598 1062 ne-

2017 1110 2126 1165 que
2146 1095 2292 1150 enim
2319 1106 2560 1166 apertam
2599 1097 2658 1159 in
2704 1094 3113 1152 dimicationem
3153 1096 3389 1166 teipsnm
3419 1098 3599 1168 conji-

2019 1184 2159 1239 cias.
2189 1182 2358 1238 Multa
2385 1184 2531 1238 enim
2576 1184 2813 1240 fortuna:
2843 1193 3118 1240 momenta
3159 1193 3306 1252 sunt,
3342 1195 3396 1241 et
3434 1202 3598 1243 casus

2021 1274 2169 1343 belli,
2200 1289 2302 1330 nec
2331 1274 2560 1346 opinati.

2094 1467 2185 1525 55.
2229 1467 2526 1540 Propterea
2556 1469 2749 1525 scdulo
2781 1471 2878 1526 abs
2909 1478 2961 1528 te
2981 1467 3285 1528 cavendum
3310 1480 3393 1530 est
3423 1489 3512 1540 ne,
3533 1473 3601 1539 ad

2022 1562 2297 1633 publicam
2329 1563 2504 1617 aciem
2541 1563 2951 1631 instruendam,
2974 1564 3436 1636 quemadmodum
3464 1565 3606 1631 dixi,

2025 1651 2297 1707 inciteris.
2331 1651 2576 1710 Navibus
2609 1652 2754 1708 enim
2785 1653 2929 1709 inter
2962 1668 3020 1710 se
3045 1655 3282 1720 vinctis,.
3307 1653 3602 1724 perdidici-

335 1741 599 1811 ἀλλήλους
648 1741 887 1810 ἄφυκτος
931 1741 964 1813 ἡ
1016 1743 1082 1796 ὲκ
1103 1732 1286 1815 χεῖρὸς
1313 1743 1522 1813 γίνεται
1559 1743 1657 1796 καὶ
1691 1741 1843 1814 βιαία
1884 1743 1917 1813 ἡ

2047 1742 2094 1799 is
2120 1749 2174 1798 et
2208 1742 2544 1799 inevitabilis
2575 1742 2827 1814 quaedam
2854 1743 3139 1814 praeliaudi
3172 1745 3478 1827 necessitas
3510 1746 3608 1799 im-

342 1833 512 1904 μάχη,
545 1833 640 1886 καὶ
669 1833 768 1887 οὐκ
806 1833 922 1887 ἐστι
969 1833 1196 1919 δυνατδν
1236 1835 1331 1888 τοῦ
1376 1834 1752 1907 συμφέροντος
1795 1835 1919 1887 ὲπιο

2041 1835 2272 1904 Μηίων,
2301 1849 2499 1905 neque,
2541 1833 2690 1906 quod
2735 1834 2975 1890 maxime
3005 1850 3073 1890 ex
3113 1851 3216 1890 usu
3249 1842 3342 1889 tuo
3372 1834 3466 1900 sit,
3507 1850 3607 1905 po-

327 1924 622 1994 λήψεσθαι.
661 1925 771 1978 Καὶ
815 1923 988 1980 ταῦτα
1019 1923 1117 1996 μὲν
1162 1925 1548 1994 φυλάττεσθαι,
1593 1927 1656 1979 εἰ.
1702 1925 1777 1996 μὴ
1809 1926 1917 1997 ἄρα

2041 1924 2158 1981 eris
2183 1923 2421 1981 eﬂicere.
2453 1923 2560 1978 Ista
2586 1924 2754 1995 igitur
2789 1923 3038 1980 cavenda
3068 1932 3216 1984 sunt.
3256 1923 3362 1979 nisi
3394 1923 3441 1979 si
3470 1925 3608 1980 fidas

335 2016 562 2087 θαρρεῖς
587 2015 682 2069 καὶ
705 2015 783 2087 τῷ
803 2015 998 2087 πλήθει
1016 2013 1127 2070 τῶν
1145 2013 1460 2088 δρομὼνων,
1486 2013 1668 2086 καὶ“τῇ
1696 2017 1917 2089 ἀνδρείᾳ

338 2107 433 2160 καὶ
455 2105 634 2160 κλίσει
672 2107 770 2161 καὶ
791 2104 1074 2178 προθυμίᾳ
1103 2107 1212 2161 τῶν
1253 2106 1601 2180 στρατιωτῶν
1635 2106 1916 2178 καθυπέρο

337 2214 496 2268 τερος
529 2194 671 2252 εἶναι
693 2200 802 2251 τῶν
834 2198 1131 2268 πολεμίων.

408 2287 504 2343 λδ’.
541 2287 676 2343 Οὔτε
707 2289 1060 2361 γάριπλῆθος
1098 2291 1320 2360 πλοίων,
1357 2291 1480 2346 οὔτε
1521 2293 1751 2364 μέγεθος
1784 2311 1918 2349 κατ-

339 2379 572 2452 ορθώσει
607 2382 868 2452 πόλεμον,
889 2383 948 2436 Δεί
983 2381 1211 2455 μὴοτοὺς
1235 2385 1292 2437 ὲν
1337 2386 1520 2449 αὐτοῖς
1551 2386 1919 2458 πολεμοῦντας

338 2472 557 2542 ἔχουσιν
589 2472 860 2544 εὐψύχους
892 2478 988 2529 καλ⁵
1020 2475 1335 2546 ρωμαλέους
1362 2478 1456 2530 καὶ
1490 2477 1806 2550 προθύμους
1839 2479 1920 2543 είς

335 2563 439 2634 ’τήν
468 2564 620 2618 κατὰ·
641 2566 752 2618 τῶν
789 2566 1046 2620 ἐναντίων
1079 2566 1414 2637 ἐγχείρησιν,
1450 2567 1547 2621 καὶ
1570 2568 1678 2640 πρό
1709 2585 1773 2638 γε
1799 2567 1923 2621 τού-

338 2658 516 2710 ’τωνεί
551 2656 628 2728 μὴ
655 2656 755 2728 τὴν
787 2656 938 2710 θείαν
955 2656 1242 2728 εὐμένειαν
1267 2659 1361 2712 καὶ
1391 2660 1710 2731 συμμαχίαν
1735 2661 1921 2730 ἔχουσι

343 2747 432 2802 διὰ
457 2747 830 2820 καθαρότητος
863 2748 979 2820 βίου
1008 2750 1100 2803 καὶ
1126 2749 1493 2823 δικαιοσύνης.
1532 2753 1674 2825 Πρός
1703 2769 1763 2806 τε
1796 2751 1922 2816 τοὺς

349 2840 701 2905 συνιτελεστάς
725 2843 818 2896 καὶ
840 2842 976 2912 πρὸς
1010 2843 1137 2908 τοὺς
1166 2843 1480 2913 πολεμίους,
1503 2844 1556 2896 si
1587 2844 1670 2908 τίς
1701 2845 1839 2911 ἐστι,
1861 2844 1922 2897 τὸ

293 2952 296 2956 ί
352 2929 518 3002 μηδὲν
544 2931 762 2986 ἀνόσιον
789 2933 849 2986 ἐν
871 2934 984 2995 τοῖς
1009 2932 1375 3004 αἰχμαλώτοις
1399 2932 1822 3004 διαπράττεσθαι
1846 2935 1922 3003 (8)

347 3022 382 3092 ἥ
418 3023 664 3095 αἰσχρὸν,
694 3023 726 3094 ἢ
760 3023 1199 3095 ἀφιλάνθρωπον.
1227 3024 1337 3076 Καὶ
1360 3023 1420 3077 τὸ
1451 3023 1548 3094 μὴ,
1572 3019 1925 3094 ἀδικούμενον

354 3114 428 3186 μὴ
453 3115 678 3181 ἀδικεῖν,
727 3117 854 3180 τοὺς
877 3116 935 3169 δὲ
967 3113 1288 3180 ἀδικοῦντας
1340 3115 1476 3187 μετά
1500 3115 1598 3178 τῆς
1619 3110 1712 3168 τοῦ
1741 3111 1923 3186 [Θεοῦ]

351 3204 602 3277 βοηθείας
639 3207 1070 3280 ἀνταμύνεσθαι.

423 3296 518 3352 λε’.
562 3299 686 3352 Ἐἀν
704 3299 761 3353 δὲ
787 3300 1004 3364 πάντως
1030 3301 1344 3357 ἀπαιτεῖται
1377 3302 1470 3358 καὶ
1503 3302 1684 3374 μάχης
1711 3302 1923 3374 καιρὸς,

350 3389 625 3455 διατάξεις
683 3389 809 3454 τοὺς
856 3391 1141 3463 δρόμωνας
1180 3394 1439 3457 ποικίλως
1495 3399 1590 3448 καὶ
1629 3395 1926 3464 διαφόρως,

350 3479 538 3545 καθὼς
570 3481 635 3535 ἂν
669 3480 698 3535 ὃ
722 3499 782 3535 τε
815 3482 1004 3553 καιρὸς
1033 3481 1127 3535 καὶ
1151 3484 1180 3534 ὁ
1204 3482 1366 3546 τόπος
1397 3483 1794 3553 ἀπαιτῇ.Ὦστε
1833 3483 1928 3537 ἐὰν

355 3572 564 3643 θαρρῇς
603 3571 1012 3644 καθυπέρτερος
1050 3568 1348 3626 εἶναιτῶν
1390 3573 1686 3645 πολεμίων,
1720 3571 1796 3637 ὥς
1836 3590 1927 3642 μοι

357 3663 596 3736 εἴρηται,
636 3666 730 3720 καὶ
766 3664 855 3718 διὰ
887 3665 1046 3718 τοῦτο
1085 3663 1223 3734 πρὸς
1278 3663 1458 3736 μάχην
1506 3664 1822 3735 συμϐαλεῖν,
1853 3663 1930 3729 ὡς

355 3756 592 3822 ἐλπίζων
629 3757 880 3829 αἱρήσειν
910 3745 1130 3824 αὖτοὺς,
1157 3758 1233 3830 μὴ
1262 3758 1321 3809 ὲν
1343 3759 1410 3828 τῇ
1440 3757 1546 3828 ίδίᾳ
1573 3774 1668 3811 σου
1697 3759 1767 3828 γῇ
1794 3756 1932 3828 πλη-

362 3848 476 3901 σίον
506 3850 737 3921 ποιήσῃς
765 3850 864 3920 τὴν
901 3851 1102 3921 μάχην,
1151 3850 1208 3902 ὲν
1322 3847 1628 3914 ἐλπίζουσιν
1676 3849 1727 3903 oi
1762 3866 1931 3921 στρα-

359 3932 569 4008 τιῶται,
611 3941 671 3994 τὸ
709 3940 772 4013 δὴ
804 3941 1116 4012 λεγόμενον,
1141 3939 1628 4006 καταξυλὼσαντες
1661 3941 1926 4012 σωθῆναι.

370 4028 528 4083 Ἀλλὰ
559 4030 758 4101 μᾶλλον
787 4031 1012 4101 πλησίον
1026 4031 1132 4102 ,τῆς
1161 4028 1270 4084 τῶν
1293 4030 1549 4085 ἐναντίων
1570 4031 1694 4100 γῆς.
1712 4029 1808 4084 Ἵν’
1836 4029 1933 4084 αύ-

360 4123 442 4173 τοὶ
469 4121 566 4190 τὴν
590 4107 861 4194 σωτηρίαν
887 4122 1204 4189 ἐλπίσαντες
1225 4125 1283 4178 ὲν
1311 4125 1378 4196 τῇ
1405 4122 1512 4194 ἰδίᾳ
1533 4125 1605 4194 γῇ
1632 4121 1729 4194 τὴν
1753 4121 1932 4192 φυγὴν

363 4213 511 4281 ’παρέι
529 4213 670 4275 ’τοὺς
696 4210 913 4282 ἀγῶνας
951 4219 1423 4288 προτιμήσωνται.
1449 4212 1797 4287 Στρατιώτης
1822 4213 1931 4284 γὰρ

362 4303 442 4366 είς
470 4301 673 4357 δειλίαν
702 4305 760 4358 ὲν
792 4301 1007 4381 ἀνάγκῃ
1041 4307 1281 4378 πολέμου
1311 4309 1659 4378 περιπίπτων
1692 4307 1928 4377 τὴνσω-

358 4394 557 4465 τηρίαν
591 4391 680 4450 διὰ
711 4397 810 4467 τῆς
836 4398 1017 4468 φυγῆς
1064 4396 1297 4461 ὲλπίσει,
1331 4396 1425 4448 καὶ
1452 4395 1661 4466 ταχέως
1691 4395 1837 4467 ῥίψει
1865 4394 1934 4450 τά

361 4468 520 4551 ὅπλα,
556 4485 652 4539 καὶ
670 4485 819 4539 οὐδὲν
859 4486 1030 4556 αὐτῆς
1059 4483 1475 4556 προτιμήσεται.
1521 4481 1720 4551 Ὀλίγοι
1747 4481 1934 4552 γὰροί

360 4576 416 4629 ἐν
449 4556 626 4648 καιρῷ
654 4575 1007 4648 παρατάξεως
1039 4575 1099 4627 τὸ
1134 4571 1425 4628 ἀποθανεῖν
1450 4571 1590 4642 ὑπὲρ
1611 4571 1704 4626 τοῦ
1734 4570 1936 4636 ἀδόξως

363 4669 554 4734 φυγεῖν
586 4667 993 4738 προκρίνοντες,
1023 4664 1133 4718 εἴτε
1179 4665 1236 4718 ἐν
1266 4666 1380 4728 τοῖς
1424 4663 1935 4738 Βαρϐάροιςεῖπῃς,

362 4755 470 4807 εἶτε
502 4756 559 4807 ἐν
584 4759 697 4820 τοῖς
753 4755 1050 4827 Ρωμαίοις.

433 4845 542 4909 λς’.
571 4847 684 4916 ῐῐρὺ
712 4847 769 4900 δὲ
797 4849 896 4916 τῆς
925 4845 1020 4900 τοῦ
1055 4844 1292 4918 πολέμου
1315 4847 1529 4920 ἡμέρας
1577 4851 1682 4921 χρή
1726 4866 1786 4903 σε
1817 4849 1942 4920 βου-

365 4934 618 4989 λύεσθαι
649 4937 789 5007 μετά
839 4937 947 4990 τῶν
980 4939 1083 4992 ὑπὸ
1109 4939 1166 4992 σὲ
1189 4940 1465 5010 ἀρχόντων
1510 4941 1564 4993 τί
1589 4942 1670 4993 δεῖ
1694 4923 1939 5011 πρᾶξαι,

368 5029 462 5082 καὶ
483 5030 622 5101 ὅπερ
645 5030 894 5102 ἀναφανῇ
920 5030 1006 5084 διὰ
1045 5032 1142 5103 τῆς
1183 5034 1367 5102 κοινῆς
1390 5033 1621 5103 γνώμης.
1648 5033 1939 5104 χρήσιμον,

367 5118 527 5172 τοῦτο
567 5122 882 5191 στοιχεῖσαι,
916 5123 1011 5175 καὶ
1049 5123 1416 5192 παραγγεῖλαι
1437 5124 1548 5186 τοῖς
1573 5123 1800 5194 ἄρχουσι
1832 5123 1943 5178 τῶν

365 5207 680 5278 δρομώνων,
737 5209 880 5264 ὥστε
926 5212 1122 5276 αὐτοὺς
1173 5210 1314 5266 εἶναι
1369 5215 1621 5284 ἑτοίμους
1661 5213 1943 5268 ἐκτελέσαι

367 5298 436 5350 τὰ
491 5299 872 5371 βουλευθέντα,
931 5301 984 5354 εἴ
1029 5319 1093 5372 γε
1140 5303 1250 5374 ἄρα
1291 5304 1366 5375 μὴ
1409 5305 1697 5374 ἀπαντήσῃ
1748 5303 1944 5375 γνώμη

367 5392 586 5447 ὲναντία
646 5394 710 5447 ὲκ
759 5395 860 5465 τῆς
903 5395 1064 5466 φὸδου
1133 5394 1232 5467 (9)
1289 5395 1398 5449 τῶν
1445 5396 1755 5466 πολεμίων,
1805 5395 1941 5449 ἀλλὰ

363 5483 458 5537 καὶ
500 5483 624 5538 τότε
688 5485 940 5558 ἑτοίμους
1007 5484 1144 5564 εἶναι
1215 5489 1424 5553 πάντας
1480 5489 1802 5560 ἀφορῶντας
1859 5491 1939 5553 εἰς

2024 2028 2139 2075 tum
2181 2018 2524 2074 multitudini
2578 2019 2911 2085 triremium,
2969 2027 3083 2074 tum
3136 2029 3450 2084 armaturae,
3493 2026 3608 2072 tum

2024 2111 2358 2178 fortitudini,
2392 2118 2507 2167 tum
2548 2111 2826 2168 alacritati
2859 2111 3121 2178 militum,
3151 2120 3211 2168 ut
3234 2111 3488 2168 hostibus
3515 2127 3610 2168 su-

2026 2203 2210 2276 perior
2240 2204 2339 2260 sis.

2093 2294 2186 2350 34.
2212 2293 2400 2366 Neque
2416 2295 2560 2352 enim
2596 2295 2818 2351 navium
2851 2295 3150 2351 multitudo
3169 2304 3266 2350 aut
3287 2293 3610 2366 magnitudo

2026 2385 2170 2440 bella
2202 2385 2451 2450 coniicit,
2488 2386 2596 2454 nisi
2627 2387 2842 2443 milites
2881 2387 3120 2443 habeant
3166 2396 3452 2452 strenuos,
3489 2387 3611 2442 .for-

2028 2484 2134 2541 tes,
2173 2483 2228 2530 ct
2263 2475 2331 2531 ad
2381 2477 2570 2532 hostes
2619 2475 2962 2532 invadendos
3007 2478 3219 2535 alacres
3245 2519 3260 2544 ,
3299 2485 3436 2540 aut,
3462 2476 3613 2546 quod

2030 2564 2352 2630 maximum,
2383 2565 2491 2621 nisi
2517 2565 2766 2621 divinum
2798 2565 3120 2636 praesidium
3151 2566 3614 2624 benevolentiam-

2029 2670 2135 2724 que
2169 2653 2442 2723 habeant,
2504 2664 2619 2710 tum
2665 2659 2934 2726 puritate,
2969 2649 3433 2729 tum'intcgritate
3489 2659 3614 2714 vita:

2031 2748 2418 2816 conciliatam;
2471 2758 2527 2804 et
2568 2764 2700 2818 erga
2748 2750 3056 2820 municipes
3103 2751 3299 2807 hostes
3343 2751 3616 2822 justitiam

2031 2838 2182 2896 colas
2216 2857 2229 2894 :
2261 2839 2398 2895 nihil
2428 2840 2684 2910 impium,
2721 2849 2816 2896 aut
2849 2850 3011 2912 turpe
3044 2843 3100 2897 in
3125 2843 3372 2912 captivos
3391 2843 3616 2901 illorum

2033 2938 2241 2999 patres,
2287 2939 2380 2984 aut
2413 2930 2749 2988 inhumanus
2786 2932 2902 2996 sis,
2938 2948 3177 3004 einnque
3202 2973 3218 2998 ,
3260 2935 3360 3004 ,qui
3408 2935 3622 2989 nullam

2033 3020 2130 3073 tibi
2164 3020 2424 3089 injuriam
2459 3021 2668 3084 intulit,
2697 3036 2766 3075 ne
2809 3021 3000 3086 laedas,
3031 3022 3126 3091 qui
3162 3022 3369 3092 injuria
3403 3033 3454 3080 te
3477 3025 3612 3083 affe-

1988 3169 1990 3172 ,
2034 3110 2174 3166 cerit
2203 3124 2328 3165 eum
2359 3125 2482 3166 cum
2514 3107 2607 3166 Dei
2638 3111 3020 3168 benevolentia
3047 3113 3302 3183 repellas.

2103 3297 2206 3354 35;
2239 3296 2302 3353 Si
2329 3297 2758 3367 omninoprtelii
2799 3305 3018 3368 tempus
3059 3297 3116 3353 id
3147 3297 3350 3368 exigat,
3389 3297 3537 3352 varie
3560 3305 3614 3352 et
3635 3327 3649 3338 -ι

2035 3388 2254 3446 diverse
2281 3389 2536 3444 triremes
2566 3389 2809 3445 instrues
2838 3403 2940 3459 pro
2977 3395 3284 3460 temporum
3335 3388 3613 3444 locorum-

2035 3493 2142 3549 que
2169 3479 2402 3534 ratione.
2443 3477 2652 3549 Itaque,
2689 3481 2736 3536 si
2765 3480 3072 3537 confidiste
3101 3495 3226 3537 esse
3258 3480 3606 3550 superiorem

2036 3567 2314 3634 hostibus,
2343 3558 2806 3640 quemadmodum
2841 3571 3098 3644 praedixi,
3142 3579 3309 3642 atque
3342 3569 3464 3626 ideo
3488 3585 3616 3626 cum

2037 3659 2482 3731 illisconllig‘ere
2510 3659 2668 3727 velis,
2710 3663 2870 3734 quasi
2916 3663 2973 3718 in
3018 3678 3173 3732 spem
3222 3662 3616 3732 capiendorum

2039 3747 2283 3812 hostium
2339 3749 2589 3816 Veniens,
2635 3767 2704 3807 ne
2751 3753 2808 3807 in
2845 3760 2938 3808 tua
2988 3752 3165 3824 ipsius
3196 3762 3342 3807 terra
3368 3752 3617 3824 praelium

2038 3841 2376 3908 committas,
2402 3842 2456 3896 in
2489 3857 2599 3913 qua
2626 3845 3099 3914 sperant..milites,
3125 3845 3283 3916 juxta
3303 3852 3460 3902 vetus
3491 3859 3617 3915 prn-

2040 3932 2308 3999 verbium,
2349 3935 2413 3988 si
2459 3941 2672 3989 tantum
2717 3935 2906 3992 hastas
2957 3936 3201 4008 deligant
3248 3936 3482 4003 servari,
3520 3937 3618 3992 sed

2039 4035 2210 4092 prope
2261 4021 2517 4078 hostilem
2570 4031 2770 4078 terram
2805 4024 3011 4095 potius,
3063 4032 3122 4080 ut
3161 4024 3350 4080 hostes
3381 4024 3617 4079 salutem

2039 4113 2347 4182 sperantes,
2385 4127 2484 4169 sua
2515 4113 2570 4182 in
2615 4121 2760 4170 terra
2798 4115 2982 4187 fugam
3025 4114 3368 4172 dimicationi
3399 4122 3620 4184 antepo-

2039 4193 2196 4256 nant.
2229 4202 2383 4260 Miles
2412 4204 2559 4260 enim
2597 4203 2650 4260 in
2682 4203 3032 4262 formidinem
3058 4207 3296 4274 aliquam
3334 4204 3455 4274 ipso
3483 4214 3620 4259 tenta

2041 4311 2174 4368 pore
2204 4299 2383 4369 praelii
2417 4298 2690 4364 incidens,
2737 4305 2791 4353 et
2831 4297 2956 4368 fuga
2996 4312 3056 4353 se
3095 4297 3327 4353 salutem
3363 4296 3620 4366 quaesitu-

2041 4404 2161 4444 rum
2214 4396 2437 4459 putans,
2493 4390 2654 4446 facile
2705 4402 2858 4442 arma
2907 4387 3136 4458 abjicit,
3184 4387 3430 4457 nihilque
3478 4385 3621 4457 luga:

2045 4482 2348 4550 praeponit,
2395 4481 2556 4550 pauci
2612 4480 2755 4534 enim
2809 4487 2973 4544 sunt,
3007 4480 3125 4534 sive
3175 4476 3477 4542 Remmius,
3506 4476 3621 4532 sive

2044 4571 2320 4627 Barbaros
2351 4581 2590 4641 spectes,
2625 4572 2718 4642 qui
2772 4580 3003 4626 mortem
3053 4571 3192 4640 fugae
3239 4569 3487 4639 inglorio:
3539 4576 3622 4622 at-

2042 4677 2150 4732 que
2179 4662 2507 4727 inhonestae,
2541 4669 2787 4732 tempore
2817 4662 2985 4732 praelii
3015 4669 3375 4732 anteponunt.

2115 4852 2203 4908 56.
2245 4851 2384 4906 Ante
2429 4849 2554 4906 belli
2603 4848 2749 4906 diem
2799 4848 3123 4906 deliberatio
3183 4846 3462 4918 quaedam
3496 4862 3620 4902 cum

2044 4944 2315 5015 pra-fectis
2372 4943 2639 5014 capienda
2698 4952 2802 5008 est,
2846 4941 3108 5013 quidnam
3163 4939 3474 4995 faciendum
3529 4941 3622 5004 sit,

2045 5045 2100 5091 et
2132 5037 2281 5106 quod
2314 5036 2594 5091 communi
2626 5034 2904 5090 sententia
2938 5032 3156 5088 videtur
3196 5047 3320 5088 esse
3359 5031 3626 5102 Optimum

2045 5128 2178 5183 illud
2203 5129 2536 5190 constituas,
2574 5133 2628 5181 et
2659 5124 2934 5196 praefectis
2965 5125 3274 5179 triremium
3312 5123 3624 5188 mandahis,

2049 5227 2108 5274 ut
2137 5219 2203 5272 ad
2234 5220 2493 5288 imperata
2525 5218 2775 5272 facienda
2811 5217 3049 5288 prompti
3071 5218 3200 5272 sint.
3230 5215 3385 5284 Quod
3421 5217 3468 5270 si
3494 5230 3628 5270 con-

2047 5310 2217 5364 traria
2247 5309 2432 5378 aliqua
2462 5309 2738 5362 sententia
2773 5323 2841 5363 ex
2904 5307 3143 5362 hostium
3194 5305 3513 5360 incursione
3540 5304 3626 5358 in.

2049 5400 2366 5466 tervenerit,
2400 5407 2514 5453 tum
2538 5415 2732 5455 omnes
2758 5399 2813 5454 in
2853 5408 3000 5453 tuam
3032 5398 3312 5453 triremem
3367 5398 3624 5453 intuean-

2052 5503 2174 5559 tur,
2221 5500 2276 5548 et
2324 5492 2497 5562 parati
2531 5493 2646 5548 sint
2685 5507 2750 5545 ex
2798 5507 2862 5546 eo
2897 5491 3113 5562 signqu
3149 5492 3368 5562 aliquod
3394 5504 3624 5560 capere,

1881 5661 2114 5719 ΝΟΤΛΞ.

443 5746 520 5822 (8)
554 5753 1040 5823 Διαπράττεσθιιι.
1079 5757 1285 5826 Scribe,
1315 5755 1760 5810 διαπλάττεσθαι.

2123 5755 2196 5826 (ιι)
2226 5755 2439 5810 Φάδου.
2469 5755 2680 5821 Scribe,
2715 5755 2926 5820 ἐφόδου.
