  <div class='ocr_page' id='page_1' title='image "/cluster/home/n/w/nwhite01/storage/ocr_20150623/107/hvd.32044073502338/545.png"; bbox 0 0 3964 6206; ppageno 0'>
   <div class='ocr_carea' id='block_1_1' title="bbox 508 332 651 396">
    <p class='ocr_par' dir='ltr' id='par_1_1' title="bbox 508 332 651 396">
     <span class='ocr_line' id='line_1_1' title="bbox 508 332 651 396; baseline -0.007 0"><span class='ocrx_word' id='word_1_1' title='bbox 508 332 651 396; x_wconf 81' lang='lat'><strong>1003</strong></span> 
     </span>
    </p>
   </div>
   <div class='ocr_carea' id='block_1_2' title="bbox 1719 313 2479 377">
    <p class='ocr_par' dir='ltr' id='par_1_2' title="bbox 1719 313 2479 377">
     <span class='ocr_line' id='line_1_2' title="bbox 1719 313 2479 377; baseline -0.004 0"><span class='ocrx_word' id='word_1_2' title='bbox 1719 315 1996 377; x_wconf 80' lang='lat' dir='ltr'><strong>LEONIS</strong></span> <span class='ocrx_word' id='word_1_3' title='bbox 2021 313 2479 376; x_wconf 83' lang='lat' dir='ltr'><strong>PHILOSOPHI</strong></span> 
     </span>
    </p>
   </div>
   <div class='ocr_carea' id='block_1_3' title="bbox 3594 326 3743 391">
    <p class='ocr_par' dir='ltr' id='par_1_3' title="bbox 3594 326 3743 391">
     <span class='ocr_line' id='line_1_3' title="bbox 3594 326 3743 391; baseline 0.007 -1"><span class='ocrx_word' id='word_1_4' title='bbox 3594 326 3743 391; x_wconf 67' lang='lat'><strong>1004</strong></span> 
     </span>
    </p>
   </div>
   <div class='ocr_carea' id='block_1_4' title="bbox 503 428 2067 515">
    <p class='ocr_par' dir='ltr' id='par_1_4' title="bbox 503 430 2062 515">
     <span class='ocr_line' id='line_1_4' title="bbox 503 430 2062 515; baseline -0.008 -17"><span class='ocrx_word' id='word_1_5' title='bbox 503 443 640 515; x_wconf 84' lang='lat' dir='ltr'><strong>quid</strong></span> <span class='ocrx_word' id='word_1_6' title='bbox 682 445 829 497; x_wconf 80' lang='lat' dir='ltr'><strong>facto</strong></span> <span class='ocrx_word' id='word_1_7' title='bbox 858 455 996 512; x_wconf 85' lang='lat' dir='ltr'><strong>epus</strong></span> <span class='ocrx_word' id='word_1_8' title='bbox 1021 438 1092 494; x_wconf 91' lang='lat' dir='ltr'><strong>sit</strong></span> <span class='ocrx_word' id='word_1_9' title='bbox 1121 456 1133 492; x_wconf 89' lang='lat'>:</span> <span class='ocrx_word' id='word_1_10' title='bbox 1169 450 1278 506; x_wconf 87' lang='lat' dir='ltr'><strong>quo</strong></span> <span class='ocrx_word' id='word_1_11' title='bbox 1311 434 1469 504; x_wconf 81' lang='lat' dir='ltr'><strong>signo</strong></span> <span class='ocrx_word' id='word_1_12' title='bbox 1497 438 1752 496; x_wconf 86' lang='lat' dir='ltr'><strong>ostenso,</strong></span> <span class='ocrx_word' id='word_1_13' title='bbox 1783 444 1979 486; x_wconf 82' lang='lat' dir='ltr'><strong>omnes</strong></span> <span class='ocrx_word' id='word_1_14' title='bbox 1997 430 2062 485; x_wconf 86' lang='lat' dir='ltr'><strong>ad</strong></span> 
     </span>
    </p>
   </div>
   <div class='ocr_carea' id='block_1_5' title="bbox 2176 428 3741 515">
    <p class='ocr_par' dir='ltr' id='par_1_5' title="bbox 2176 428 3741 505">
     <span class='ocr_line' id='line_1_5' title="bbox 2176 428 3741 505; baseline 0.002 -21"><span class='ocrx_word' id='word_1_15' title='bbox 2176 432 2259 484; x_wconf 74' lang='grc' dir='ltr'>τὸν</span> <span class='ocrx_word' id='word_1_16' title='bbox 2290 429 2382 482; x_wconf 71' lang='grc' dir='ltr'><strong>σὺν</strong></span> <span class='ocrx_word' id='word_1_17' title='bbox 2410 428 2683 499; x_wconf 83' lang='grc' dir='ltr'>δρόμωνα,</span> <span class='ocrx_word' id='word_1_18' title='bbox 2719 428 2860 483; x_wconf 82' lang='grc' dir='ltr'>ὥστε</span> <span class='ocrx_word' id='word_1_19' title='bbox 2896 429 2957 493; x_wconf 77' lang='grc' dir='ltr'>ἐξ</span> <span class='ocrx_word' id='word_1_20' title='bbox 2992 429 3160 485; x_wconf 78' lang='grc' dir='ltr'>αὐτοῦ</span> <span class='ocrx_word' id='word_1_21' title='bbox 3200 430 3390 487; x_wconf 86' lang='grc' dir='ltr'>λαϐεῖν</span> <span class='ocrx_word' id='word_1_22' title='bbox 3427 438 3659 505; x_wconf 72' lang='grc' dir='ltr'>σημεῖον</span> <span class='ocrx_word' id='word_1_23' title='bbox 3690 438 3741 493; x_wconf 81' lang='grc' dir='ltr'>τι</span> 
     </span>
    </p>
   </div>
   <div class='ocr_carea' id='block_1_6' title="bbox 506 523 2069 604">
    <p class='ocr_par' dir='ltr' id='par_1_6' title="bbox 506 523 2069 604">
     <span class='ocr_line' id='line_1_6' title="bbox 506 523 2069 604; baseline -0.01 -14"><span class='ocrx_word' id='word_1_24' title='bbox 506 534 641 590; x_wconf 81' lang='lat' dir='ltr'><strong>illud</strong></span> <span class='ocrx_word' id='word_1_25' title='bbox 680 533 1006 604; x_wconf 80' lang='lat' dir='ltr'><strong>explendum</strong></span> <span class='ocrx_word' id='word_1_26' title='bbox 1037 529 1182 600; x_wconf 78' lang='lat' dir='ltr'><strong>quod</strong></span> <span class='ocrx_word' id='word_1_27' title='bbox 1219 528 1379 597; x_wconf 86' lang='lat' dir='ltr'><strong>signo</strong></span> <span class='ocrx_word' id='word_1_28' title='bbox 1409 523 1719 580; x_wconf 72' lang='lat' dir='ltr'><strong>ostenditur</strong></span> <span class='ocrx_word' id='word_1_29' title='bbox 1763 536 1822 578; x_wconf 83' lang='lat' dir='ltr'><strong>se</strong></span> <span class='ocrx_word' id='word_1_30' title='bbox 1853 529 2069 593; x_wconf 77' lang='lat' dir='ltr'><strong>parent.</strong></span> 
     </span>
    </p>
   </div>
   <div class='ocr_carea' id='block_1_7' title="bbox 574 706 2071 774">
    <p class='ocr_par' dir='ltr' id='par_1_7' title="bbox 574 706 2071 774">
     <span class='ocr_line' id='line_1_7' title="bbox 574 706 2071 774; baseline -0.007 -3"><span class='ocrx_word' id='word_1_31' title='bbox 574 718 662 771; x_wconf 86' lang='lat'><strong>&#39;57.</strong></span> <span class='ocrx_word' id='word_1_32' title='bbox 696 716 812 770; x_wconf 70' lang='lat' dir='ltr'><strong>Prze</strong></span> <span class='ocrx_word' id='word_1_33' title='bbox 843 714 1057 769; x_wconf 65' lang='lat' dir='ltr'><strong>caeteris</strong></span> <span class='ocrx_word' id='word_1_34' title='bbox 1090 712 1368 774; x_wconf 81' lang='lat' dir='ltr'><strong>omnibus,</strong></span> <span class='ocrx_word' id='word_1_35' title='bbox 1402 710 1677 766; x_wconf 91' lang='lat' dir='ltr'><strong>triremem</strong></span> <span class='ocrx_word' id='word_1_36' title='bbox 1721 706 1924 763; x_wconf 81' lang='lat' dir='ltr'><strong>habeas</strong></span> <span class='ocrx_word' id='word_1_37' title='bbox 1952 706 2071 761; x_wconf 76' lang='lat' dir='ltr'><strong>exi-</strong></span> 
     </span>
    </p>
   </div>
   <div class='ocr_carea' id='block_1_8' title="bbox 502 798 2072 873">
    <p class='ocr_par' dir='ltr' id='par_1_8' title="bbox 502 798 2072 873">
     <span class='ocr_line' id='line_1_8' title="bbox 502 798 2072 873; baseline -0.005 -11"><span class='ocrx_word' id='word_1_38' title='bbox 502 810 690 873; x_wconf 87' lang='lat' dir='ltr'><strong>miam,</strong></span> <span class='ocrx_word' id='word_1_39' title='bbox 720 818 770 862; x_wconf 89' lang='lat' dir='ltr'><strong>et</strong></span> <span class='ocrx_word' id='word_1_40' title='bbox 800 808 1039 861; x_wconf 86' lang='lat' dir='ltr'><strong>delectos</strong></span> <span class='ocrx_word' id='word_1_41' title='bbox 1071 806 1124 859; x_wconf 93' lang='lat' dir='ltr'><strong>in</strong></span> <span class='ocrx_word' id='word_1_42' title='bbox 1161 820 1221 859; x_wconf 88' lang='lat' dir='ltr'><strong>ea</strong></span> <span class='ocrx_word' id='word_1_43' title='bbox 1256 804 1481 867; x_wconf 77' lang='lat' dir='ltr'><strong>milites,</strong></span> <span class='ocrx_word' id='word_1_44' title='bbox 1506 798 1900 872; x_wconf 74' lang='lat' dir='ltr'><strong>magnitudine,</strong></span> <span class='ocrx_word' id='word_1_45' title='bbox 1932 808 2072 854; x_wconf 84' lang='lat' dir='ltr'><strong>stre-</strong></span> 
     </span>
    </p>
   </div>
   <div class='ocr_carea' id='block_1_9' title="bbox 503 892 2070 961">
    <p class='ocr_par' dir='ltr' id='par_1_9' title="bbox 503 892 2070 961">
     <span class='ocr_line' id='line_1_9' title="bbox 503 892 2070 961; baseline -0.004 -9"><span class='ocrx_word' id='word_1_46' title='bbox 503 900 733 961; x_wconf 84' lang='lat' dir='ltr'><strong>nuitate,</strong></span> <span class='ocrx_word' id='word_1_47' title='bbox 760 897 1128 952; x_wconf 84' lang='lat' dir='ltr'><strong>crassitudine</strong></span> <span class='ocrx_word' id='word_1_48' title='bbox 1160 896 1286 948; x_wconf 89' lang='lat' dir='ltr'><strong>aliis</strong></span> <span class='ocrx_word' id='word_1_49' title='bbox 1318 901 1701 955; x_wconf 84' lang='lat' dir='ltr'><strong>antceuntem,</strong></span> <span class='ocrx_word' id='word_1_50' title='bbox 1733 898 1899 961; x_wconf 86' lang='lat' dir='ltr'><strong>atque</strong></span> <span class='ocrx_word' id='word_1_51' title='bbox 1932 892 2070 945; x_wconf 92' lang='lat' dir='ltr'><strong>adeo</strong></span> 
     </span>
    </p>
   </div>
   <div class='ocr_carea' id='block_1_10' title="bbox 502 980 2064 1056">
    <p class='ocr_par' dir='ltr' id='par_1_10' title="bbox 502 980 2064 1056">
     <span class='ocr_line' id='line_1_10' title="bbox 502 980 2064 1056; baseline -0.003 -16"><span class='ocrx_word' id='word_1_52' title='bbox 502 990 773 1043; x_wconf 75' lang='lat' dir='ltr'><strong>universae</strong></span> <span class='ocrx_word' id='word_1_53' title='bbox 813 988 946 1042; x_wconf 82' lang='lat' dir='ltr'><strong>aciei</strong></span> <span class='ocrx_word' id='word_1_54' title='bbox 969 994 1130 1056; x_wconf 85' lang='lat' dir='ltr'><strong>caput</strong></span> <span class='ocrx_word' id='word_1_55' title='bbox 1170 1006 1183 1041; x_wconf 89' lang='lat'>:</span> <span class='ocrx_word' id='word_1_56' title='bbox 1220 986 1319 1040; x_wconf 87' lang='lat' dir='ltr'><strong>tibi</strong></span> <span class='ocrx_word' id='word_1_57' title='bbox 1349 994 1532 1039; x_wconf 88' lang='lat' dir='ltr'><strong>tamen</strong></span> <span class='ocrx_word' id='word_1_58' title='bbox 1562 984 1839 1038; x_wconf 81' lang='lat' dir='ltr'><strong>triremem</strong></span> <span class='ocrx_word' id='word_1_59' title='bbox 1874 980 2064 1047; x_wconf 80' lang='lat' dir='ltr'><strong>facias,</strong></span> 
     </span>
    </p>
   </div>
   <div class='ocr_carea' id='block_1_11' title="bbox 499 1078 1378 1149">
    <p class='ocr_par' dir='ltr' id='par_1_11' title="bbox 499 1078 1378 1149">
     <span class='ocr_line' id='line_1_11' title="bbox 499 1078 1378 1149; baseline -0.001 -17"><span class='ocrx_word' id='word_1_60' title='bbox 499 1078 716 1149; x_wconf 88' lang='lat' dir='ltr'><strong>qualem</strong></span> <span class='ocrx_word' id='word_1_61' title='bbox 750 1079 1037 1149; x_wconf 73' lang='grc' dir='ltr'>πάμφυλον</span> <span class='ocrx_word' id='word_1_62' title='bbox 1071 1079 1378 1132; x_wconf 82' lang='lat' dir='ltr'><strong>nominant.</strong></span> 
     </span>
    </p>
   </div>
   <div class='ocr_carea' id='block_1_12' title="bbox 2180 517 3742 595">
    <p class='ocr_par' dir='ltr' id='par_1_12' title="bbox 2180 517 3742 595">
     <span class='ocr_line' id='line_1_12' title="bbox 2180 517 3742 595; baseline 0.003 -24"><span class='ocrx_word' id='word_1_63' title='bbox 2180 518 2227 571; x_wconf 79' lang='grc' dir='ltr'><strong>εί</strong></span> <span class='ocrx_word' id='word_1_64' title='bbox 2258 518 2362 589; x_wconf 76' lang='grc' dir='ltr'>ἄρα</span> <span class='ocrx_word' id='word_1_65' title='bbox 2397 517 2601 588; x_wconf 79' lang='grc' dir='ltr'>πρᾶξαι</span> <span class='ocrx_word' id='word_1_66' title='bbox 2644 518 2743 583; x_wconf 84' lang='grc' dir='ltr'>δεῖ,</span> <span class='ocrx_word' id='word_1_67' title='bbox 2778 521 2873 572; x_wconf 70' lang='grc' dir='ltr'>καὶ</span> <span class='ocrx_word' id='word_1_68' title='bbox 2912 519 3102 573; x_wconf 88' lang='grc' dir='ltr'>τούτου</span> <span class='ocrx_word' id='word_1_69' title='bbox 3129 520 3372 585; x_wconf 78' lang='grc' dir='ltr'><strong>δοθέντος</strong></span> <span class='ocrx_word' id='word_1_70' title='bbox 3396 522 3565 590; x_wconf 76' lang='grc' dir='ltr'>ὀξέως</span> <span class='ocrx_word' id='word_1_71' title='bbox 3594 530 3742 595; x_wconf 66' lang='grc' dir='ltr'>γενε-</span> 
     </span>
    </p>
   </div>
   <div class='ocr_carea' id='block_1_13' title="bbox 2179 607 2758 677">
    <p class='ocr_par' dir='ltr' id='par_1_13' title="bbox 2179 607 2758 677">
     <span class='ocr_line' id='line_1_13' title="bbox 2179 607 2758 677; baseline 0.002 -16"><span class='ocrx_word' id='word_1_72' title='bbox 2179 608 2305 662; x_wconf 75' lang='grc' dir='ltr'>σθαι</span> <span class='ocrx_word' id='word_1_73' title='bbox 2333 607 2392 661; x_wconf 79' lang='grc' dir='ltr'>τὸ</span> <span class='ocrx_word' id='word_1_74' title='bbox 2427 608 2758 677; x_wconf 79' lang='grc' dir='ltr'>ὖποδειχθέν.</span> 
     </span>
    </p>
   </div>
   <div class='ocr_carea' id='block_1_14' title="bbox 2247 694 3738 777">
    <p class='ocr_par' dir='ltr' id='par_1_14' title="bbox 2247 694 3738 777">
     <span class='ocr_line' id='line_1_14' title="bbox 2247 694 3738 777; baseline 0.007 -26"><span class='ocrx_word' id='word_1_75' title='bbox 2247 697 2347 762; x_wconf 76' lang='grc' dir='ltr'>λζ’.</span> <span class='ocrx_word' id='word_1_76' title='bbox 2380 698 2604 761; x_wconf 80' lang='grc' dir='ltr'><strong>Πάντως</strong></span> <span class='ocrx_word' id='word_1_77' title='bbox 2658 699 2765 768; x_wconf 78' lang='grc' dir='ltr'>γὰρ</span> <span class='ocrx_word' id='word_1_78' title='bbox 2816 699 3008 763; x_wconf 87' lang='grc' dir='ltr'>δεῖσε,</span> <span class='ocrx_word' id='word_1_79' title='bbox 3066 694 3112 753; x_wconf 79' lang='grc' dir='ltr'>ὦ</span> <span class='ocrx_word' id='word_1_80' title='bbox 3163 706 3457 773; x_wconf 69' lang='grc' dir='ltr'>στρατηγι,</span> <span class='ocrx_word' id='word_1_81' title='bbox 3490 706 3738 777; x_wconf 79' lang='grc' dir='ltr'>ϐρόμωνα</span> 
     </span>
    </p>
   </div>
   <div class='ocr_carea' id='block_1_15' title="bbox 2177 788 3739 864">
    <p class='ocr_par' dir='ltr' id='par_1_15' title="bbox 2177 788 3739 864">
     <span class='ocr_line' id='line_1_15' title="bbox 2177 788 3739 864; baseline 0.006 -22"><span class='ocrx_word' id='word_1_82' title='bbox 2177 789 2322 859; x_wconf 78' lang='grc' dir='ltr'>ἔχειν</span> <span class='ocrx_word' id='word_1_83' title='bbox 2365 790 2456 844; x_wconf 76' lang='grc' dir='ltr'>τὸν</span> <span class='ocrx_word' id='word_1_84' title='bbox 2488 790 2616 844; x_wconf 76' lang='grc' dir='ltr'>ἴδιον</span> <span class='ocrx_word' id='word_1_85' title='bbox 2663 788 2725 854; x_wconf 74' lang='grc' dir='ltr'>ἐξ</span> <span class='ocrx_word' id='word_1_86' title='bbox 2753 790 2991 854; x_wconf 76' lang='grc' dir='ltr'><strong>ἅπαντος</strong></span> <span class='ocrx_word' id='word_1_87' title='bbox 3018 792 3112 844; x_wconf 79' lang='grc' dir='ltr'><strong>τοῦ</strong></span> <span class='ocrx_word' id='word_1_88' title='bbox 3159 795 3392 864; x_wconf 84' lang='grc' dir='ltr'>στρατοῦ</span> <span class='ocrx_word' id='word_1_89' title='bbox 3428 796 3739 863; x_wconf 63' lang='grc' dir='ltr'>ἐπιλέκτους</span> 
     </span>
    </p>
   </div>
   <div class='ocr_carea' id='block_1_16' title="bbox 2177 879 3737 957">
    <p class='ocr_par' dir='ltr' id='par_1_16' title="bbox 2177 879 3737 957">
     <span class='ocr_line' id='line_1_16' title="bbox 2177 879 3737 957; baseline 0.004 -23"><span class='ocrx_word' id='word_1_90' title='bbox 2177 882 2370 950; x_wconf 76' lang='grc' dir='ltr'>ἔχοντα</span> <span class='ocrx_word' id='word_1_91' title='bbox 2404 881 2531 943; x_wconf 80' lang='grc' dir='ltr'>τοὺς</span> <span class='ocrx_word' id='word_1_92' title='bbox 2570 879 2927 950; x_wconf 82' lang='grc' dir='ltr'><strong>στρατιώτας,</strong></span> <span class='ocrx_word' id='word_1_93' title='bbox 2971 883 3215 951; x_wconf 75' lang='grc' dir='ltr'>μεγέθει,</span> <span class='ocrx_word' id='word_1_94' title='bbox 3246 886 3343 938; x_wconf 76' lang='grc' dir='ltr'>καὶ</span> <span class='ocrx_word' id='word_1_95' title='bbox 3378 886 3623 957; x_wconf 64' lang='grc' dir='ltr'>ἀνδρείᾳ,</span> <span class='ocrx_word' id='word_1_96' title='bbox 3650 892 3737 943; x_wconf 73' lang='grc' dir='ltr'>καὶ</span> 
     </span>
    </p>
   </div>
   <div class='ocr_carea' id='block_1_17' title="bbox 2175 970 3736 1045">
    <p class='ocr_par' dir='ltr' id='par_1_17' title="bbox 2175 970 3736 1045">
     <span class='ocr_line' id='line_1_17' title="bbox 2175 970 3736 1045; baseline 0.007 -21"><span class='ocrx_word' id='word_1_97' title='bbox 2175 972 2371 1042; x_wconf 79' lang='grc' dir='ltr'>ἀρετῇ,</span> <span class='ocrx_word' id='word_1_98' title='bbox 2405 972 2499 1025; x_wconf 74' lang='grc' dir='ltr'>καὶ</span> <span class='ocrx_word' id='word_1_99' title='bbox 2542 974 2610 1042; x_wconf 80' lang='grc' dir='ltr'>τῇ</span> <span class='ocrx_word' id='word_1_100' title='bbox 2656 970 2792 1042; x_wconf 76' lang='grc' dir='ltr'>ἄλλῃ</span> <span class='ocrx_word' id='word_1_101' title='bbox 2844 974 3114 1045; x_wconf 76' lang='grc' dir='ltr'><strong>πανοπλίᾳ</strong></span> <span class='ocrx_word' id='word_1_102' title='bbox 3159 975 3469 1045; x_wconf 79' lang='grc' dir='ltr'><strong>διέχοντας·</strong></span> <span class='ocrx_word' id='word_1_103' title='bbox 3524 981 3621 1033; x_wconf 79' lang='grc' dir='ltr'>καὶ</span> <span class='ocrx_word' id='word_1_104' title='bbox 3655 983 3736 1035; x_wconf 60' lang='grc' dir='ltr'><strong>τὸν</strong></span> 
     </span>
    </p>
   </div>
   <div class='ocr_carea' id='block_1_18' title="bbox 2172 1064 3739 1136">
    <p class='ocr_par' dir='ltr' id='par_1_18' title="bbox 2172 1064 3739 1136">
     <span class='ocr_line' id='line_1_18' title="bbox 2172 1064 3739 1136; baseline 0.006 -19"><span class='ocrx_word' id='word_1_105' title='bbox 2172 1064 2427 1136; x_wconf 83' lang='grc' dir='ltr'>δρόμωνα</span> <span class='ocrx_word' id='word_1_106' title='bbox 2454 1064 2510 1118; x_wconf 78' lang='grc' dir='ltr'>δὲ</span> <span class='ocrx_word' id='word_1_107' title='bbox 2544 1064 2773 1135; x_wconf 76' lang='grc' dir='ltr'><strong>μεγέθει</strong></span> <span class='ocrx_word' id='word_1_108' title='bbox 2804 1064 2899 1118; x_wconf 76' lang='grc' dir='ltr'><strong>καὶ</strong></span> <span class='ocrx_word' id='word_1_109' title='bbox 2928 1065 3194 1136; x_wconf 83' lang='grc' dir='ltr'>ταχύτητι</span> <span class='ocrx_word' id='word_1_110' title='bbox 3215 1068 3323 1121; x_wconf 84' lang='grc' dir='ltr'><strong>τῶν</strong></span> <span class='ocrx_word' id='word_1_111' title='bbox 3349 1070 3530 1125; x_wconf 76' lang='grc' dir='ltr'>ἄλλων</span> <span class='ocrx_word' id='word_1_112' title='bbox 3574 1073 3739 1126; x_wconf 78' lang='grc' dir='ltr'>ἁπάν-</span> 
     </span>
    </p>
   </div>
   <div class='ocr_carea' id='block_1_19' title="bbox 498 1148 3743 1239">
    <p class='ocr_par' dir='ltr' id='par_1_19' title="bbox 498 1148 3743 1239">
     <span class='ocr_line' id='line_1_19' title="bbox 498 1148 3743 1239; baseline 0.001 -16"><span class='ocrx_word' id='word_1_113' title='bbox 498 1148 605 1223; x_wconf 83' lang='grc' dir='ltr'><strong>των</strong></span> <span class='ocrx_word' id='word_1_114' title='bbox 631 1148 975 1239; x_wconf 70' lang='grc' dir='ltr'>διαφέροντα,</span> <span class='ocrx_word' id='word_1_115' title='bbox 1018 1170 1093 1232; x_wconf 82' lang='grc' dir='ltr'>ὡς</span> <span class='ocrx_word' id='word_1_116' title='bbox 1133 1170 1227 1223; x_wconf 58' lang='lat' dir='ltr'><strong>ac:</strong></span> <span class='ocrx_word' id='word_1_117' title='bbox 1263 1169 1505 1238; x_wconf 81' lang='grc' dir='ltr'>κεφαλήν</span> <span class='ocrx_word' id='word_1_118' title='bbox 1533 1185 1654 1222; x_wconf 86' lang='grc' dir='ltr'>τινα</span> <span class='ocrx_word' id='word_1_119' title='bbox 1684 1168 1785 1236; x_wconf 80' lang='grc' dir='ltr'>τῆς</span> <span class='ocrx_word' id='word_1_120' title='bbox 1830 1161 2190 1235; x_wconf 78' lang='grc' dir='ltr'>παρατάξεως</span> <span class='ocrx_word' id='word_1_121' title='bbox 2216 1156 2433 1226; x_wconf 77' lang='grc' dir='ltr'><strong>ἀπάσης</strong></span> <span class='ocrx_word' id='word_1_122' title='bbox 2458 1170 2473 1184; x_wconf 84' lang='grc'><strong>⁸</strong></span> <span class='ocrx_word' id='word_1_123' title='bbox 2542 1155 2637 1209; x_wconf 61' lang='grc' dir='ltr'><strong>καὶ</strong></span> <span class='ocrx_word' id='word_1_124' title='bbox 2689 1155 3030 1228; x_wconf 70' lang='grc' dir='ltr'><strong>καταστῆσαι</strong></span> <span class='ocrx_word' id='word_1_125' title='bbox 3075 1158 3164 1212; x_wconf 67' lang='grc' dir='ltr'><strong>τὸν</strong></span> <span class='ocrx_word' id='word_1_126' title='bbox 3215 1158 3314 1229; x_wconf 79' lang='grc' dir='ltr'><strong>τῆς</strong></span> <span class='ocrx_word' id='word_1_127' title='bbox 3371 1162 3469 1231; x_wconf 78' lang='grc' dir='ltr'><strong>σῆς</strong></span> <span class='ocrx_word' id='word_1_128' title='bbox 3548 1148 3743 1229; x_wconf 42' lang='grc' dir='ltr'>ἔνδοξά</span> 
     </span>
    </p>
   </div>
   <div class='ocr_carea' id='block_1_20' title="bbox 497 1248 2227 1331">
    <p class='ocr_par' dir='ltr' id='par_1_20' title="bbox 497 1248 2227 1331">
     <span class='ocr_line' id='line_1_20' title="bbox 497 1248 2227 1331; baseline -0.008 -16"><span class='ocrx_word' id='word_1_129' title='bbox 497 1279 659 1331; x_wconf 83' lang='grc' dir='ltr'>τητος</span> <span class='ocrx_word' id='word_1_130' title='bbox 714 1261 952 1314; x_wconf 78' lang='grc' dir='ltr'>τοιοῦτον</span> <span class='ocrx_word' id='word_1_131' title='bbox 1006 1260 1293 1330; x_wconf 85' lang='grc' dir='ltr'>δρόμωνα,</span> <span class='ocrx_word' id='word_1_132' title='bbox 1342 1259 1401 1311; x_wconf 88' lang='grc' dir='ltr'>τὸ</span> <span class='ocrx_word' id='word_1_133' title='bbox 1441 1258 1507 1330; x_wconf 85' lang='grc' dir='ltr'>δὴ</span> <span class='ocrx_word' id='word_1_134' title='bbox 1557 1258 1849 1328; x_wconf 57' lang='grc' dir='ltr'>λεγόμενον</span> <span class='ocrx_word' id='word_1_135' title='bbox 1913 1248 2227 1323; x_wconf 76' lang='grc' dir='ltr'>πάμφυλον.</span> 
     </span>
    </p>
   </div>
   <div class='ocr_carea' id='block_1_21' title="bbox 568 1346 2072 1417">
    <p class='ocr_par' dir='ltr' id='par_1_21' title="bbox 568 1346 2072 1417">
     <span class='ocr_line' id='line_1_21' title="bbox 568 1346 2072 1417; baseline -0.005 -13"><span class='ocrx_word' id='word_1_136' title='bbox 568 1350 659 1405; x_wconf 81' lang='lat'><strong>38.</strong></span> <span class='ocrx_word' id='word_1_137' title='bbox 696 1347 964 1403; x_wconf 88' lang='lat' dir='ltr'><strong>Similiter</strong></span> <span class='ocrx_word' id='word_1_138' title='bbox 991 1348 1185 1417; x_wconf 86' lang='lat' dir='ltr'><strong>reliqui</strong></span> <span class='ocrx_word' id='word_1_139' title='bbox 1214 1348 1314 1401; x_wconf 85' lang='lat' dir='ltr'><strong>sub</strong></span> <span class='ocrx_word' id='word_1_140' title='bbox 1344 1354 1397 1401; x_wconf 93' lang='lat' dir='ltr'><strong>te</strong></span> <span class='ocrx_word' id='word_1_141' title='bbox 1432 1348 1713 1416; x_wconf 66' lang='lat' dir='ltr'><strong>praefecti,</strong></span> <span class='ocrx_word' id='word_1_142' title='bbox 1754 1346 2072 1416; x_wconf 81' lang='lat' dir='ltr'><strong>quicunque</strong></span> 
     </span>
    </p>
   </div>
   <div class='ocr_carea' id='block_1_22' title="bbox 499 1433 2071 1506">
    <p class='ocr_par' dir='ltr' id='par_1_22' title="bbox 499 1433 2071 1506">
     <span class='ocr_line' id='line_1_22' title="bbox 499 1433 2071 1506; baseline -0.005 -11"><span class='ocrx_word' id='word_1_143' title='bbox 499 1440 604 1495; x_wconf 90' lang='lat' dir='ltr'><strong>sub</strong></span> <span class='ocrx_word' id='word_1_144' title='bbox 636 1455 694 1494; x_wconf 90' lang='lat' dir='ltr'><strong>se</strong></span> <span class='ocrx_word' id='word_1_145' title='bbox 722 1438 976 1493; x_wconf 82' lang='lat' dir='ltr'><strong>triremes</strong></span> <span class='ocrx_word' id='word_1_146' title='bbox 1004 1438 1228 1503; x_wconf 83' lang='lat' dir='ltr'><strong>habent,</strong></span> <span class='ocrx_word' id='word_1_147' title='bbox 1254 1438 1404 1492; x_wconf 81' lang='lat' dir='ltr'><strong>viros</strong></span> <span class='ocrx_word' id='word_1_148' title='bbox 1440 1454 1505 1492; x_wconf 72' lang='lat' dir='ltr'><strong>es</strong></span> <span class='ocrx_word' id='word_1_149' title='bbox 1536 1438 1644 1492; x_wconf 85' lang='lat' dir='ltr'><strong>illis</strong></span> <span class='ocrx_word' id='word_1_150' title='bbox 1682 1437 1921 1506; x_wconf 74' lang='lat' dir='ltr'><strong>Optimos</strong></span> <span class='ocrx_word' id='word_1_151' title='bbox 1968 1433 2071 1490; x_wconf 82' lang='lat' dir='ltr'><strong>eli-</strong></span> 
     </span>
    </p>
   </div>
   <div class='ocr_carea' id='block_1_23' title="bbox 2240 1334 3740 1413">
    <p class='ocr_par' dir='ltr' id='par_1_23' title="bbox 2240 1334 3740 1413">
     <span class='ocr_line' id='line_1_23' title="bbox 2240 1334 3740 1413; baseline 0.007 -25"><span class='ocrx_word' id='word_1_152' title='bbox 2240 1334 2346 1405; x_wconf 85' lang='grc' dir='ltr'>λη’.</span> <span class='ocrx_word' id='word_1_153' title='bbox 2388 1335 2622 1406; x_wconf 80' lang='grc' dir='ltr'>Ὁμοίως</span> <span class='ocrx_word' id='word_1_154' title='bbox 2653 1336 2711 1390; x_wconf 77' lang='grc' dir='ltr'>δὲ</span> <span class='ocrx_word' id='word_1_155' title='bbox 2749 1338 2841 1390; x_wconf 76' lang='grc' dir='ltr'>καὶ</span> <span class='ocrx_word' id='word_1_156' title='bbox 2868 1337 2994 1401; x_wconf 76' lang='grc' dir='ltr'>τοὺς</span> <span class='ocrx_word' id='word_1_157' title='bbox 3025 1339 3215 1403; x_wconf 77' lang='grc' dir='ltr'>ἄλλους</span> <span class='ocrx_word' id='word_1_158' title='bbox 3240 1341 3343 1395; x_wconf 82' lang='grc' dir='ltr'><strong>ὑπὸ</strong></span> <span class='ocrx_word' id='word_1_159' title='bbox 3371 1342 3431 1396; x_wconf 72' lang='grc' dir='ltr'>σὲ</span> <span class='ocrx_word' id='word_1_160' title='bbox 3459 1344 3740 1413; x_wconf 73' lang='grc' dir='ltr'>ἄρχοντας.</span> 
     </span>
    </p>
   </div>
   <div class='ocr_carea' id='block_1_24' title="bbox 2169 1424 3740 1501">
    <p class='ocr_par' dir='ltr' id='par_1_24' title="bbox 2169 1424 3740 1501">
     <span class='ocr_line' id='line_1_24' title="bbox 2169 1424 3740 1501; baseline 0.005 -22"><span class='ocrx_word' id='word_1_161' title='bbox 2169 1426 2283 1479; x_wconf 83' lang='grc' dir='ltr'>ὅσοι</span> <span class='ocrx_word' id='word_1_162' title='bbox 2311 1424 2525 1496; x_wconf 79' lang='grc' dir='ltr'>ἔχουσιν</span> <span class='ocrx_word' id='word_1_163' title='bbox 2570 1425 2662 1478; x_wconf 78' lang='grc' dir='ltr'><strong>ὑπ’</strong></span> <span class='ocrx_word' id='word_1_164' title='bbox 2703 1425 2903 1491; x_wconf 78' lang='grc' dir='ltr'>αὐτούς</span> <span class='ocrx_word' id='word_1_165' title='bbox 2946 1445 3095 1493; x_wconf 85' lang='grc' dir='ltr'>τινας</span> <span class='ocrx_word' id='word_1_166' title='bbox 3136 1429 3439 1501; x_wconf 85' lang='grc' dir='ltr'>δρόμωνας,</span> <span class='ocrx_word' id='word_1_167' title='bbox 3469 1432 3542 1497; x_wconf 77' lang='grc' dir='ltr'>ἐξ</span> <span class='ocrx_word' id='word_1_168' title='bbox 3579 1435 3740 1489; x_wconf 77' lang='grc' dir='ltr'>αὐτῶν</span> 
     </span>
    </p>
   </div>
   <div class='ocr_carea' id='block_1_25' title="bbox 499 1514 2067 1599">
    <p class='ocr_par' dir='ltr' id='par_1_25' title="bbox 499 1528 2067 1599">
     <span class='ocr_line' id='line_1_25' title="bbox 499 1528 2067 1599; baseline -0.003 -17"><span class='ocrx_word' id='word_1_169' title='bbox 499 1538 653 1599; x_wconf 87' lang='lat' dir='ltr'><strong>gant,</strong></span> <span class='ocrx_word' id='word_1_170' title='bbox 702 1539 755 1583; x_wconf 90' lang='lat' dir='ltr'><strong>et</strong></span> <span class='ocrx_word' id='word_1_171' title='bbox 786 1529 839 1582; x_wconf 94' lang='lat' dir='ltr'><strong>in</strong></span> <span class='ocrx_word' id='word_1_172' title='bbox 874 1530 991 1583; x_wconf 89' lang='lat' dir='ltr'><strong>suis</strong></span> <span class='ocrx_word' id='word_1_173' title='bbox 1027 1543 1211 1583; x_wconf 85' lang='lat' dir='ltr'><strong>secum</strong></span> <span class='ocrx_word' id='word_1_174' title='bbox 1248 1528 1567 1582; x_wconf 88' lang='lat' dir='ltr'><strong>triremibus</strong></span> <span class='ocrx_word' id='word_1_175' title='bbox 1607 1528 1841 1582; x_wconf 82' lang='lat' dir='ltr'><strong>habeant</strong></span> <span class='ocrx_word' id='word_1_176' title='bbox 1868 1568 1883 1592; x_wconf 94' lang='lat'><strong>,</strong></span> <span class='ocrx_word' id='word_1_177' title='bbox 1926 1533 1985 1579; x_wconf 91' lang='lat' dir='ltr'><strong>ut</strong></span> <span class='ocrx_word' id='word_1_178' title='bbox 2017 1532 2067 1579; x_wconf 88' lang='lat' dir='ltr'><strong>cl</strong></span> 
     </span>
    </p>
   </div>
   <div class='ocr_carea' id='block_1_26' title="bbox 2176 1514 3739 1599">
    <p class='ocr_par' dir='ltr' id='par_1_26' title="bbox 2176 1514 3739 1589">
     <span class='ocr_line' id='line_1_26' title="bbox 2176 1514 3739 1589; baseline 0.008 -21"><span class='ocrx_word' id='word_1_179' title='bbox 2176 1515 2521 1579; x_wconf 70' lang='grc' dir='ltr'>ἐπιλέξασθαι</span> <span class='ocrx_word' id='word_1_180' title='bbox 2554 1514 2775 1586; x_wconf 78' lang='grc' dir='ltr'>ἄνδρας,</span> <span class='ocrx_word' id='word_1_181' title='bbox 2802 1520 2896 1572; x_wconf 79' lang='grc' dir='ltr'>καὶ</span> <span class='ocrx_word' id='word_1_182' title='bbox 2917 1518 3063 1589; x_wconf 76' lang='grc' dir='ltr'>ἔχειν</span> <span class='ocrx_word' id='word_1_183' title='bbox 3090 1522 3147 1575; x_wconf 76' lang='grc' dir='ltr'>ὲν</span> <span class='ocrx_word' id='word_1_184' title='bbox 3184 1524 3295 1585; x_wconf 81' lang='grc' dir='ltr'>τοῖς</span> <span class='ocrx_word' id='word_1_185' title='bbox 3325 1523 3581 1589; x_wconf 73' lang='grc' dir='ltr'>οἰκείοις,</span> <span class='ocrx_word' id='word_1_186' title='bbox 3612 1526 3739 1580; x_wconf 81' lang='grc' dir='ltr'>ὥστε</span> 
     </span>
    </p>
   </div>
   <div class='ocr_carea' id='block_1_27' title="bbox 497 1606 2067 1688">
    <p class='ocr_par' dir='ltr' id='par_1_27' title="bbox 497 1614 2067 1688">
     <span class='ocr_line' id='line_1_27' title="bbox 497 1614 2067 1688; baseline -0.001 -15"><span class='ocrx_word' id='word_1_187' title='bbox 497 1619 573 1673; x_wconf 83' lang='lat' dir='ltr'><strong>illi</strong></span> <span class='ocrx_word' id='word_1_188' title='bbox 607 1619 820 1674; x_wconf 68' lang='lat' dir='ltr'><strong>cmteris</strong></span> <span class='ocrx_word' id='word_1_189' title='bbox 852 1625 1134 1688; x_wconf 63' lang='lat' dir='ltr'><strong>praestent.</strong></span> <span class='ocrx_word' id='word_1_190' title='bbox 1171 1619 1267 1673; x_wconf 84' lang='lat' dir='ltr'><strong>Isti</strong></span> <span class='ocrx_word' id='word_1_191' title='bbox 1296 1633 1489 1673; x_wconf 90' lang='lat' dir='ltr'><strong>omnes</strong></span> <span class='ocrx_word' id='word_1_192' title='bbox 1510 1634 1571 1672; x_wconf 87' lang='lat' dir='ltr'><strong>ac</strong></span> <span class='ocrx_word' id='word_1_193' title='bbox 1592 1617 1788 1687; x_wconf 89' lang='lat' dir='ltr'><strong>reliqui</strong></span> <span class='ocrx_word' id='word_1_194' title='bbox 1813 1614 2067 1686; x_wconf 65' lang='lat' dir='ltr'><strong>praeterea</strong></span> 
     </span>
    </p>
   </div>
   <div class='ocr_carea' id='block_1_28' title="bbox 2176 1606 3741 1688">
    <p class='ocr_par' dir='ltr' id='par_1_28' title="bbox 2176 1606 3741 1679">
     <span class='ocr_line' id='line_1_28' title="bbox 2176 1606 3741 1679; baseline 0.008 -21"><span class='ocrx_word' id='word_1_195' title='bbox 2176 1606 2261 1659; x_wconf 73' lang='lat' dir='ltr'><strong>ml.</strong></span> <span class='ocrx_word' id='word_1_196' title='bbox 2307 1606 2505 1669; x_wconf 56' lang='lat' dir='ltr'><strong>cum&quot;);</strong></span> <span class='ocrx_word' id='word_1_197' title='bbox 2560 1606 2840 1676; x_wconf 79' lang='grc' dir='ltr'>διαφέρειν</span> <span class='ocrx_word' id='word_1_198' title='bbox 2884 1608 2992 1663; x_wconf 77' lang='grc' dir='ltr'><strong>τῶν</strong></span> <span class='ocrx_word' id='word_1_199' title='bbox 3042 1610 3240 1666; x_wconf 79' lang='grc' dir='ltr'>ἄλλων.</span> <span class='ocrx_word' id='word_1_200' title='bbox 3270 1614 3383 1666; x_wconf 76' lang='grc' dir='ltr'><strong>Καὶ</strong></span> <span class='ocrx_word' id='word_1_201' title='bbox 3412 1613 3644 1679; x_wconf 74' lang='grc' dir='ltr'>τούτους</span> <span class='ocrx_word' id='word_1_202' title='bbox 3691 1618 3741 1670; x_wconf 74' lang='grc' dir='ltr'>δὲ</span> 
     </span>
    </p>
   </div>
   <div class='ocr_carea' id='block_1_29' title="bbox 499 1708 2074 1775">
    <p class='ocr_par' dir='ltr' id='par_1_29' title="bbox 499 1708 2074 1775">
     <span class='ocr_line' id='line_1_29' title="bbox 499 1708 2074 1775; baseline -0.002 -10"><span class='ocrx_word' id='word_1_203' title='bbox 499 1712 557 1765; x_wconf 86' lang='lat' dir='ltr'><strong>in</strong></span> <span class='ocrx_word' id='word_1_204' title='bbox 591 1720 739 1765; x_wconf 91' lang='lat' dir='ltr'><strong>tuam</strong></span> <span class='ocrx_word' id='word_1_205' title='bbox 781 1711 1108 1765; x_wconf 87' lang='lat' dir='ltr'><strong>intueantur</strong></span> <span class='ocrx_word' id='word_1_206' title='bbox 1154 1709 1458 1775; x_wconf 89' lang='lat' dir='ltr'><strong>triremem,</strong></span> <span class='ocrx_word' id='word_1_207' title='bbox 1486 1718 1540 1764; x_wconf 92' lang='lat' dir='ltr'><strong>et</strong></span> <span class='ocrx_word' id='word_1_208' title='bbox 1575 1709 1644 1763; x_wconf 88' lang='lat' dir='ltr'><strong>ab</strong></span> <span class='ocrx_word' id='word_1_209' title='bbox 1673 1725 1735 1763; x_wconf 87' lang='lat' dir='ltr'><strong>ca</strong></span> <span class='ocrx_word' id='word_1_210' title='bbox 1772 1708 1897 1763; x_wconf 87' lang='lat' dir='ltr'><strong>belli</strong></span> <span class='ocrx_word' id='word_1_211' title='bbox 1938 1717 2074 1763; x_wconf 86' lang='lat' dir='ltr'><strong>tem-</strong></span> 
     </span>
    </p>
   </div>
   <div class='ocr_carea' id='block_1_30' title="bbox 2171 1695 3741 1781">
    <p class='ocr_par' dir='ltr' id='par_1_30' title="bbox 2171 1695 3741 1781">
     <span class='ocr_line' id='line_1_30' title="bbox 2171 1695 3741 1781; baseline 0.008 -33"><span class='ocrx_word' id='word_1_212' title='bbox 2171 1695 2400 1761; x_wconf 78' lang='grc' dir='ltr'>πάντας,</span> <span class='ocrx_word' id='word_1_213' title='bbox 2444 1698 2539 1749; x_wconf 77' lang='grc' dir='ltr'>καὶ</span> <span class='ocrx_word' id='word_1_214' title='bbox 2567 1697 2694 1759; x_wconf 82' lang='grc' dir='ltr'>τοὺς</span> <span class='ocrx_word' id='word_1_215' title='bbox 2738 1696 2960 1763; x_wconf 52' lang='lat' dir='ltr'><strong>loud);</strong></span> <span class='ocrx_word' id='word_1_216' title='bbox 2992 1700 3129 1781; x_wconf 75' lang='grc' dir='ltr'>πρὸς</span> <span class='ocrx_word' id='word_1_217' title='bbox 3172 1702 3262 1755; x_wconf 81' lang='grc' dir='ltr'>τὸν</span> <span class='ocrx_word' id='word_1_218' title='bbox 3292 1703 3383 1756; x_wconf 79' lang='grc' dir='ltr'><strong>σὺν</strong></span> <span class='ocrx_word' id='word_1_219' title='bbox 3413 1705 3741 1760; x_wconf 69' lang='grc' dir='ltr'>ἀποϐλέπειν</span> 
     </span>
    </p>
   </div>
   <div class='ocr_carea' id='block_1_31' title="bbox 497 1789 2067 1873">
    <p class='ocr_par' dir='ltr' id='par_1_31' title="bbox 497 1796 2067 1869">
     <span class='ocr_line' id='line_1_31' title="bbox 497 1796 2067 1869; baseline -0.001 -18"><span class='ocrx_word' id='word_1_220' title='bbox 497 1814 635 1867; x_wconf 79' lang='lat' dir='ltr'><strong>pore</strong></span> <span class='ocrx_word' id='word_1_221' title='bbox 664 1808 945 1869; x_wconf 79' lang='lat' dir='ltr'><strong>regantur,</strong></span> <span class='ocrx_word' id='word_1_222' title='bbox 971 1798 1077 1852; x_wconf 89' lang='lat' dir='ltr'><strong>nisi</strong></span> <span class='ocrx_word' id='word_1_223' title='bbox 1114 1797 1245 1869; x_wconf 90' lang='lat' dir='ltr'><strong>quid</strong></span> <span class='ocrx_word' id='word_1_224' title='bbox 1276 1796 1421 1852; x_wconf 87' lang='lat' dir='ltr'><strong>aliud</strong></span> <span class='ocrx_word' id='word_1_225' title='bbox 1466 1797 1674 1852; x_wconf 89' lang='lat' dir='ltr'><strong>interea</strong></span> <span class='ocrx_word' id='word_1_226' title='bbox 1705 1796 1889 1863; x_wconf 83' lang='lat' dir='ltr'><strong>cadat,</strong></span> <span class='ocrx_word' id='word_1_227' title='bbox 1924 1797 2067 1867; x_wconf 86' lang='lat' dir='ltr'><strong>quod</strong></span> 
     </span>
    </p>
   </div>
   <div class='ocr_carea' id='block_1_32' title="bbox 2176 1789 3739 1873">
    <p class='ocr_par' dir='ltr' id='par_1_32' title="bbox 2176 1789 3739 1864">
     <span class='ocr_line' id='line_1_32' title="bbox 2176 1789 3739 1864; baseline 0.007 -23"><span class='ocrx_word' id='word_1_228' title='bbox 2176 1789 2446 1859; x_wconf 83' lang='grc' dir='ltr'>δρόμωνα,</span> <span class='ocrx_word' id='word_1_229' title='bbox 2481 1790 2575 1843; x_wconf 74' lang='grc' dir='ltr'>καὶ</span> <span class='ocrx_word' id='word_1_230' title='bbox 2607 1789 2742 1861; x_wconf 80' lang='grc' dir='ltr'>παρ’</span> <span class='ocrx_word' id='word_1_231' title='bbox 2765 1790 2933 1845; x_wconf 79' lang='grc' dir='ltr'>αὑτοῦ</span> <span class='ocrx_word' id='word_1_232' title='bbox 2971 1792 3330 1864; x_wconf 75' lang='grc' dir='ltr'>ῥυθμίζεσθαι</span> <span class='ocrx_word' id='word_1_233' title='bbox 3363 1797 3515 1850; x_wconf 79' lang='grc' dir='ltr'>κατὰ</span> <span class='ocrx_word' id='word_1_234' title='bbox 3544 1798 3635 1852; x_wconf 81' lang='grc' dir='ltr'><strong>τὸν</strong></span> <span class='ocrx_word' id='word_1_235' title='bbox 3657 1798 3739 1851; x_wconf 80' lang='grc' dir='ltr'><strong>τοῦ</strong></span> 
     </span>
    </p>
   </div>
   <div class='ocr_carea' id='block_1_33' title="bbox 499 1886 1472 1958">
    <p class='ocr_par' dir='ltr' id='par_1_33' title="bbox 499 1886 1472 1958">
     <span class='ocr_line' id='line_1_33' title="bbox 499 1886 1472 1958; baseline 0.003 -18"><span class='ocrx_word' id='word_1_236' title='bbox 499 1886 607 1941; x_wconf 84' lang='lat' dir='ltr'><strong>alia</strong></span> <span class='ocrx_word' id='word_1_237' title='bbox 644 1887 730 1941; x_wconf 86' lang='lat' dir='ltr'><strong>via</strong></span> <span class='ocrx_word' id='word_1_238' title='bbox 762 1887 827 1941; x_wconf 85' lang='lat' dir='ltr'><strong>ad</strong></span> <span class='ocrx_word' id='word_1_239' title='bbox 854 1887 1255 1943; x_wconf 79' lang='lat' dir='ltr'><strong>conﬁciendum</strong></span> <span class='ocrx_word' id='word_1_240' title='bbox 1293 1894 1472 1958; x_wconf 87' lang='lat' dir='ltr'><strong>egeat.</strong></span> 
     </span>
    </p>
   </div>
   <div class='ocr_carea' id='block_1_34' title="bbox 567 2158 2071 2230">
    <p class='ocr_par' dir='ltr' id='par_1_34' title="bbox 567 2158 2071 2230">
     <span class='ocr_line' id='line_1_34' title="bbox 567 2158 2071 2230; baseline 0.001 -17"><span class='ocrx_word' id='word_1_241' title='bbox 567 2158 655 2213; x_wconf 79' lang='grc'><strong>39.</strong></span> <span class='ocrx_word' id='word_1_242' title='bbox 692 2159 918 2229; x_wconf 81' lang='lat' dir='ltr'><strong>Signum</strong></span> <span class='ocrx_word' id='word_1_243' title='bbox 954 2160 1182 2230; x_wconf 80' lang='lat' dir='ltr'><strong>aliquod</strong></span> <span class='ocrx_word' id='word_1_244' title='bbox 1218 2162 1270 2214; x_wconf 91' lang='lat' dir='ltr'><strong>in</strong></span> <span class='ocrx_word' id='word_1_245' title='bbox 1320 2170 1411 2215; x_wconf 89' lang='lat' dir='ltr'><strong>tua</strong></span> <span class='ocrx_word' id='word_1_246' title='bbox 1446 2160 1679 2225; x_wconf 87' lang='lat' dir='ltr'><strong>triremi,</strong></span> <span class='ocrx_word' id='word_1_247' title='bbox 1722 2160 1835 2215; x_wconf 80' lang='lat' dir='ltr'><strong>sive</strong></span> <span class='ocrx_word' id='word_1_248' title='bbox 1877 2160 2071 2215; x_wconf 76' lang='lat' dir='ltr'><strong>[lamu-</strong></span> 
     </span>
    </p>
   </div>
   <div class='ocr_carea' id='block_1_35' title="bbox 496 2250 2069 2322">
    <p class='ocr_par' dir='ltr' id='par_1_35' title="bbox 496 2250 2069 2322">
     <span class='ocr_line' id='line_1_35' title="bbox 496 2250 2069 2322; baseline 0.001 -20"><span class='ocrx_word' id='word_1_249' title='bbox 496 2250 632 2316; x_wconf 89' lang='lat' dir='ltr'><strong>lum,</strong></span> <span class='ocrx_word' id='word_1_250' title='bbox 676 2252 791 2306; x_wconf 83' lang='lat' dir='ltr'><strong>sive</strong></span> <span class='ocrx_word' id='word_1_251' title='bbox 839 2252 983 2306; x_wconf 87' lang='lat' dir='ltr'><strong>aliud</strong></span> <span class='ocrx_word' id='word_1_252' title='bbox 1015 2252 1296 2322; x_wconf 79' lang='lat' dir='ltr'><strong>quidpiam</strong></span> <span class='ocrx_word' id='word_1_253' title='bbox 1329 2253 1476 2307; x_wconf 90' lang='lat' dir='ltr'><strong>celso</strong></span> <span class='ocrx_word' id='word_1_254' title='bbox 1505 2253 1693 2322; x_wconf 90' lang='lat' dir='ltr'><strong>aliquo</strong></span> <span class='ocrx_word' id='word_1_255' title='bbox 1725 2253 1780 2305; x_wconf 80' lang='lat' dir='ltr'><strong>in</strong></span> <span class='ocrx_word' id='word_1_256' title='bbox 1824 2252 1944 2307; x_wconf 89' lang='lat' dir='ltr'><strong>loco</strong></span> <span class='ocrx_word' id='word_1_257' title='bbox 1975 2252 2069 2315; x_wconf 90' lang='lat' dir='ltr'><strong>sit,</strong></span> 
     </span>
    </p>
   </div>
   <div class='ocr_carea' id='block_1_36' title="bbox 495 2339 2072 2411">
    <p class='ocr_par' dir='ltr' id='par_1_36' title="bbox 495 2339 2072 2411">
     <span class='ocr_line' id='line_1_36' title="bbox 495 2339 2072 2411; baseline 0.003 -20"><span class='ocrx_word' id='word_1_258' title='bbox 495 2345 558 2391; x_wconf 86' lang='lat' dir='ltr'><strong>ut</strong></span> <span class='ocrx_word' id='word_1_259' title='bbox 590 2346 648 2392; x_wconf 89' lang='lat' dir='ltr'><strong>tu</strong></span> <span class='ocrx_word' id='word_1_260' title='bbox 679 2352 744 2392; x_wconf 90' lang='lat' dir='ltr'><strong>eo</strong></span> <span class='ocrx_word' id='word_1_261' title='bbox 783 2339 1094 2410; x_wconf 81' lang='lat' dir='ltr'><strong>signiﬁcare</strong></span> <span class='ocrx_word' id='word_1_262' title='bbox 1120 2342 1323 2410; x_wconf 90' lang='lat' dir='ltr'><strong>possis,</strong></span> <span class='ocrx_word' id='word_1_263' title='bbox 1348 2341 1478 2411; x_wconf 90' lang='lat' dir='ltr'><strong>quid</strong></span> <span class='ocrx_word' id='word_1_264' title='bbox 1512 2341 1655 2395; x_wconf 84' lang='lat' dir='ltr'><strong>facto</strong></span> <span class='ocrx_word' id='word_1_265' title='bbox 1680 2356 1820 2411; x_wconf 83' lang='lat' dir='ltr'><strong>Opus</strong></span> <span class='ocrx_word' id='word_1_266' title='bbox 1855 2341 1928 2394; x_wconf 93' lang='lat' dir='ltr'><strong>sit</strong></span> <span class='ocrx_word' id='word_1_267' title='bbox 1960 2356 1973 2393; x_wconf 92' lang='lat'><strong>:</strong></span> <span class='ocrx_word' id='word_1_268' title='bbox 2008 2354 2072 2395; x_wconf 91' lang='lat' dir='ltr'><strong>ac</strong></span> 
     </span>
    </p>
   </div>
   <div class='ocr_carea' id='block_1_37' title="bbox 495 2430 2069 2504">
    <p class='ocr_par' dir='ltr' id='par_1_37' title="bbox 495 2430 2069 2504">
     <span class='ocr_line' id='line_1_37' title="bbox 495 2430 2069 2504; baseline 0 -19"><span class='ocrx_word' id='word_1_269' title='bbox 495 2430 680 2485; x_wconf 62' lang='lat' dir='ltr'><strong>exteri</strong></span> <span class='ocrx_word' id='word_1_270' title='bbox 712 2430 816 2485; x_wconf 88' lang='lat' dir='ltr'><strong>hoc</strong></span> <span class='ocrx_word' id='word_1_271' title='bbox 858 2446 886 2484; x_wconf 87' lang='lat' dir='ltr'><strong>a</strong></span> <span class='ocrx_word' id='word_1_272' title='bbox 916 2442 969 2486; x_wconf 90' lang='lat' dir='ltr'><strong>Ie</strong></span> <span class='ocrx_word' id='word_1_273' title='bbox 998 2436 1339 2503; x_wconf 87' lang='lat' dir='ltr'><strong>propositum</strong></span> <span class='ocrx_word' id='word_1_274' title='bbox 1394 2433 1675 2504; x_wconf 80' lang='lat' dir='ltr'><strong>negotium</strong></span> <span class='ocrx_word' id='word_1_275' title='bbox 1722 2432 2069 2503; x_wconf 87' lang='lat' dir='ltr'><strong>suscipiant,</strong></span> 
     </span>
    </p>
   </div>
   <div class='ocr_carea' id='block_1_38' title="bbox 495 2522 2071 2591">
    <p class='ocr_par' dir='ltr' id='par_1_38' title="bbox 495 2522 2071 2591">
     <span class='ocr_line' id='line_1_38' title="bbox 495 2522 2071 2591; baseline 0.001 -16"><span class='ocrx_word' id='word_1_276' title='bbox 495 2522 614 2576; x_wconf 88' lang='lat' dir='ltr'><strong>sive</strong></span> <span class='ocrx_word' id='word_1_277' title='bbox 642 2522 1041 2591; x_wconf 85' lang='lat' dir='ltr'><strong>conﬂigendum</strong></span> <span class='ocrx_word' id='word_1_278' title='bbox 1074 2525 1130 2578; x_wconf 92' lang='lat' dir='ltr'><strong>in</strong></span> <span class='ocrx_word' id='word_1_279' title='bbox 1172 2524 1318 2579; x_wconf 91' lang='lat' dir='ltr'><strong>bello</strong></span> <span class='ocrx_word' id='word_1_280' title='bbox 1366 2525 1461 2588; x_wconf 89' lang='lat' dir='ltr'><strong>sit,</strong></span> <span class='ocrx_word' id='word_1_281' title='bbox 1509 2526 1622 2579; x_wconf 88' lang='lat' dir='ltr'><strong>sive</strong></span> <span class='ocrx_word' id='word_1_282' title='bbox 1651 2540 1679 2577; x_wconf 89' lang='lat' dir='ltr'><strong>a</strong></span> <span class='ocrx_word' id='word_1_283' title='bbox 1724 2524 1863 2577; x_wconf 86' lang='lat' dir='ltr'><strong>bello</strong></span> <span class='ocrx_word' id='word_1_284' title='bbox 1894 2524 2071 2577; x_wconf 79' lang='lat' dir='ltr'><strong>disce-</strong></span> 
     </span>
    </p>
   </div>
   <div class='ocr_carea' id='block_1_39' title="bbox 495 2611 2068 2678">
    <p class='ocr_par' dir='ltr' id='par_1_39' title="bbox 495 2611 2068 2678">
     <span class='ocr_line' id='line_1_39' title="bbox 495 2611 2068 2678; baseline 0.001 -13"><span class='ocrx_word' id='word_1_285' title='bbox 495 2611 755 2676; x_wconf 83' lang='lat' dir='ltr'><strong>dendum,</strong></span> <span class='ocrx_word' id='word_1_286' title='bbox 786 2613 899 2667; x_wconf 83' lang='lat' dir='ltr'><strong>sive</strong></span> <span class='ocrx_word' id='word_1_287' title='bbox 929 2615 984 2667; x_wconf 92' lang='lat' dir='ltr'><strong>in</strong></span> <span class='ocrx_word' id='word_1_288' title='bbox 1010 2614 1386 2669; x_wconf 80' lang='lat' dir='ltr'><strong>circuitionem</strong></span> <span class='ocrx_word' id='word_1_289' title='bbox 1413 2616 1649 2669; x_wconf 89' lang='lat' dir='ltr'><strong>hostium</strong></span> <span class='ocrx_word' id='word_1_290' title='bbox 1686 2614 2068 2678; x_wconf 86' lang='lat' dir='ltr'><strong>evolvendum,</strong></span> 
     </span>
    </p>
   </div>
   <div class='ocr_carea' id='block_1_40' title="bbox 495 2704 2069 2774">
    <p class='ocr_par' dir='ltr' id='par_1_40' title="bbox 495 2704 2069 2774">
     <span class='ocr_line' id='line_1_40' title="bbox 495 2704 2069 2774; baseline -0.001 -15"><span class='ocrx_word' id='word_1_291' title='bbox 495 2704 614 2760; x_wconf 83' lang='lat' dir='ltr'><strong>sive</strong></span> <span class='ocrx_word' id='word_1_292' title='bbox 666 2705 733 2758; x_wconf 84' lang='lat' dir='ltr'><strong>ad</strong></span> <span class='ocrx_word' id='word_1_293' title='bbox 775 2706 987 2760; x_wconf 65' lang='lat' dir='ltr'><strong>aﬂlictaz</strong></span> <span class='ocrx_word' id='word_1_294' title='bbox 1038 2708 1213 2774; x_wconf 82' lang='lat' dir='ltr'><strong>partis</strong></span> <span class='ocrx_word' id='word_1_295' title='bbox 1278 2706 1592 2773; x_wconf 78' lang='lat' dir='ltr'><strong>przcsidium</strong></span> <span class='ocrx_word' id='word_1_296' title='bbox 1648 2706 2069 2771; x_wconf 89' lang='lat' dir='ltr'><strong>accurrendum,</strong></span> 
     </span>
    </p>
   </div>
   <div class='ocr_carea' id='block_1_41' title="bbox 498 2793 2068 2857">
    <p class='ocr_par' dir='ltr' id='par_1_41' title="bbox 498 2793 2068 2857">
     <span class='ocr_line' id='line_1_41' title="bbox 498 2793 2068 2857; baseline -0.001 -7"><span class='ocrx_word' id='word_1_297' title='bbox 498 2796 617 2850; x_wconf 89' lang='lat' dir='ltr'><strong>sive</strong></span> <span class='ocrx_word' id='word_1_298' title='bbox 654 2810 876 2849; x_wconf 88' lang='lat' dir='ltr'><strong>cursum</strong></span> <span class='ocrx_word' id='word_1_299' title='bbox 911 2795 1150 2854; x_wconf 83' lang='lat' dir='ltr'><strong>tardare,</strong></span> <span class='ocrx_word' id='word_1_300' title='bbox 1177 2796 1294 2848; x_wconf 90' lang='lat' dir='ltr'><strong>sive</strong></span> <span class='ocrx_word' id='word_1_301' title='bbox 1337 2793 1402 2846; x_wconf 89' lang='lat' dir='ltr'><strong>ad</strong></span> <span class='ocrx_word' id='word_1_302' title='bbox 1439 2794 1770 2849; x_wconf 90' lang='lat' dir='ltr'><strong>celeritatem</strong></span> <span class='ocrx_word' id='word_1_303' title='bbox 1820 2794 2068 2857; x_wconf 87' lang='lat' dir='ltr'><strong>incitare.</strong></span> 
     </span>
    </p>
   </div>
   <div class='ocr_carea' id='block_1_42' title="bbox 496 2883 2071 2950">
    <p class='ocr_par' dir='ltr' id='par_1_42' title="bbox 496 2883 2071 2950">
     <span class='ocr_line' id='line_1_42' title="bbox 496 2883 2071 2950; baseline 0.001 -11"><span class='ocrx_word' id='word_1_304' title='bbox 496 2885 613 2939; x_wconf 83' lang='lat' dir='ltr'><strong>sive</strong></span> <span class='ocrx_word' id='word_1_305' title='bbox 661 2884 874 2939; x_wconf 68' lang='lat' dir='ltr'><strong>insidia?</strong></span> <span class='ocrx_word' id='word_1_306' title='bbox 930 2884 1208 2950; x_wconf 68' lang='lat' dir='ltr'><strong>faciendae,</strong></span> <span class='ocrx_word' id='word_1_307' title='bbox 1252 2885 1366 2940; x_wconf 80' lang='lat' dir='ltr'><strong>sive</strong></span> <span class='ocrx_word' id='word_1_308' title='bbox 1407 2900 1469 2939; x_wconf 80' lang='lat' dir='ltr'><strong>ex</strong></span> <span class='ocrx_word' id='word_1_309' title='bbox 1520 2883 1737 2939; x_wconf 90' lang='lat' dir='ltr'><strong>insidiis</strong></span> <span class='ocrx_word' id='word_1_310' title='bbox 1790 2884 2071 2940; x_wconf 88' lang='lat' dir='ltr'><strong>adoriendi</strong></span> 
     </span>
    </p>
   </div>
   <div class='ocr_carea' id='block_1_43' title="bbox 497 2974 2066 3046">
    <p class='ocr_par' dir='ltr' id='par_1_43' title="bbox 497 2974 2066 3046">
     <span class='ocr_line' id='line_1_43' title="bbox 497 2974 2066 3046; baseline 0.001 -19"><span class='ocrx_word' id='word_1_311' title='bbox 497 2974 628 3037; x_wconf 82' lang='lat' dir='ltr'><strong>sint,</strong></span> <span class='ocrx_word' id='word_1_312' title='bbox 666 2975 780 3029; x_wconf 84' lang='lat' dir='ltr'><strong>sive</strong></span> <span class='ocrx_word' id='word_1_313' title='bbox 816 2990 935 3045; x_wconf 69' lang='lat' dir='ltr'><strong>qua:</strong></span> <span class='ocrx_word' id='word_1_314' title='bbox 965 2975 1069 3028; x_wconf 85' lang='lat' dir='ltr'><strong>alia</strong></span> <span class='ocrx_word' id='word_1_315' title='bbox 1093 2976 1248 3046; x_wconf 82' lang='lat' dir='ltr'><strong>signa</strong></span> <span class='ocrx_word' id='word_1_316' title='bbox 1279 2989 1307 3030; x_wconf 92' lang='lat' dir='ltr'><strong>e</strong></span> <span class='ocrx_word' id='word_1_317' title='bbox 1336 2974 1545 3045; x_wconf 79' lang='lat' dir='ltr'><strong>triremi</strong></span> <span class='ocrx_word' id='word_1_318' title='bbox 1581 2983 1668 3028; x_wconf 90' lang='lat' dir='ltr'><strong>tua</strong></span> <span class='ocrx_word' id='word_1_319' title='bbox 1696 2974 2066 3045; x_wconf 74' lang='lat' dir='ltr'><strong>proficiscun-</strong></span> 
     </span>
    </p>
   </div>
   <div class='ocr_carea' id='block_1_44' title="bbox 495 3066 2068 3131">
    <p class='ocr_par' dir='ltr' id='par_1_44' title="bbox 495 3066 2068 3131">
     <span class='ocr_line' id='line_1_44' title="bbox 495 3066 2068 3131; baseline 0.001 -13"><span class='ocrx_word' id='word_1_320' title='bbox 495 3074 607 3131; x_wconf 87' lang='lat' dir='ltr'><strong>tur,</strong></span> <span class='ocrx_word' id='word_1_321' title='bbox 669 3068 855 3121; x_wconf 82' lang='lat' dir='ltr'><strong>omnia</strong></span> <span class='ocrx_word' id='word_1_322' title='bbox 911 3082 974 3123; x_wconf 87' lang='lat' dir='ltr'><strong>ea</strong></span> <span class='ocrx_word' id='word_1_323' title='bbox 1021 3066 1299 3123; x_wconf 87' lang='lat' dir='ltr'><strong>intuentes</strong></span> <span class='ocrx_word' id='word_1_324' title='bbox 1343 3066 1395 3122; x_wconf 91' lang='lat' dir='ltr'><strong>in</strong></span> <span class='ocrx_word' id='word_1_325' title='bbox 1440 3075 1590 3122; x_wconf 90' lang='lat' dir='ltr'><strong>tuam</strong></span> <span class='ocrx_word' id='word_1_326' title='bbox 1651 3067 1926 3122; x_wconf 90' lang='lat' dir='ltr'><strong>triremem</strong></span> <span class='ocrx_word' id='word_1_327' title='bbox 1974 3083 2068 3120; x_wconf 76' lang='lat' dir='ltr'><strong>ex-</strong></span> 
     </span>
    </p>
   </div>
   <div class='ocr_carea' id='block_1_45' title="bbox 494 3159 704 3227">
    <p class='ocr_par' dir='ltr' id='par_1_45' title="bbox 494 3159 704 3227">
     <span class='ocr_line' id='line_1_45' title="bbox 494 3159 704 3227; baseline 0.005 -16"><span class='ocrx_word' id='word_1_328' title='bbox 494 3159 704 3227; x_wconf 88' lang='lat' dir='ltr'><strong>pleant.</strong></span> 
     </span>
    </p>
   </div>
   <div class='ocr_carea' id='block_1_46' title="bbox 567 3339 2061 3413">
    <p class='ocr_par' dir='ltr' id='par_1_46' title="bbox 567 3339 2061 3413">
     <span class='ocr_line' id='line_1_46' title="bbox 567 3339 2061 3413; baseline 0.002 -16"><span class='ocrx_word' id='word_1_329' title='bbox 567 3342 657 3397; x_wconf 69' lang='lat'><strong>40.</strong></span> <span class='ocrx_word' id='word_1_330' title='bbox 691 3339 875 3413; x_wconf 78' lang='lat' dir='ltr'><strong>Neque</strong></span> <span class='ocrx_word' id='word_1_331' title='bbox 902 3344 1044 3398; x_wconf 91' lang='lat' dir='ltr'><strong>enim</strong></span> <span class='ocrx_word' id='word_1_332' title='bbox 1077 3359 1142 3399; x_wconf 92' lang='lat' dir='ltr'><strong>eo</strong></span> <span class='ocrx_word' id='word_1_333' title='bbox 1168 3351 1413 3413; x_wconf 84' lang='lat' dir='ltr'><strong>tempore</strong></span> <span class='ocrx_word' id='word_1_334' title='bbox 1444 3343 1527 3397; x_wconf 84' lang='lat' dir='ltr'><strong>vel</strong></span> <span class='ocrx_word' id='word_1_335' title='bbox 1557 3357 1689 3398; x_wconf 86' lang='lat' dir='ltr'><strong>voce</strong></span> <span class='ocrx_word' id='word_1_336' title='bbox 1722 3344 1805 3399; x_wconf 86' lang='lat' dir='ltr'><strong>vel</strong></span> <span class='ocrx_word' id='word_1_337' title='bbox 1831 3345 2061 3401; x_wconf 85' lang='lat' dir='ltr'><strong>buccina</strong></span> 
     </span>
    </p>
   </div>
   <div class='ocr_carea' id='block_1_47' title="bbox 496 3435 2065 3508">
    <p class='ocr_par' dir='ltr' id='par_1_47' title="bbox 496 3435 2065 3508">
     <span class='ocr_line' id='line_1_47' title="bbox 496 3435 2065 3508; baseline 0.003 -18"><span class='ocrx_word' id='word_1_338' title='bbox 496 3436 795 3505; x_wconf 66' lang='lat' dir='ltr'><strong>praecipere</strong></span> <span class='ocrx_word' id='word_1_339' title='bbox 850 3435 1029 3505; x_wconf 84' lang='lat' dir='ltr'><strong>possis</strong></span> <span class='ocrx_word' id='word_1_340' title='bbox 1095 3451 1217 3507; x_wconf 75' lang='lat' dir='ltr'><strong>quae</strong></span> <span class='ocrx_word' id='word_1_341' title='bbox 1276 3436 1420 3492; x_wconf 77' lang='lat' dir='ltr'><strong>facto</strong></span> <span class='ocrx_word' id='word_1_342' title='bbox 1488 3452 1627 3505; x_wconf 84' lang='lat' dir='ltr'><strong>opus</strong></span> <span class='ocrx_word' id='word_1_343' title='bbox 1686 3445 1814 3493; x_wconf 87' lang='lat' dir='ltr'><strong>sunt</strong></span> <span class='ocrx_word' id='word_1_344' title='bbox 1867 3451 1883 3491; x_wconf 90' lang='lat'><strong>:</strong></span> <span class='ocrx_word' id='word_1_345' title='bbox 1937 3438 2065 3508; x_wconf 84' lang='lat' dir='ltr'><strong>quia</strong></span> 
     </span>
    </p>
   </div>
   <div class='ocr_carea' id='block_1_48' title="bbox 493 3526 2065 3599">
    <p class='ocr_par' dir='ltr' id='par_1_48' title="bbox 493 3526 2065 3599">
     <span class='ocr_line' id='line_1_48' title="bbox 493 3526 2065 3599; baseline 0.004 -20"><span class='ocrx_word' id='word_1_346' title='bbox 493 3540 729 3595; x_wconf 85' lang='lat' dir='ltr'><strong>magnus</strong></span> <span class='ocrx_word' id='word_1_347' title='bbox 773 3528 1080 3591; x_wconf 88' lang='lat' dir='ltr'><strong>tumultus,</strong></span> <span class='ocrx_word' id='word_1_348' title='bbox 1138 3527 1413 3597; x_wconf 86' lang='lat' dir='ltr'><strong>marisque</strong></span> <span class='ocrx_word' id='word_1_349' title='bbox 1464 3526 1689 3599; x_wconf 78' lang='lat' dir='ltr'><strong>fragor,</strong></span> <span class='ocrx_word' id='word_1_350' title='bbox 1743 3529 2065 3599; x_wconf 67' lang='lat' dir='ltr'><strong>ueterisque</strong></span> 
     </span>
    </p>
   </div>
   <div class='ocr_carea' id='block_1_49' title="bbox 499 3617 2065 3687">
    <p class='ocr_par' dir='ltr' id='par_1_49' title="bbox 499 3617 2065 3687">
     <span class='ocr_line' id='line_1_49' title="bbox 499 3617 2065 3687; baseline 0.003 -17"><span class='ocrx_word' id='word_1_351' title='bbox 499 3617 788 3686; x_wconf 81' lang='lat' dir='ltr'><strong>strepitus,</strong></span> <span class='ocrx_word' id='word_1_352' title='bbox 819 3626 876 3671; x_wconf 88' lang='lat' dir='ltr'><strong>et</strong></span> <span class='ocrx_word' id='word_1_353' title='bbox 904 3618 1209 3671; x_wconf 85' lang='lat' dir='ltr'><strong>triremium</strong></span> <span class='ocrx_word' id='word_1_354' title='bbox 1254 3632 1579 3682; x_wconf 82' lang='lat' dir='ltr'><strong>concursus,</strong></span> <span class='ocrx_word' id='word_1_355' title='bbox 1617 3625 1781 3687; x_wconf 89' lang='lat' dir='ltr'><strong>atque</strong></span> <span class='ocrx_word' id='word_1_356' title='bbox 1808 3619 2065 3676; x_wconf 82' lang='lat' dir='ltr'><strong>eorumis-</strong></span> 
     </span>
    </p>
   </div>
   <div class='ocr_carea' id='block_1_50' title="bbox 496 3704 2063 3777">
    <p class='ocr_par' dir='ltr' id='par_1_50' title="bbox 496 3704 2063 3777">
     <span class='ocr_line' id='line_1_50' title="bbox 496 3704 2063 3777; baseline 0.002 -18"><span class='ocrx_word' id='word_1_357' title='bbox 496 3704 602 3769; x_wconf 87' lang='lat' dir='ltr'><strong>sio,</strong></span> <span class='ocrx_word' id='word_1_358' title='bbox 636 3712 687 3759; x_wconf 90' lang='lat' dir='ltr'><strong>et</strong></span> <span class='ocrx_word' id='word_1_359' title='bbox 721 3705 869 3773; x_wconf 91' lang='lat' dir='ltr'><strong>quod</strong></span> <span class='ocrx_word' id='word_1_360' title='bbox 900 3705 1220 3771; x_wconf 74' lang='lat' dir='ltr'><strong>maximum,</strong></span> <span class='ocrx_word' id='word_1_361' title='bbox 1255 3704 1463 3761; x_wconf 85' lang='lat' dir='ltr'><strong>clamor</strong></span> <span class='ocrx_word' id='word_1_362' title='bbox 1489 3706 1771 3760; x_wconf 92' lang='lat' dir='ltr'><strong>hominum</strong></span> <span class='ocrx_word' id='word_1_363' title='bbox 1808 3706 2063 3777; x_wconf 73' lang='lat' dir='ltr'><strong>prmlian-</strong></span> 
     </span>
    </p>
   </div>
   <div class='ocr_carea' id='block_1_51' title="bbox 495 3795 1573 3866">
    <p class='ocr_par' dir='ltr' id='par_1_51' title="bbox 495 3795 1573 3866">
     <span class='ocr_line' id='line_1_51' title="bbox 495 3795 1573 3866; baseline 0.001 -18"><span class='ocrx_word' id='word_1_364' title='bbox 495 3796 654 3858; x_wconf 87' lang='lat' dir='ltr'><strong>tium,</strong></span> <span class='ocrx_word' id='word_1_365' title='bbox 682 3795 775 3848; x_wconf 89' lang='lat' dir='ltr'><strong>illa</strong></span> <span class='ocrx_word' id='word_1_366' title='bbox 810 3804 869 3848; x_wconf 91' lang='lat' dir='ltr'><strong>ut</strong></span> <span class='ocrx_word' id='word_1_367' title='bbox 900 3795 1265 3850; x_wconf 75' lang='lat' dir='ltr'><strong>exaudiantur</strong></span> <span class='ocrx_word' id='word_1_368' title='bbox 1295 3796 1573 3866; x_wconf 85' lang='lat' dir='ltr'><strong>impediet.</strong></span> 
     </span>
    </p>
   </div>
   <div class='ocr_carea' id='block_1_52' title="bbox 567 3882 2062 3953">
    <p class='ocr_par' dir='ltr' id='par_1_52' title="bbox 567 3882 2062 3953">
     <span class='ocr_line' id='line_1_52' title="bbox 567 3882 2062 3953; baseline 0.003 -17"><span class='ocrx_word' id='word_1_369' title='bbox 567 3884 658 3937; x_wconf 70' lang='grc' dir='ltr'><strong>ιι.</strong></span> <span class='ocrx_word' id='word_1_370' title='bbox 698 3882 926 3953; x_wconf 89' lang='lat' dir='ltr'><strong>Signum</strong></span> <span class='ocrx_word' id='word_1_371' title='bbox 979 3891 1160 3937; x_wconf 82' lang='lat' dir='ltr'><strong>autem</strong></span> <span class='ocrx_word' id='word_1_372' title='bbox 1217 3886 1642 3950; x_wconf 82' lang='lat' dir='ltr'><strong>monstrabitur,</strong></span> <span class='ocrx_word' id='word_1_373' title='bbox 1700 3885 1745 3940; x_wconf 91' lang='lat' dir='ltr'><strong>si</strong></span> <span class='ocrx_word' id='word_1_374' title='bbox 1797 3885 2062 3941; x_wconf 88' lang='lat' dir='ltr'><strong>directum</strong></span> 
     </span>
    </p>
   </div>
   <div class='ocr_carea' id='block_1_53' title="bbox 496 3972 2066 4048">
    <p class='ocr_par' dir='ltr' id='par_1_53' title="bbox 496 3972 2066 4048">
     <span class='ocr_line' id='line_1_53' title="bbox 496 3972 2066 4048; baseline 0.001 -19"><span class='ocrx_word' id='word_1_375' title='bbox 496 3983 626 4037; x_wconf 87' lang='lat' dir='ltr'><strong>stet,</strong></span> <span class='ocrx_word' id='word_1_376' title='bbox 653 3973 739 4029; x_wconf 86' lang='lat' dir='ltr'><strong>vel</strong></span> <span class='ocrx_word' id='word_1_377' title='bbox 770 3972 837 4026; x_wconf 87' lang='lat' dir='ltr'><strong>ad</strong></span> <span class='ocrx_word' id='word_1_378' title='bbox 876 3972 1125 4028; x_wconf 78' lang='lat' dir='ltr'><strong>dextram</strong></span> <span class='ocrx_word' id='word_1_379' title='bbox 1154 3974 1450 4029; x_wconf 73' lang='lat' dir='ltr'><strong>autlmvam</strong></span> <span class='ocrx_word' id='word_1_380' title='bbox 1472 3975 1784 4040; x_wconf 87' lang='lat' dir='ltr'><strong>inclinetur,</strong></span> <span class='ocrx_word' id='word_1_381' title='bbox 1818 3986 1910 4031; x_wconf 90' lang='lat' dir='ltr'><strong>aut</strong></span> <span class='ocrx_word' id='word_1_382' title='bbox 1939 3994 2066 4048; x_wconf 83' lang='lat' dir='ltr'><strong>per-</strong></span> 
     </span>
    </p>
   </div>
   <div class='ocr_carea' id='block_1_54' title="bbox 490 4064 2066 4137">
    <p class='ocr_par' dir='ltr' id='par_1_54' title="bbox 490 4064 2066 4137">
     <span class='ocr_line' id='line_1_54' title="bbox 490 4064 2066 4137; baseline 0.002 -18"><span class='ocrx_word' id='word_1_383' title='bbox 490 4077 658 4136; x_wconf 84' lang='lat' dir='ltr'><strong>petno</strong></span> <span class='ocrx_word' id='word_1_384' title='bbox 702 4066 942 4135; x_wconf 86' lang='lat' dir='ltr'><strong>agitetur</strong></span> <span class='ocrx_word' id='word_1_385' title='bbox 989 4071 1086 4117; x_wconf 88' lang='lat' dir='ltr'><strong>aut</strong></span> <span class='ocrx_word' id='word_1_386' title='bbox 1125 4064 1385 4133; x_wconf 86' lang='lat' dir='ltr'><strong>elevetur,</strong></span> <span class='ocrx_word' id='word_1_387' title='bbox 1426 4075 1519 4119; x_wconf 86' lang='lat' dir='ltr'><strong>aut</strong></span> <span class='ocrx_word' id='word_1_388' title='bbox 1565 4066 1937 4137; x_wconf 89' lang='lat' dir='ltr'><strong>deprimatur,</strong></span> <span class='ocrx_word' id='word_1_389' title='bbox 1972 4076 2066 4122; x_wconf 85' lang='lat' dir='ltr'><strong>aut</strong></span> 
     </span>
    </p>
   </div>
   <div class='ocr_carea' id='block_1_55' title="bbox 494 4155 2065 4230">
    <p class='ocr_par' dir='ltr' id='par_1_55' title="bbox 494 4155 2065 4230">
     <span class='ocr_line' id='line_1_55' title="bbox 494 4155 2065 4230; baseline 0.001 -18"><span class='ocrx_word' id='word_1_390' title='bbox 494 4157 720 4212; x_wconf 89' lang='lat' dir='ltr'><strong>omnino</strong></span> <span class='ocrx_word' id='word_1_391' title='bbox 775 4155 1115 4219; x_wconf 80' lang='lat' dir='ltr'><strong>detrahetur,</strong></span> <span class='ocrx_word' id='word_1_392' title='bbox 1158 4164 1253 4210; x_wconf 87' lang='lat' dir='ltr'><strong>aut</strong></span> <span class='ocrx_word' id='word_1_393' title='bbox 1303 4165 1706 4222; x_wconf 89' lang='lat' dir='ltr'><strong>commutetur,</strong></span> <span class='ocrx_word' id='word_1_394' title='bbox 1749 4166 1845 4212; x_wconf 83' lang='lat' dir='ltr'><strong>aut</strong></span> <span class='ocrx_word' id='word_1_395' title='bbox 1902 4169 2065 4230; x_wconf 87' lang='lat' dir='ltr'><strong>caput</strong></span> 
     </span>
    </p>
   </div>
   <div class='ocr_carea' id='block_1_56' title="bbox 493 4248 2065 4321">
    <p class='ocr_par' dir='ltr' id='par_1_56' title="bbox 493 4248 2065 4321">
     <span class='ocr_line' id='line_1_56' title="bbox 493 4248 2065 4321; baseline 0.005 -22"><span class='ocrx_word' id='word_1_396' title='bbox 493 4258 796 4319; x_wconf 81' lang='lat' dir='ltr'><strong>verteane</strong></span> <span class='ocrx_word' id='word_1_397' title='bbox 838 4250 983 4319; x_wconf 88' lang='lat' dir='ltr'><strong>ejus,</strong></span> <span class='ocrx_word' id='word_1_398' title='bbox 1021 4256 1080 4302; x_wconf 92' lang='lat' dir='ltr'><strong>ut</strong></span> <span class='ocrx_word' id='word_1_399' title='bbox 1125 4249 1398 4304; x_wconf 85' lang='lat' dir='ltr'><strong>diversum</strong></span> <span class='ocrx_word' id='word_1_400' title='bbox 1448 4248 1721 4316; x_wconf 86' lang='lat' dir='ltr'><strong>videatur,</strong></span> <span class='ocrx_word' id='word_1_401' title='bbox 1758 4249 1839 4305; x_wconf 91' lang='lat' dir='ltr'><strong>vel</strong></span> <span class='ocrx_word' id='word_1_402' title='bbox 1873 4250 2065 4321; x_wconf 80' lang='lat' dir='ltr'><strong>ﬁguris</strong></span> 
     </span>
    </p>
   </div>
   <div class='ocr_carea' id='block_1_57' title="bbox 493 4341 2060 4407">
    <p class='ocr_par' dir='ltr' id='par_1_57' title="bbox 493 4341 2060 4407">
     <span class='ocr_line' id='line_1_57' title="bbox 493 4341 2060 4407; baseline 0.002 -12"><span class='ocrx_word' id='word_1_403' title='bbox 493 4342 812 4405; x_wconf 89' lang='lat' dir='ltr'><strong>coloribus,</strong></span> <span class='ocrx_word' id='word_1_404' title='bbox 852 4350 910 4395; x_wconf 90' lang='lat' dir='ltr'><strong>ut</strong></span> <span class='ocrx_word' id='word_1_405' title='bbox 941 4343 1071 4398; x_wconf 84' lang='lat' dir='ltr'><strong>olim</strong></span> <span class='ocrx_word' id='word_1_406' title='bbox 1109 4341 1224 4396; x_wconf 74' lang='lat' dir='ltr'><strong>fieri</strong></span> <span class='ocrx_word' id='word_1_407' title='bbox 1268 4342 1500 4407; x_wconf 85' lang='lat' dir='ltr'><strong>solebat,</strong></span> <span class='ocrx_word' id='word_1_408' title='bbox 1532 4343 1874 4397; x_wconf 88' lang='lat' dir='ltr'><strong>immutetur.</strong></span> <span class='ocrx_word' id='word_1_409' title='bbox 1926 4341 2060 4399; x_wconf 85' lang='lat' dir='ltr'><strong>Nam</strong></span> 
     </span>
    </p>
   </div>
   <div class='ocr_carea' id='block_1_58' title="bbox 2174 1877 3739 1957">
    <p class='ocr_par' dir='ltr' id='par_1_58' title="bbox 2174 1877 3739 1957">
     <span class='ocr_line' id='line_1_58' title="bbox 2174 1877 3739 1957; baseline 0.006 -27"><span class='ocrx_word' id='word_1_410' title='bbox 2174 1877 2413 1948; x_wconf 84' lang='grc' dir='ltr'>πολέμου</span> <span class='ocrx_word' id='word_1_411' title='bbox 2444 1878 2653 1950; x_wconf 73' lang='grc' dir='ltr'>καιρὸν,</span> <span class='ocrx_word' id='word_1_412' title='bbox 2685 1880 2735 1932; x_wconf 86' lang='grc' dir='ltr'><strong>εί</strong></span> <span class='ocrx_word' id='word_1_413' title='bbox 2790 1880 2865 1950; x_wconf 85' lang='grc' dir='ltr'>μή</span> <span class='ocrx_word' id='word_1_414' title='bbox 2900 1896 2963 1948; x_wconf 89' lang='grc' dir='ltr'><strong>γε</strong></span> <span class='ocrx_word' id='word_1_415' title='bbox 2998 1881 3106 1951; x_wconf 80' lang='grc' dir='ltr'>ἄρα</span> <span class='ocrx_word' id='word_1_416' title='bbox 3128 1882 3313 1953; x_wconf 71' lang='grc' dir='ltr'>ἕτερόν</span> <span class='ocrx_word' id='word_1_417' title='bbox 3353 1902 3404 1938; x_wconf 83' lang='grc' dir='ltr'><strong>τι</strong></span> <span class='ocrx_word' id='word_1_418' title='bbox 3446 1886 3739 1957; x_wconf 77' lang='grc' dir='ltr'>παράδοξον</span> 
     </span>
    </p>
   </div>
   <div class='ocr_carea' id='block_1_59' title="bbox 2172 1967 3738 2048">
    <p class='ocr_par' dir='ltr' id='par_1_59' title="bbox 2172 1967 3738 2048">
     <span class='ocr_line' id='line_1_59' title="bbox 2172 1967 3738 2048; baseline 0.006 -28"><span class='ocrx_word' id='word_1_419' title='bbox 2172 1970 2281 2022; x_wconf 81' lang='grc' dir='ltr'><strong>τῶν</strong></span> <span class='ocrx_word' id='word_1_420' title='bbox 2328 1967 2767 2039; x_wconf 80' lang='grc' dir='ltr'>βεϐουλευμένων</span> <span class='ocrx_word' id='word_1_421' title='bbox 2812 1971 3084 2042; x_wconf 71' lang='grc' dir='ltr'>ἀναφανῇ,</span> <span class='ocrx_word' id='word_1_422' title='bbox 3131 1974 3226 2027; x_wconf 81' lang='grc' dir='ltr'>καὶ</span> <span class='ocrx_word' id='word_1_423' title='bbox 3272 1974 3462 2045; x_wconf 76' lang='grc' dir='ltr'>δέηται</span> <span class='ocrx_word' id='word_1_424' title='bbox 3529 1977 3738 2048; x_wconf 77' lang='grc' dir='ltr'>μεθόδου</span> 
     </span>
    </p>
   </div>
   <div class='ocr_carea' id='block_1_60' title="bbox 2173 2061 2389 2133">
    <p class='ocr_par' dir='ltr' id='par_1_60' title="bbox 2173 2061 2389 2133">
     <span class='ocr_line' id='line_1_60' title="bbox 2173 2061 2389 2133; baseline 0.014 -19"><span class='ocrx_word' id='word_1_425' title='bbox 2173 2061 2261 2115; x_wconf 79' lang='grc' dir='ltr'><strong>ἑτέ</strong></span> <span class='ocrx_word' id='word_1_426' title='bbox 2269 2079 2389 2133; x_wconf 87' lang='grc' dir='ltr'>ρας.</span> 
     </span>
    </p>
   </div>
   <div class='ocr_carea' id='block_1_61' title="bbox 2243 2149 3775 2229">
    <p class='ocr_par' dir='ltr' id='par_1_61' title="bbox 2243 2149 3775 2229">
     <span class='ocr_line' id='line_1_61' title="bbox 2243 2149 3775 2229; baseline 0.006 -25"><span class='ocrx_word' id='word_1_427' title='bbox 2243 2149 2342 2205; x_wconf 80' lang='grc' dir='ltr'>λθ’.</span> <span class='ocrx_word' id='word_1_428' title='bbox 2382 2149 2535 2206; x_wconf 71' lang='grc' dir='ltr'>Εἶναι</span> <span class='ocrx_word' id='word_1_429' title='bbox 2584 2152 2640 2205; x_wconf 82' lang='grc' dir='ltr'>δὲ</span> <span class='ocrx_word' id='word_1_430' title='bbox 2688 2154 2914 2223; x_wconf 82' lang='grc' dir='ltr'>σημεῖον</span> <span class='ocrx_word' id='word_1_431' title='bbox 2970 2154 3255 2226; x_wconf 76' lang='grc' dir='ltr'>ἱστάμενον</span> <span class='ocrx_word' id='word_1_432' title='bbox 3302 2158 3360 2211; x_wconf 71' lang='grc' dir='ltr'>ἐν</span> <span class='ocrx_word' id='word_1_433' title='bbox 3404 2158 3483 2229; x_wconf 80' lang='grc' dir='ltr'><strong>τῷ</strong></span> <span class='ocrx_word' id='word_1_434' title='bbox 3526 2157 3775 2229; x_wconf 81' lang='grc' dir='ltr'>σῷδρό-’</span> 
     </span>
    </p>
   </div>
   <div class='ocr_carea' id='block_1_62' title="bbox 2175 2244 3732 2319">
    <p class='ocr_par' dir='ltr' id='par_1_62' title="bbox 2175 2244 3732 2319">
     <span class='ocr_line' id='line_1_62' title="bbox 2175 2244 3732 2319; baseline 0.005 -24"><span class='ocrx_word' id='word_1_435' title='bbox 2175 2259 2331 2314; x_wconf 87' lang='grc' dir='ltr'>μωνι,</span> <span class='ocrx_word' id='word_1_436' title='bbox 2362 2244 2472 2296; x_wconf 85' lang='grc' dir='ltr'>εἴτε</span> <span class='ocrx_word' id='word_1_437' title='bbox 2501 2244 2713 2313; x_wconf 77' lang='grc' dir='ltr'>βάνδον,</span> <span class='ocrx_word' id='word_1_438' title='bbox 2761 2245 2872 2298; x_wconf 77' lang='grc' dir='ltr'>εἴτε</span> <span class='ocrx_word' id='word_1_439' title='bbox 2917 2245 3244 2316; x_wconf 79' lang='grc' dir='ltr'>φλάμουλον,</span> <span class='ocrx_word' id='word_1_440' title='bbox 3276 2247 3387 2301; x_wconf 78' lang='grc' dir='ltr'>εἴτε</span> <span class='ocrx_word' id='word_1_441' title='bbox 3445 2264 3503 2301; x_wconf 85' lang='grc' dir='ltr'><strong>τι</strong></span> <span class='ocrx_word' id='word_1_442' title='bbox 3538 2250 3732 2319; x_wconf 74' lang='grc' dir='ltr'>ἕτερον,</span> 
     </span>
    </p>
   </div>
   <div class='ocr_carea' id='block_1_63' title="bbox 2171 2335 3736 2408">
    <p class='ocr_par' dir='ltr' id='par_1_63' title="bbox 2171 2335 3736 2408">
     <span class='ocr_line' id='line_1_63' title="bbox 2171 2335 3736 2408; baseline 0.003 -20"><span class='ocrx_word' id='word_1_443' title='bbox 2171 2336 2251 2398; x_wconf 78' lang='grc' dir='ltr'><strong>εἰς</strong></span> <span class='ocrx_word' id='word_1_444' title='bbox 2274 2335 2437 2387; x_wconf 86' lang='grc' dir='ltr'>τόπον</span> <span class='ocrx_word' id='word_1_445' title='bbox 2477 2336 2791 2405; x_wconf 77' lang='grc' dir='ltr'>περίοπτον,</span> <span class='ocrx_word' id='word_1_446' title='bbox 2832 2335 2920 2389; x_wconf 85' lang='grc' dir='ltr'><strong>ἴνα</strong></span> <span class='ocrx_word' id='word_1_447' title='bbox 2943 2336 3011 2389; x_wconf 80' lang='grc' dir='ltr'>δι’</span> <span class='ocrx_word' id='word_1_448' title='bbox 3044 2336 3209 2390; x_wconf 79' lang='grc' dir='ltr'>αὑτοῦ</span> <span class='ocrx_word' id='word_1_449' title='bbox 3248 2338 3615 2408; x_wconf 61' lang='grc' dir='ltr'>σημαωοντός</span> <span class='ocrx_word' id='word_1_450' title='bbox 3651 2357 3736 2393; x_wconf 86' lang='grc' dir='ltr'><strong>σου</strong></span> 
     </span>
    </p>
   </div>
   <div class='ocr_carea' id='block_1_64' title="bbox 2168 2422 3731 2496">
    <p class='ocr_par' dir='ltr' id='par_1_64' title="bbox 2168 2422 3731 2496">
     <span class='ocr_line' id='line_1_64' title="bbox 2168 2422 3731 2496; baseline 0.004 -19"><span class='ocrx_word' id='word_1_451' title='bbox 2168 2426 2221 2478; x_wconf 90' lang='grc' dir='ltr'><strong>τί</strong></span> <span class='ocrx_word' id='word_1_452' title='bbox 2243 2426 2321 2478; x_wconf 86' lang='grc' dir='ltr'><strong>δεῖ</strong></span> <span class='ocrx_word' id='word_1_453' title='bbox 2343 2427 2621 2495; x_wconf 75' lang='grc' dir='ltr'>πράττειν,</span> <span class='ocrx_word' id='word_1_454' title='bbox 2660 2422 2863 2490; x_wconf 80' lang='grc' dir='ltr'>εὖθέως</span> <span class='ocrx_word' id='word_1_455' title='bbox 2905 2426 3384 2496; x_wconf 73' lang='grc' dir='ltr'>ἐπιλαμϐάνωνται</span> <span class='ocrx_word' id='word_1_456' title='bbox 3418 2428 3517 2483; x_wconf 78' lang='grc' dir='ltr'>τοῦ</span> <span class='ocrx_word' id='word_1_457' title='bbox 3561 2429 3731 2495; x_wconf 76' lang='grc' dir='ltr'>δόξαν·</span> 
     </span>
    </p>
   </div>
   <div class='ocr_carea' id='block_1_65' title="bbox 2170 2517 3733 2591">
    <p class='ocr_par' dir='ltr' id='par_1_65' title="bbox 2170 2517 3733 2591">
     <span class='ocr_line' id='line_1_65' title="bbox 2170 2517 3733 2591; baseline 0.003 -20"><span class='ocrx_word' id='word_1_458' title='bbox 2170 2534 2261 2581; x_wconf 80' lang='grc' dir='ltr'><strong>τος</strong></span> <span class='ocrx_word' id='word_1_459' title='bbox 2314 2517 2475 2589; x_wconf 77' lang='grc' dir='ltr'>ἔργου</span> <span class='ocrx_word' id='word_1_460' title='bbox 2519 2517 2569 2569; x_wconf 86' lang='grc' dir='ltr'>οἱ</span> <span class='ocrx_word' id='word_1_461' title='bbox 2610 2517 2808 2582; x_wconf 72' lang='grc' dir='ltr'>λοιποὶ,</span> <span class='ocrx_word' id='word_1_462' title='bbox 2865 2518 2974 2571; x_wconf 75' lang='grc' dir='ltr'>εἴτε</span> <span class='ocrx_word' id='word_1_463' title='bbox 3026 2519 3355 2589; x_wconf 82' lang='grc' dir='ltr'>συμϐάλλειν</span> <span class='ocrx_word' id='word_1_464' title='bbox 3388 2523 3467 2584; x_wconf 82' lang='grc' dir='ltr'><strong>είς</strong></span> <span class='ocrx_word' id='word_1_465' title='bbox 3510 2522 3733 2591; x_wconf 82' lang='grc' dir='ltr'>πόλεμον</span> 
     </span>
    </p>
   </div>
   <div class='ocr_carea' id='block_1_66' title="bbox 2176 2608 3727 2681">
    <p class='ocr_par' dir='ltr' id='par_1_66' title="bbox 2176 2608 3727 2681">
     <span class='ocr_line' id='line_1_66' title="bbox 2176 2608 3727 2681; baseline 0.001 -18"><span class='ocrx_word' id='word_1_466' title='bbox 2176 2609 2304 2681; x_wconf 80' lang='grc' dir='ltr'>χρὴ,</span> <span class='ocrx_word' id='word_1_467' title='bbox 2338 2610 2447 2662; x_wconf 73' lang='grc' dir='ltr'>εἴτε</span> <span class='ocrx_word' id='word_1_468' title='bbox 2486 2610 2789 2680; x_wconf 82' lang='grc' dir='ltr'>ἀναχωρεῖν</span> <span class='ocrx_word' id='word_1_469' title='bbox 2835 2608 2943 2663; x_wconf 75' lang='grc' dir='ltr'><strong>ἀπὸ</strong></span> <span class='ocrx_word' id='word_1_470' title='bbox 2994 2611 3256 2681; x_wconf 83' lang='grc' dir='ltr'>πολέμου,</span> <span class='ocrx_word' id='word_1_471' title='bbox 3286 2612 3397 2665; x_wconf 71' lang='grc' dir='ltr'>εἶτε</span> <span class='ocrx_word' id='word_1_472' title='bbox 3448 2613 3727 2680; x_wconf 74' lang='grc' dir='ltr'>ἐξελίσσειν</span> 
     </span>
    </p>
   </div>
   <div class='ocr_carea' id='block_1_67' title="bbox 2171 2700 3725 2775">
    <p class='ocr_par' dir='ltr' id='par_1_67' title="bbox 2171 2700 3725 2775">
     <span class='ocr_line' id='line_1_67' title="bbox 2171 2700 3725 2775; baseline 0.003 -23"><span class='ocrx_word' id='word_1_473' title='bbox 2171 2701 2250 2763; x_wconf 80' lang='grc' dir='ltr'><strong>είς</strong></span> <span class='ocrx_word' id='word_1_474' title='bbox 2280 2700 2551 2755; x_wconf 73' lang='grc' dir='ltr'>κύκλωσιν</span> <span class='ocrx_word' id='word_1_475' title='bbox 2587 2703 2729 2756; x_wconf 82' lang='grc' dir='ltr'>κατὰ</span> <span class='ocrx_word' id='word_1_476' title='bbox 2774 2701 2882 2754; x_wconf 82' lang='grc' dir='ltr'><strong>τῶν</strong></span> <span class='ocrx_word' id='word_1_477' title='bbox 2908 2703 3201 2773; x_wconf 86' lang='grc' dir='ltr'>πολεμίων,</span> <span class='ocrx_word' id='word_1_478' title='bbox 3229 2705 3339 2757; x_wconf 81' lang='grc' dir='ltr'>εῐτε</span> <span class='ocrx_word' id='word_1_479' title='bbox 3385 2706 3463 2768; x_wconf 82' lang='grc' dir='ltr'><strong>είς</strong></span> <span class='ocrx_word' id='word_1_480' title='bbox 3493 2705 3725 2775; x_wconf 80' lang='grc' dir='ltr'>βοήθειαν</span> 
     </span>
    </p>
   </div>
   <div class='ocr_carea' id='block_1_68' title="bbox 2170 2791 3724 2865">
    <p class='ocr_par' dir='ltr' id='par_1_68' title="bbox 2170 2791 3724 2865">
     <span class='ocr_line' id='line_1_68' title="bbox 2170 2791 3724 2865; baseline 0.005 -24"><span class='ocrx_word' id='word_1_481' title='bbox 2170 2792 2645 2860; x_wconf 78' lang='grc' dir='ltr'>καταπονουμένου</span> <span class='ocrx_word' id='word_1_482' title='bbox 2706 2791 2907 2863; x_wconf 82' lang='grc' dir='ltr'>μέρους</span> <span class='ocrx_word' id='word_1_483' title='bbox 2951 2792 3296 2863; x_wconf 87' lang='grc' dir='ltr'>συνδραμεῖν,</span> <span class='ocrx_word' id='word_1_484' title='bbox 3338 2794 3450 2847; x_wconf 72' lang='grc' dir='ltr'>εἴτε</span> <span class='ocrx_word' id='word_1_485' title='bbox 3502 2794 3724 2865; x_wconf 77' lang='grc' dir='ltr'>ἁργῆσαι</span> 
     </span>
    </p>
   </div>
   <div class='ocr_carea' id='block_1_69' title="bbox 2168 2870 3722 2955">
    <p class='ocr_par' dir='ltr' id='par_1_69' title="bbox 2168 2870 3722 2955">
     <span class='ocr_line' id='line_1_69' title="bbox 2168 2870 3722 2955; baseline 0.002 -21"><span class='ocrx_word' id='word_1_486' title='bbox 2168 2882 2267 2952; x_wconf 80' lang='grc' dir='ltr'>τὴν</span> <span class='ocrx_word' id='word_1_487' title='bbox 2309 2881 2550 2945; x_wconf 77' lang='grc' dir='ltr'>ἐλασίαν,</span> <span class='ocrx_word' id='word_1_488' title='bbox 2583 2870 2710 2936; x_wconf 71' lang='grc' dir='ltr'>εἴτε</span> <span class='ocrx_word' id='word_1_489' title='bbox 2736 2883 3011 2937; x_wconf 78' lang='grc' dir='ltr'>ἐπιδοῦναι</span> <span class='ocrx_word' id='word_1_490' title='bbox 3046 2886 3125 2947; x_wconf 82' lang='grc' dir='ltr'><strong>είς</strong></span> <span class='ocrx_word' id='word_1_491' title='bbox 3154 2883 3317 2954; x_wconf 82' lang='grc' dir='ltr'>τάχος</span> <span class='ocrx_word' id='word_1_492' title='bbox 3362 2885 3463 2955; x_wconf 73' lang='grc' dir='ltr'>τὴν</span> <span class='ocrx_word' id='word_1_493' title='bbox 3506 2886 3722 2955; x_wconf 76' lang='grc' dir='ltr'>κίνησιν,</span> 
     </span>
    </p>
   </div>
   <div class='ocr_carea' id='block_1_70' title="bbox 2167 2972 3724 3047">
    <p class='ocr_par' dir='ltr' id='par_1_70' title="bbox 2167 2972 3724 3047">
     <span class='ocr_line' id='line_1_70' title="bbox 2167 2972 3724 3047; baseline 0.004 -22"><span class='ocrx_word' id='word_1_494' title='bbox 2167 2972 2278 3025; x_wconf 70' lang='grc' dir='ltr'>εἴτε</span> <span class='ocrx_word' id='word_1_495' title='bbox 2308 2974 2602 3047; x_wconf 75' lang='grc' dir='ltr'>ἔγκρυμμα</span> <span class='ocrx_word' id='word_1_496' title='bbox 2622 2974 2739 3027; x_wconf 78' lang='grc' dir='ltr'>δέον</span> <span class='ocrx_word' id='word_1_497' title='bbox 2761 2975 3031 3043; x_wconf 83' lang='grc' dir='ltr'>γενέσθαι,</span> <span class='ocrx_word' id='word_1_498' title='bbox 3071 2976 3181 3029; x_wconf 71' lang='grc' dir='ltr'>εἴτε</span> <span class='ocrx_word' id='word_1_499' title='bbox 3218 2975 3325 3029; x_wconf 80' lang='grc' dir='ltr'><strong>ἀπὸ</strong></span> <span class='ocrx_word' id='word_1_500' title='bbox 3355 2976 3724 3047; x_wconf 67' lang='grc' dir='ltr'>ἔγκρύμματος</span> 
     </span>
    </p>
   </div>
   <div class='ocr_carea' id='block_1_71' title="bbox 2167 3063 3719 3137">
    <p class='ocr_par' dir='ltr' id='par_1_71' title="bbox 2167 3063 3719 3137">
     <span class='ocr_line' id='line_1_71' title="bbox 2167 3063 3719 3137; baseline -0.001 -20"><span class='ocrx_word' id='word_1_501' title='bbox 2167 3064 2423 3133; x_wconf 79' lang='grc' dir='ltr'>ἐξελθεῖν,</span> <span class='ocrx_word' id='word_1_502' title='bbox 2456 3066 2483 3134; x_wconf 68' lang='grc' dir='ltr'>ἢ</span> <span class='ocrx_word' id='word_1_503' title='bbox 2522 3066 2655 3121; x_wconf 79' lang='grc' dir='ltr'>ἄλλα</span> <span class='ocrx_word' id='word_1_504' title='bbox 2681 3066 2800 3120; x_wconf 74' lang='grc' dir='ltr'>τινὰ</span> <span class='ocrx_word' id='word_1_505' title='bbox 2833 3066 2954 3119; x_wconf 80' lang='grc' dir='ltr'>καθ’</span> <span class='ocrx_word' id='word_1_506' title='bbox 2989 3065 3196 3120; x_wconf 73' lang='grc' dir='ltr'>ἕκαστα</span> <span class='ocrx_word' id='word_1_507' title='bbox 3228 3067 3334 3120; x_wconf 80' lang='grc' dir='ltr'><strong>ἀπὸ</strong></span> <span class='ocrx_word' id='word_1_508' title='bbox 3376 3067 3608 3137; x_wconf 83' lang='grc' dir='ltr'>σημείων</span> <span class='ocrx_word' id='word_1_509' title='bbox 3629 3063 3719 3118; x_wconf 80' lang='grc' dir='ltr'>τοῦ</span> 
     </span>
    </p>
   </div>
   <div class='ocr_carea' id='block_1_72' title="bbox 2091 3151 3723 3228">
    <p class='ocr_par' dir='ltr' id='par_1_72' title="bbox 2091 3151 3723 3228">
     <span class='ocr_line' id='line_1_72' title="bbox 2091 3151 3723 3228; baseline 0.003 -20"><span class='ocrx_word' id='word_1_510' title='bbox 2091 3151 2134 3208; x_wconf 84' lang='lat' dir='ltr'><strong><em>C</em></strong></span> <span class='ocrx_word' id='word_1_511' title='bbox 2171 3155 2264 3206; x_wconf 79' lang='grc' dir='ltr'><strong>σοῦ</strong></span> <span class='ocrx_word' id='word_1_512' title='bbox 2296 3154 2573 3225; x_wconf 74' lang='grc' dir='ltr'>δρόμωνος</span> <span class='ocrx_word' id='word_1_513' title='bbox 2600 3158 2819 3212; x_wconf 75' lang='grc' dir='ltr'>ἅπαντα</span> <span class='ocrx_word' id='word_1_514' title='bbox 2846 3156 3204 3227; x_wconf 80' lang='grc' dir='ltr'>ὑποδέχεσθαι</span> <span class='ocrx_word' id='word_1_515' title='bbox 3237 3156 3549 3228; x_wconf 77' lang='grc' dir='ltr'>ἀφορῶντας</span> <span class='ocrx_word' id='word_1_516' title='bbox 3584 3158 3723 3219; x_wconf 79' lang='grc' dir='ltr'>ὅπως</span> 
     </span>
    </p>
   </div>
   <div class='ocr_carea' id='block_1_73' title="bbox 2166 3244 2514 3301">
    <p class='ocr_par' dir='ltr' id='par_1_73' title="bbox 2166 3244 2514 3301">
     <span class='ocr_line' id='line_1_73' title="bbox 2166 3244 2514 3301; baseline 0.011 -5"><span class='ocrx_word' id='word_1_517' title='bbox 2166 3244 2282 3297; x_wconf 80' lang='grc' dir='ltr'>δέον</span> <span class='ocrx_word' id='word_1_518' title='bbox 2318 3249 2514 3301; x_wconf 88' lang='grc' dir='ltr'>ποιεῖν.</span> 
     </span>
    </p>
   </div>
   <div class='ocr_carea' id='block_1_74' title="bbox 2242 3334 3721 3410">
    <p class='ocr_par' dir='ltr' id='par_1_74' title="bbox 2242 3334 3721 3410">
     <span class='ocr_line' id='line_1_74' title="bbox 2242 3334 3721 3410; baseline 0.001 -22"><span class='ocrx_word' id='word_1_519' title='bbox 2242 3335 2315 3405; x_wconf 89' lang='grc' dir='ltr'><strong>μ’.</strong></span> <span class='ocrx_word' id='word_1_520' title='bbox 2372 3338 2445 3389; x_wconf 77' lang='grc' dir='ltr'><strong>Οὐ</strong></span> <span class='ocrx_word' id='word_1_521' title='bbox 2500 3338 2609 3410; x_wconf 84' lang='grc' dir='ltr'><strong>γὰρ</strong></span> <span class='ocrx_word' id='word_1_522' title='bbox 2653 3339 2876 3393; x_wconf 85' lang='grc' dir='ltr'>δύναταί</span> <span class='ocrx_word' id='word_1_523' title='bbox 2912 3357 2998 3404; x_wconf 88' lang='grc' dir='ltr'><strong>τις</strong></span> <span class='ocrx_word' id='word_1_524' title='bbox 3040 3341 3098 3393; x_wconf 87' lang='grc' dir='ltr'>ὲν</span> <span class='ocrx_word' id='word_1_525' title='bbox 3141 3342 3363 3410; x_wconf 81' lang='grc' dir='ltr'>τοιούτῳ</span> <span class='ocrx_word' id='word_1_526' title='bbox 3397 3336 3568 3410; x_wconf 75' lang='grc' dir='ltr'>καιρῷ</span> <span class='ocrx_word' id='word_1_527' title='bbox 3611 3334 3721 3390; x_wconf 81' lang='grc' dir='ltr'>ἁπδ</span> 
     </span>
    </p>
   </div>
   <div class='ocr_carea' id='block_1_75' title="bbox 2166 3427 3719 3501">
    <p class='ocr_par' dir='ltr' id='par_1_75' title="bbox 2166 3427 3719 3501">
     <span class='ocr_line' id='line_1_75' title="bbox 2166 3427 3719 3501; baseline -0.005 -11"><span class='ocrx_word' id='word_1_528' title='bbox 2166 3428 2351 3496; x_wconf 74' lang='grc' dir='ltr'>φωνῆς</span> <span class='ocrx_word' id='word_1_529' title='bbox 2391 3427 2423 3498; x_wconf 78' lang='grc' dir='ltr'>ἦ</span> <span class='ocrx_word' id='word_1_530' title='bbox 2456 3428 2705 3498; x_wconf 88' lang='grc' dir='ltr'>βουκίνου</span> <span class='ocrx_word' id='word_1_531' title='bbox 2761 3431 3161 3501; x_wconf 76' lang='grc' dir='ltr'>παραγγέλλειν</span> <span class='ocrx_word' id='word_1_532' title='bbox 3202 3433 3273 3487; x_wconf 76' lang='grc' dir='ltr'><strong>τὰ</strong></span> <span class='ocrx_word' id='word_1_533' title='bbox 3321 3434 3522 3497; x_wconf 82' lang='grc' dir='ltr'>δέοντα,</span> <span class='ocrx_word' id='word_1_534' title='bbox 3558 3430 3640 3483; x_wconf 78' lang='grc' dir='ltr'><strong>δια</strong></span> <span class='ocrx_word' id='word_1_535' title='bbox 3661 3446 3719 3483; x_wconf 85' lang='grc' dir='ltr'><strong>τε</strong></span> 
     </span>
    </p>
   </div>
   <div class='ocr_carea' id='block_1_76' title="bbox 2166 3515 3725 3593">
    <p class='ocr_par' dir='ltr' id='par_1_76' title="bbox 2166 3515 3725 3593">
     <span class='ocr_line' id='line_1_76' title="bbox 2166 3515 3725 3593; baseline 0.009 -26"><span class='ocrx_word' id='word_1_536' title='bbox 2166 3515 2257 3568; x_wconf 78' lang='grc' dir='ltr'><strong>τδν</strong></span> <span class='ocrx_word' id='word_1_537' title='bbox 2299 3515 2481 3587; x_wconf 78' lang='grc' dir='ltr'>θροῦν,</span> <span class='ocrx_word' id='word_1_538' title='bbox 2533 3520 2619 3570; x_wconf 70' lang='grc' dir='ltr'>καὶ</span> <span class='ocrx_word' id='word_1_539' title='bbox 2652 3519 2741 3571; x_wconf 83' lang='grc' dir='ltr'>τὸν</span> <span class='ocrx_word' id='word_1_540' title='bbox 2769 3520 3029 3592; x_wconf 78' lang='grc' dir='ltr'>τάραχον,</span> <span class='ocrx_word' id='word_1_541' title='bbox 3064 3522 3159 3575; x_wconf 70' lang='grc' dir='ltr'><strong>καὶ</strong></span> <span class='ocrx_word' id='word_1_542' title='bbox 3204 3522 3294 3576; x_wconf 80' lang='grc' dir='ltr'>τὸν</span> <span class='ocrx_word' id='word_1_543' title='bbox 3338 3522 3434 3593; x_wconf 82' lang='grc' dir='ltr'>τῆς</span> <span class='ocrx_word' id='word_1_544' title='bbox 3466 3520 3725 3589; x_wconf 54' lang='lat' dir='ltr'><strong>Occidam;</strong></span> 
     </span>
    </p>
   </div>
   <div class='ocr_carea' id='block_1_77' title="bbox 2169 3600 3728 3684">
    <p class='ocr_par' dir='ltr' id='par_1_77' title="bbox 2169 3600 3728 3684">
     <span class='ocr_line' id='line_1_77' title="bbox 2169 3600 3728 3684; baseline 0.002 -25"><span class='ocrx_word' id='word_1_545' title='bbox 2169 3600 2325 3676; x_wconf 72' lang='grc' dir='ltr'>ἦχον,</span> <span class='ocrx_word' id='word_1_546' title='bbox 2352 3609 2446 3662; x_wconf 74' lang='grc' dir='ltr'><strong>καὶ</strong></span> <span class='ocrx_word' id='word_1_547' title='bbox 2470 3608 2563 3662; x_wconf 78' lang='grc' dir='ltr'>τὸν</span> <span class='ocrx_word' id='word_1_548' title='bbox 2596 3610 2753 3664; x_wconf 80' lang='grc' dir='ltr'>ἄλλον</span> <span class='ocrx_word' id='word_1_549' title='bbox 2787 3611 2993 3665; x_wconf 81' lang='grc' dir='ltr'>κτύπον</span> <span class='ocrx_word' id='word_1_550' title='bbox 3017 3612 3118 3683; x_wconf 82' lang='grc' dir='ltr'>τῆς</span> <span class='ocrx_word' id='word_1_551' title='bbox 3139 3630 3198 3666; x_wconf 86' lang='grc' dir='ltr'><strong>τε</strong></span> <span class='ocrx_word' id='word_1_552' title='bbox 3241 3613 3615 3684; x_wconf 80' lang='grc' dir='ltr'>συγκρούσεως</span> <span class='ocrx_word' id='word_1_553' title='bbox 3642 3610 3728 3663; x_wconf 71' lang='grc' dir='ltr'>καὶ</span> 
     </span>
    </p>
   </div>
   <div class='ocr_carea' id='block_1_78' title="bbox 2167 3698 3728 3776">
    <p class='ocr_par' dir='ltr' id='par_1_78' title="bbox 2167 3698 3728 3776">
     <span class='ocr_line' id='line_1_78' title="bbox 2167 3698 3728 3776; baseline 0.006 -28"><span class='ocrx_word' id='word_1_554' title='bbox 2167 3698 2521 3769; x_wconf 82' lang='grc' dir='ltr'>κωπηλασίας</span> <span class='ocrx_word' id='word_1_555' title='bbox 2557 3700 2667 3753; x_wconf 84' lang='grc' dir='ltr'><strong>τῶν</strong></span> <span class='ocrx_word' id='word_1_556' title='bbox 2697 3700 3012 3773; x_wconf 86' lang='grc' dir='ltr'>δρομώνων,</span> <span class='ocrx_word' id='word_1_557' title='bbox 3044 3704 3137 3757; x_wconf 86' lang='grc' dir='ltr'>καὶ</span> <span class='ocrx_word' id='word_1_558' title='bbox 3179 3703 3361 3774; x_wconf 84' lang='grc' dir='ltr'>πολλῷ</span> <span class='ocrx_word' id='word_1_559' title='bbox 3398 3703 3599 3776; x_wconf 76' lang='grc' dir='ltr'>μᾶλλον</span> <span class='ocrx_word' id='word_1_560' title='bbox 3637 3702 3728 3773; x_wconf 73' lang='grc' dir='ltr'>τῆς</span> 
     </span>
    </p>
   </div>
   <div class='ocr_carea' id='block_1_79' title="bbox 2169 3787 2856 3861">
    <p class='ocr_par' dir='ltr' id='par_1_79' title="bbox 2169 3787 2856 3861">
     <span class='ocr_line' id='line_1_79' title="bbox 2169 3787 2856 3861; baseline 0.009 -20"><span class='ocrx_word' id='word_1_561' title='bbox 2169 3787 2298 3857; x_wconf 79' lang='grc' dir='ltr'>βοῆς</span> <span class='ocrx_word' id='word_1_562' title='bbox 2326 3788 2435 3844; x_wconf 86' lang='grc' dir='ltr'><strong>τῶν</strong></span> <span class='ocrx_word' id='word_1_563' title='bbox 2458 3791 2856 3861; x_wconf 76' lang='grc' dir='ltr'>πολεμούντων.</span> 
     </span>
    </p>
   </div>
   <div class='ocr_carea' id='block_1_80' title="bbox 2240 3878 3730 3958">
    <p class='ocr_par' dir='ltr' id='par_1_80' title="bbox 2240 3878 3730 3958">
     <span class='ocr_line' id='line_1_80' title="bbox 2240 3878 3730 3958; baseline 0.005 -25"><span class='ocrx_word' id='word_1_564' title='bbox 2240 3878 2350 3948; x_wconf 85' lang='grc' dir='ltr'>μα’.</span> <span class='ocrx_word' id='word_1_565' title='bbox 2388 3881 2460 3933; x_wconf 81' lang='grc' dir='ltr'><strong>Τὸ</strong></span> <span class='ocrx_word' id='word_1_566' title='bbox 2505 3881 2561 3935; x_wconf 79' lang='grc' dir='ltr'>δὲ</span> <span class='ocrx_word' id='word_1_567' title='bbox 2594 3885 2819 3952; x_wconf 75' lang='grc' dir='ltr'>σημεῖον</span> <span class='ocrx_word' id='word_1_568' title='bbox 2861 3886 3300 3958; x_wconf 78' lang='grc' dir='ltr'>ύποσημαινέτω,</span> <span class='ocrx_word' id='word_1_569' title='bbox 3336 3887 3371 3958; x_wconf 76' lang='grc' dir='ltr'>ἦ</span> <span class='ocrx_word' id='word_1_570' title='bbox 3402 3887 3563 3958; x_wconf 82' lang='grc' dir='ltr'>ὀρθὸν</span> <span class='ocrx_word' id='word_1_571' title='bbox 3596 3886 3730 3940; x_wconf 74' lang='grc' dir='ltr'>ίστάο</span> 
     </span>
    </p>
   </div>
   <div class='ocr_carea' id='block_1_81' title="bbox 2169 3970 3728 4047">
    <p class='ocr_par' dir='ltr' id='par_1_81' title="bbox 2169 3970 3728 4047">
     <span class='ocr_line' id='line_1_81' title="bbox 2169 3970 3728 4047; baseline 0.007 -28"><span class='ocrx_word' id='word_1_572' title='bbox 2169 3985 2350 4038; x_wconf 89' lang='grc' dir='ltr'>μενον,</span> <span class='ocrx_word' id='word_1_573' title='bbox 2384 3971 2416 4040; x_wconf 81' lang='grc' dir='ltr'>ἢ</span> <span class='ocrx_word' id='word_1_574' title='bbox 2450 3970 2538 4023; x_wconf 80' lang='grc' dir='ltr'><strong>ἐπὶ</strong></span> <span class='ocrx_word' id='word_1_575' title='bbox 2568 3970 2737 4035; x_wconf 72' lang='grc' dir='ltr'>δεξιὰ,</span> <span class='ocrx_word' id='word_1_576' title='bbox 2773 3973 2804 4043; x_wconf 74' lang='grc' dir='ltr'><strong>ἢ</strong></span> <span class='ocrx_word' id='word_1_577' title='bbox 2859 3974 3243 4047; x_wconf 19' lang='grc' dir='ltr'>ἐπὶνὰριστερὰ</span> <span class='ocrx_word' id='word_1_578' title='bbox 3293 3976 3611 4047; x_wconf 79' lang='grc' dir='ltr'>κλινόμενον</span> <span class='ocrx_word' id='word_1_579' title='bbox 3642 3975 3728 4030; x_wconf 61' lang='grc' dir='ltr'>καὶ</span> 
     </span>
    </p>
   </div>
   <div class='ocr_carea' id='block_1_82' title="bbox 2166 4061 3725 4139">
    <p class='ocr_par' dir='ltr' id='par_1_82' title="bbox 2166 4061 3725 4139">
     <span class='ocr_line' id='line_1_82' title="bbox 2166 4061 3725 4139; baseline 0.004 -26"><span class='ocrx_word' id='word_1_580' title='bbox 2166 4061 2261 4114; x_wconf 79' lang='grc' dir='ltr'><strong>ἐπὶ</strong></span> <span class='ocrx_word' id='word_1_581' title='bbox 2316 4062 2462 4125; x_wconf 75' lang='grc' dir='ltr'>δεξιᾶ</span> <span class='ocrx_word' id='word_1_582' title='bbox 2515 4063 2675 4116; x_wconf 76' lang='grc' dir='ltr'>πάλιν</span> <span class='ocrx_word' id='word_1_583' title='bbox 2726 4063 2758 4133; x_wconf 76' lang='grc' dir='ltr'>ἦ</span> <span class='ocrx_word' id='word_1_584' title='bbox 2791 4064 2879 4118; x_wconf 72' lang='grc' dir='ltr'><strong>ἐπ’</strong></span> <span class='ocrx_word' id='word_1_585' title='bbox 2909 4066 3174 4137; x_wconf 84' lang='grc' dir='ltr'>ἀριστερὰ</span> <span class='ocrx_word' id='word_1_586' title='bbox 3208 4066 3725 4139; x_wconf 67' lang='grc' dir='ltr'>μεταφερόμενον,ἢ</span> 
     </span>
    </p>
   </div>
   <div class='ocr_carea' id='block_1_83' title="bbox 2165 4155 3726 4231">
    <p class='ocr_par' dir='ltr' id='par_1_83' title="bbox 2165 4155 3726 4231">
     <span class='ocr_line' id='line_1_83' title="bbox 2165 4155 3726 4231; baseline 0.006 -25"><span class='ocrx_word' id='word_1_587' title='bbox 2165 4155 2572 4225; x_wconf 82' lang='grc' dir='ltr'>τινασσόμενον,</span> <span class='ocrx_word' id='word_1_588' title='bbox 2632 4156 2664 4227; x_wconf 78' lang='grc' dir='ltr'><strong>ἢ</strong></span> <span class='ocrx_word' id='word_1_589' title='bbox 2714 4156 3051 4228; x_wconf 68' lang='grc' dir='ltr'>ὑψούμενον,</span> <span class='ocrx_word' id='word_1_590' title='bbox 3108 4158 3140 4231; x_wconf 79' lang='grc' dir='ltr'><strong>ἦ</strong></span> <span class='ocrx_word' id='word_1_591' title='bbox 3192 4161 3651 4230; x_wconf 81' lang='grc' dir='ltr'>ταπεινούμενον,</span> <span class='ocrx_word' id='word_1_592' title='bbox 3694 4160 3726 4228; x_wconf 77' lang='grc' dir='ltr'><strong>ἢ</strong></span> 
     </span>
    </p>
   </div>
   <div class='ocr_carea' id='block_1_84' title="bbox 2166 4245 3730 4322">
    <p class='ocr_par' dir='ltr' id='par_1_84' title="bbox 2166 4245 3730 4322">
     <span class='ocr_line' id='line_1_84' title="bbox 2166 4245 3730 4322; baseline 0.001 -23"><span class='ocrx_word' id='word_1_593' title='bbox 2166 4245 2301 4310; x_wconf 83' lang='grc' dir='ltr'>ὅλως</span> <span class='ocrx_word' id='word_1_594' title='bbox 2332 4247 2756 4317; x_wconf 81' lang='grc' dir='ltr'>ἀφαιρούμενον,</span> <span class='ocrx_word' id='word_1_595' title='bbox 2794 4248 2828 4320; x_wconf 76' lang='grc' dir='ltr'><strong>ἦ</strong></span> <span class='ocrx_word' id='word_1_596' title='bbox 2874 4250 3317 4321; x_wconf 84' lang='grc' dir='ltr'>μετατιθέμενον,</span> <span class='ocrx_word' id='word_1_597' title='bbox 3354 4250 3387 4322; x_wconf 81' lang='grc' dir='ltr'>ἢ</span> <span class='ocrx_word' id='word_1_598' title='bbox 3428 4250 3515 4305; x_wconf 75' lang='grc' dir='ltr'><strong>διὰ</strong></span> <span class='ocrx_word' id='word_1_599' title='bbox 3554 4252 3652 4321; x_wconf 81' lang='grc' dir='ltr'><strong>τῆς</strong></span> <span class='ocrx_word' id='word_1_600' title='bbox 3679 4250 3730 4302; x_wconf 72' lang='grc' dir='ltr'>ἐν</span> 
     </span>
    </p>
   </div>
   <div class='ocr_carea' id='block_1_85' title="bbox 2165 4335 3729 4409">
    <p class='ocr_par' dir='ltr' id='par_1_85' title="bbox 2165 4335 3729 4409">
     <span class='ocr_line' id='line_1_85' title="bbox 2165 4335 3729 4409; baseline 0.001 -21"><span class='ocrx_word' id='word_1_601' title='bbox 2165 4336 2312 4406; x_wconf 83' lang='grc' dir='ltr'>αὐτῴ</span> <span class='ocrx_word' id='word_1_602' title='bbox 2376 4336 2612 4403; x_wconf 75' lang='grc' dir='ltr'>κεφαλῆς</span> <span class='ocrx_word' id='word_1_603' title='bbox 2676 4335 2859 4390; x_wconf 76' lang='grc' dir='ltr'>ἄλλοτε</span> <span class='ocrx_word' id='word_1_604' title='bbox 2894 4339 3067 4402; x_wconf 76' lang='grc' dir='ltr'>ἄλλως</span> <span class='ocrx_word' id='word_1_605' title='bbox 3103 4340 3433 4409; x_wconf 78' lang='grc' dir='ltr'>φαινομένης</span> <span class='ocrx_word' id='word_1_606' title='bbox 3475 4337 3729 4393; x_wconf 83' lang='grc' dir='ltr'>ἀλλασσό-</span> 
     </span>
    </p>
   </div>
   <div class='ocr_carea' id='block_1_86' title="bbox 492 4425 2067 4528">
    <p class='ocr_par' dir='ltr' id='par_1_86' title="bbox 492 4432 2061 4504">
     <span class='ocr_line' id='line_1_86' title="bbox 492 4432 2061 4504; baseline 0.001 -17"><span class='ocrx_word' id='word_1_607' title='bbox 492 4433 621 4487; x_wconf 86' lang='lat' dir='ltr'><strong>belli</strong></span> <span class='ocrx_word' id='word_1_608' title='bbox 659 4440 903 4503; x_wconf 89' lang='lat' dir='ltr'><strong>tempore</strong></span> <span class='ocrx_word' id='word_1_609' title='bbox 947 4432 1273 4503; x_wconf 85' lang='lat' dir='ltr'><strong>conﬂigendi</strong></span> <span class='ocrx_word' id='word_1_610' title='bbox 1313 4433 1527 4503; x_wconf 84' lang='lat' dir='ltr'><strong>signum</strong></span> <span class='ocrx_word' id='word_1_611' title='bbox 1575 4432 1867 4496; x_wconf 83' lang='lat' dir='ltr'><strong>habebant,</strong></span> <span class='ocrx_word' id='word_1_612' title='bbox 1916 4433 2061 4504; x_wconf 89' lang='lat' dir='ltr'><strong>quod</strong></span> 
     </span>
    </p>
   </div>
   <div class='ocr_carea' id='block_1_87' title="bbox 2176 4425 3735 4528">
    <p class='ocr_par' dir='ltr' id='par_1_87' title="bbox 2176 4425 3735 4501">
     <span class='ocr_line' id='line_1_87' title="bbox 2176 4425 3735 4501; baseline 0.002 -23"><span class='ocrx_word' id='word_1_613' title='bbox 2176 4442 2349 4496; x_wconf 82' lang='grc' dir='ltr'>μενον,</span> <span class='ocrx_word' id='word_1_614' title='bbox 2376 4425 2407 4495; x_wconf 77' lang='grc' dir='ltr'>ἢ</span> <span class='ocrx_word' id='word_1_615' title='bbox 2432 4425 2517 4479; x_wconf 71' lang='grc' dir='ltr'><strong>διὰ</strong></span> <span class='ocrx_word' id='word_1_616' title='bbox 2548 4427 2859 4497; x_wconf 78' lang='grc' dir='ltr'>σχημάτων,</span> <span class='ocrx_word' id='word_1_617' title='bbox 2893 4428 2926 4499; x_wconf 79' lang='grc' dir='ltr'>ἢ</span> <span class='ocrx_word' id='word_1_618' title='bbox 2977 4428 3067 4482; x_wconf 80' lang='grc' dir='ltr'>διὰ</span> <span class='ocrx_word' id='word_1_619' title='bbox 3100 4432 3430 4501; x_wconf 84' lang='grc' dir='ltr'>χρωμάτων,</span> <span class='ocrx_word' id='word_1_620' title='bbox 3464 4425 3580 4482; x_wconf 71' lang='grc' dir='ltr'>οἷόν</span> <span class='ocrx_word' id='word_1_621' title='bbox 3610 4444 3735 4482; x_wconf 71' lang='grc' dir='ltr'>ποτε</span> 
     </span>
    </p>
   </div>
   <div class='ocr_carea' id='block_1_88' title="bbox 493 4518 2067 4595">
    <p class='ocr_par' dir='ltr' id='par_1_88' title="bbox 493 4522 2058 4593">
     <span class='ocr_line' id='line_1_88' title="bbox 493 4522 2058 4593; baseline 0.005 -21"><span class='ocrx_word' id='word_1_622' title='bbox 493 4522 767 4589; x_wconf 83' lang='grc' dir='ltr'>φοινικίδα</span> <span class='ocrx_word' id='word_1_623' title='bbox 823 4522 1188 4591; x_wconf 86' lang='lat' dir='ltr'><strong>appellabant.</strong></span> <span class='ocrx_word' id='word_1_624' title='bbox 1244 4522 1374 4576; x_wconf 87' lang='lat' dir='ltr'><strong>Erat</strong></span> <span class='ocrx_word' id='word_1_625' title='bbox 1428 4534 1605 4577; x_wconf 89' lang='lat' dir='ltr'><strong>autem</strong></span> <span class='ocrx_word' id='word_1_626' title='bbox 1663 4525 2058 4593; x_wconf 89' lang='lat' dir='ltr'><strong>camelaucion,</strong></span> 
     </span>
    </p>
   </div>
   <div class='ocr_carea' id='block_1_89' title="bbox 2176 4518 3732 4595">
    <p class='ocr_par' dir='ltr' id='par_1_89' title="bbox 2176 4518 3732 4595">
     <span class='ocr_line' id='line_1_89' title="bbox 2176 4518 3732 4595; baseline 0.003 -25"><span class='ocrx_word' id='word_1_627' title='bbox 2176 4521 2277 4582; x_wconf 83' lang='grc' dir='ltr'>τοῖς</span> <span class='ocrx_word' id='word_1_628' title='bbox 2302 4518 2547 4581; x_wconf 83' lang='grc' dir='ltr'>παλαιοῖς</span> <span class='ocrx_word' id='word_1_629' title='bbox 2599 4520 2918 4591; x_wconf 79' lang='grc' dir='ltr'>ἐπράττετο.</span> <span class='ocrx_word' id='word_1_630' title='bbox 2968 4520 3054 4573; x_wconf 81' lang='grc' dir='ltr'>Ἐν</span> <span class='ocrx_word' id='word_1_631' title='bbox 3107 4522 3216 4593; x_wconf 77' lang='grc' dir='ltr'><strong>γὰρ</strong></span> <span class='ocrx_word' id='word_1_632' title='bbox 3265 4522 3501 4592; x_wconf 80' lang='grc' dir='ltr'>πολέμου</span> <span class='ocrx_word' id='word_1_633' title='bbox 3562 4518 3732 4595; x_wconf 74' lang='grc' dir='ltr'>καιρῷ</span> 
     </span>
    </p>
   </div>
   <div class='ocr_carea' id='block_1_90' title="bbox 490 4604 2067 4684">
    <p class='ocr_par' dir='ltr' id='par_1_90' title="bbox 490 4610 2058 4683">
     <span class='ocr_line' id='line_1_90' title="bbox 490 4610 2058 4683; baseline 0.003 -19"><span class='ocrx_word' id='word_1_634' title='bbox 490 4612 650 4666; x_wconf 84' lang='lat' dir='ltr'><strong>hasta</strong></span> <span class='ocrx_word' id='word_1_635' title='bbox 696 4611 945 4680; x_wconf 86' lang='lat' dir='ltr'><strong>longiore</strong></span> <span class='ocrx_word' id='word_1_636' title='bbox 988 4610 1278 4672; x_wconf 80' lang='lat' dir='ltr'><strong>elevatum,</strong></span> <span class='ocrx_word' id='word_1_637' title='bbox 1313 4612 1483 4667; x_wconf 88' lang='lat' dir='ltr'><strong>rubro</strong></span> <span class='ocrx_word' id='word_1_638' title='bbox 1507 4612 1711 4677; x_wconf 89' lang='lat' dir='ltr'><strong>colore,</strong></span> <span class='ocrx_word' id='word_1_639' title='bbox 1749 4620 1912 4683; x_wconf 89' lang='lat' dir='ltr'><strong>atque</strong></span> <span class='ocrx_word' id='word_1_640' title='bbox 1951 4615 2058 4669; x_wconf 89' lang='lat' dir='ltr'><strong>alia</strong></span> 
     </span>
    </p>
   </div>
   <div class='ocr_carea' id='block_1_91' title="bbox 2176 4604 3732 4684">
    <p class='ocr_par' dir='ltr' id='par_1_91' title="bbox 2176 4604 3732 4684">
     <span class='ocr_line' id='line_1_91' title="bbox 2176 4604 3732 4684; baseline 0.001 -22"><span class='ocrx_word' id='word_1_641' title='bbox 2176 4612 2393 4678; x_wconf 80' lang='grc' dir='ltr'>σημεῖον</span> <span class='ocrx_word' id='word_1_642' title='bbox 2419 4604 2564 4680; x_wconf 71' lang='grc' dir='ltr'>εἶχον</span> <span class='ocrx_word' id='word_1_643' title='bbox 2602 4611 2701 4680; x_wconf 78' lang='grc' dir='ltr'>τῆς</span> <span class='ocrx_word' id='word_1_644' title='bbox 2732 4611 3007 4680; x_wconf 76' lang='grc' dir='ltr'>συμϐολῆς</span> <span class='ocrx_word' id='word_1_645' title='bbox 3038 4612 3283 4683; x_wconf 77' lang='grc' dir='ltr'>αἴροντες</span> <span class='ocrx_word' id='word_1_646' title='bbox 3309 4614 3407 4684; x_wconf 82' lang='grc' dir='ltr'>τὴν</span> <span class='ocrx_word' id='word_1_647' title='bbox 3437 4614 3732 4682; x_wconf 77' lang='grc' dir='ltr'>λεγομένην</span> 
     </span>
    </p>
   </div>
   <div class='ocr_carea' id='block_1_92' title="bbox 488 4697 2067 4781">
    <p class='ocr_par' dir='ltr' id='par_1_92' title="bbox 488 4700 2059 4773">
     <span class='ocr_line' id='line_1_92' title="bbox 488 4700 2059 4773; baseline 0.003 -16"><span class='ocrx_word' id='word_1_648' title='bbox 488 4704 737 4773; x_wconf 58' lang='lat' dir='ltr'><strong>quadam</strong></span> <span class='ocrx_word' id='word_1_649' title='bbox 767 4702 1101 4770; x_wconf 72' lang='lat' dir='ltr'><strong>huiusmodi.</strong></span> <span class='ocrx_word' id='word_1_650' title='bbox 1146 4700 1249 4755; x_wconf 81' lang='lat' dir='ltr'><strong>Sed</strong></span> <span class='ocrx_word' id='word_1_651' title='bbox 1276 4702 1447 4757; x_wconf 90' lang='lat' dir='ltr'><strong>tutius</strong></span> <span class='ocrx_word' id='word_1_652' title='bbox 1471 4702 1719 4759; x_wconf 77' lang='lat' dir='ltr'><strong>fortassis</strong></span> <span class='ocrx_word' id='word_1_653' title='bbox 1748 4718 1847 4758; x_wconf 85' lang='lat' dir='ltr'><strong>sua</strong></span> <span class='ocrx_word' id='word_1_654' title='bbox 1882 4704 2059 4773; x_wconf 89' lang='lat' dir='ltr'><strong>ipsius</strong></span> 
     </span>
    </p>
   </div>
   <div class='ocr_carea' id='block_1_93' title="bbox 2176 4697 3733 4781">
    <p class='ocr_par' dir='ltr' id='par_1_93' title="bbox 2176 4697 3733 4781">
     <span class='ocr_line' id='line_1_93' title="bbox 2176 4697 3733 4781; baseline 0.001 -28"><span class='ocrx_word' id='word_1_655' title='bbox 2176 4700 2454 4768; x_wconf 69' lang='lat' dir='ltr'><strong>;owv.x£6a.</strong></span> <span class='ocrx_word' id='word_1_656' title='bbox 2513 4697 2621 4754; x_wconf 79' lang='lat' dir='ltr'><strong>&#39;Ilv</strong></span> <span class='ocrx_word' id='word_1_657' title='bbox 2674 4702 2732 4757; x_wconf 83' lang='grc' dir='ltr'>δὲ</span> <span class='ocrx_word' id='word_1_658' title='bbox 2780 4703 2840 4755; x_wconf 81' lang='grc' dir='ltr'>τὸ</span> <span class='ocrx_word' id='word_1_659' title='bbox 2892 4702 3183 4773; x_wconf 85' lang='grc' dir='ltr'>λεγόμενον</span> <span class='ocrx_word' id='word_1_660' title='bbox 3231 4704 3599 4781; x_wconf 82' lang='grc' dir='ltr'>καμελαύκιον</span> <span class='ocrx_word' id='word_1_661' title='bbox 3645 4704 3733 4756; x_wconf 70' lang='grc' dir='ltr'><strong>ἐπὶ</strong></span> 
     </span>
    </p>
   </div>
   <div class='ocr_carea' id='block_1_94' title="bbox 487 4789 2067 4867">
    <p class='ocr_par' dir='ltr' id='par_1_94' title="bbox 487 4792 1559 4863">
     <span class='ocr_line' id='line_1_94' title="bbox 487 4792 1559 4863; baseline -0.001 -16"><span class='ocrx_word' id='word_1_662' title='bbox 487 4808 653 4847; x_wconf 88' lang='lat' dir='ltr'><strong>manu</strong></span> <span class='ocrx_word' id='word_1_663' title='bbox 687 4793 801 4847; x_wconf 64' lang='lat' dir='ltr'><strong>haec</strong></span> <span class='ocrx_word' id='word_1_664' title='bbox 830 4794 984 4863; x_wconf 89' lang='lat' dir='ltr'><strong>signa</strong></span> <span class='ocrx_word' id='word_1_665' title='bbox 1017 4792 1559 4847; x_wconf 86' lang='lat' dir='ltr'><strong>demonstrabuntur.</strong></span> 
     </span>
    </p>
   </div>
   <div class='ocr_carea' id='block_1_95' title="bbox 2176 4789 3730 4867">
    <p class='ocr_par' dir='ltr' id='par_1_95' title="bbox 2176 4789 3730 4867">
     <span class='ocr_line' id='line_1_95' title="bbox 2176 4789 3730 4867; baseline 0.004 -25"><span class='ocrx_word' id='word_1_666' title='bbox 2176 4789 2452 4861; x_wconf 73' lang='grc' dir='ltr'>κονταρίου</span> <span class='ocrx_word' id='word_1_667' title='bbox 2494 4792 2819 4862; x_wconf 65' lang='grc' dir='ltr'>ὑψούμενον,</span> <span class='ocrx_word' id='word_1_668' title='bbox 2850 4794 3076 4866; x_wconf 76' lang='grc' dir='ltr'>ἐρυθρὸν</span> <span class='ocrx_word' id='word_1_669' title='bbox 3108 4795 3207 4866; x_wconf 79' lang='grc' dir='ltr'>τὴν</span> <span class='ocrx_word' id='word_1_670' title='bbox 3234 4798 3447 4867; x_wconf 75' lang='grc' dir='ltr'>χροιὰν,</span> <span class='ocrx_word' id='word_1_671' title='bbox 3478 4798 3574 4850; x_wconf 67' lang='grc' dir='ltr'><strong>καλ⁵</strong></span> <span class='ocrx_word' id='word_1_672' title='bbox 3603 4794 3730 4850; x_wconf 78' lang='grc' dir='ltr'>ἄλλα</span> 
     </span>
    </p>
   </div>
   <div class='ocr_carea' id='block_1_96' title="bbox 484 4884 3730 4959">
    <p class='ocr_par' dir='ltr' id='par_1_96' title="bbox 484 4884 3730 4959">
     <span class='ocr_line' id='line_1_96' title="bbox 484 4884 3730 4959; baseline -0.001 -18"><span class='ocrx_word' id='word_1_673' title='bbox 484 4887 604 4941; x_wconf 75' lang='grc' dir='ltr'>τινὰ</span> <span class='ocrx_word' id='word_1_674' title='bbox 664 4886 1034 4958; x_wconf 78' lang='grc' dir='ltr'>ὁμοιοτρόπως</span> <span class='ocrx_word' id='word_1_675' title='bbox 1104 4886 1553 4955; x_wconf 80' lang='grc' dir='ltr'>ὑποδεικνύμενα.</span> <span class='ocrx_word' id='word_1_676' title='bbox 1620 4886 2044 4958; x_wconf 74' lang='grc' dir='ltr'>’Λσφαλέστερον</span> <span class='ocrx_word' id='word_1_677' title='bbox 2068 4886 2125 4939; x_wconf 79' lang='grc' dir='ltr'>δὲ</span> <span class='ocrx_word' id='word_1_678' title='bbox 2158 4884 2297 4953; x_wconf 81' lang='grc' dir='ltr'>τάχα</span> <span class='ocrx_word' id='word_1_679' title='bbox 2333 4884 2421 4937; x_wconf 78' lang='grc' dir='ltr'><strong>διὰ</strong></span> <span class='ocrx_word' id='word_1_680' title='bbox 2461 4884 2560 4953; x_wconf 81' lang='grc' dir='ltr'>τῆς</span> <span class='ocrx_word' id='word_1_681' title='bbox 2611 4885 2839 4938; x_wconf 81' lang='grc' dir='ltr'>σεαυτοῦ</span> <span class='ocrx_word' id='word_1_682' title='bbox 2892 4888 3070 4959; x_wconf 75' lang='grc' dir='ltr'>χειρὸς</span> <span class='ocrx_word' id='word_1_683' title='bbox 3128 4889 3200 4941; x_wconf 86' lang='grc' dir='ltr'>τὰ</span> <span class='ocrx_word' id='word_1_684' title='bbox 3258 4891 3459 4959; x_wconf 81' lang='grc' dir='ltr'>σημεῖα</span> <span class='ocrx_word' id='word_1_685' title='bbox 3519 4888 3730 4941; x_wconf 79' lang='grc' dir='ltr'>ὑποδει-</span> 
     </span>
    </p>
   </div>
   <div class='ocr_carea' id='block_1_97' title="bbox 486 4980 766 5050">
    <p class='ocr_par' dir='ltr' id='par_1_97' title="bbox 486 4980 766 5050">
     <span class='ocr_line' id='line_1_97' title="bbox 486 4980 766 5050; baseline -0.007 -17"><span class='ocrx_word' id='word_1_686' title='bbox 486 4980 766 5050; x_wconf 74' lang='grc' dir='ltr'>χθήσεται.</span> 
     </span>
    </p>
   </div>
   <div class='ocr_carea' id='block_1_98' title="bbox 557 5061 2067 5140">
    <p class='ocr_par' dir='ltr' id='par_1_98' title="bbox 557 5065 2056 5137">
     <span class='ocr_line' id='line_1_98' title="bbox 557 5065 2056 5137; baseline -0.001 -14"><span class='ocrx_word' id='word_1_687' title='bbox 557 5069 647 5123; x_wconf 72' lang='grc'><strong>42.</strong></span> <span class='ocrx_word' id='word_1_688' title='bbox 700 5069 778 5123; x_wconf 89' lang='lat' dir='ltr'><strong>Ita</strong></span> <span class='ocrx_word' id='word_1_689' title='bbox 839 5069 938 5123; x_wconf 90' lang='lat' dir='ltr'><strong>tibi</strong></span> <span class='ocrx_word' id='word_1_690' title='bbox 988 5070 1059 5123; x_wconf 89' lang='lat' dir='ltr'><strong>sit</strong></span> <span class='ocrx_word' id='word_1_691' title='bbox 1118 5065 1460 5121; x_wconf 87' lang='lat' dir='ltr'><strong>consuetudo</strong></span> <span class='ocrx_word' id='word_1_692' title='bbox 1519 5065 1712 5120; x_wconf 84' lang='lat' dir='ltr'><strong>borum</strong></span> <span class='ocrx_word' id='word_1_693' title='bbox 1776 5067 2056 5137; x_wconf 89' lang='lat' dir='ltr'><strong>signorum</strong></span> 
     </span>
    </p>
   </div>
   <div class='ocr_carea' id='block_1_99' title="bbox 2176 5061 3728 5140">
    <p class='ocr_par' dir='ltr' id='par_1_99' title="bbox 2234 5061 3728 5140">
     <span class='ocr_line' id='line_1_99' title="bbox 2234 5061 3728 5140; baseline 0.005 -25"><span class='ocrx_word' id='word_1_694' title='bbox 2234 5062 2343 5132; x_wconf 86' lang='grc' dir='ltr'>μβ’.</span> <span class='ocrx_word' id='word_1_695' title='bbox 2386 5062 2495 5114; x_wconf 79' lang='lat' dir='ltr'><strong>Ka‘t</strong></span> <span class='ocrx_word' id='word_1_696' title='bbox 2550 5061 2723 5125; x_wconf 79' lang='grc' dir='ltr'>οὕτως</span> <span class='ocrx_word' id='word_1_697' title='bbox 2763 5064 2904 5118; x_wconf 75' lang='grc' dir='ltr'>ἔστω</span> <span class='ocrx_word' id='word_1_698' title='bbox 2940 5083 3020 5120; x_wconf 90' lang='grc' dir='ltr'><strong>σοι</strong></span> <span class='ocrx_word' id='word_1_699' title='bbox 3071 5067 3105 5137; x_wconf 80' lang='grc' dir='ltr'>ἡ</span> <span class='ocrx_word' id='word_1_700' title='bbox 3146 5066 3422 5138; x_wconf 76' lang='grc' dir='ltr'>ἐνέργεια,</span> <span class='ocrx_word' id='word_1_701' title='bbox 3451 5061 3496 5121; x_wconf 78' lang='grc' dir='ltr'>ὧ</span> <span class='ocrx_word' id='word_1_702' title='bbox 3535 5084 3728 5140; x_wconf 85' lang='grc' dir='ltr'>στρατ-</span> 
     </span>
    </p>
   </div>
   <div class='ocr_carea' id='block_1_100' title="bbox 483 5158 2067 5233">
    <p class='ocr_par' dir='ltr' id='par_1_100' title="bbox 483 5158 2059 5229">
     <span class='ocr_line' id='line_1_100' title="bbox 483 5158 2059 5229; baseline 0.001 -16"><span class='ocrx_word' id='word_1_703' title='bbox 483 5161 803 5224; x_wconf 80' lang='lat' dir='ltr'><strong>exercitata,</strong></span> <span class='ocrx_word' id='word_1_704' title='bbox 843 5168 903 5213; x_wconf 89' lang='lat' dir='ltr'><strong>ut</strong></span> <span class='ocrx_word' id='word_1_705' title='bbox 937 5176 1129 5214; x_wconf 84' lang='lat' dir='ltr'><strong>omnes</strong></span> <span class='ocrx_word' id='word_1_706' title='bbox 1174 5159 1276 5214; x_wconf 90' lang='lat' dir='ltr'><strong>sub</strong></span> <span class='ocrx_word' id='word_1_707' title='bbox 1325 5167 1377 5213; x_wconf 88' lang='lat' dir='ltr'><strong>te</strong></span> <span class='ocrx_word' id='word_1_708' title='bbox 1425 5158 1689 5227; x_wconf 69' lang='lat' dir='ltr'><strong>praefecti,</strong></span> <span class='ocrx_word' id='word_1_709' title='bbox 1746 5158 2059 5229; x_wconf 91' lang='lat' dir='ltr'><strong>quicunque</strong></span> 
     </span>
    </p>
   </div>
   <div class='ocr_carea' id='block_1_101' title="bbox 2176 5158 3728 5233">
    <p class='ocr_par' dir='ltr' id='par_1_101' title="bbox 2176 5158 3728 5233">
     <span class='ocr_line' id='line_1_101' title="bbox 2176 5158 3728 5233; baseline 0.003 -22"><span class='ocrx_word' id='word_1_710' title='bbox 2176 5159 2279 5229; x_wconf 62' lang='grc' dir='ltr'>πγὲ,</span> <span class='ocrx_word' id='word_1_711' title='bbox 2324 5158 2432 5210; x_wconf 86' lang='grc' dir='ltr'>τῶν</span> <span class='ocrx_word' id='word_1_712' title='bbox 2482 5158 2737 5211; x_wconf 74' lang='grc' dir='ltr'>τοιούτων</span> <span class='ocrx_word' id='word_1_713' title='bbox 2800 5160 3040 5232; x_wconf 82' lang='grc' dir='ltr'>σημείων</span> <span class='ocrx_word' id='word_1_714' title='bbox 3094 5163 3542 5233; x_wconf 80' lang='grc' dir='ltr'>γεγυμνασμένη,</span> <span class='ocrx_word' id='word_1_715' title='bbox 3590 5162 3728 5216; x_wconf 81' lang='grc' dir='ltr'>ὥστε</span> 
     </span>
    </p>
   </div>
   <div class='ocr_carea' id='block_1_102' title="bbox 482 5248 2067 5323">
    <p class='ocr_par' dir='ltr' id='par_1_102' title="bbox 482 5249 2054 5319">
     <span class='ocr_line' id='line_1_102' title="bbox 482 5249 2054 5319; baseline 0.002 -19"><span class='ocrx_word' id='word_1_716' title='bbox 482 5250 803 5305; x_wconf 85' lang='lat' dir='ltr'><strong>triremibus</strong></span> <span class='ocrx_word' id='word_1_717' title='bbox 837 5249 1077 5317; x_wconf 64' lang='lat' dir='ltr'><strong>praefecti</strong></span> <span class='ocrx_word' id='word_1_718' title='bbox 1110 5260 1256 5315; x_wconf 86' lang='lat' dir='ltr'><strong>sunt,</strong></span> <span class='ocrx_word' id='word_1_719' title='bbox 1307 5256 1510 5303; x_wconf 88' lang='lat' dir='ltr'><strong>certam</strong></span> <span class='ocrx_word' id='word_1_720' title='bbox 1543 5249 1738 5302; x_wconf 87' lang='lat' dir='ltr'><strong>horqu</strong></span> <span class='ocrx_word' id='word_1_721' title='bbox 1772 5250 2054 5319; x_wconf 85' lang='lat' dir='ltr'><strong>signorum</strong></span> 
     </span>
    </p>
   </div>
   <div class='ocr_carea' id='block_1_103' title="bbox 2176 5248 3725 5323">
    <p class='ocr_par' dir='ltr' id='par_1_103' title="bbox 2176 5248 3725 5323">
     <span class='ocr_line' id='line_1_103' title="bbox 2176 5248 3725 5323; baseline 0.003 -24"><span class='ocrx_word' id='word_1_722' title='bbox 2176 5249 2366 5311; x_wconf 80' lang='grc' dir='ltr'>τάν-τας</span> <span class='ocrx_word' id='word_1_723' title='bbox 2394 5249 2519 5311; x_wconf 74' lang='grc' dir='ltr'>τοὺς</span> <span class='ocrx_word' id='word_1_724' title='bbox 2551 5248 2655 5301; x_wconf 80' lang='grc' dir='ltr'><strong>ὑπὸ</strong></span> <span class='ocrx_word' id='word_1_725' title='bbox 2682 5251 2742 5302; x_wconf 78' lang='grc' dir='ltr'>σὲ</span> <span class='ocrx_word' id='word_1_726' title='bbox 2769 5252 3061 5320; x_wconf 79' lang='grc' dir='ltr'>ἄρχοντας,</span> <span class='ocrx_word' id='word_1_727' title='bbox 3086 5251 3198 5305; x_wconf 81' lang='grc' dir='ltr'>ὅσοι</span> <span class='ocrx_word' id='word_1_728' title='bbox 3218 5252 3509 5323; x_wconf 87' lang='grc' dir='ltr'>δρομώνων</span> <span class='ocrx_word' id='word_1_729' title='bbox 3536 5252 3725 5323; x_wconf 69' lang='grc' dir='ltr'>ἡγοῦν-</span> 
     </span>
    </p>
   </div>
   <div class='ocr_carea' id='block_1_104' title="bbox 484 5338 2067 5413">
    <p class='ocr_par' dir='ltr' id='par_1_104' title="bbox 484 5338 2054 5409">
     <span class='ocr_line' id='line_1_104' title="bbox 484 5338 2054 5409; baseline 0.001 -18"><span class='ocrx_word' id='word_1_730' title='bbox 484 5340 760 5395; x_wconf 86' lang='lat' dir='ltr'><strong>notionem</strong></span> <span class='ocrx_word' id='word_1_731' title='bbox 798 5341 1054 5403; x_wconf 86' lang='lat' dir='ltr'><strong>habeant,</strong></span> <span class='ocrx_word' id='word_1_732' title='bbox 1090 5350 1202 5393; x_wconf 82' lang='lat' dir='ltr'><strong>tum</strong></span> <span class='ocrx_word' id='word_1_733' title='bbox 1236 5355 1345 5409; x_wconf 88' lang='lat' dir='ltr'><strong>qua</strong></span> <span class='ocrx_word' id='word_1_734' title='bbox 1395 5338 1461 5393; x_wconf 92' lang='lat' dir='ltr'><strong>de</strong></span> <span class='ocrx_word' id='word_1_735' title='bbox 1515 5354 1681 5393; x_wconf 88' lang='lat' dir='ltr'><strong>causa</strong></span> <span class='ocrx_word' id='word_1_736' title='bbox 1724 5340 1816 5392; x_wconf 74' lang='lat' dir='ltr'><strong>fiat</strong></span> <span class='ocrx_word' id='word_1_737' title='bbox 1857 5354 2054 5392; x_wconf 92' lang='lat' dir='ltr'><strong>unum-</strong></span> 
     </span>
    </p>
   </div>
   <div class='ocr_carea' id='block_1_105' title="bbox 2176 5338 3723 5413">
    <p class='ocr_par' dir='ltr' id='par_1_105' title="bbox 2176 5339 3723 5413">
     <span class='ocr_line' id='line_1_105' title="bbox 2176 5339 3723 5413; baseline 0.005 -23"><span class='ocrx_word' id='word_1_738' title='bbox 2176 5356 2265 5401; x_wconf 68' lang='grc' dir='ltr'>παι,</span> <span class='ocrx_word' id='word_1_739' title='bbox 2302 5339 2445 5409; x_wconf 74' lang='grc' dir='ltr'>ἔχειν</span> <span class='ocrx_word' id='word_1_740' title='bbox 2490 5341 2591 5408; x_wconf 79' lang='grc' dir='ltr'>τὴν</span> <span class='ocrx_word' id='word_1_741' title='bbox 2650 5344 2847 5412; x_wconf 78' lang='grc' dir='ltr'>πεῖραν</span> <span class='ocrx_word' id='word_1_742' title='bbox 2888 5342 3106 5413; x_wconf 73' lang='grc' dir='ltr'>ἀσφαλῆ</span> <span class='ocrx_word' id='word_1_743' title='bbox 3141 5343 3249 5396; x_wconf 83' lang='grc' dir='ltr'><strong>τῶν</strong></span> <span class='ocrx_word' id='word_1_744' title='bbox 3305 5345 3560 5398; x_wconf 88' lang='grc' dir='ltr'>τοιούτων</span> <span class='ocrx_word' id='word_1_745' title='bbox 3593 5345 3723 5397; x_wconf 75' lang='grc' dir='ltr'>ὐποο</span> 
     </span>
    </p>
   </div>
   <div class='ocr_carea' id='block_1_106' title="bbox 482 5428 2067 5501">
    <p class='ocr_par' dir='ltr' id='par_1_106' title="bbox 482 5428 2054 5499">
     <span class='ocr_line' id='line_1_106' title="bbox 482 5428 2054 5499; baseline 0 -18"><span class='ocrx_word' id='word_1_746' title='bbox 482 5429 760 5498; x_wconf 87' lang='lat' dir='ltr'><strong>quodque,</strong></span> <span class='ocrx_word' id='word_1_747' title='bbox 811 5438 865 5484; x_wconf 86' lang='lat' dir='ltr'><strong>et</strong></span> <span class='ocrx_word' id='word_1_748' title='bbox 907 5428 1129 5499; x_wconf 86' lang='lat' dir='ltr'><strong>quando</strong></span> <span class='ocrx_word' id='word_1_749' title='bbox 1184 5430 1566 5499; x_wconf 85' lang='lat' dir='ltr'><strong>quomodnque</strong></span> <span class='ocrx_word' id='word_1_750' title='bbox 1615 5429 1942 5496; x_wconf 73' lang='lat' dir='ltr'><strong>intelligant,</strong></span> <span class='ocrx_word' id='word_1_751' title='bbox 1994 5438 2054 5481; x_wconf 89' lang='lat' dir='ltr'><strong>ut</strong></span> 
     </span>
    </p>
   </div>
   <div class='ocr_carea' id='block_1_107' title="bbox 2176 5428 3725 5501">
    <p class='ocr_par' dir='ltr' id='par_1_107' title="bbox 2176 5432 3725 5501">
     <span class='ocr_line' id='line_1_107' title="bbox 2176 5432 3725 5501; baseline 0.003 -19"><span class='ocrx_word' id='word_1_752' title='bbox 2176 5432 2478 5499; x_wconf 72' lang='grc' dir='ltr'>ῑειγμάτων,</span> <span class='ocrx_word' id='word_1_753' title='bbox 2513 5434 2609 5485; x_wconf 67' lang='grc' dir='ltr'><strong>καλ⁵</strong></span> <span class='ocrx_word' id='word_1_754' title='bbox 2661 5432 2750 5485; x_wconf 77' lang='grc' dir='ltr'><strong>διὰ</strong></span> <span class='ocrx_word' id='word_1_755' title='bbox 2787 5434 2839 5485; x_wconf 79' lang='grc' dir='ltr'><strong>τί</strong></span> <span class='ocrx_word' id='word_1_756' title='bbox 2880 5434 3087 5501; x_wconf 82' lang='grc' dir='ltr'>γίνεται</span> <span class='ocrx_word' id='word_1_757' title='bbox 3138 5435 3403 5501; x_wconf 74' lang='grc' dir='ltr'>ἕκαστον,</span> <span class='ocrx_word' id='word_1_758' title='bbox 3438 5436 3531 5489; x_wconf 72' lang='grc' dir='ltr'>καὶ</span> <span class='ocrx_word' id='word_1_759' title='bbox 3576 5436 3725 5499; x_wconf 83' lang='grc' dir='ltr'>πότε,</span> 
     </span>
    </p>
   </div>
   <div class='ocr_carea' id='block_1_108' title="bbox 484 5512 2067 5597">
    <p class='ocr_par' dir='ltr' id='par_1_108' title="bbox 484 5512 2050 5589">
     <span class='ocr_line' id='line_1_108' title="bbox 484 5512 2050 5589; baseline 0.006 -25"><span class='ocrx_word' id='word_1_760' title='bbox 484 5512 602 5569; x_wconf 82' lang='lat' dir='ltr'><strong>istis</strong></span> <span class='ocrx_word' id='word_1_761' title='bbox 646 5520 809 5574; x_wconf 88' lang='lat' dir='ltr'><strong>rebus</strong></span> <span class='ocrx_word' id='word_1_762' title='bbox 846 5519 982 5576; x_wconf 89' lang='lat' dir='ltr'><strong>bene</strong></span> <span class='ocrx_word' id='word_1_763' title='bbox 1028 5522 1334 5585; x_wconf 75' lang='lat' dir='ltr'><strong>exercitati,</strong></span> <span class='ocrx_word' id='word_1_764' title='bbox 1391 5536 1525 5575; x_wconf 85' lang='lat' dir='ltr'><strong>usus</strong></span> <span class='ocrx_word' id='word_1_765' title='bbox 1576 5520 1749 5589; x_wconf 74' lang='lat' dir='ltr'><strong>ipsius</strong></span> <span class='ocrx_word' id='word_1_766' title='bbox 1804 5528 2050 5589; x_wconf 84' lang='lat' dir='ltr'><strong>tempore</strong></span> 
     </span>
    </p>
   </div>
   <div class='ocr_carea' id='block_1_109' title="bbox 2176 5512 3722 5597">
    <p class='ocr_par' dir='ltr' id='par_1_109' title="bbox 2176 5523 3722 5597">
     <span class='ocr_line' id='line_1_109' title="bbox 2176 5523 3722 5597; baseline 0.001 -22"><span class='ocrx_word' id='word_1_767' title='bbox 2176 5524 2250 5575; x_wconf 79' lang='grc' dir='ltr'>ιαὶ</span> <span class='ocrx_word' id='word_1_768' title='bbox 2297 5523 2433 5589; x_wconf 84' lang='grc' dir='ltr'>πῶς,</span> <span class='ocrx_word' id='word_1_769' title='bbox 2478 5525 2571 5576; x_wconf 72' lang='grc' dir='ltr'><strong>καὶ</strong></span> <span class='ocrx_word' id='word_1_770' title='bbox 2624 5526 2699 5594; x_wconf 80' lang='grc' dir='ltr'>μὴ</span> <span class='ocrx_word' id='word_1_771' title='bbox 2735 5525 3187 5593; x_wconf 66' lang='grc' dir='ltr'>διασφάλλεσοαιο</span> <span class='ocrx_word' id='word_1_772' title='bbox 3238 5526 3324 5579; x_wconf 87' lang='grc' dir='ltr'><strong>ἴνα</strong></span> <span class='ocrx_word' id='word_1_773' title='bbox 3374 5529 3503 5597; x_wconf 76' lang='grc' dir='ltr'>περὶ</span> <span class='ocrx_word' id='word_1_774' title='bbox 3554 5525 3722 5578; x_wconf 81' lang='grc' dir='ltr'>ταῦτα</span> 
     </span>
    </p>
   </div>
   <div class='ocr_carea' id='block_1_110' title="bbox 480 5606 2067 5690">
    <p class='ocr_par' dir='ltr' id='par_1_110' title="bbox 480 5606 2050 5684">
     <span class='ocr_line' id='line_1_110' title="bbox 480 5606 2050 5684; baseline 0.008 -30"><span class='ocrx_word' id='word_1_775' title='bbox 480 5606 656 5673; x_wconf 80' lang='lat' dir='ltr'><strong>parati</strong></span> <span class='ocrx_word' id='word_1_776' title='bbox 688 5609 797 5663; x_wconf 86' lang='lat' dir='ltr'><strong>sint</strong></span> <span class='ocrx_word' id='word_1_777' title='bbox 828 5611 895 5666; x_wconf 90' lang='lat' dir='ltr'><strong>ad</strong></span> <span class='ocrx_word' id='word_1_778' title='bbox 938 5614 1316 5683; x_wconf 86' lang='lat' dir='ltr'><strong>cognoscenda</strong></span> <span class='ocrx_word' id='word_1_779' title='bbox 1350 5622 1403 5670; x_wconf 90' lang='lat' dir='ltr'><strong>et</strong></span> <span class='ocrx_word' id='word_1_780' title='bbox 1433 5613 1640 5684; x_wconf 76' lang='lat' dir='ltr'><strong>agenda</strong></span> <span class='ocrx_word' id='word_1_781' title='bbox 1666 5628 1729 5669; x_wconf 86' lang='lat' dir='ltr'><strong>ca</strong></span> <span class='ocrx_word' id='word_1_782' title='bbox 1762 5629 1895 5683; x_wconf 74' lang='lat' dir='ltr'><strong>quae</strong></span> <span class='ocrx_word' id='word_1_783' title='bbox 1930 5612 2050 5667; x_wconf 90' lang='lat' dir='ltr'><strong>istis</strong></span> 
     </span>
    </p>
   </div>
   <div class='ocr_carea' id='block_1_111' title="bbox 2176 5606 3719 5690">
    <p class='ocr_par' dir='ltr' id='par_1_111' title="bbox 2176 5616 3719 5690">
     <span class='ocr_line' id='line_1_111' title="bbox 2176 5616 3719 5690; baseline 0.001 -23"><span class='ocrx_word' id='word_1_784' title='bbox 2176 5616 2336 5679; x_wconf 75' lang='grc' dir='ltr'>ιαλώς</span> <span class='ocrx_word' id='word_1_785' title='bbox 2366 5619 2846 5686; x_wconf 80' lang='grc' dir='ltr'>ἐγγυμνασάμενοι</span> <span class='ocrx_word' id='word_1_786' title='bbox 2877 5620 2935 5671; x_wconf 82' lang='grc' dir='ltr'>ἐν</span> <span class='ocrx_word' id='word_1_787' title='bbox 2963 5618 3139 5689; x_wconf 81' lang='grc' dir='ltr'>καιρῷ</span> <span class='ocrx_word' id='word_1_788' title='bbox 3172 5620 3359 5690; x_wconf 78' lang='grc' dir='ltr'>χρείας</span> <span class='ocrx_word' id='word_1_789' title='bbox 3396 5620 3600 5689; x_wconf 74' lang='grc' dir='ltr'>ἕτοιμοι</span> <span class='ocrx_word' id='word_1_790' title='bbox 3628 5618 3719 5677; x_wconf 79' lang='grc' dir='ltr'><strong>γέ-</strong></span> 
     </span>
    </p>
   </div>
   <div class='ocr_carea' id='block_1_112' title="bbox 479 5692 3720 5783">
    <p class='ocr_par' dir='ltr' id='par_1_112' title="bbox 479 5692 3720 5783">
     <span class='ocr_line' id='line_1_112' title="bbox 479 5692 3720 5783; baseline 0.004 -33"><span class='ocrx_word' id='word_1_791' title='bbox 479 5692 891 5769; x_wconf 63' lang='lat' dir='ltr'><strong>pratcipiuntur.</strong></span> <span class='ocrx_word' id='word_1_792' title='bbox 2158 5722 2355 5757; x_wconf 81' lang='grc' dir='ltr'>νωνται</span> <span class='ocrx_word' id='word_1_793' title='bbox 2393 5708 2522 5774; x_wconf 66' lang='grc' dir='ltr'>πρὸς</span> <span class='ocrx_word' id='word_1_794' title='bbox 2583 5708 2642 5759; x_wconf 80' lang='grc' dir='ltr'>τὸ</span> <span class='ocrx_word' id='word_1_795' title='bbox 2684 5708 3065 5776; x_wconf 72' lang='grc' dir='ltr'>διαγινώσκειν</span> <span class='ocrx_word' id='word_1_796' title='bbox 3103 5711 3276 5779; x_wconf 76' lang='grc' dir='ltr'>αὐτὰ,</span> <span class='ocrx_word' id='word_1_797' title='bbox 3318 5712 3409 5766; x_wconf 80' lang='grc' dir='ltr'>καὶ</span> <span class='ocrx_word' id='word_1_798' title='bbox 3466 5711 3720 5783; x_wconf 76' lang='grc' dir='ltr'>πράττειν</span> 
     </span>
    </p>
   </div>
   <div class='ocr_carea' id='block_1_113' title="bbox 2157 5795 2907 5856">
    <p class='ocr_par' dir='ltr' id='par_1_113' title="bbox 2157 5795 2907 5856">
     <span class='ocr_line' id='line_1_113' title="bbox 2157 5795 2907 5856; baseline 0.013 -10"><span class='ocrx_word' id='word_1_799' title='bbox 2157 5795 2225 5847; x_wconf 73' lang='grc' dir='ltr'>τὰ</span> <span class='ocrx_word' id='word_1_800' title='bbox 2254 5795 2319 5848; x_wconf 76' lang='grc' dir='ltr'><strong>δι’</strong></span> <span class='ocrx_word' id='word_1_801' title='bbox 2351 5796 2528 5849; x_wconf 74' lang='grc' dir='ltr'>αὐτῶν</span> <span class='ocrx_word' id='word_1_802' title='bbox 2558 5798 2907 5856; x_wconf 61' lang='grc' dir='ltr'>κελευόμενα.</span> 
     </span>
    </p>
   </div>
  </div>
