3964 6206
355 351 496 419 1005

1378 355 1715 417 TACTICA.
1743 362 1813 394 ε·-
1839 354 2349 420 CONSTITUTIO
2386 358 2549 420 XIX.

3479 355 3617 426 1006

427 466 540 539 μγ’.
573 464 683 536 Τὴν
732 464 790 519 δέ
819 465 927 518 τῶν
956 465 1249 538 δρομώνων
1290 468 1594 537 παράταξιν
1635 469 1694 520 ἐν
1750 467 1929 538 καιρῷ

2106 470 2195 525 45.
2228 441 2561 525 Triremium
2588 468 3007 524 instructionem
3029 469 3445 525 conflictationis
3471 480 3612 533 tem,-

349 557 678 630 προσϐολῆς,
705 559 758 608 εἴ
774 573 839 624 γε
868 557 1000 627 ἄρα,
1034 558 1109 620 ὡς
1137 558 1376 628 εἴρηται,
1404 560 1639 631 τοσαύτη
1665 561 1929 629 πάρεστιν

348 650 582 717 ἀνάγκη.
611 649 644 718 ἢ
687 647 830 702 κατὰ
850 650 1038 719 χεῖρας
1068 649 1167 719 τὴν
1203 650 1358 720 νίκην
1384 650 1647 715 ἐλπίζεις,
1681 651 1931 721 ποιήσεις

349 741 533 804 καθὼς
564 742 630 795 ἂν
670 740 892 812 συνίδῃς
926 741 1187 813 ἁρμόδιον
1216 742 1296 813 τῷ
1322 743 1501 813 καιρῷ
1554 744 1649 796 καὶ
1675 742 1751 813 τῷ
1782 745 1932 814 τόπῳ

351 835 488 904 πρὸς
521 833 621 904 τὴν
659 834 769 886 τῶν
790 833 1067 904 πολεμίων
1100 836 1456 906 παρασκευὴν
1483 838 1576 890 καὶ
1602 836 1929 906 παράταξιν.

351 929 426 985 Οὐ
452 926 561 996 γὰρ
586 924 684 980 νῦν
714 926 1029 994 ὲστιλέγειν
1057 928 1315 997 ἀσφαλῶς
1346 929 1476 1000 περὶ
1502 928 1612 982 τῶν
1639 928 1761 982 τότε
1804 930 1933 999 μελ-

352 1018 555 1072 λόντων
586 1017 1019 1089 ἀπαντήσεσθαι.

429 1201 533 1271 μό’.
576 1201 715 1253 ΙΙοτέ
755 1200 855 1271 μὲν
886 1199 1183 1270 μηνοειδῶς
1235 1196 1346 1255 οἷον
1398 1201 1731 1273 ἡμικυκλίου
1757 1203 1931 1267 τάξιν,

355 1291 484 1354 τοὺς
519 1290 616 1360 μὲν
654 1289 846 1353 ἄλλους
878 1290 1163 1361 δρόμωνας
1196 1289 1350 1344 ἐνθεν
1391 1292 1670 1355 κάκεῖθεν,
1702 1287 1814 1345 οἷον
1844 1293 1937 1346 κέ-

358 1383 503 1454 ρατά
541 1399 661 1434 τινα
692 1382 724 1451 ἢ
759 1383 945 1452 χεῖρας
988 1383 1081 1435 καὶ
1122 1382 1358 1451 μάλιστα
1397 1384 1458 1435 ἐν
1502 1383 1581 1454 τῷ
1615 1384 1771 1455 ἄκρῳ
1807 1400 1939 1454 προσ

359 1476 592 1541 άγοντας
617 1475 745 1536 τοὺς
768 1473 1181 1543 ἀλκιμωτέρους
1210 1474 1305 1528 καὶ
1345 1476 1622 1545 μείζονας.
1660 1476 1749 1529 Ἐν
1772 1476 1829 1529 δὲ
1860 1476 1940 1545 τῷ

361 1566 525 1631 κοίλῳ
567 1562 661 1617 τοῦ
712 1563 1044 1632 ἡμικυκλίου
1071 1562 1233 1617 οἱονεί
1274 1581 1397 1616 τινα
1452 1562 1696 1634 κεφαλὴν
1717 1562 1815 1634 τὴν
1841 1561 1940 1632 σὴν

359 1656 700 1726 ἐνδοξότητα,
715 1653 857 1708 ὥστε
873 1655 1052 1709 πάντα
1077 1656 1455 1724 περισκοπεῖν,
1486 1654 1579 1708 καὶ
1597 1654 1931 1719 διατάττειν,

358 1751 453 1803 καὶ
484 1750 726 1811 διοικεῖν,
758 1748 852 1801 καὶ
879 1748 931 1801 εί
961 1764 1065 1799 που
1092 1748 1173 1800 δεῖ
1191 1748 1295 1801 καὶ
1329 1746 1599 1818 βοηθείας,
1627 1747 1941 1817 ἐπικουρεῖν

2040 578 2193 631 pore.
2222 563 2267 617 si
2300 562 2521 632 quidem
2555 568 2706 615 tanta
2743 561 2888 615 adsit
2918 561 3319 616 necessitasut
3354 576 3615 618 necessa-

2038 658 2123 709 rio
2178 669 2377 709 manus
2427 652 2783 709 conserendae
2826 650 2961 717 sint,
3006 660 3101 707 aut
3136 654 3182 709 si
3237 654 3521 710 victoriam
3566 664 3622 710 te

2036 755 2486 815 comparaturum
2534 743 2870 815 speraveris,
2907 744 3366 814 quemadmodum
3411 747 3533 801 loco
3564 755 3620 802 et

2038 838 2272 907 tempori
2299 838 2555 892 idoneum
2574 835 2643 891 ad
2666 834 2911 892 hostium
2944 843 3269 906 apparatum
3299 835 3618 892 instructio.

2038 945 2163 985 nem
2201 928 2561 991 indicaveris,
2594 928 2667 982 ita
2694 928 2955 983 iustrues.
2978 925 3166 996 Neque
3188 927 3333 981 enim
3366 927 3471 982 hoc
3497 930 3619 982 loco

2038 1022 2147 1076 diei
2198 1028 2420 1090 potest,
2474 1018 2607 1089 quid
2674 1017 2947 1084 futurum,
3011 1024 3108 1071 aut
3171 1032 3274 1072 usu
3329 1028 3658 1077 venturum”

2040 1112 2134 1167 sit.

2108 1203 2200 1256 44.
2238 1201 2519 1257 Interdum
2560 1202 2705 1258 enim
2739 1201 2961 1256 lumbis
3005 1200 3238 1255 classem
3264 1237 3279 1263 ,
3314 1199 3519 1262 idest,
3553 1203 3655 1261 ad,

2041 1293 2381 1350 semicirculi
2447 1292 2680 1348 formam
2746 1295 3032 1355 instrues,
3109 1290 3259 1346 aliis-
3301 1291 3619 1346 triremibus

2039 1384 2169 1439 hinc
2202 1392 2368 1453 atque
2408 1383 2561 1439 illinc
2586 1382 2747 1452 quasi
2787 1381 3051 1436 cornibus
3091 1390 3186 1435 aut
3217 1381 3473 1437 manibus
3507 1381 3631 1435 οοΙε

2042 1474 2281 1530 locatis:
2321 1483 2378 1529 et
2424 1475 2481 1527 in
2528 1487 2747 1528 summa
2799 1471 2977 1526 fronte
3013 1472 3363 1539 potissimum
3408 1472 3656 1528 strenui;

2040 1573 2208 1632 atque
2246 1564 2460 1617 alacres
2494 1562 2933 1617 constituantur.
2975 1557 3032 1612 In
3068 1559 3242 1629 ipsius
3288 1560 3637 1616 semiciriuii.

2040 1654 2461 1725 ambituquasi
2518 1661 2685 1723 caput
2737 1650 2982 1723 dignitas
3038 1660 3129 1705 tua
3188 1652 3500 1717 consistat,
3562 1663 3622 1707 ut

2040 1752 2226 1806 omnia
2257 1750 2563 1821 perlustres
2587 1787 2602 1813 ,
2636 1748 2876 1804 instruas
2902 1786 2917 1810 ,
2948 1755 3003 1802 et
3037 1745 3391 1803 adm‘inistres
3411 1787 3426 1811 ,
3457 1758 3511 1803 ct
3544 1748 3620 1804 si-

364 1841 481 1910 μεθ’
515 1835 591 1893 ὧν
646 1841 714 1893 ἂν
749 1839 913 1910 βούλῃ
962 1839 1053 1892 ἐπὶ
1092 1839 1267 1910 τούτῳ
1302 1838 1723 1909 εὐκαιρούντων.
1765 1839 1839 1892 Τὸ
1877 1838 1936 1893 δέ

2049 1844 2167 1899 [ιυὺὶ
2202 1842 2458 1913 praesidio
2480 1856 2622 1912 opus
2654 1847 2761 1903 est,
2790 1854 2857 1895 eo
2888 1839 3140 1909 praesidia
3180 1840 3368 1893 mittas
3397 1838 3463 1892 ad
3491 1839 3621 1892 sub-

367 1930 555 2001 σχῆμα
582 1930 643 1983 τὸ
689 1931 965 2000 μηνοειδὲς
1003 1930 1260 1998 γινέσθω,
1300 1929 1442 1984 ὥστε
1469 1932 1592 1994 τοὺς
1630 1931 1938 2000 ἐμπίπτον-

365 2039 464 2085 τας
539 2022 851 2093 πολεμίους
902 2023 1052 2087 ἐντὸς
1116 2021 1500 2075 ἀποκλείεσθαι
1552 2021 1653 2091 τῆς
1724 2020 1938 2081 κυκλώ-

366 2130 528 2177 σεως.

437 2231 540 2295 με’.
579 2224 716 2279 Ποτέ
771 2225 828 2279 δέ
870 2227 1204 2297 παρατάξεις
1242 2229 1383 2280 κατὰ
1423 2228 1675 2297 μέτωπον
1731 2227 1819 2279 ἐπ’
1848 2228 1939 2279 εὖ·

364 2316 537 2381 θείας,
573 2315 716 2369 ὥστε
750 2316 937 2387 χρείας
980 2317 1253 2387 καλούσης
1276 2320 1595 2372 ἐπιπίπτειν
1627 2319 1738 2382 τοῖς
1780 2317 1939 2371 πολε-

365 2411 511 2480 μίοις
537 2411 679 2464 κατὰ
716 2412 964 2481 πρώραν,
991 2413 1085 2467 καὶ
1112 2414 1198 2467 διὰ
1225 2412 1320 2467 τοῦ
1353 2414 1523 2485 πυρὸς
1546 2416 1655 2468 τῶν
1685 2412 1937 2482 σιφώνων

364 2503 692 2572 ἐμπυρίζειν
713 2507 810 2567 τὰς
833 2505 1056 2557 ἐκείνων
1088 2506 1240 2569 ναῦς.

435 2620 552 2682 pg".
590 2614 726 2667 Ποτὲ
749 2615 918 2668 δὲκαὶ
955 2618 1035 2679 εἰς
1068 2617 1359 2688 διαφόρους
1387 2617 1712 2689 μερίζεσθαι
1755 2637 1933 2691 παρα-

362 2704 563 2771 τάξεις,
599 2704 716 2773 ἦτοι
763 2704 877 2769 δύο,
910 2705 942 2776 ἢ
984 2709 1134 2776 τρεῖς
1171 2707 1316 2762 κατὰ
1367 2708 1465 2778 τὴν
1521 2710 1794 2780 ποσότητα
1828 2710 1939 2763 τῶν

365 2793 469 2847 ὑπὸ
498 2794 557 2848 σέ
585 2794 897 2866 δρομώνων.
946 2797 1055 2851 Καὶ
1105 2798 1203 2867 τῆς
1235 2799 1364 2867 μιᾶς
1397 2799 1937 2870 παρατάξεωςυσυμ-

366 2886 655 2957 ϐαλούσης,
689 2889 723 2958 ἡ
758 2888 891 2957 άλλη
934 2889 1266 2942 είσπεσεῖται
1307 2890 1450 2943 κατὰ
1513 2890 1623 2943 τῶν
1662 2891 1938 2961 πολεμίων

364 2975 465 3045 ἤδη
497 2976 983 3047 ἐμπεπλεγμένων,
1019 2978 1051 3049 ἢ
1106 2978 1349 3042 ὄπισθεν,
1395 2978 1428 3046 ἢ
1486 2978 1629 3030 κατὰ
1669 2978 1934 3047 πλευρὰν,

366 3065 459 3119 καὶ
497 3065 585 3119 διὰ
638 3067 741 3137 τῆς
770 3068 1022 3137 βοηθείας
1050 3068 1148 3137 τῆς
1203 3067 1542 3138 ἐπελθούσης
1588 3067 1709 3121 κατ’
1760 3066 1937 3125 αὐτῶν

364 3158 671 3215 ἀπείπωσιν
701 3161 749 3213 οἱ
780 3158 1029 3229 πολέμιοι
1057 3156 1150 3214 τοῦ
1184 3157 1365 3213 τόνου.

437 3275 543 3345 μζ.
585 3272 722 3326 ιΙοτέ
762 3273 818 3326 δὲ
866 3273 959 3325 καὶ
1000 3271 1066 3324 δι’
1116 3270 1549 3341 ἐγκρύμματος.
1588 3267 1935 3322 ’Δποπλανω-

368 3370 545 3443 μένων
574 3368 682 3439 γὰρ
714 3367 824 3421 τῶν
853 3366 1128 3436 πολεμίων
1158 3363 1255 3419 καὶ
1287 3364 1699 3433 ἐμπιπτόντων,
1729 3363 1805 3426 ὡς
1828 3361 1937 3415 ὀλί-

365 3482 482 3533 γοις
529 3465 800 3531 άναφανέν
853 3460 1065 3530 ἁθρόως
1096 3459 1158 3512 τδ
1214 3458 1661 3528 ἐγκρυμμα,καὶ
1698 3456 1935 3525 θροῆσαν

367 3556 586 3618 αὐτοὺς,
629 3553 849 3608 ἐκλύσει
894 3552 986 3606 τὸν
1021 3550 1173 3605 τόνον
1214 3549 1314 3619 τῆς
1357 3547 1681 3609 ἐνστάσεως.
1715 3546 1935 3600 ’Δλλοτε

367 3647 423 3700 δὲ
450 3647 517 3700 δι’
541 3644 795 3716 ἐλαφρῶν
826 3644 918 3697 καὶ
937 3641 1173 3713 ταχινῶν
1200 3638 1496 3711 δρομώνων
1523 3637 1937 3709 συμόαλλόντων

366 3737 551 3801 αὐτοῖς
583 3737 677 3789 καὶ⁸
710 3734 1195 3807 προσποιουμένων
1226 3734 1451 3802 φυγεῖν⁸
1486 3731 1755 3785 κάκείνων
1784 3731 1842 3783 ἐν
1868 3732 1934 3800 τῇ

362 3826 541 3891 διώξει
572 3824 947 3896 κοπουμένων,
984 3825 1078 3878 καὶ
1114 3823 1453 3894 βιαζομένων
1495 3823 1625 3892 μὲν,
1664 3822 1739 3893 μὴ
1765 3838 1934 3875 κατα-

366 3917 751 3988 λαμὸανόντων
796 3918 855 3971 δέ
884 3918 1011 3980 τοὺς
1057 3916 1378 3985 φεύγοντας,
1424 3914 1459 3986 ἢ
1502 3915 1596 3969 καί
1652 3932 1813 3968 τινων
1838 3914 1936 3983 τῆς

369 4007 654 4079 συνεχείας
680 4006 1137 4079 ἁποτεμνομένων
1160 4007 1338 4079 ἕτεροί
1373 4024 1466 4060 σου
1501 4006 1777 4077 δρόμωνες
1804 4006 1935 4060 ἄκο-

367 4116 459 4152 ποι
488 4099 582 4152 καὶ
610 4088 1056 4169 ἀναπεπαυμένοι
1082 4098 1222 4152 κατὰ
1243 4098 1351 4152 τῶν
1378 4096 1741 4152 κατασκόπων
1763 4097 1937 4167 ὁρμή-

368 4206 557 4251 σαντες
592 4189 909 4259 αἱρήσουσιν
948 4188 1171 4254 αὐτούς·
1211 4190 1244 4261 ἢ
1276 4191 1324 4243 εί
1351 4190 1447 4244 καὶ
1490 4188 1558 4242 τὰ
1590 4187 1793 4243 δυνατὰ
1828 4188 1943 4243 τῶν.

366 4280 575 4352 ἐχθρῶν
598 4281 757 4333 πλοῖα
786 4283 1077 4354 παρελθεῖν
1111 4282 1339 4353 ἰσχύσας
1369 4299 1451 4346 τις
1473 4283 1586 4344 τοῖς
1613 4280 1937 4336 ἀσθενεστέ-

371 4386 483 4439 ροις
507 4371 728 4443 ὲπιτεθῇ
748 4386 761 4401 ο
795 4373 924 4427 ποτὲ
949 4372 1004 4426 δέ
1046 4369 1339 4443 συμὸαλὼν
1390 4373 1487 4425 καὶ
1509 4368 1709 4433 ἱκανῶς
1736 4372 1800 4423 ἐκ
1830 4387 1939 4440 χει·-

370 4462 463 4534 ρδς
513 4463 829 4535 πολεμήσας
875 4466 994 4528 ταῖς
1040 4464 1314 4526 ἐναντίαις
1359 4463 1518 4517 ναυσὶ
1546 4463 1713 4533 μέχρι
1762 4464 1938 4534 ἄκρας

1961 3214 2008 3276 C

2042 1938 2306 1993 levandos
2335 1951 2435 1992 eos
2463 1936 2684 1991 idonea.
2712 1936 2841 1988 Ilazc
2882 1934 3072 1987 lunata
3113 1931 3290 1987 forma
3331 1932 3397 1986 ad
3434 1931 3623 1987 hostes

2042 2029 2559 2086 circumcludendos
2591 2026 2945 2098 potissimum
2978 2024 3143 2081 valet.

2110 2235 2201 2289 45.
2243 2232 2525 2289 Interdum
2561 2230 2797 2285 frontem
2826 2228 3024 2284 classis
3051 2227 3319 2283 directam
3351 2227 3657 2291 instruesh

2040 2332 2100 2379 ut
2128 2324 2219 2379 ubi
2252 2338 2383 2379 usus
2415 2322 2557 2377 ferat
2588 2320 2647 2374 in
2691 2320 2935 2374 hostium
2975 2332 3170 2387 proras
3212 2317 3406 2379 irruat,
3448 2325 3500 2373 et
3541 2316 3620 2371 si-

2038 2416 2315 2487 phonibus
2378 2414 2557 2484 ignem
2628 2408 2994 2481 ‘ejicicntibus
3045 2423 3208 2464 naves
3267 2406 3484 2464 illorum
3538 2407 3622 2461 in-

2039 2508 2263 2564 cendat.

2110 2622 2202 2676 46.
2246 2618 2527 2675 Interdum
2564 2619 2621 2672 in
2663 2618 2914 2672 diversas
2960 2615 3279 2669 tribuantur
3305 2613 3454 2669 acies
3482 2612 3649 2667 duas.

2040 2719 2134 2764 aut
2156 2698 2289 2775 tres,
2327 2723 2426 2777 pro
2453 2720 2686 2761 numero
2730 2705 3034 2759 triremium
3073 2720 3194 2773 qua:
3230 2704 3283 2757 in
3314 2705 3491 2758 classe
3528 2710 3621 2756 tua

2038 2810 2169 2857 sunt
2216 2818 2232 2855 :
2296 2813 2535 2867 cumque
2581 2812 2690 2851 una
2737 2810 2862 2850 cum
2919 2794 3171 2850 hostibus
3235 2794 3621 2858 dimicaverit,

2038 2891 2212 2946 altera
2244 2890 2299 2944 in
2342 2890 2532 2944 hostes
2572 2887 2684 2956 jam
2721 2886 2946 2957 junctos
2987 2886 3104 2941 sive
3135 2884 3203 2938 ad
3236 2885 3400 2946 latus,
3449 2883 3563 2938 sive
3592 2896 3623 2935 ι

2038 2993 2192 3053 tergo
2218 2980 2427 3045 irruat;
2461 2979 2535 3032 ita
2569 2978 2678 3043 fiet,
2715 2986 2775 3031 ut
2804 2978 2921 3031 haec
2949 2976 3196 3030 subsidia
3229 2974 3298 3029 ad
3332 2973 3628 3029 defenden-

2038 3071 2162 3125 dam
2216 3068 2449 3138 primam
2492 3066 2664 3120 aciem
2721 3068 2914 3131 missa,
2967 3065 3036 3119 ab
3067 3063 3315 3119 hostibus
3364 3064 3625 3118 sustineri

2039 3165 2335 3230 nequeant.

2112 3272 2204 3328 47.
2242 3270 2523 3327 Interdum
2559 3267 2773 3324 insidiae
2795 3276 3154 3339 apparentur.
3187 3270 3324 3325 Cum
3346 3272 3498 3329 enim
3532 3290 3624 3328 va-

2042 3372 2242 3437 gantur
2273 3364 2482 3426 hostes,
2508 3370 2563 3415 et
2596 3361 2652 3414 in
2685 3369 2932 3423 nostros,
2972 3375 3115 3430 quos
3145 3376 3353 3431 paucos
3386 3379 3512 3422 esse
3544 3366 3625 3423 vis

2042 3458 2194 3521 dent,
2225 3454 2511 3518 invadunt,
2544 3454 2731 3508 subito
2759 3453 2840 3508 ha:
2866 3453 3299 3511 intervenientes
3331 3457 3544 3514 insidiae
3570 3468 3641 3512 et,

2044 3546 2284 3602 hostium
2322 3546 2554 3604 classem
2589 3545 2998 3616 perturbantes,
3023 3560 3188 3601 omne
3212 3547 3378 3603 robur
3405 3548 3622 3604 illorum

2042 3638 2426 3693 debilitabunt.
2460 3637 2736 3692 Interdum
2772 3650 2902 3692 vero
2929 3636 3198 3707 expeditis
3246 3647 3302 3694 et
3347 3639 3633 3695 celeribus

2043 3729 2357 3786 triremibus
2403 3722 2827 3799 conﬂigentibus
2879 3737 2936 3782 et
2978 3727 3160 3798 fugam
3216 3736 3407 3799 postea
3448 3730 3657 3786 simu-7

2043 3820 2303 3885 iantibns,
2336 3829 2391 3875 et
2424 3820 2675 3876 hostibus
2703 3820 2773 3874 ad
2805 3819 3205 3889 insequendum
3250 3820 3511 3877 omnibus
3537 3835 3643 3877 rem

2044 3913 2151 3970 IIIIS
2190 3914 2613 3984 navigantibus,
2657 3924 2713 3969 et
2760 3914 3141 3985 prementibus
3199 3931 3337 3986 pene
3384 3931 3636 3987 δειπνεῖ..

2043 4006 2137 4060 sed
2171 4022 2450 4076 nunquam
2483 4007 2973 4063 intervertentibus
3001 4022 3098 4062 eos
3130 4023 3273 4077 quos
3319 4008 3623 4078 insequun-

2045 4106 2156 4163 tur,
2198 4098 2317 4154 alia:
2360 4109 2474 4153 tum
2529 4099 2783 4157 triremes
2813 4108 3065 4156 recentes
3100 4110 3156 4155 et
3193 4099 3419 4157 minime
3461 4107 3668 4161 antea.

2044 4190 2374 4258 exercitatae,
2405 4207 2503 4248 eos
2530 4199 2648 4246 tum
2682 4208 2784 4247 nec
2811 4193 3037 4262 opinato
3067 4191 3416 4254 adoriantur,
3450 4201 3628 4260 atque

2046 4283 2180 4338 adeo
2212 4283 2336 4339 illos
2363 4284 2582 4353 capiant
2608 4300 2623 4337 :
2658 4283 2741 4338 vel
2770 4283 2817 4338 si
2844 4284 2974 4352 quis
3000 4283 3392 4339 instructiores
3427 4280 3619 4337 fortio-

2046 4388 2247 4444 resque
2279 4374 2520 4429 hostium
2572 4388 2740 4429 naves
2772 4371 3157 4443 praetermittat
3179 4411 3195 4435 .
3237 4371 3535 4428 debiliores
3566 4380 3633 4426 et

2048 4463 2433 4534 imparatiores
2461 4464 2665 4534 capiat.
2706 4461 2984 4519 Interdum
3017 4461 3273 4517 cominus
3306 4470 3365 4516 et
3399 4472 3623 4519 conser-

366 4554 680 4624 κοπώσεως,
711 4556 1048 4627 άποπλήξεις
1094 4556 1193 4624 μὲν
1224 4557 1350 4618 τοὺς
1388 4555 1695 4626 δρόμωνας,
1721 4553 1936 4626 ἐτέρους

2049 4556 2118 4612 tis
2147 4557 2399 4611 manibus
2419 4573 2543 4612 cum
2566 4556 2720 4611 hoste
2742 4554 3040 4625 conﬂigens
3060 4556 3369 4625 usquedum
3387 4555 3639 4611 obscura,

363 4644 422 4698 δὲ
462 4647 624 4699 πάλιν
658 4647 965 4715 ἐπαφήσεις
1018 4645 1131 4706 τοῖς
1162 4641 1445 4712 πολεμίοις
1474 4639 1782 4711 εὐρώστους
1829 4641 1942 4703 τοῖς

365 4737 770 4807 κεκοπωμένοις
835 4737 927 4789 καὶ
978 4734 1252 4787 ἐκλυθεῖσι
1310 4735 1399 4787 τὸν
1453 4733 1603 4786 τόνον
1664 4733 1774 4787 ἀπὸ
1838 4731 1941 4801 τῆς

368 4826 581 4896 μάχης,
644 4828 738 4879 καὶ
792 4826 963 4890 οὕτως
999 4824 1095 4896 τὴν
1155 4825 1276 4880 κατ’
1329 4822 1507 4879 αὐτῶν
1557 4825 1713 4891 νίκην
1780 4842 1941 4894 περι-

366 4917 591 4986 ποιήτῃ,
648 4918 881 4985 μάλιστα
931 4917 1025 4969 καὶ
1080 4916 1238 4971 τοῦτο
1288 4916 1519 4985 γίνεται,
1568 4918 1697 4971 ὅταν
1747 4932 1940 4985 περιτ-

365 5007 531 5082 τεύῃς
590 5008 750 5071 αὐτὸς
798 5008 876 5078 τῷ
917 5007 1109 5074 πλήθει
1171 5010 1282 5064 τῶν
1314 5008 1616 5080 δρομώνων,
1642 5009 1782 5078 ὑπὲρ
1815 5008 1941 5069 τοὺς

368 5102 682 5173 πολεμίους.

437 5223 546 5285 μη’.
589 5215 725 5270 ῐῐοτέ
753 5214 809 5268 δέ
840 5216 1031 5284 φυγεῖν
1056 5213 1520 5284 προσποιούμενος
1546 5214 1684 5283 μετὰ
1712 5212 1934 5281 δρομώ-

366 5324 472 5361 νων
505 5305 739 5375 ταχινῶν
780 5306 923 5376 πρὸς
963 5304 1145 5370 δίωξιν
1174 5305 1448 5377 ἐκκαλέσῃ
1491 5306 1617 5366 τοὺς
1646 5304 1942 5373 πολεμίους

368 5398 509 5452 κατὰ
564 5396 817 5466 πρύμναν
860 5397 1000 5467 ἔχων
1046 5395 1264 5459 αὐτούς.
1301 5398 1560 5449 Κάκεῖνοι
1595 5395 1942 5464 ὁρμήσαντες

364 5490 580 5543 διώκειν
603 5490 912 5543 διαλύσουσι
947 5488 1043 5560 τὴν
1059 5490 1211 5553 τάξιν
1238 5488 1439 5541 αὐτῶν.
1473 5489 1582 5543 Καὶ
1604 5486 1777 5551 οὕτως
1807 5488 1939 5541 ἀνθ’

365 5581 711 5653 υποστρέψας
777 5582 939 5651 τάχος
1007 5580 1432 5651 διεσπαρμένοις
1498 5582 1605 5640 τοῖς
1656 5578 1935 5644 διώκουσι,

371 5673 605 5740 μάλιστα
638 5673 731 5727 καὶ
762 5675 921 5728 πλέον
955 5673 1176 5726 ἐκείνων
1196 5672 1481 5743 δρόμωνας
1508 5671 1671 5742 ἔχων,
1698 5672 1939 5746 ἐπέλθῃς

365 5766 547 5833 αὐτοῖς
606 5767 748 5820 κατὰ
808 5766 1035 5838 πρῶραν
1068 5766 1156 5821 καὶ
1194 5766 1224 5837 ἢ
1279 5766 1399 5819 καθ’
1447 5766 1626 5835 boui)
1676 5768 1814 5821 κατὰ
1848 5766 1938 5819 δύο

2040 4664 2150 4703 nox
2176 4655 2281 4713 est,
2317 4647 2453 4702 alias
2480 4662 2511 4700 a
2539 4648 2731 4703 labore
2763 4662 2967 4702 vacuas
2997 4655 3055 4701 et
3091 4655 3340 4701 recentes
3368 4644 3635 4701 triremes.

2039 4752 2295 4797 strenuas
2321 4756 2387 4796 ac
2415 4741 2676 4796 robustas
2706 4741 2993 4806 immittes,
3018 4755 3140 4811 que
3160 4740 3380 4794 illorum
3417 4739 3471 4793 in
3492 4752 3625 4808 pra-

2041 4831 2119 4886 lio
2157 4831 2501 4889 ferocitatem
2551 4845 2770 4886 omnem
2823 4834 3212 4900 comprimam,
3271 4837 3436 4898 atque
3485 4826 3623 4881 adeo

2040 4924 2324 4978 victoriam
2360 4923 2431 4980 de
2473 4922 2584 4978 illis
2635 4930 2926 4993 reportes:
2961 4922 3067 4979 hoc
3118 4922 3467 4991 potissimum
3508 4921 3623 4982 fiet,

2046 5014 2143 5071 ubi
2208 5015 2394 5069 hostes
2447 5013 2800 5070 multitudine
2857 5022 3023 5083 atque
3075 5020 3344 5082 apparatu
3396 5010 3637 5067 navium-

2045 5105 2205 5175 longe
2232 5106 2604 5175 superaveris.

2117 5216 2205 5269 48.
2260 5216 2535 5271 Interdum
2593 5217 2772 5286 fugam
2822 5216 3091 5273 simulans
3129 5230 3254 5270 cum
3309 5212 3625 5267 triremibus

2046 5308 2321 5362 celeribus
2364 5315 2530 5377 atque
2561 5306 2830 5371 incitatis,
2883 5306 2949 5361 ad
2998 5305 3410 5376 persequendas
3455 5312 3624 5358 naves

2047 5405 2171 5453 tuas
2206 5398 2392 5453 hostes
2423 5398 2661 5467 quodam
2690 5398 2857 5453 modo
2900 5396 3252 5469 provocabis,
3304 5404 3485 5467 puppe
3532 5403 3623 5447 tua

2050 5491 2118 5544 ad
2159 5490 2282 5545 illos
2320 5505 2608 5546 conversa.
2642 5491 2721 5545 liii
2750 5497 2935 5545 autem
2970 5489 3036 5544 ad
3067 5488 3469 5559 insequendum
3494 5502 3623 5541 con-

2048 5581 2219 5643 citati,
2259 5580 2419 5635 facile
2456 5581 2630 5634 aciem
2691 5580 3015 5633 instructam
3059 5578 3403 5632 dissolvent:
3437 5573 3624 5641 itaque

2049 5684 2103 5729 tu
2129 5674 2181 5728 in
2209 5674 2331 5728 illos
2351 5671 2630 5741 dispersos
2653 5670 3066 5741 dissipatosque
3102 5669 3315 5731 irrues,
3347 5670 3402 5721 ct
3439 5663 3622 5731 plures

2047 5781 2210 5835 quam
2262 5765 2337 5821 illi
2375 5766 2627 5821 triremes
2655 5778 2780 5819 cum
2818 5763 3020 5817 habeas
3045 5801 3060 5826 ,
3096 5760 3231 5814 duas
3263 5764 3359 5814 aut
3410 5766 3521 5810 tres
3555 5750 3621 5804 ad
