4036 6218
543 303 676 373 1011

1779 283 2054 365 LEONIs
2091 304 2548 366 PHILosopm

3711 296 3892 362 1012

543 417 800 474 manibus
832 430 1075 490 pugnare
1107 413 1348 485 possint,
1369 423 1426 471 et
1445 414 1542 486 qui
1573 415 1748 471 alacri.
1784 415 2124 485 imitataque

2236 416 2332 470 καὶ
2373 417 2439 469 ἐκ
2465 413 2649 486 χειρὸς
2685 414 2955 485 μάχεσθαι
2978 411 3315 485 δυναμένων,
3349 413 3446 468 καὶ
3473 412 3556 483 τῷ
3587 412 3704 482 τῆς
3737 413 3882 481 ψυ-

543 517 727 565 mente
771 509 906 572 sint,
955 515 1012 563 et
1060 522 1257 563 omnes
1288 507 1342 562 in
1374 517 1564 577 partes
1591 506 1906 564 exercitati.
1947 507 2134 564 Armis

544 611 732 656 autem
769 598 971 654 talibus
1011 605 1378 653 exerceantur
1399 638 1414 663 ,
1445 599 1707 669 qualibus
1731 599 1918 670 quivis
1945 607 2126 654 terre-

544 694 642 750 stri
691 692 743 746 in
800 689 994 760 praelio
1044 689 1202 746 miles
1251 699 1524 758 armatur,
1575 691 1727 762 iique
1777 689 2130 761 potissimum

543 781 636 853 qui
668 783 724 836 in
753 781 1043 852 superiore
1070 795 1347 837 remorum
1373 781 1571 838 ordine
1595 785 1934 840 consistunt.

609 959 699 1016 66.
717 960 821 1014 Pro
853 959 1093 1014 hostium
1117 959 1332 1017 viribus
1359 977 1700 1032 numeroque
1728 963 1958 1018 navium
1979 970 2138 1019 tuam

540 1053 800 1116 classem,
827 1051 1153 1121 imperator,
1185 1051 1452 1118 instrues,
1470 1060 1614 1108 utne
1642 1052 1909 1108 minorem
1935 1067 2134 1108 nume-

537 1159 661 1197 rum
704 1145 924 1198 navium
970 1157 1071 1198 nos
1126 1143 1368 1198 hostium
1417 1143 1598 1200 eiasse
1652 1144 1979 1210 habeamus,
2033 1145 2131 1200 sed

537 1235 800 1307 aequalem
849 1235 1056 1306 potius,
1109 1242 1169 1288 ut
1217 1250 1342 1291 cum
1394 1237 1658 1297 hostibus
1703 1236 1885 1292 classe
1933 1235 2129 1306 juncta

538 1343 864 1400 pugnemus,
897 1336 992 1382 aut
1019 1326 1282 1398 majorem
1311 1328 1499 1393 etiam,
1523 1328 1572 1384 si
1603 1328 1720 1384 ﬁeri
1752 1335 1954 1399 potest.
1983 1326 2120 1382 Nam

537 1420 584 1476 si
621 1421 838 1490 utrique
886 1417 1103 1474 fortiter
1129 1434 1194 1474 ac
1222 1432 1448 1476 strenue
1479 1420 1768 1488 dimicent,
1795 1421 1890 1492 qui
1932 1422 2122 1492 plures

537 1509 742 1567 fuerint
773 1509 1107 1580 praevaleant
1138 1525 1368 1568 necesse
1400 1519 1508 1568 est.

607 1715 695 1771 67.
733 1714 792 1770 Si
827 1716 1014 1772 hostes
1045 1714 1254 1770 videris
1293 1728 1462 1770 naves
1495 1714 1757 1769 omnibus
1789 1715 2024 1770 refertas
2065 1729 2130 1769 ac

536 1807 788 1877 ingentes
825 1807 1019 1878 copias
1068 1807 1276 1863 habere
1309 1847 1325 1872 ,
1363 1807 1680 1877 exaequabis
1710 1815 1766 1860 tu
1808 1815 1936 1861 tuas
1961 1807 2125 1862 trire-

535 1909 671 1960 mes,
734 1895 1038 1966 eodemque
1080 1909 1316 1952 numero
1364 1897 1688 1967 complebis.
1725 1897 1905 1966 Eliges
1942 1905 2124 1952 autem

535 2003 601 2042 ex
653 1987 909 2043 ominibus
971 1989 1213 2057 optimos
1262 2003 1536 2059 quosque,
1587 1996 1642 2043 et
1693 2001 1760 2042 ex
1816 1987 1927 2042 illis
1986 1989 2128 2044 satis

537 2093 768 2147 magnas
833 2078 1024 2147 cupias
1075 2079 1396 2135 triremibus
1462 2079 1831 2148 ml'lectis'ac
1891 2077 2126 2134 fortibus

536 2169 821 2234 conﬁcies,
877 2181 933 2224 ut
966 2169 1206 2224 duarum
1253 2170 1566 2225 triremium
1616 2171 1818 2226 milites
1841 2171 1918 2225 ~in
1960 2184 2125 2225 unam

536 2260 844 2314 triremium
873 2260 1132 2316 conferas
1166 2279 1180 2316 :
1210 2262 1293 2316 vel
1326 2277 1392 2316 ex
1426 2261 1708 2326 eninibus,
1735 2267 1794 2315 ut
1820 2262 1954 2326 dixi,
1975 2261 2127 2331 opti-

535 2366 654 2406 mos
680 2351 872 2420 eliges,
903 2359 958 2406 et
988 2351 1210 2407 ducenti
1244 2351 1450 2407 milites
1479 2352 1564 2408 vel
1595 2365 1662 2406 eo
1701 2352 1887 2421 plures
1923 2365 2034 2406 una
2070 2351 2125 2404 in

535 2442 753 2497 triremi
795 2449 980 2506 erunt,
1025 2450 1086 2496 ut
1125 2441 1500 2506 multitudine,
1535 2441 1772 2508 viribus,
1812 2441 2123 2503 alacritate,

535 2532 787 2589 hostium
813 2532 1047 2586 classem
1086 2547 1338 2603 superes,
1371 2541 1428 2588 et
1454 2531 1744 2588 victoriam
1771 2531 1842 2588 ab
1873 2531 1986 2587 illis
2015 2529 2126 2587 Deo

534 2624 776 2695 propitio
812 2633 1083 2694 reportes.

607 2897 700 2955 68.
727 2897 969 2955 Minores
997 2899 1336 2956 instruendae
1367 2901 1622 2959 triremes
1656 2910 1809 2969 sunt,
1839 2913 1894 2958 et
1933 2904 2126 2974 vulga-

539 2992 611 3046 tis
643 2990 964 3048 triremibus
999 2991 1392 3063 expeditiores,
1423 3001 1485 3048 ut
1543 3009 1602 3050 se
1633 2993 1990 3065 insequentes
2021 2995 2124 3050 ho-

2235 507 2342 578 χῆς
2397 507 2790 579 παραστήματι
2836 507 3154 577 τολμηρῶν,
3205 507 3303 561 καὶ
3363 506 3878 575 πεπαιδευμένων

2232 599 2329 654 καὶ
2361 601 2856 669 γεγυμνασμένων.
2883 591 3044 652 Οὗτοι
3072 597 3130 650 δὲ
3155 597 3405 652 ἔστωσαν
3429 596 3878 666 καθωπλισμέ-

2231 708 2311 745 νοι
2373 691 2567 754 ὅπλοις
2619 690 2827 755 ὁποίοις
2873 690 2969 744 καὶ
3005 691 3035 743 ὁ
3083 691 3142 742 ὲν
3197 693 3262 761 τῇ
3307 690 3448 760 ξηρᾷ
3478 689 3872 762 στρατιώτης

2231 783 2560 854 ὀπλισθῆναι
2593 782 2908 853 διώρισται·
2954 782 3198 852 δηλονότι
3249 782 3672 853 κατάφρακτος.
3728 781 3869 834 Καὶ

2229 873 2380 928 οὕτω
2405 875 2606 940 πάντες
2633 873 2686 928 οί
2720 874 2821 944 τῆς
2844 874 2958 928 ἂνω
2987 873 3213 937 ἑλασίας
3245 873 3707 944 ὁπλισθήσονται.

2302 965 2413 1034 ξς·’.
2455 968 2603 1040 ῐῐρδς
2631 964 2688 1021 δὲ
2713 965 2814 1037 τὴν
2843 965 2956 1020 τῶν
2982 965 3196 1037 ἐχθρῶν
3229 965 3491 1037 ποιότητα
3537 965 3640 1019 καὶ
3675 965 3872 1020 ποσό-

2230 1074 2369 1128 τητα
2397 1058 2508 1112 τῶν
2529 1058 2756 1124 πλοίων,
2787 1057 2883 1112 καὶ
2913 1057 3098 1123 αὐτὸς,
3127 1051 3174 1113 ὦ
3197 1057 3496 1128 στρατηγὲ,
3528 1057 3860 1112 διασκευάο

2231 1166 2342 1212 σεις
2396 1149 2525 1212 τοὺς
2565 1149 2871 1220 δρόμωνας,
2923 1149 3000 1212 ὡς
3051 1148 3118 1203 ἂν
3173 1149 3249 1220 μὴ
3293 1149 3559 1204 ἐλάττονα
3595 1149 3860 1220 στρατὸν

2230 1241 2330 1313 ἔχῃ
2357 1243 2384 1295 ὁ
2413 1241 2684 1313 ἡμέτερος
2706 1241 2926 1312 δρόμων
2953 1241 3051 1294 τοῦ
3087 1240 3372 1312 πολεμίου,
3403 1243 3558 1306 ὅστις
3589 1242 3858 1312 μάλιστα

2229 1333 2311 1397 είς
2340 1332 2594 1387 ἰσόπαλον
2621 1331 2795 1386 ἐλθεῖν
2824 1332 3209 1404 εὐτρεπίζεται
3250 1333 3462 1404 μάχην,
3498 1332 3591 1386 διὰ
3622 1331 3730 1385 τοῦ
3761 1335 3858 1395 εἷς

2228 1425 2495 1495 ἀλλήλους
2523 1423 2748 1494 δεσμοῦ,
2782 1424 2898 1478 ἀλλ’
2923 1425 2973 1478 εί
3005 1425 3231 1479 δυνατὸν
3256 1426 3353 1481 καὶ
3381 1426 3641 1479 πλείονα.
3701 1425 3852 1496 Ἁμ-

2230 1516 2473 1587 φοτὲρων
2521 1515 2632 1587 γὰρ
2687 1517 2984 1588 ἀνδρείως,
3047 1521 3096 1573 εί
3125 1518 3310 1590 τύχοι,
3371 1517 3747 1590 μαχομένων,
3803 1519 3855 1570 οι

2230 1607 2480 1670 πλείονες
2506 1623 2671 1679 προτε
2679 1609 2745 1679 ρὴ
2753 1625 2960 1665 σουσιν.
3003 1667 3006 1670 ,

2337 1702 2402 1768 ζ’.
2458 1703 2588 1756 Ἐὰν
2625 1702 2735 1773 γὰρ
2775 1701 3008 1771 συνορᾷς
3041 1699 3186 1770 ἔχειν
3217 1700 3342 1766 τοὺς
3378 1701 3694 1774 πολεμίους
3751 1721 3856 1758 πο-

2231 1793 2644 1865 λυανδρούμενα
2693 1793 2855 1847 πλοῖα
2886 1792 2983 1846 καὶ
3017 1791 3240 1846 πλείονα
3274 1795 3510 1864 στρατὸν
3560 1797 3854 1866 ὑποδεχό-

2232 1899 2389 1954 μενα,
2421 1884 2705 1947 οὑσιώσεις
2736 1883 2849 1952 (15)
2877 1882 2974 1936 καὶ
2999 1882 3163 1946 αὐτὸς
3211 1884 3338 1948 τοὺς
3379 1885 3509 1949 σοὺς
3535 1886 3858 1957 δρόμωνας

2231 1976 2289 2030 ὲν
2321 1975 2540 2045 πλήθει.
2599 1973 2829 2047 Ἐκλέξῃ
2860 1974 2919 2027 δὲ
2959 1973 3069 2028 ἀπὸ
3115 1973 3334 2028 πάντων
3366 1977 3495 2039 τοὺς
3529 1977 3852 2048 ἀρίστους.

2231 2071 2325 2124 καὶ
2355 2070 2416 2133 ἐξ
2442 2068 2623 2124 αὐτῶν
2667 2067 2973 2135 ἑξοπλίσεις
2999 2067 3100 2138 τὴν
3145 2067 3428 2138 ἀρκοῦσαν
3455 2069 3714 2142 δύναμιν
3759 2073 3858 2127 ad

2228 2159 2528 2230 δρομώνων
2569 2159 2794 2214 τελείων
2821 2159 2914 2212 καὶ
2949 2157 3384 2228 ἀλκιμωτάτων·
3417 2159 3565 2216 ὥστε
3599 2163 3660 2216 εί
3698 2165 3856 2218 οὕτω

2229 2253 2407 2324 τύχοι,
2455 2254 2488 2324 ἦ
2519 2253 2630 2306 τῶν
2665 2252 2760 2306 δύο
2799 2251 2891 2307 τὸν
2922 2252 3154 2324 στρατὸν
3177 2253 3259 2316 είς
3286 2245 3385 2308 ⁴ἕνα
3416 2255 3778 2330 ὲμὸιϐἀσῃς,
3816 2260 3851 2329 ῆ

2229 2342 2294 2395 ἐκ
2324 2341 2542 2396 πάντων
2572 2339 2798 2412 ὲπιλέξῃ
2837 2341 2964 2404 τοὺς
3009 2341 3286 2412 ἀρίστους,
3323 2342 3401 2408 ὡς
3435 2344 3669 2417 εἴρηται
3691 2364 3710 2379 ο
3751 2350 3855 2401 καὶ

2229 2434 2556 2504 γενήσονται
2601 2429 2732 2503 ἄχρι
2786 2433 2883 2485 καὶ
2927 2433 3221 2496 διακοσίων
3271 2437 3630 2505 στρατιωτῶν
3673 2439 3711 2509 ἦ
3750 2443 3852 2493 καὶ

2231 2524 2402 2576 πλείω
2439 2522 2582 2576 κατὰ
2630 2522 2884 2594 δρόμωνα
2903 2540 2916 2553 ·
2943 2525 3021 2588 ὡς
3050 2524 3118 2578 ἀν
3146 2523 3246 2578 καὶ
3268 2525 3347 2596 τῷ
3378 2525 3578 2594 πλήθει
3612 2530 3724 2583 καὶ
3765 2531 3852 2601 τῷ

2232 2613 2454 2684 μεγέθει
2503 2615 2600 2668 καὶ
2640 2617 2716 2686 τῇ.
2749 2613 2989 2686 εὐψυχίᾳ·
3019 2614 3129 2668 τῶν
3163 2633 3223 2669 τε
3253 2617 3556 2689 δρομώνων
3587 2622 3692 2674 καὶ
3723 2624 3850 2677 τᾶν

2231 2707 2580 2776 στρατιωτῶν
2608 2706 3020 2778 καθυπέρτερος
3050 2707 3160 2762 τῶν
3186 2709 3474 2780 πολεμίων
3503 2713 3718 2768 πλοίων
3743 2732 3849 2783 γε-

2226 2799 2451 2869 νόμενος
2477 2799 2576 2852 σὺν
2603 2798 2724 2870 Θεῷ
2751 2799 2854 2871 τὴν
2885 2800 3005 2853 κατ’
3031 2799 3208 2855 αὐτῶν
3231 2801 3477 2874 ἐπιλήψῃ
3504 2805 3693 2875 νίκην.

2299 2889 2402 2962 ξη’.
2431 2891 2524 2943 Δεῖ
2547 2890 2602 2944 δέ
2629 2907 2686 2945 σε
2711 2891 2805 2946 καὶ
2830 2889 3189 2964 μικροτέρους
3214 2893 3519 2960 ἐξοπλίζειν
3535 2896 3845 2967 δράμωνας

2226 2984 2321 3037 καὶ
2367 2983 2768 3055 ἐλαφροτέρους
2810 2982 2921 3055 (16)
2951 2983 3061 3038 τῶν
3092 2984 3360 3055 συνήθων,
3392 2986 3532 3041 ὥστε
3567 2989 3662 3042 καὶ
3696 2990 3844 3043 διώ-

535 3091 650 3136 stes
681 3097 878 3151 capere
913 3084 1130 3153 possint
1168 3101 1182 3138 :
1236 3084 1322 3140 sin
1352 3085 1422 3140 ab
1464 3084 1719 3142 hostibus
1763 3085 2120 3151 invadantur,

2236 3093 2426 3140 κοντας
2459 3075 2904 3147 καταλαμϐάνειν
2935 3076 3065 3139 τοὺς
3085 3076 3400 3146 πολεμίους,
3430 3080 3522 3133 καὶ
3547 3079 3840 3151 διωκομέ-

535 3189 644 3228 non
674 3174 968 3243 capiantur
1004 3181 1210 3231 tamen.
1250 3175 1505 3246 Istasque
1553 3178 1619 3232 ad
1651 3179 2120 3248 opportunitatem

536 3265 798 3335 temporis
825 3279 1148 3329 conserves,
1208 3276 1268 3322 ut
1287 3268 1504 3339 possint
1529 3268 1614 3324 vel
1639 3269 1892 3326 hostibus
1921 3270 2122 3325 malum

535 3356 766 3420 inferre.
788 3359 876 3415 vel
935 3358 1226 3430 providere
1259 3369 1320 3415 ut
1353 3361 1568 3416 nullum
1602 3362 1810 3416 malum
1837 3362 1908 3418 ab
1945 3362 2124 3418 hosti-

533 3449 637 3504 bus
659 3450 963 3520 accipiant.

603 3541 695 3596 69.
733 3541 941 3598 Parvas
971 3558 1312 3616 magnasque
1343 3547 1598 3603 triremes
1631 3562 1731 3617 pro
1762 3547 2004 3603 hostium
2035 3563 2127 3602 ra-

532 3632 706 3697 tione,
733 3643 924 3688 contra
955 3650 1097 3705 quos
1133 3651 1350 3708 pugnas
1375 3637 1693 3708 apparabis.
1744 3635 1934 3708 Neque
1973 3639 2120 3694 enim

534 3725 938 3782 Saracenorum
959 3736 1012 3782 et
1031 3727 1464 3798 Bosphoriorum
1486 3728 1820 3800 Scytharum
1833 3731 2021 3786 eadem
2039 3737 2126 3786 est

532 3815 734 3871 classis
761 3819 1094 3887 apparatio:
1131 3818 1398 3874 Saraceni
1435 3819 1582 3874 enim
1619 3819 1924 3878 cumbariis
1947 3829 2119 3876 utnu-

534 3916 628 3961 tur
673 3906 1000 3977 majoribus,
1036 3917 1092 3964 et
1131 3909 1200 3964 ad
1233 3925 1458 3967 cursum
1499 3911 1858 3977 tardioribus,
1902 3915 2122 3987 Scythae

535 4007 719 4054 autem
765 4001 976 4056 acatiis
1012 4010 1248 4057 utuntur
1273 4003 1605 4072 minoribus,
1656 4006 2122 4076 expeditioribus,

532 4098 590 4144 et
625 4090 1010 4146 celerioribus.
1035 4089 1170 4147 Nam
1208 4107 1306 4163 per
1326 4091 1527 4151 ﬂuvios
1555 4095 1830 4166 quosdam
1863 4098 1918 4152 in
1949 4096 2122 4153 Euxi-

531 4197 666 4236 num
701 4191 931 4253 pontum
964 4185 1353 4256 prolabuntur,
1377 4201 1557 4259 neque
1583 4187 1893 4258 majoribus
1926 4189 2025 4244 hac
2051 4189 2118 4244 de

532 4283 700 4324 causa
733 4272 808 4325 uti
844 4281 1124 4341 poterunt.
1157 4275 1339 4346 Atque
1364 4275 1484 4333 haec
1520 4292 1552 4330 a
1590 4278 1751 4334 nobis
1776 4278 1847 4334 de
1871 4279 1991 4335 acie
2023 4281 2116 4334 in-

533 4363 796 4419 struenda
823 4365 1104 4422 dicantur.

2227 3185 2354 3230 νους
2377 3168 2452 3239 μὴ
2474 3169 3016 3238 καταλαμϐάνεσθαι,
3033 3169 3130 3222 καὶ
3148 3169 3374 3234 τούτους
3395 3169 3538 3240 ἔχειν
3561 3173 3620 3225 ὲν
3637 3173 3840 3244 καιρῷ

2226 3260 2326 3330 τῆς
2351 3259 2700 3331 ἁρμοζούσης
2729 3260 2913 3325 αὐτοῖς
2950 3259 3161 3330 χρείας,
3193 3259 3270 3324 ὡς
3303 3259 3556 3315 δύνασθαι
3585 3262 3840 3329 αὐτοὺς,

2225 3353 2259 3424 ἢ
2286 3351 2484 3424 δρᾶσαί
2512 3369 2566 3406 τι
2599 3352 2772 3407 κακδν
2801 3354 2916 3417 τοῖς
2947 3352 3183 3424 ἐχθροῖς,
3209 3352 3242 3426 ἢ
3282 3353 3353 3426 μὴ
3381 3353 3572 3408 παθεῖν
3600 3369 3654 3406 τι
3711 3371 3839 3409 κα-

2225 3445 2322 3499 κὸν
2351 3447 2484 3516 παρ’
2511 3444 2715 3500 αὐτῶν.

2295 3536 2395 3604 ξθ’.
2440 3538 2689 3609 Μικροὺς
2719 3537 2776 3591 δὲ
2802 3538 2896 3592 καὶ
2921 3538 3193 3610 μεγάλους
3219 3538 3510 3609 δρόμωνας
3535 3540 3684 3593 κατά
3720 3542 3850 3610 τὴν

2225 3627 2488 3698 ποιότητα
2533 3628 2642 3680 τῶν
2691 3627 2970 3698 πολεμίων
3016 3627 3188 3682 ἐθνῶν
3235 3628 3702 3692 κατασκευάσεις.
3739 3631 3820 3684 Οὐ

2224 3719 2335 3790 γὰρ
2383 3721 2414 3772 ὀ
2454 3718 2618 3782 αὐτός
2651 3720 2800 3773 ἐστιν
2834 3720 3020 3784 στόλος
3055 3719 3162 3773 τῶν
3210 3719 3416 3774 πλοίων
3457 3721 3568 3774 τῶν
3614 3739 3673 3774 τε
3713 3723 3826 3777 Σα-

2227 3811 2480 3882 ρακηνῶν
2529 3811 2855 3883 Βαρϐάρων,
2907 3811 3004 3866 καὶ
3051 3810 3164 3865 τῶν
3207 3811 3522 3882 λεγομένων
3580 3812 3833 3884 Βορείων

2223 3901 2464 3958 Σκυθῶν.
2493 3903 2561 3956 0i
2606 3902 2706 3974 μὲν
2737 3903 2846 3975 γάρ
2899 3903 3262 3976 κουμϐαρίοις
3313 3903 3556 3975 χρῶνται
3597 3905 3824 3976 μείζοσι

2223 3993 2320 4049 καὶ
2367 3993 2712 4067 ἀργοτέροις,
2763 3995 2812 4047 οἱ
2853 3993 3166 4066 Βάρϐαροι,
3215 3996 3265 4048 οἱ
3295 3995 3352 4050 δὲ
3395 3992 3511 4050 οἷον
3560 3997 3826 4060 ἀκατίοις

2225 4087 2477 4141 ἐλάττοσι
2527 4085 2626 4142 καὶ
2671 4086 3058 4158 ἐλαφροτέροις
3093 4088 3187 4141 καὶ
3229 4090 3473 4159 ταχινοῖς
3499 4091 3547 4142 οἱ
3586 4088 3823 4143 Σκύθαι.

2223 4177 2322 4230 Διά
2349 4176 2614 4247 ποταμῶν
2639 4176 2748 4248 γὰρ
2771 4177 2850 4240 είς
2880 4177 2972 4230 τὸν
3002 4175 3252 4242 Εὔξεινον
3276 4178 3646 4249 ἐμπίπτοντες
3681 4178 3825 4230 πόν-

2220 4284 2315 4320 τον
2359 4267 2420 4320 οὐ
2467 4266 2726 4320 δύνανται
2777 4267 2992 4337 μείζοσι
3050 4267 3366 4340 χρήσασθαι
3423 4269 3647 4334 πλοίοις.
3705 4269 3838 4325 Καὶν

2221 4358 2394 4413 ταῦτα
2435 4357 2534 4429 μὲν
2557 4359 2688 4429 περῒ
2714 4358 3078 4429 παρατάξεων
3116 4361 3384 4433 εἰρήσθω.

609 4453 695 4508 70.
737 4452 839 4509 Ubi
871 4471 1004 4513 vero
1029 4457 1318 4515 discedere
1343 4473 1374 4514 e
1397 4459 1587 4531 praelia
1617 4460 1851 4532 cegitas,
1881 4461 2114 4518 classem

2290 4458 2356 4507 θ’.
2422 4451 2592 4504 Ὅταν
2660 4449 2720 4504 δὲ
2771 4449 3156 4522 ἀπαλλαγῆναι
3218 4451 3396 4526 βούλῃ
3452 4453 3555 4525 τῆς
3605 4453 3818 4526 μάχης

532 4550 685 4598 tuam
711 4544 955 4614 lunahis,
989 4555 1157 4618 atque
1192 4549 1266 4604 ita
1297 4550 1589 4606 diseedes:
1629 4550 1944 4620 huiusmodi
1970 4553 2118 4608 enim

533 4632 732 4701 forma,
760 4638 1226 4706 quemadmodum
1273 4639 1620 4711 antiquiores
1671 4643 1896 4712 quidam
1945 4643 2121 4699 tradi-

533 4722 758 4789 derunt,
789 4736 902 4780 tum
936 4727 1001 4781 ad
1025 4732 1467 4800 progressiones,
1497 4741 1613 4788 tum
1640 4733 1708 4789 ad
1736 4733 2122 4792 discessiones

533 4815 868 4882 permultum
901 4818 1069 4873 valet.

602 4991 696 5051 7i.
737 4993 887 5050 Bello
923 4993 1037 5065 jam
1082 4994 1377 5061 conlecto,
1421 4995 1607 5050 omnia
1648 4996 1774 5052 belli
1828 4999 2004 5068 spolia
2049 5016 2120 5056 ex

536 5100 696 5156 aequo
730 5093 785 5141 et
808 5086 954 5142 bono
998 5087 1270 5143 militibus
1301 5087 1415 5144 tuis
1445 5086 1769 5153 distribues,
1808 5098 1862 5144 et
1893 5090 2120 5160 prandia

535 5179 854 5248 epulasque,
895 5191 949 5235 et
981 5181 1150 5236 multa
1181 5181 1434 5237 convivia
1461 5181 1786 5252 apparabis,
1819 5191 1875 5238 et
1906 5198 2003 5239 eos
2027 5183 2119 5254 qui

539 5286 600 5326 se
628 5272 685 5327 iu
725 5271 872 5329 bello
919 5282 1143 5330 strenue
1173 5282 1489 5346 gesserunt,
1518 5274 1826 5330 honoribus
1850 5275 2122 5346 praemiis-

539 5380 646 5432 que
692 5367 1073 5423 muneraberis
1124 5385 1138 5422 :
1185 5367 1280 5438 qui
1335 5367 1545 5438 aliquid
1603 5368 1778 5423 milite
1837 5368 2123 5441 indignum

543 5457 796 5523 gesserit,
825 5459 1096 5530 supplicio
1135 5474 1199 5516 ac
1233 5476 1396 5532 poena
1426 5472 1771 5517 coercentur.

2227 4543 2545 4617 μηνοειδῶς,
2570 4541 2646 4606 ὡς
2669 4543 2905 4614 εἴρηται,
2931 4543 3032 4613 τὴν
3054 4543 3364 4615 παράταξιν
3384 4545 3494 4600 τῶν
3515 4544 3822 4616 δρομὼνων

2223 4636 2456 4707 ποιήσας
2493 4633 2667 4698 οὕτως
2717 4633 3117 4706 ὑποχωρήσεις,
3153 4632 3242 4687 διὰ
3289 4634 3353 4688 τὺ
3381 4635 3624 4704 ἀσφαλὲς
3669 4629 3822 4689 εἶναι

2222 4727 2290 4783 τὸ·
2312 4725 2554 4780 τοιοῦτον
2607 4723 2796 4795 σχῆμα
2837 4726 2898 4778 ἐν
2937 4725 3056 4786 ταῖς
3101 4723 3387 4789 τοιαύταις
3421 4727 3516 4781 καὶ
3561 4726 3820 4798 προόδοις

2224 4821 2321 4874 καὶ
2369 4819 2774 4890 ὑποχωρήσεσι,
2811 4816 2888 4880 ὥς
2931 4834 3077 4882 τινες
3121 4818 3232 4873 τῶν
3285 4820 3532 4874 παλαιῶν
3603 4837 3823 4892 μαρτυ-

2227 4911 2383 4983 ροῦσι
2413 4908 2492 4980 τῷ
2517 4909 2705 4980 τρόπῳ
2738 4908 2914 4979 τούτῳ
2949 4909 3312 4980 χρησάμενοι.

2291 5007 2397 5055 οα¹.
2448 4997 2606 5054 Μετά
2654 4997 2712 5052 δὲ
2756 4999 2854 5070 τὴν
2908 4998 3065 5052 λύσιν
3101 4999 3199 5053 τοῦ
3233 5000 3476 5069 πολέμου
3499 5000 3618 5054 δέον
3649 5017 3738 5064 σε,
3770 4993 3822 5054 ὧ

2231 5092 2526 5164 στρατηγὲ,
2552 5091 2640 5159 τά,
2671 5091 2747 5154 ὡς
2775 5091 2951 5158 είκδς,
2994 5091 3330 5163 κερδηθίντα
3357 5092 3467 5146 ἀπὸ
3518 5092 3825 5147 τῶν-πολε-

2234 5182 2375 5253 μίων
2400 5183 2620 5252 λάφυρα
2653 5179 2715 5248 ἐξ
2745 5180 2862 5234 τσου
2895 5180 3238 5254 διαμερίζειν
3269 5183 3385 5245 τοῖς
3417 5182 3822 5252 στρατιώταις,

2230 5276 2327 5329 καὶ
2376 5275 2744 5345 ἁριστοποιεῖν
2803 5273 2902 5327 καὶ
2953 5273 3398 5346 φιλοφρονεῖσθαι
3449 5276 3670 5338 αὐτοὺς,
3719 5275 3824 5328 καὶ

2232 5365 2561 5421 πανδαισίαν
2614 5365 2888 5420 ποιεῖσθαι
2931 5366 3029 5422 καὶ
3073 5366 3310 5437 εὐωχίας
3357 5366 3439 5430 εἰς
3473 5368 3692 5431 αὐτοὺς,
3726 5369 3827 5422 καὶ

2232 5458 2359 5522 τοὺς
2407 5457 2510 5528 μὲν
2565 5457 3001 5530 ἀριστεύσαντας
3062 5459 3158 5514 καὶ
3212 5459 3436 5531 δωρεῶν
3498 5463 3597 5515 καὶ
3639 5460 3825 5532 τιμῶν

546 5545 800 5617 ἀξιῶσαι,
828 5552 954 5618 τοὺς
987 5552 1046 5606 δέ
1078 5571 1134 5607 τι
1163 5554 1386 5620 ἀνάξιον
1421 5555 1756 5627 στρατιώτου
1786 5556 2117 5627 ποιήσαντας
2145 5553 2476 5625 ἐπιτιμῆσαι
2501 5551 2755 5618 δεόντως.

2067 5645 2299 5704 NOTAE.

765 5737 1114 5808 ολύσιῶσεις.
1150 5741 1361 5808 Scribe,
1392 5741 1625 5807 ἰσὼσεις.

623 5801 734 5874 (16)
779 5804 858 5860 Ab
916 5801 1312 5880 ἐλαφροτέρους
1347 5801 1554 5884 ἰιειμιο
1585 5801 1678 5872 ἰλιι
1742 5817 1905 5890 tinem
1939 5816 2103 5889 hujus
2128 5813 2546 5874 constitutionis
2573 5813 2713 5872 nihil
2746 5813 2944 5887 legitur
2973 5815 3031 5872 in
3050 5813 3245 5874 codice
3309 5812 3704 5872 Laurentiano.
