3964 6206
215 341 352 407 1013

1279 324 1622 388 TACTICA.
1651 347 1723 362 --
1757 321 2268 385 CONSTITUTIO
2298 324 2430 383 XX.

3343 327 3485 397 10M

279 452 378 523 οβ’.
404 448 544 504 ἰσθι
566 447 647 513 δὲ,
669 439 714 498 ὦ
733 442 1030 514 στρατηγὲ,
1049 443 1133 496 ὃτι
1156 438 1364 509 πλῆθος
1382 435 1680 510 δρομώνων
1704 435 1794 489 ἀνι

1975 436 2066 490 72.
2109 435 2405 492 Multitudo
2426 435 2736 492 triremium
2770 437 2998 509 ignavos
3017 439 3173 497 viros
3199 443 3485 502 continen-

208 546 433 615 ἀνδρους
457 540 692 611 ἐχόντων
717 533 1059 607 στρατιώτας
1076 533 1228 587 οὐδὲν
1248 529 1446 601 ἰσχύει,
1475 528 1586 582 οὐδ’
1611 528 1680 582 ἂν
1701 527 1797 580 καὶ

209 637 345 706 πρὸς
357 634 569 702 ὀλίγους
592 631 946 699 μαχήσωνται
966 627 1092 689 τοὺς
1113 623 1390 686 ἐναντίους
1407 619 1682 690 ἀνδρείους,
1701 618 1797 673 καὶ

208 727 494 802 εὐψύχους.
528 721 667 776 Οὔτε
690 720 801 791 γὰρ
826 717 1168 789 πολυπληθία
1189 715 1401 786 ἀνδρῶν
1431 713 1575 767 κατά
1594 711 1796 780 ὀλίγων

213 819 443 887 ἰσχύσει,
477 815 528 866 εί
554 812 629 882 μὴ
655 813 750 864 καὶ
777 814 845 881 τῇ
879 809 1162 882 προθυμίᾳ
1187 808 1280 861 καὶ
1296 809 1363 878 τῇ
1386 805 1602 860 ὁπλίσει
1625 814 1794 874 στρα-

207 911 401 964 τιῶται
421 905 640 976 ἀληθεῖς
661 903 1102 957 ἀποδείκνυνται.
1127 899 1193 952 Τί
1215 899 1324 969 γὰρ
1347 898 1448 952 οὐκ
1469 897 1794 968 ἐργάσονται

209 1000 378 1055 δεινὸν
392 997 489 1052 καὶ
505 996 678 1063 ὀλίγοι
695 993 851 1046 λύκοι
867 993 1006 1063 πρὸς
1025 991 1224 1054 πολλάς
1242 988 1487 1061 χιλιάδας
1508 987 1760 1057 ποιμνίου
1777 1003 1794 1054 ;

280 1097 379 1160 ογ¹.
441 1088 532 1141 Διὸ
592 1086 700 1158 χρή
751 1101 812 1138 σε
876 1085 1012 1155 ὀρᾷν
1043 1082 1262 1136 ἅπαντα
1289 1080 1456 1150 ῐμετά
1506 1077 1794 1148 ἀκριϐείας

214 1185 430 1252 ἀπάσης
478 1179 546 1234 τὰ
592 1179 701 1231 τῶν
749 1174 983 1247 ἐχθρῶν,
1033 1174 1109 1238 ὼς
1135 1173 1460 1236 διάκεινται,
1497 1170 1595 1224 καὶ
1621 1169 1796 1234 οῶως

208 1277 309 1346 τήν
335 1291 393 1329 τε
427 1271 536 1326 τῶν
568 1267 920 1341 στρατιωτῶν
969 1266 1206 1332 ὅπλισιν,
1253 1265 1348 1318 καὶ
1375 1264 1436 1318 τὸ
1461 1261 1666 1334 πλῆθος
1693 1261 1794 1315 αύ-

209 1367 321 1421 τῶν
355 1365 450 1418 καὶ
473 1363 536 1416 τὸ
568 1361 818 1433 μέγεθος,
856 1360 950 1412 καὶ
978 1358 1050 1412 τὰ
1078 1358 1217 1413 ἄλλα
1245 1355 1662 1425 ἐπιτηδεύματα
1689 1356 1791 1427 ἀρ-

215 1456 414 1528 μοδίως
441 1454 582 1508 κατὰ
610 1454 718 1505 τῶν
749 1450 1012 1506 ἐναντίων
1037 1448 1508 1522 παρασκευάζειν.

280 1543 372 1596 οδ’.
404 1543 590 1612 Ἐχειν
612 1541 668 1594 δὲ
699 1540 795 1594 καὶ
828 1540 1059 1612 μικροὺς
1085 1539 1367 1609 δρόμωνας
1385 1538 1482 1591 καὶ
1506 1539 1714 1608 ταχεῖς,
1731 1539 1794 1591 οὐ

209 1633 349 1709 πρὸς
383 1633 618 1704 πόλεμον
658 1632 1122 1702 ἐξωπλισμένους,
1189 1631 1327 1684 ἀλλά
1375 1630 1514 1702 ergo;
1553 1630 1656 1694 τὰς
1707 1628 1793 1700 βιί-

205 1726 368 1793 γλας,
417 1726 514 1780 καὶ
563 1725 632 1778 τὰ
682 1725 949 1796 μανδάτα,
997 1725 1222 1788 καὶτὰς
1252 1723 1419 1788 ἄλλας
1463 1721 1792 1786 ἀπαντώσας
1813 1749 1870 1796 -κ

205 1816 411 1886 ὁμοίως
439 1816 650 1887 χρείας.
691 1816 800 1868 Καὶ
834 1814 953 1867 ἐστι
995 1815 1065 1869 τά
1111 1831 1174 1867 τε
1222 1814 1460 1884 μονήρια
1492 1813 1790 1883 λεγόμενα,

207 1906 306 1959 καὶ
339 1905 436 1966 τὰς
465 1905 687 1974 γαλέας,
738 1903 880 1972 πλὴν
915 1903 1010 1957 καὶ
1044 1903 1246 1966 αὐτοὺς
1293 1903 1574 1968 ἐνόπλους,
1607 1900 1704 1955 διὰ.
1725 1899 1798 1953 τά

207 1997 464 2068 τυχηρῶς
499 1995 905 2065 συμπίπτοντα.

278 2093 370 2144 os'.
403 2090 512 2142 Καὶ
543 2092 598 2141 σὲ
621 2087 679 2141 δὲ
703 2089 865 2142 αὐτὸν
888 2087 978 2141 διὰ
997 2087 1216 2143 πάντων
1234 2081 1375 2141 εἶναι
1396 2086 1481 2139 δεῖ
1507 2085 1797 2140 σπουδαῖον

204 2179 303 2232 καὶ
350 2179 597 2246 γενναῖον
647 2179 743 2231 καὶ
790 2177 1069 2248 ἀτάραχον
1103 2177 1200 2232 κα).
1243 2176 1370 2241 ὀξὺν
1401 2177 1462 2228 ἓν
1495 2177 1618 2237 ταῖς
1661 2176 1793 2228 dva-

201 2271 434 2340 γκαίαις
475 2269 712 2340 μάλιστα
751 2269 858 2322 τῶν
900 2271 1248 2340 πραγμάτων
1293 2265 1684 2338 ἐγχεῳήσεσίν
1733 2282 1794 2318 τε

204 2364 306 2417 καὶ
346 2361 608 2432 πράξεσιν
638 2361 725 2414 ἵνα
754 2361 846 2414 καὶ
878 2359 999 2431 Θεῷ
1048 2361 1364 2432 εὐάρεστος,
1409 2361 1508 2412 καὶ
1551 2360 1619 2428 τῇ
1657 2359 1797 2428 ἡμε-

202 2453 346 2524 τέρᾳ
392 2455 457 2506 ὲκ
499 2451 636 2506 Θεοῦ
676 2452 926 2524 βασιλείᾳ
980 2453 1281 2524 εὔχρηστός
1333 2468 1392 2504 τε
1440 2450 1536 2504 καὶ
1571 2450 1795 2519 δόκιμος

205 2546 508 2614 ἀναφανεὶς
564 2545 870 2617 στρατηγὸς
926 2543 1324 2614 ἀμφοτέρωθεν
1357 2542 1635 2612 κερδήσῃς
1696 2541 1794 2605 τὰς

207 2637 369 2702 ἀξίας
399 2636 505 2688 τῶν
534 2635 712 2688 πόνων
738 2634 995 2705 ἀμοιϐάς,
1024 2636 1088 2686 ἐκ
1112 2632 1248 2686 Θεοῦ
1280 2633 1378 2702 μὲν
1407 2632 1634 2701 μισθοὺς
1659 2632 1796 2685 ἀθαο

208 2729 404 2792 νάτους
456 2727 598 2798 ὑπὲρ
628 2728 726 2798 τῆς
753 2725 920 2782 αὐτοῦ
967 2724 1336 2796 κληρονομίας
1366 2722 1790 2792 ἀγωνιζόμενος,

210 2818 276 2882 ἐξ
303 2820 334 2887 ἡ
345 2816 459 2886 μῶν
484 2816 539 2869 δὲ
568 2814 850 2885 καὶτιμὰς
887 2816 982 2867 καὶ
1012 2813 1220 2884 δωρεὰς
1250 2812 1352 2876 τὰς
1383 2811 1817 2882 προσηκούσας,-

214 2908 296 2979 μὴ
330 2908 655 2978 ψευδόμενος
698 2906 796 2974 τὴν
826 2905 1042 2975 κλῆσιν,
1081 2903 1198 2956 ἀλλ’
1242 2902 1451 2973 ἀληθὴς
1486 2903 1793 2974 στρατηγὸς

210 2997 312 3050 καὶ
353 2997 428 3048 ὣν
466 2997 558 3050 καὶ
613 2992 970 3065 καλούμενος,
998 2992 1238 3045 τοσαῦτα
1285 2993 1381 3044 καὶ
1410 2993 1540 3061 περὶ
1576 3007 1794 3060 ναυμα-

213 3087 341 3157 χίας
369 3085 442 3150 ώς
467 3088 524 3140 ὲν
565 3085 784 3153 συνόψει
817 3084 916 3153 μὲν
943 3082 1180 3153 μετρίως
1209 3081 1470 3152 εἰρήσθω,

707 3175 1017 3230 ΔιΑτΑΞιΣ
1056 3172 1120 3229 ις’
1156 3175 1292 3244 (l7).

401 3269 543 3338 Περί
569 3267 872 3338 διαφόρων
901 3266 1211 3339 γνωμικῶν
1235 3267 1602 3336 κεφαλαίων.
1711 3307 1722 3317 .

286 3361 356 3418 α’.
399 3363 555 3416 Μετὰ
601 3361 658 3414 δὲ
709 3362 806 3424 τὰς
835 3359 1133 3430 είρημὲνας
1185 3358 1562 3435 παραγγελίας
1599 3372 1657 3408 τε
1700 3355 1798 3410 καὶ

212 3456 509 3521 διατάξεις,
541 3449 586 3507 ὦ
629 3451 921 3524 στρατηγὲ,
957 3450 1135 3519 χρεὼν
1162 3451 1230 3518 τῇ
1263 3451 1329 3517 σῇ
1362 3445 1668 3514 ὲνδοξότητι
1700 3445 1799 3496 καὶ

211 3551 335 3610 ταῖς
361 3547 463 3617 ήδη
488 3542 889 3615 ρηθησομέναις
915 3538 1188 3608 ἐγκρύψαι
1207 3536 1477 3608 γνώμαις,
1496 3535 1560 3598 ἃς
1579 3536 1646 3587 ἐκ
1670 3532 1802 3586 πο).-

211 3641 324 3696 λῶν
373 3638 618 3694 παλαιῶν
653 3635 749 3691 καὶ
784 3632 1168 3706 στρατηγικῶν
1212 3629 1610 3698 συνταγμάτων
1657 3627 1802 3679 ἀνα-

213 3734 504 3804 λεξάμεναι
551 3728 826 3798 συνόψεως
865 3729 1026 3797 χάριν
1067 3723 1176 3778 τῶν
1213 3722 1522 3793 εἰρημένων
1564 3715 1798 3770 ἐνταῦθα

216 3821 714 3896 παρατεθείκαμεν.
773 3819 867 3872 Ἐκ
907 3815 1114 3870 τούτων
1151 3814 1262 3885 γὰρ
1292 3813 1390 3866 καὶ
1423 3811 1518 3864 ἐπὶ
1547 3809 1646 3873 τὰς
1679 3805 1798 3876 μεί⁹

217 3918 379 3984 ζονας
412 3912 639 3986 πράξεις
685 3911 784 3982 τῆς
830 3908 1096 3979 τακτικῆς
1131 3906 1366 3977 θεωρίας
1400 3902 1667 3972 ἀναὸῆναι
1701 3901 1797 3955 δυ-

216 4009 381 4082 νήσῃ,
416 4006 558 4060 κατά
585 4005 677 4058 τὸν
701 4003 866 4074 σοφὸν
900 4000 1312 4074 Παροιμιαστὴν
1340 3997 1568 4071 βασιλέα
1593 4012 1607 4026 ·
1639 3993 1798 4065 Σοφῷ

216 4101 328 4171 γὰρ
359 4100 515 4169 ἀνδρὶ
538 4097 762 4169 ἀφορμὴ
785 4097 1036 4168 διδομένη
1064 4095 1372 4166 σοφώτερον
1394 4091 1792 4161 ἀπεργάζεται.

293 4191 361 4257 β’.
404 4187 493 4241 Ἐν
540 4187 778 4256 πρώτοις
819 4187 920 4258 μὲν
941 4188 1211 4256 ἐγχειρεῖν
1244 4185 1451 4256 μέλλων
1481 4181 1798 4251 ἀναγκαίων

224 4278 587 4354 πραγμάτων,
635 4271 680 4329 ὦ
721 4279 1029 4346 στρατηγὲ,
1069 4277 1145 4348 μὴ
1194 4275 1396 4346 χώριζε
1438 4273 1664 4327 σεαυτὸν
1701 4271 1798 4326 τοῦ

224 4371 460 4442 πλήθους
507 4367 616 4422 τῶν
665 4367 722 4419 ὲν
754 4369 866 4430 τοῖς
921 4365 1101 4438 ἔργοις
1149 4365 1476 4429 πονούντων,
1522 4362 1660 4416 ἀλλὰ
1701 4363 1799 4416 καὶ

1896 531 2034 585 tium
2076 530 2291 586 nullius
2317 529 2578 584 momenti
2607 538 2714 594 est,
2757 544 2829 586 ne
2873 530 2920 587 si
2973 530 3239 591 adversus
3271 549 3482 606 paucos

1895 623 2121 693 quidem
2166 636 2232 678 ac
2273 629 2532 678 strenuos
2559 620 2935 677 dimicandum
2983 622 3076 679 sit.
3116 622 3304 695 Neque
3333 627 3479 682 enim
3551 645 3555 648 ·

1899 714 2255 771 multitudine
2280 715 2525 770 virorum
2549 721 2646 768 aut
2678 713 2954 784 paucitate
2976 714 3181 770 bellum
3207 718 3479 784 cernitur,

1897 806 1992 862 sed
2040 807 2325 863 alacritate
2376 813 2430 861 et
2477 805 2804 861 strenuitate
2845 806 3046 862 milites
3080 807 3196 864 veri
3256 808 3485 864 demon-

1897 905 2171 953 strantur.
2215 897 2359 964 Quid
2389 895 2537 953 enim
2570 897 2698 952 mali
2733 912 2844 953 non
2887 897 3124 954 inferent
3170 899 3328 970 pauci
3369 900 3486 972 lupi

1897 1003 2201 1061 permagna
2229 985 2380 1058 gregi
2406 987 2632 1042 ovium?

1933 1120 1936 1124 ί
1971 1080 2060 1135 73.
2101 1080 2290 1150 Itaque
2320 1093 2410 1135 res
2438 1079 2682 1135 hostium
2729 1079 3024 1152 diligenter
3063 1081 3161 1139 abs
3195 1089 3249 1140 te
3296 1081 3484 1154 perlu-

1897 1172 2140 1228 stranda
2203 1178 2354 1237 sunt,
2403 1179 2457 1227 et
2508 1186 2612 1242 pro
2645 1170 2867 1226 illorum
2901 1171 3117 1230 ratione
3174 1175 3481 1231 triremium

1897 1275 2240 1335 apparatum,
2285 1263 2524 1319 militum
2567 1271 2930 1332 armaturam,
2964 1264 3376 1322 multitudinem
3417 1268 3485 1322 il-

1896 1358 2072 1412 lorum
2100 1366 2156 1412 et
2183 1357 2618 1428 magnitudinem
2642 1397 2656 1422 ,
2715 1356 3034 1428 reliquaque
3068 1358 3256 1414 omnia
3285 1359 3484 1417 idonee

1895 1451 2160 1505 adversus
2185 1463 2386 1505 omnes
2408 1447 2766 1520 praeparabis.

1968 1543 2056 1597 74.
2083 1540 2297 1598 Habeas
2314 1542 2368 1595 in
2392 1549 2646 1612 promptu
2677 1541 3144 1611 parvastriremes
3163 1553 3217 1600 et
3240 1561 3482 1612 crassas,

1894 1646 2004 1686 non
2036 1631 2105 1685 ad
2141 1629 2342 1686 bellum
2374 1640 2646 1692 armatas,
2696 1630 2791 1686 sed
2844 1630 2910 1685 ad
2949 1634 3217 1690 excubias
3246 1644 3300 1692 et
3332 1651 3485 1692 com-

1894 1731 2135 1778 meatum
2167 1736 2231 1777 ac
2265 1721 2540 1791 reliquum
2578 1735 2739 1777 usum
2788 1721 3088 1779 bellicum:
3125 1735 3178 1781 et
3201 1727 3368 1784 unius
3393 1743 3483 1784 re-

1900 1798 2116 1869 morum
2149 1813 2372 1869 ordinis
2395 1827 2591 1878 naves,
2623 1827 2769 1882 quas.
2807 1815 2994 1884 galeas
3025 1823 3248 1886 vocant,
3277 1833 3485 1891 easque

1899 1907 2070 1962 armis
2098 1907 2402 1962 instructas
2424 1907 2491 1961 ad
2516 1921 2738 1962 omnem
2763 1907 2895 1962 belli
2921 1917 3202 1965 eventum.

1972 2083 2062 2139 75.
2104 2082 2184 2137 'l‘u
2232 2093 2364 2139 vero
2405 2083 2523 2154 ipse
2565 2085 2622 2141 in
2669 2083 2931 2139 omnibus
2972 2083 3284 2142 industrius
3338 2093 3482 2144 stre-

1899 2187 2153 2245 nuusquc
2198 2174 2299 2241 sis,
2325 2183 2379 2230 et
2411 2189 2540 2230 acer
2567 2175 2901 2245 sedatusque
2939 2176 2993 2230 in
3025 2176 3283 2232 omnibus
3315 2178 3484 2234 rebus

1899 2267 2280 2337 aggrediendis
2305 2275 2471 2338 atque
2493 2267 2855 2334 instruendis,
2882 2276 2943 2323 ut
2976 2267 3090 2324 Deo
3111 2270 3496 2340 complacitus.

1899 2360 2275 2430 probatusque
2325 2360 2424 2418 llas
2459 2360 2788 2431 imperator,
2828 2368 2883 2416 et
2925 2361 3183 2432 utrinque
3227 2361 3479 2416 laborant

1891 2444 2146 2524 reportes
2167 2452 2390 2526 dignam
2427 2455 2735 2510 mercedem
2756 2495 2772 2520 ,
2804 2469 2835 2508 a
2864 2452 2976 2510 Deo
3004 2455 3225 2525 quidem
3254 2454 3483 2508 immor-

1897 2546 2085 2609 talem,
2111 2546 2241 2616 quia
2271 2545 2394 2615 ejus
2420 2553 2626 2602 sortem
2680 2545 3110 2618 religionemque
3141 2561 3483 2617 propuguas,

1896 2653 1926 2690 a
1961 2637 2118 2692 nobis
2150 2651 2280 2691 vero
2317 2650 2544 2691 munera
2573 2637 2922 2708 honoresque
2952 2638 3204 2704 idoneos,
3232 2637 3483 2694 vocatio-

1897 2742 2019 2780 nem
2054 2735 2206 2780 tuam
2243 2727 2395 2780 nullo
2427 2726 2591 2780 modo
2625 2727 2927 2790 frustratis,
2983 2729 3079 2783 sed
3124 2745 3184 2783 re
3228 2737 3283 2784 et
3314 2729 3483 2785 verbo

1894 2833 2058 2873 verus
2113 2818 2414 2887 imperator
2459 2817 2536 2874 sis
2585 2825 2750 2888 atque
2819 2818 3097 2874 habeatis.
3150 2818 3217 2874 Et
3257 2820 3373 2874 haec
3417 2819 3486 2875 de

1896 2912 2079 2966 navali
2127 2911 2316 2982 praelia
2365 2926 2466 2982 pro
2531 2911 2822 2970 brevitatis
2875 2914 3092 2971 ratione
3143 2914 3291 2972 satis
3337 2913 3490 2970 dicta

1897 3004 2028 3058 sint.

2363 3177 2834 3237 CONSTITUTIO
2896 3178 3017 3238 XX.

2008 3273 2346 3328 Diversarum
2379 3275 2766 3328 sententiarum
2799 3273 3116 3326 militarium
3145 3289 3376 3328 summa.

1972 3367 2026 3420 l.
2070 3365 2338 3436 Deinceps
2366 3373 2488 3436 post
2523 3365 2636 3419 haec
2671 3373 2940 3434 praecepta
2968 3365 3491 3436 institutionesque,

1899 3459 1954 3511 in
2001 3458 2104 3511 has
2153 3456 2458 3511 sententias
2507 3456 2800 3526 diligenter
2836 3457 3167 3525 intueberis,
3220 3473 3358 3529 quas
3415 3473 3486 3514 ex

1900 3548 2090 3603 multis
2118 3557 2170 3601 et
2202 3547 2448 3617 antiquis
2489 3545 2556 3601 de
2599 3563 2658 3602 re
2693 3549 2918 3604 militari
2952 3550 3110 3607 libris
3142 3551 3488 3624 collegimus,

1902 3649 1957 3696 et
2011 3639 2100 3693 hic
2127 3639 2410 3696 brevitatis
2449 3655 2616 3695 causa
2653 3641 3054 3697 collocavimus
3084 3658 3099 3695 :
3133 3659 3197 3699 ex
3237 3645 3304 3700 iis
3335 3647 3483 3700 enim

1903 3732 1970 3788 ad
2009 3731 2275 3801 majorem
2319 3731 2395 3786 rei
2432 3731 2688 3788 militaris
2719 3732 3008 3788 scientiam
3062 3734 3348 3804 pervenire
3388 3751 3486 3805 po—

1900 3825 2036 3881 teris
2070 3843 2082 3879 :
2115 3823 2578 3895 quemadmodum
2631 3825 2853 3896 sapiens
2901 3841 2993 3881 rex
3052 3826 3489 3886 Proverbiorum

1898 3916 2423 3974 conlicientissimus
2471 3916 2605 3972 dicit
2635 3933 2653 3970 :
2684 3917 2813 3972 Haec
2847 3917 3020 3984 enim,
3049 3919 3094 3972 si
3142 3919 3363 3989 sapiens
3401 3919 3488 3976 vir

1897 4024 2008 4065 non
2039 4008 2204 4075 adsit,
2237 4008 2627 4081 sapientiorem
2659 4018 2842 4066 tamen
2867 4021 2919 4066 te
2948 4011 3210 4066 facient‘.

1971 4189 2027 4243 2.
2072 4187 2127 4242 lu
2155 4187 2348 4258 primis
2378 4195 2562 4242 autem
2603 4183 2827 4258 aliquod
2878 4190 3158 4258 negotium
3191 4196 3487 4260 susceptu-

1899 4295 2018 4344 rus,
2056 4294 2123 4334 ne
2154 4289 2204 4334 te
2239 4280 2307 4334 ab
2350 4279 2417 4334 iis
2447 4293 2702 4349 segreges
2731 4275 2823 4345 qui
2865 4276 3105 4332 laborem
3141 4275 3375 4347 alicujus
3407 4277 3492 4333 rei
3527 4265 3541 4276 ’

1900 4373 2255 4430 conﬁciendae
2289 4372 2627 4443 suscipiunt,
2663 4369 2759 4426 sed
2786 4377 2839 4426 et
2871 4369 2989 4440 ipse
3015 4384 3235 4441 quoque
3267 4371 3488 4426 labora-

223 4467 381 4529 αὐτὸς
404 4463 654 4533 ἀπάρχου
683 4458 790 4512 τῶν
819 4458 1076 4512 τοιούτων
1102 4457 1493 4526 ἐγχειρήσεων,
1526 4455 1620 4506 καὶ
1655 4467 1796 4523 συμο

1907 4467 2010 4530 bis,
2061 4475 2115 4522 et
2141 4465 2268 4521 illos
2297 4472 2565 4536 quantum
2600 4473 2762 4534 potes
2789 4463 2844 4518 in
2871 4475 3036 4533 Opere
3067 4461 3318 4518 faciendo
3357 4477 3488 4532 pro-

223 4560 372 4613 πόνει
409 4559 521 4620 τοῖς
552 4556 732 4626 ἔργοις
766 4552 909 4605 κατά
932 4551 990 4604 τὸ
1019 4548 1248 4602 δυνατόν
1290 4564 1392 4607 σοι,
1419 4545 1528 4598 εἴτε
1555 4545 1796 4616 τάφρους

1907 4558 2178 4619 movebis,
2211 4557 2328 4613 sive
2361 4556 2544 4612 fossas
2575 4555 2766 4620 duces,
2803 4554 2918 4611 sive
2949 4569 3046 4612 eas
3080 4554 3278 4612 ductas
3323 4571 3489 4625 exag-

222 4651 502 4720 ὀρύσσεις,
530 4649 639 4700 εἴτε
685 4641 1113 4715 προσχωννύεις,
1149 4641 1204 4692 εί
1226 4651 1285 4693 τε
1308 4638 1651 4709 πολιορκίαις
1674 4639 1796 4691 ἐπι-

1907 4667 2084 4721 geres,
2122 4651 2235 4705 sive
2258 4648 2640 4713 obsidionem,
2675 4649 2795 4703 sive
2824 4662 3105 4702 armorum
3136 4655 3490 4718 apparatum,

224 4743 458 4805 ϐάλλεις,
482 4744 590 4794 εἴτε
611 4741 791 4794 ὃπλων
815 4737 1198 4798 κατασκευαῖς,
1223 4732 1331 4784 εἴτε
1362 4731 1795 4802 μηχανημάτων,

1907 4743 2022 4799 sive
2052 4727 2522 4796 machinationum
2568 4740 2991 4796 instructionem
3045 4739 3330 4807 adhibeas,
3371 4739 3494 4795 sive

225 4833 338 4888 εἴτε
385 4833 661 4904 φρουρίων
707 4829 963 4890 ἁλώσεαι,
1010 4825 1149 4896 πρὸς
1176 4826 1282 4879 εἰτι
1324 4823 1483 4895 ἔργον
1540 4822 1796 4895 χρειῶδες

1907 4834 2128 4889 castella
2160 4833 2424 4904 capienda
2463 4831 2564 4887 tibi
2601 4833 2730 4896 sint,
2787 4834 2903 4888 sive
2943 4831 3164 4903 aliquod
3208 4846 3350 4902 opus
3379 4846 3486 4902 pu~

227 4923 532 4994 ἐπινοήσεις
567 4922 662 4974 καὶ
710 4918 1037 4987 κοινωφελὲς
1062 4918 1096 4988 ἢ
1135 4917 1310 4982 πόλει,
1357 4917 1394 4988 ἢ
1425 4915 1796 4988 στρατεύματι

1907 4926 2100 4982 blicum
2135 4937 2298 4997 atque
2323 4924 2458 4980 utile
2496 4925 2920 4997 excogitaveris,
2983 4935 3078 4980 aut
3105 4925 3160 4978 in
3185 4925 3500 4980 exercitum

228 5019 699 5091 πραχθησόμενον,
745 5016 938 5070 τούτου
983 5018 1174 5088 χερσὶν
1221 5018 1334 5086 (l8)
1374 5016 1531 5078 ἰδίαις
1582 5015 1796 5086 πρῶτος

1907 5027 1996 5071 aut
2022 5017 2074 5071 in
2103 5017 2388 5072 civitatem.
2413 5013 2758 5082 faciendum,
2818 5017 2918 5070 hoc
2943 5016 3179 5085 primum
3226 5015 3338 5070 tuis
3367 5028 3491 5068 ma-

229 5114 499 5184 ἀπάρχου.
543 5113 642 5166 Ἐκ
685 5108 878 5164 τούτου
927 5109 1037 5181 γὰρ
1061 5109 1251 5180 ὥσπερ
1283 5107 1590 5178 αἰδούμενοι
1627 5108 1728 5160 καὶ
1753 5107 1796 5159 oi

1907 5110 2068 5164 nibus
2103 5108 2377 5178 incipias:
2408 5123 2532 5162 nam
2569 5107 2648 5161 illi
2683 5107 2738 5161 in
2793 5107 3058 5178 pudorem
3099 5103 3494 5176 conjicientur,

231 5205 556 5277 στρατιῶται
600 5202 929 5276 θερμότερόν
984 5219 1066 5256 σοι
1114 5201 1546 5265 ὑπακούσονται,
1586 5200 1681 5252 καὶ
1742 5198 1796 5252 τὲ

1907 5202 2014 5257 nisi
2041 5202 2096 5255 in
2129 5217 2295 5270 opere
2321 5203 2611 5272 diligentes
2651 5200 2874 5266 iuerint,
2904 5209 2959 5256 et
2988 5199 3226 5254 alacrius
3259 5197 3358 5253 tibi
3389 5197 3488 5252 ob-

230 5298 600 5369 πραττόμενον
644 5295 1031 5367 εὐχερέστερον
1076 5294 1483 5364 τελεσθήσεται,
1525 5293 1589 5346 El
1619 5291 1676 5346 δέ
1718 5309 1796 5356 τις

1909 5294 2310 5363 temperabunt,
2343 5301 2397 5346 et
2431 5294 2710 5363 negotium
2744 5301 3063 5362 susceptum
3108 5290 3328 5345 facilius
3355 5303 3490 5344 con-

227 5389 317 5444 καὶ
342 5389 451 5443 τῶν
479 5387 798 5458 ἑπιτηδείων
821 5387 1023 5451 σπάνις
1051 5385 1240 5456 eam
1251 5401 1352 5450 σει,
1390 5383 1604 5455 πρῶτος
1637 5382 1796 5447 αὐτὸς

1911 5383 2144 5439 ﬁcietur.
2183 5382 2278 5438 Sin
2330 5383 2510 5453 aliqua
2560 5391 2900 5439 commeatus
2941 5382 3127 5453 inopia
3175 5379 3486 5438 exercitum

299 5566 311 5596 '
355 5566 514 5621 Prov.
542 5582 578 5628 ι,
617 5565 684 5631 5;
713 5580 805 5631 xx,
837 5566 891 5622 5.

1721 5651 1948 5711 NOTAE}.

294 5751 404 5823 ll?)
440 5753 496 5806 ln
525 5751 717 5809 codice
742 5753 1001 5808 Laurent.
1034 5758 1115 5808 est
1141 5765 1258 5821 cap.
1309 5752 1387 5805 l8.
1969 5747 2080 5817 (l8)
2122 5744 2361 5815 Xepclr.
2399 5744 2776 5810 Scribebatur,
2811 5741 2979 5813 χεσέν.
