  <div class='ocr_page' id='page_1' title='image "/cluster/home/n/w/nwhite01/storage/ocr_20150623/107/hvd.32044073502338/551.png"; bbox 0 0 4036 6218; ppageno 0'>
   <div class='ocr_carea' id='block_1_1' title="bbox 372 264 617 343">
    <p class='ocr_par' dir='ltr' id='par_1_1' title="bbox 372 264 617 343">
     <span class='ocr_line' id='line_1_1' title="bbox 372 264 617 343; baseline -0.008 -12"><span class='ocrx_word' id='word_1_1' title='bbox 372 340 375 343; x_wconf 58' lang='grc'>,</span> <span class='ocrx_word' id='word_1_2' title='bbox 475 264 617 332; x_wconf 85' lang='lat'><strong>1015</strong></span> 
     </span>
    </p>
   </div>
   <div class='ocr_carea' id='block_1_2' title="bbox 1706 237 3792 312">
    <p class='ocr_par' dir='ltr' id='par_1_2' title="bbox 1706 237 3792 312">
     <span class='ocr_line' id='line_1_2' title="bbox 1706 237 3792 312; baseline -0.003 -2"><span class='ocrx_word' id='word_1_3' title='bbox 1706 249 1979 312; x_wconf 86' lang='lat' dir='ltr'><strong>LEONIS</strong></span> <span class='ocrx_word' id='word_1_4' title='bbox 2017 246 2480 311; x_wconf 82' lang='lat' dir='ltr'><strong>PHILOSOPHI</strong></span> <span class='ocrx_word' id='word_1_5' title='bbox 3608 237 3792 305; x_wconf 79' lang='lat'><strong>1016</strong></span> 
     </span>
    </p>
   </div>
   <div class='ocr_carea' id='block_1_3' title="bbox 475 357 2077 440">
    <p class='ocr_par' dir='ltr' id='par_1_3' title="bbox 475 360 2077 440">
     <span class='ocr_line' id='line_1_3' title="bbox 475 360 2077 440; baseline -0.011 -11"><span class='ocrx_word' id='word_1_6' title='bbox 475 372 774 435; x_wconf 76' lang='lat' dir='ltr'><strong>vexaverit,</strong></span> <span class='ocrx_word' id='word_1_7' title='bbox 801 367 1010 440; x_wconf 88' lang='lat' dir='ltr'><strong>primus</strong></span> <span class='ocrx_word' id='word_1_8' title='bbox 1053 375 1110 421; x_wconf 91' lang='lat' dir='ltr'><strong>tu</strong></span> <span class='ocrx_word' id='word_1_9' title='bbox 1150 363 1566 433; x_wconf 77' lang='lat' dir='ltr'><strong>temperantiam</strong></span> <span class='ocrx_word' id='word_1_10' title='bbox 1614 360 2077 418; x_wconf 45' lang='lat' dir='ltr'><strong>ac‘modcratium</strong></span> 
     </span>
    </p>
   </div>
   <div class='ocr_carea' id='block_1_4' title="bbox 2184 357 3772 440">
    <p class='ocr_par' dir='ltr' id='par_1_4' title="bbox 2184 357 3772 431">
     <span class='ocr_line' id='line_1_4' title="bbox 2184 357 3772 431; baseline 0 -21"><span class='ocrx_word' id='word_1_11' title='bbox 2184 358 2241 428; x_wconf 82' lang='grc' dir='ltr'><strong>ῆς</strong></span> <span class='ocrx_word' id='word_1_12' title='bbox 2265 357 2590 428; x_wconf 63' lang='grc' dir='ltr'>ἐγκρατείας</span> <span class='ocrx_word' id='word_1_13' title='bbox 2615 359 2709 430; x_wconf 84' lang='grc' dir='ltr'>τὴν</span> <span class='ocrx_word' id='word_1_14' title='bbox 2737 357 3038 431; x_wconf 71' lang='grc' dir='ltr'><strong>καρτερίαν</strong></span> <span class='ocrx_word' id='word_1_15' title='bbox 3062 357 3353 424; x_wconf 76' lang='grc' dir='ltr'>ἐπίδειξον,</span> <span class='ocrx_word' id='word_1_16' title='bbox 3381 358 3469 410; x_wconf 74' lang='grc' dir='ltr'>ἵνα</span> <span class='ocrx_word' id='word_1_17' title='bbox 3496 358 3599 410; x_wconf 70' lang='grc' dir='ltr'><strong>καὶ</strong></span> <span class='ocrx_word' id='word_1_18' title='bbox 3636 362 3772 422; x_wconf 74' lang='grc' dir='ltr'>τοῖς</span> 
     </span>
    </p>
   </div>
   <div class='ocr_carea' id='block_1_5' title="bbox 478 449 2077 523">
    <p class='ocr_par' dir='ltr' id='par_1_5' title="bbox 478 451 2052 523">
     <span class='ocr_line' id='line_1_5' title="bbox 478 451 2052 523; baseline -0.013 0"><span class='ocrx_word' id='word_1_19' title='bbox 478 483 600 523; x_wconf 90' lang='lat' dir='ltr'><strong>nem</strong></span> <span class='ocrx_word' id='word_1_20' title='bbox 629 465 684 517; x_wconf 89' lang='lat' dir='ltr'><strong>in</strong></span> <span class='ocrx_word' id='word_1_21' title='bbox 710 462 857 516; x_wconf 85' lang='lat' dir='ltr'><strong>victu</strong></span> <span class='ocrx_word' id='word_1_22' title='bbox 891 459 1289 519; x_wconf 83' lang='lat' dir='ltr'><strong>demonstrato,</strong></span> <span class='ocrx_word' id='word_1_23' title='bbox 1320 454 1550 522; x_wconf 83' lang='lat' dir='ltr'><strong>reliquis</strong></span> <span class='ocrx_word' id='word_1_24' title='bbox 1579 451 1850 508; x_wconf 77' lang='lat' dir='ltr'><strong>militibus</strong></span> <span class='ocrx_word' id='word_1_25' title='bbox 1883 451 2052 506; x_wconf 79' lang='lat' dir='ltr'><strong>levio-</strong></span> 
     </span>
    </p>
   </div>
   <div class='ocr_carea' id='block_1_6' title="bbox 2184 449 3786 523">
    <p class='ocr_par' dir='ltr' id='par_1_6' title="bbox 2189 449 3786 522">
     <span class='ocr_line' id='line_1_6' title="bbox 2189 449 3786 522; baseline -0.001 -20"><span class='ocrx_word' id='word_1_26' title='bbox 2189 449 2260 502; x_wconf 81' lang='grc' dir='ltr'>πὸ</span> <span class='ocrx_word' id='word_1_27' title='bbox 2291 452 2450 521; x_wconf 80' lang='grc' dir='ltr'>χεῖρα</span> <span class='ocrx_word' id='word_1_28' title='bbox 2494 451 2704 522; x_wconf 79' lang='grc' dir='ltr'><strong>κούφην</strong></span> <span class='ocrx_word' id='word_1_29' title='bbox 2745 452 2838 505; x_wconf 73' lang='grc' dir='ltr'>καὶ</span> <span class='ocrx_word' id='word_1_30' title='bbox 2876 449 3256 518; x_wconf 83' lang='grc' dir='ltr'>εύκολωτέραν</span> <span class='ocrx_word' id='word_1_31' title='bbox 3307 451 3406 519; x_wconf 76' lang='grc' dir='ltr'><strong>τὴν</strong></span> <span class='ocrx_word' id='word_1_32' title='bbox 3464 450 3786 520; x_wconf 64' lang='grc' dir='ltr'>ὗπομςνῆν</span> 
     </span>
    </p>
   </div>
   <div class='ocr_carea' id='block_1_7' title="bbox 477 540 2077 616">
    <p class='ocr_par' dir='ltr' id='par_1_7' title="bbox 477 545 2048 616">
     <span class='ocr_line' id='line_1_7' title="bbox 477 545 2048 616; baseline -0.01 -3"><span class='ocrx_word' id='word_1_33' title='bbox 477 573 592 615; x_wconf 89' lang='lat' dir='ltr'><strong>rem</strong></span> <span class='ocrx_word' id='word_1_34' title='bbox 609 563 662 611; x_wconf 90' lang='lat' dir='ltr'><strong>et</strong></span> <span class='ocrx_word' id='word_1_35' title='bbox 679 551 976 616; x_wconf 74' lang='lat' dir='ltr'><strong>faciliorem</strong></span> <span class='ocrx_word' id='word_1_36' title='bbox 991 561 1176 602; x_wconf 85' lang='lat' dir='ltr'><strong>rerum</strong></span> <span class='ocrx_word' id='word_1_37' title='bbox 1194 545 1627 601; x_wconf 87' lang='lat' dir='ltr'><strong>necessariarum</strong></span> <span class='ocrx_word' id='word_1_38' title='bbox 1643 545 2048 616; x_wconf 83' lang='lat' dir='ltr'><strong>perpessionem</strong></span> 
     </span>
    </p>
   </div>
   <div class='ocr_carea' id='block_1_8' title="bbox 2184 540 3779 616">
    <p class='ocr_par' dir='ltr' id='par_1_8' title="bbox 2187 540 3779 613">
     <span class='ocr_line' id='line_1_8' title="bbox 2187 540 3779 613; baseline 0 -19"><span class='ocrx_word' id='word_1_39' title='bbox 2187 540 2254 611; x_wconf 82' lang='grc' dir='ltr'><strong>ῆς</strong></span> <span class='ocrx_word' id='word_1_40' title='bbox 2295 541 2541 611; x_wconf 83' lang='grc' dir='ltr'><strong>ἀνάγκης</strong></span> <span class='ocrx_word' id='word_1_41' title='bbox 2579 543 2808 613; x_wconf 73' lang='grc' dir='ltr'>ἐργάσῃ.</span> <span class='ocrx_word' id='word_1_42' title='bbox 2851 543 2942 595; x_wconf 83' lang='grc' dir='ltr'>Ἐν</span> <span class='ocrx_word' id='word_1_43' title='bbox 2987 541 3044 594; x_wconf 82' lang='grc' dir='ltr'><strong>δὲ</strong></span> <span class='ocrx_word' id='word_1_44' title='bbox 3089 543 3209 604; x_wconf 78' lang='grc' dir='ltr'>ταῖς</span> <span class='ocrx_word' id='word_1_45' title='bbox 3257 543 3400 595; x_wconf 80' lang='grc' dir='ltr'><strong>κατά</strong></span> <span class='ocrx_word' id='word_1_46' title='bbox 3435 543 3534 604; x_wconf 69' lang='grc' dir='ltr'><strong>τὰς</strong></span> <span class='ocrx_word' id='word_1_47' title='bbox 3561 542 3779 612; x_wconf 77' lang='grc' dir='ltr'>μάχας</span> 
     </span>
    </p>
   </div>
   <div class='ocr_carea' id='block_1_9' title="bbox 478 631 2077 706">
    <p class='ocr_par' dir='ltr' id='par_1_9' title="bbox 478 639 2052 706">
     <span class='ocr_line' id='line_1_9' title="bbox 478 639 2052 706; baseline -0.009 0"><span class='ocrx_word' id='word_1_48' title='bbox 478 649 703 706; x_wconf 79' lang='lat' dir='ltr'><strong>eﬂlcias.</strong></span> <span class='ocrx_word' id='word_1_49' title='bbox 761 643 867 698; x_wconf 87' lang='lat' dir='ltr'><strong>Seu</strong></span> <span class='ocrx_word' id='word_1_50' title='bbox 915 643 969 696; x_wconf 93' lang='lat' dir='ltr'><strong>in</strong></span> <span class='ocrx_word' id='word_1_51' title='bbox 1013 639 1265 694; x_wconf 88' lang='lat' dir='ltr'><strong>cominus</strong></span> <span class='ocrx_word' id='word_1_52' title='bbox 1313 639 1672 694; x_wconf 81' lang='lat' dir='ltr'><strong>conserendis</strong></span> <span class='ocrx_word' id='word_1_53' title='bbox 1706 639 1984 705; x_wconf 88' lang='lat' dir='ltr'><strong>manibus,</strong></span> <span class='ocrx_word' id='word_1_54' title='bbox 2021 653 2052 692; x_wconf 89' lang='lat' dir='ltr'><strong>a</strong></span> 
     </span>
    </p>
   </div>
   <div class='ocr_carea' id='block_1_10' title="bbox 2184 631 3774 706">
    <p class='ocr_par' dir='ltr' id='par_1_10' title="bbox 2184 631 3774 703">
     <span class='ocr_line' id='line_1_10' title="bbox 2184 631 3774 703; baseline 0 -19"><span class='ocrx_word' id='word_1_55' title='bbox 2184 631 2522 702; x_wconf 75' lang='grc' dir='ltr'>ιαραϐούλοις</span> <span class='ocrx_word' id='word_1_56' title='bbox 2551 635 2613 685; x_wconf 85' lang='grc' dir='ltr'>ὲκ</span> <span class='ocrx_word' id='word_1_57' title='bbox 2637 632 2823 703; x_wconf 75' lang='grc' dir='ltr'>χειρὸς</span> <span class='ocrx_word' id='word_1_58' title='bbox 2849 632 3192 702; x_wconf 79' lang='grc' dir='ltr'><strong>συμπλοκαῖς</strong></span> <span class='ocrx_word' id='word_1_59' title='bbox 3224 631 3464 701; x_wconf 75' lang='grc' dir='ltr'>φύλασσε</span> <span class='ocrx_word' id='word_1_60' title='bbox 3496 635 3774 695; x_wconf 65' lang='grc' dir='ltr'>σεαυτὸν,</span> 
     </span>
    </p>
   </div>
   <div class='ocr_carea' id='block_1_11' title="bbox 479 730 2054 802">
    <p class='ocr_par' dir='ltr' id='par_1_11' title="bbox 479 730 2054 802">
     <span class='ocr_line' id='line_1_11' title="bbox 479 730 2054 802; baseline -0.008 -7"><span class='ocrx_word' id='word_1_61' title='bbox 479 737 830 795; x_wconf 74' lang='lat' dir='ltr'><strong>dimicatione</strong></span> <span class='ocrx_word' id='word_1_62' title='bbox 857 734 1091 802; x_wconf 88' lang='lat' dir='ltr'><strong>teipsum</strong></span> <span class='ocrx_word' id='word_1_63' title='bbox 1121 731 1363 795; x_wconf 88' lang='lat' dir='ltr'><strong>retrahe,</strong></span> <span class='ocrx_word' id='word_1_64' title='bbox 1389 739 1450 786; x_wconf 95' lang='lat' dir='ltr'><strong>ut</strong></span> <span class='ocrx_word' id='word_1_65' title='bbox 1485 732 1725 788; x_wconf 78' lang='lat' dir='ltr'><strong>consilio</strong></span> <span class='ocrx_word' id='word_1_66' title='bbox 1752 738 1808 786; x_wconf 92' lang='lat' dir='ltr'><strong>et</strong></span> <span class='ocrx_word' id='word_1_67' title='bbox 1841 730 2054 785; x_wconf 87' lang='lat' dir='ltr'><strong>descri-</strong></span> 
     </span>
    </p>
   </div>
   <div class='ocr_carea' id='block_1_12' title="bbox 487 821 2053 899">
    <p class='ocr_par' dir='ltr' id='par_1_12' title="bbox 487 821 2053 899">
     <span class='ocr_line' id='line_1_12' title="bbox 487 821 2053 899; baseline -0.006 -17"><span class='ocrx_word' id='word_1_68' title='bbox 487 829 674 899; x_wconf 81' lang='lat' dir='ltr'><strong>ptione</strong></span> <span class='ocrx_word' id='word_1_69' title='bbox 715 840 921 889; x_wconf 86' lang='lat' dir='ltr'><strong>rerum,</strong></span> <span class='ocrx_word' id='word_1_70' title='bbox 954 823 1273 892; x_wconf 88' lang='lat' dir='ltr'><strong>reliquaque</strong></span> <span class='ocrx_word' id='word_1_71' title='bbox 1309 821 1819 884; x_wconf 89' lang='lat' dir='ltr'><strong>administratione,</strong></span> <span class='ocrx_word' id='word_1_72' title='bbox 1842 821 1895 875; x_wconf 90' lang='lat' dir='ltr'><strong>in</strong></span> <span class='ocrx_word' id='word_1_73' title='bbox 1936 822 2053 890; x_wconf 86' lang='lat' dir='ltr'><strong>ipsa</strong></span> 
     </span>
    </p>
   </div>
   <div class='ocr_carea' id='block_1_13' title="bbox 484 910 2052 986">
    <p class='ocr_par' dir='ltr' id='par_1_13' title="bbox 484 910 2052 986">
     <span class='ocr_line' id='line_1_13' title="bbox 484 910 2052 986; baseline -0.006 -14"><span class='ocrx_word' id='word_1_74' title='bbox 484 915 752 986; x_wconf 77' lang='lat' dir='ltr'><strong>temporis</strong></span> <span class='ocrx_word' id='word_1_75' title='bbox 793 912 1203 984; x_wconf 83' lang='lat' dir='ltr'><strong>opportunitate</strong></span> <span class='ocrx_word' id='word_1_76' title='bbox 1254 911 1554 966; x_wconf 80' lang='lat' dir='ltr'><strong>exercitum</strong></span> <span class='ocrx_word' id='word_1_77' title='bbox 1600 910 1793 979; x_wconf 76' lang='lat' dir='ltr'><strong>iuvare</strong></span> <span class='ocrx_word' id='word_1_78' title='bbox 1846 912 2052 978; x_wconf 88' lang='lat' dir='ltr'><strong>possis.</strong></span> 
     </span>
    </p>
   </div>
   <div class='ocr_carea' id='block_1_14' title="bbox 480 999 2054 1076">
    <p class='ocr_par' dir='ltr' id='par_1_14' title="bbox 480 999 2054 1076">
     <span class='ocr_line' id='line_1_14' title="bbox 480 999 2054 1076; baseline -0.006 -16"><span class='ocrx_word' id='word_1_79' title='bbox 480 1005 668 1076; x_wconf 88' lang='lat' dir='ltr'><strong>Neque</strong></span> <span class='ocrx_word' id='word_1_80' title='bbox 700 1018 828 1060; x_wconf 75' lang='lat' dir='ltr'><strong>vero</strong></span> <span class='ocrx_word' id='word_1_81' title='bbox 871 1003 1333 1071; x_wconf 86' lang='lat' dir='ltr'><strong>incircumspecte</strong></span> <span class='ocrx_word' id='word_1_82' title='bbox 1378 1009 1471 1054; x_wconf 88' lang='lat' dir='ltr'><strong>aut</strong></span> <span class='ocrx_word' id='word_1_83' title='bbox 1497 999 1824 1069; x_wconf 82' lang='lat' dir='ltr'><strong>periculose,</strong></span> <span class='ocrx_word' id='word_1_84' title='bbox 1865 1000 1975 1054; x_wconf 84' lang='lat' dir='ltr'><strong>nisi</strong></span> <span class='ocrx_word' id='word_1_85' title='bbox 2009 999 2054 1053; x_wconf 93' lang='lat' dir='ltr'><strong>si</strong></span> 
     </span>
    </p>
   </div>
   <div class='ocr_carea' id='block_1_15' title="bbox 483 1089 2060 1158">
    <p class='ocr_par' dir='ltr' id='par_1_15' title="bbox 483 1089 2060 1158">
     <span class='ocr_line' id='line_1_15' title="bbox 483 1089 2060 1158; baseline -0.004 -10"><span class='ocrx_word' id='word_1_86' title='bbox 483 1093 788 1149; x_wconf 83' lang='lat' dir='ltr'><strong>necessitas</strong></span> <span class='ocrx_word' id='word_1_87' title='bbox 822 1091 1173 1145; x_wconf 78' lang='lat' dir='ltr'><strong>vehementer</strong></span> <span class='ocrx_word' id='word_1_88' title='bbox 1223 1098 1434 1158; x_wconf 77' lang='lat' dir='ltr'><strong>urgeat,</strong></span> <span class='ocrx_word' id='word_1_89' title='bbox 1475 1105 1601 1144; x_wconf 92' lang='lat' dir='ltr'><strong>cum</strong></span> <span class='ocrx_word' id='word_1_90' title='bbox 1642 1089 1894 1144; x_wconf 86' lang='lat' dir='ltr'><strong>hostibus</strong></span> <span class='ocrx_word' id='word_1_91' title='bbox 1933 1103 2060 1142; x_wconf 82' lang='lat' dir='ltr'><strong>con-</strong></span> 
     </span>
    </p>
   </div>
   <div class='ocr_carea' id='block_1_16' title="bbox 2155 723 3780 794">
    <p class='ocr_par' dir='ltr' id='par_1_16' title="bbox 2155 723 3780 794">
     <span class='ocr_line' id='line_1_16' title="bbox 2155 723 3780 794; baseline 0.001 -20"><span class='ocrx_word' id='word_1_92' title='bbox 2155 723 2244 776; x_wconf 84' lang='grc' dir='ltr'>ἴνα</span> <span class='ocrx_word' id='word_1_93' title='bbox 2271 726 2336 794; x_wconf 80' lang='grc' dir='ltr'>τῇ</span> <span class='ocrx_word' id='word_1_94' title='bbox 2386 723 2484 792; x_wconf 82' lang='grc' dir='ltr'><strong>μὲν</strong></span> <span class='ocrx_word' id='word_1_95' title='bbox 2515 723 2710 794; x_wconf 84' lang='grc' dir='ltr'>γνώμῃ</span> <span class='ocrx_word' id='word_1_96' title='bbox 2749 724 2845 776; x_wconf 79' lang='grc' dir='ltr'>καὶ</span> <span class='ocrx_word' id='word_1_97' title='bbox 2880 727 2946 793; x_wconf 79' lang='grc' dir='ltr'>τῇ</span> <span class='ocrx_word' id='word_1_98' title='bbox 2979 723 3224 789; x_wconf 77' lang='grc' dir='ltr'>διατάξει</span> <span class='ocrx_word' id='word_1_99' title='bbox 3277 724 3372 776; x_wconf 76' lang='grc' dir='ltr'>καὶ</span> <span class='ocrx_word' id='word_1_100' title='bbox 3398 727 3521 787; x_wconf 85' lang='grc' dir='ltr'>ταῖς</span> <span class='ocrx_word' id='word_1_101' title='bbox 3549 724 3780 788; x_wconf 75' lang='grc' dir='ltr'>ἄλλαις</span> 
     </span>
    </p>
   </div>
   <div class='ocr_carea' id='block_1_17' title="bbox 2155 813 3782 888">
    <p class='ocr_par' dir='ltr' id='par_1_17' title="bbox 2155 813 3782 888">
     <span class='ocr_line' id='line_1_17' title="bbox 2155 813 3782 888; baseline 0.003 -22"><span class='ocrx_word' id='word_1_102' title='bbox 2155 814 2554 885; x_wconf 85' lang='grc' dir='ltr'>διευθετήσεσιν</span> <span class='ocrx_word' id='word_1_103' title='bbox 2583 817 2642 868; x_wconf 74' lang='grc' dir='ltr'>ὲν</span> <span class='ocrx_word' id='word_1_104' title='bbox 2667 813 2817 884; x_wconf 77' lang='grc' dir='ltr'>αὐτῷ</span> <span class='ocrx_word' id='word_1_105' title='bbox 2845 815 2923 885; x_wconf 84' lang='grc' dir='ltr'><strong>τῷ</strong></span> <span class='ocrx_word' id='word_1_106' title='bbox 2947 815 3064 881; x_wconf 78' lang='grc' dir='ltr'>ὀξεῖ</span> <span class='ocrx_word' id='word_1_107' title='bbox 3091 815 3185 868; x_wconf 86' lang='grc' dir='ltr'><strong>τοῦ</strong></span> <span class='ocrx_word' id='word_1_108' title='bbox 3213 815 3411 885; x_wconf 88' lang='grc' dir='ltr'>καιροῦ</span> <span class='ocrx_word' id='word_1_109' title='bbox 3445 821 3782 888; x_wconf 71' lang='grc' dir='ltr'>σύμ-παρῇς</span> 
     </span>
    </p>
   </div>
   <div class='ocr_carea' id='block_1_18' title="bbox 2161 905 3776 979">
    <p class='ocr_par' dir='ltr' id='par_1_18' title="bbox 2161 905 3776 979">
     <span class='ocr_line' id='line_1_18' title="bbox 2161 905 3776 979; baseline 0.004 -22"><span class='ocrx_word' id='word_1_110' title='bbox 2161 906 2282 976; x_wconf 81' lang='grc' dir='ltr'>μὲν,</span> <span class='ocrx_word' id='word_1_111' title='bbox 2309 906 2423 960; x_wconf 62' lang='grc' dir='ltr'>’καὶ</span> <span class='ocrx_word' id='word_1_112' title='bbox 2459 907 2568 960; x_wconf 83' lang='grc' dir='ltr'><strong>τῶν</strong></span> <span class='ocrx_word' id='word_1_113' title='bbox 2593 906 2855 959; x_wconf 79' lang='grc' dir='ltr'><strong>τοιούτων</strong></span> <span class='ocrx_word' id='word_1_114' title='bbox 2893 905 3120 976; x_wconf 80' lang='grc' dir='ltr'><strong>ἀγώνων</strong></span> <span class='ocrx_word' id='word_1_115' title='bbox 3165 907 3412 979; x_wconf 71' lang='grc' dir='ltr'>ἑφάπτῃ,</span> <span class='ocrx_word' id='word_1_116' title='bbox 3449 908 3527 979; x_wconf 77' lang='grc' dir='ltr'>μὴ</span> <span class='ocrx_word' id='word_1_117' title='bbox 3558 910 3776 979; x_wconf 81' lang='grc' dir='ltr'>μέντοι</span> 
     </span>
    </p>
   </div>
   <div class='ocr_carea' id='block_1_19' title="bbox 2158 995 3771 1070">
    <p class='ocr_par' dir='ltr' id='par_1_19' title="bbox 2158 995 3771 1070">
     <span class='ocr_line' id='line_1_19' title="bbox 2158 995 3771 1070; baseline 0.003 -21"><span class='ocrx_word' id='word_1_118' title='bbox 2158 995 2484 1064; x_wconf 73' lang='grc' dir='ltr'><strong>ἀφυλάκτως</strong></span> <span class='ocrx_word' id='word_1_119' title='bbox 2521 995 2668 1051; x_wconf 74' lang='grc' dir='ltr'>οὕτω</span> <span class='ocrx_word' id='word_1_120' title='bbox 2719 998 2812 1050; x_wconf 75' lang='grc' dir='ltr'>καὶ</span> <span class='ocrx_word' id='word_1_121' title='bbox 2870 997 3252 1066; x_wconf 69' lang='grc' dir='ltr'>ἐπικινδύνως,</span> <span class='ocrx_word' id='word_1_122' title='bbox 3281 999 3370 1053; x_wconf 79' lang='grc' dir='ltr'>ὅτε</span> <span class='ocrx_word' id='word_1_123' title='bbox 3425 1000 3503 1070; x_wconf 81' lang='grc' dir='ltr'><strong>μὴ</strong></span> <span class='ocrx_word' id='word_1_124' title='bbox 3551 1001 3771 1054; x_wconf 75' lang='grc' dir='ltr'>τούτου</span> 
     </span>
    </p>
   </div>
   <div class='ocr_carea' id='block_1_20' title="bbox 2157 1087 3758 1164">
    <p class='ocr_par' dir='ltr' id='par_1_20' title="bbox 2157 1087 3758 1164">
     <span class='ocr_line' id='line_1_20' title="bbox 2157 1087 3758 1164; baseline 0.004 -24"><span class='ocrx_word' id='word_1_125' title='bbox 2157 1088 2317 1158; x_wconf 83' lang='grc' dir='ltr'>χρεία</span> <span class='ocrx_word' id='word_1_126' title='bbox 2345 1087 2520 1154; x_wconf 73' lang='grc' dir='ltr'>καλεῖ,</span> <span class='ocrx_word' id='word_1_127' title='bbox 2563 1089 2651 1142; x_wconf 59' lang='grc' dir='ltr'><strong>διὰ</strong></span> <span class='ocrx_word' id='word_1_128' title='bbox 2704 1090 2904 1160; x_wconf 78' lang='grc' dir='ltr'>χειρῶν</span> <span class='ocrx_word' id='word_1_129' title='bbox 2951 1089 3203 1163; x_wconf 79' lang='grc' dir='ltr'>ὲμπλὲκῃ</span> <span class='ocrx_word' id='word_1_130' title='bbox 3253 1093 3368 1150; x_wconf 80' lang='grc' dir='ltr'>τοῖς</span> <span class='ocrx_word' id='word_1_131' title='bbox 3422 1093 3758 1164; x_wconf 80' lang='grc' dir='ltr'>πολεμίοις,</span> 
     </span>
    </p>
   </div>
   <div class='ocr_carea' id='block_1_21' title="bbox 483 1180 2056 1250">
    <p class='ocr_par' dir='ltr' id='par_1_21' title="bbox 483 1180 2056 1250">
     <span class='ocr_line' id='line_1_21' title="bbox 483 1180 2056 1250; baseline -0.007 -7"><span class='ocrx_word' id='word_1_132' title='bbox 483 1202 639 1243; x_wconf 86' lang='lat' dir='ltr'><strong>seras</strong></span> <span class='ocrx_word' id='word_1_133' title='bbox 688 1200 919 1238; x_wconf 84' lang='lat' dir='ltr'><strong>manus:</strong></span> <span class='ocrx_word' id='word_1_134' title='bbox 964 1197 1072 1235; x_wconf 90' lang='lat' dir='ltr'><strong>non</strong></span> <span class='ocrx_word' id='word_1_135' title='bbox 1107 1183 1256 1235; x_wconf 88' lang='lat' dir='ltr'><strong>enim</strong></span> <span class='ocrx_word' id='word_1_136' title='bbox 1303 1189 1554 1244; x_wconf 87' lang='lat' dir='ltr'><strong>tantum,</strong></span> <span class='ocrx_word' id='word_1_137' title='bbox 1599 1180 2056 1250; x_wconf 82' lang='lat' dir='ltr'><strong>quemadmodum</strong></span> 
     </span>
    </p>
   </div>
   <div class='ocr_carea' id='block_1_22' title="bbox 485 1271 2057 1347">
    <p class='ocr_par' dir='ltr' id='par_1_22' title="bbox 485 1271 2057 1347">
     <span class='ocr_line' id='line_1_22' title="bbox 485 1271 2057 1347; baseline -0.006 -15"><span class='ocrx_word' id='word_1_138' title='bbox 485 1292 650 1347; x_wconf 83' lang='lat' dir='ltr'><strong>supra</strong></span> <span class='ocrx_word' id='word_1_139' title='bbox 701 1275 837 1340; x_wconf 77' lang='lat' dir='ltr'><strong>dixi,</strong></span> <span class='ocrx_word' id='word_1_140' title='bbox 886 1273 1177 1343; x_wconf 84' lang='lat' dir='ltr'><strong>pugnando</strong></span> <span class='ocrx_word' id='word_1_141' title='bbox 1219 1271 1392 1326; x_wconf 78' lang='lat' dir='ltr'><strong>aciem</strong></span> <span class='ocrx_word' id='word_1_142' title='bbox 1437 1271 1748 1346; x_wconf 71' lang='lat' dir='ltr'><strong>adiuvabis,</strong></span> <span class='ocrx_word' id='word_1_143' title='bbox 1787 1279 2057 1338; x_wconf 81' lang='lat' dir='ltr'><strong>quantum</strong></span> 
     </span>
    </p>
   </div>
   <div class='ocr_carea' id='block_1_23' title="bbox 488 1361 2059 1431">
    <p class='ocr_par' dir='ltr' id='par_1_23' title="bbox 488 1361 2059 1431">
     <span class='ocr_line' id='line_1_23' title="bbox 488 1361 2059 1431; baseline -0.006 -10"><span class='ocrx_word' id='word_1_144' title='bbox 488 1367 733 1423; x_wconf 77' lang='lat' dir='ltr'><strong>radendo</strong></span> <span class='ocrx_word' id='word_1_145' title='bbox 763 1365 945 1421; x_wconf 71' lang='lat' dir='ltr'><strong>laedes.</strong></span> <span class='ocrx_word' id='word_1_146' title='bbox 981 1363 1135 1431; x_wconf 89' lang='lat' dir='ltr'><strong>Quod</strong></span> <span class='ocrx_word' id='word_1_147' title='bbox 1157 1361 1402 1418; x_wconf 89' lang='lat' dir='ltr'><strong>futurum</strong></span> <span class='ocrx_word' id='word_1_148' title='bbox 1428 1372 1512 1419; x_wconf 91' lang='lat' dir='ltr'><strong>est</strong></span> <span class='ocrx_word' id='word_1_149' title='bbox 1549 1372 1753 1429; x_wconf 89' lang='lat' dir='ltr'><strong>autem,</strong></span> <span class='ocrx_word' id='word_1_150' title='bbox 1790 1362 2059 1416; x_wconf 83' lang='lat' dir='ltr'><strong>incertum</strong></span> 
     </span>
    </p>
   </div>
   <div class='ocr_carea' id='block_1_24' title="bbox 486 1467 589 1514">
    <p class='ocr_par' dir='ltr' id='par_1_24' title="bbox 486 1467 589 1514">
     <span class='ocr_line' id='line_1_24' title="bbox 486 1467 589 1514; baseline -0.019 0"><span class='ocrx_word' id='word_1_151' title='bbox 486 1467 589 1514; x_wconf 91' lang='lat' dir='ltr'><strong>cst.</strong></span> 
     </span>
    </p>
   </div>
   <div class='ocr_carea' id='block_1_25' title="bbox 557 1538 2058 1611">
    <p class='ocr_par' dir='ltr' id='par_1_25' title="bbox 557 1538 2058 1611">
     <span class='ocr_line' id='line_1_25' title="bbox 557 1538 2058 1611; baseline -0.008 -7"><span class='ocrx_word' id='word_1_152' title='bbox 557 1551 612 1604; x_wconf 77' lang='lat'><strong>5.</strong></span> <span class='ocrx_word' id='word_1_153' title='bbox 651 1546 826 1601; x_wconf 79' lang='lat' dir='ltr'><strong>Mores</strong></span> <span class='ocrx_word' id='word_1_154' title='bbox 862 1545 940 1599; x_wconf 89' lang='lat' dir='ltr'><strong>tui</strong></span> <span class='ocrx_word' id='word_1_155' title='bbox 975 1553 1028 1599; x_wconf 91' lang='lat' dir='ltr'><strong>et</strong></span> <span class='ocrx_word' id='word_1_156' title='bbox 1063 1557 1246 1598; x_wconf 90' lang='lat' dir='ltr'><strong>rerum</strong></span> <span class='ocrx_word' id='word_1_157' title='bbox 1279 1539 1607 1611; x_wconf 83' lang='lat' dir='ltr'><strong>agendarum</strong></span> <span class='ocrx_word' id='word_1_158' title='bbox 1645 1540 1892 1595; x_wconf 88' lang='lat' dir='ltr'><strong>studium</strong></span> <span class='ocrx_word' id='word_1_159' title='bbox 1921 1538 2058 1593; x_wconf 81' lang='lat' dir='ltr'><strong>utili-</strong></span> 
     </span>
    </p>
   </div>
   <div class='ocr_carea' id='block_1_26' title="bbox 475 1631 2060 1706">
    <p class='ocr_par' dir='ltr' id='par_1_26' title="bbox 475 1631 2060 1706">
     <span class='ocr_line' id='line_1_26' title="bbox 475 1631 2060 1706; baseline -0.008 -12"><span class='ocrx_word' id='word_1_160' title='bbox 475 1641 633 1695; x_wconf 71' lang='lat' dir='ltr'><strong>‘tibus</strong></span> <span class='ocrx_word' id='word_1_161' title='bbox 663 1641 772 1693; x_wconf 84' lang='lat' dir='ltr'><strong>tuis</strong></span> <span class='ocrx_word' id='word_1_162' title='bbox 803 1637 938 1706; x_wconf 81' lang='lat' dir='ltr'><strong>legis</strong></span> <span class='ocrx_word' id='word_1_163' title='bbox 969 1635 1085 1690; x_wconf 87' lang='lat' dir='ltr'><strong>vice</strong></span> <span class='ocrx_word' id='word_1_164' title='bbox 1113 1635 1224 1689; x_wconf 89' lang='lat' dir='ltr'><strong>sint</strong></span> <span class='ocrx_word' id='word_1_165' title='bbox 1259 1651 1272 1686; x_wconf 90' lang='lat'><strong>:</strong></span> <span class='ocrx_word' id='word_1_166' title='bbox 1306 1633 1379 1685; x_wconf 89' lang='lat' dir='ltr'><strong>ita</strong></span> <span class='ocrx_word' id='word_1_167' title='bbox 1411 1632 1588 1694; x_wconf 88' lang='lat' dir='ltr'><strong>enitn,</strong></span> <span class='ocrx_word' id='word_1_168' title='bbox 1621 1635 1716 1700; x_wconf 89' lang='lat' dir='ltr'><strong>qui</strong></span> <span class='ocrx_word' id='word_1_169' title='bbox 1748 1631 1843 1684; x_wconf 84' lang='lat' dir='ltr'><strong>tibi</strong></span> <span class='ocrx_word' id='word_1_170' title='bbox 1873 1631 2060 1698; x_wconf 87' lang='lat' dir='ltr'><strong>subje-</strong></span> 
     </span>
    </p>
   </div>
   <div class='ocr_carea' id='block_1_27' title="bbox 2160 1177 3770 1254">
    <p class='ocr_par' dir='ltr' id='par_1_27' title="bbox 2160 1177 3770 1254">
     <span class='ocr_line' id='line_1_27' title="bbox 2160 1177 3770 1254; baseline 0.004 -24"><span class='ocrx_word' id='word_1_171' title='bbox 2160 1179 2234 1231; x_wconf 76' lang='grc' dir='ltr'><strong>Οὐ</strong></span> <span class='ocrx_word' id='word_1_172' title='bbox 2263 1177 2516 1232; x_wconf 83' lang='grc' dir='ltr'>τοσοῦτον</span> <span class='ocrx_word' id='word_1_173' title='bbox 2541 1179 2671 1249; x_wconf 83' lang='grc' dir='ltr'>γὰρ,</span> <span class='ocrx_word' id='word_1_174' title='bbox 2699 1179 2776 1242; x_wconf 79' lang='grc' dir='ltr'><strong>ὥς</strong></span> <span class='ocrx_word' id='word_1_175' title='bbox 2806 1198 2896 1250; x_wconf 89' lang='grc' dir='ltr'><strong>μοι</strong></span> <span class='ocrx_word' id='word_1_176' title='bbox 2933 1180 3027 1234; x_wconf 73' lang='grc' dir='ltr'>καὶ</span> <span class='ocrx_word' id='word_1_177' title='bbox 3059 1182 3170 1234; x_wconf 79' lang='grc' dir='ltr'><strong>ἄνω</strong></span> <span class='ocrx_word' id='word_1_178' title='bbox 3197 1197 3301 1234; x_wconf 83' lang='grc' dir='ltr'><strong>που</strong></span> <span class='ocrx_word' id='word_1_179' title='bbox 3331 1182 3574 1253; x_wconf 78' lang='grc' dir='ltr'>εἴρηται,</span> <span class='ocrx_word' id='word_1_180' title='bbox 3609 1202 3770 1254; x_wconf 79' lang='grc' dir='ltr'>συμ-</span> 
     </span>
    </p>
   </div>
   <div class='ocr_carea' id='block_1_28' title="bbox 2163 1265 3772 1345">
    <p class='ocr_par' dir='ltr' id='par_1_28' title="bbox 2163 1265 3772 1345">
     <span class='ocr_line' id='line_1_28' title="bbox 2163 1265 3772 1345; baseline 0.004 -23"><span class='ocrx_word' id='word_1_181' title='bbox 2163 1270 2495 1340; x_wconf 74' lang='grc' dir='ltr'><strong>πλεκόμενος</strong></span> <span class='ocrx_word' id='word_1_182' title='bbox 2525 1271 2598 1334; x_wconf 76' lang='grc' dir='ltr'><strong>ὤς</strong></span> <span class='ocrx_word' id='word_1_183' title='bbox 2628 1265 2710 1334; x_wconf 76' lang='grc' dir='ltr'>εἷς</span> <span class='ocrx_word' id='word_1_184' title='bbox 2746 1271 2860 1324; x_wconf 79' lang='grc' dir='ltr'><strong>τῶν</strong></span> <span class='ocrx_word' id='word_1_185' title='bbox 2894 1271 3246 1343; x_wconf 79' lang='grc' dir='ltr'><strong>στρατιωτῶν</strong></span> <span class='ocrx_word' id='word_1_186' title='bbox 3268 1273 3605 1345; x_wconf 77' lang='grc' dir='ltr'>ὠφελήσεις,</span> <span class='ocrx_word' id='word_1_187' title='bbox 3636 1277 3772 1329; x_wconf 74' lang='grc' dir='ltr'>ὅσον</span> 
     </span>
    </p>
   </div>
   <div class='ocr_carea' id='block_1_29' title="bbox 2162 1360 3772 1438">
    <p class='ocr_par' dir='ltr' id='par_1_29' title="bbox 2162 1360 3772 1438">
     <span class='ocr_line' id='line_1_29' title="bbox 2162 1360 3772 1438; baseline 0.004 -25"><span class='ocrx_word' id='word_1_188' title='bbox 2162 1360 2217 1413; x_wconf 81' lang='grc' dir='ltr'><strong>εί</strong></span> <span class='ocrx_word' id='word_1_189' title='bbox 2235 1377 2299 1424; x_wconf 88' lang='grc' dir='ltr'><strong>γε</strong></span> <span class='ocrx_word' id='word_1_190' title='bbox 2331 1360 2514 1431; x_wconf 75' lang='grc' dir='ltr'>συμϐῇ</span> <span class='ocrx_word' id='word_1_191' title='bbox 2550 1378 2604 1414; x_wconf 88' lang='grc' dir='ltr'><strong>τι</strong></span> <span class='ocrx_word' id='word_1_192' title='bbox 2625 1361 2872 1416; x_wconf 85' lang='grc' dir='ltr'>τοιοῦτον</span> <span class='ocrx_word' id='word_1_193' title='bbox 2890 1362 3075 1416; x_wconf 85' lang='grc' dir='ltr'>πεσὼν</span> <span class='ocrx_word' id='word_1_194' title='bbox 3099 1362 3347 1433; x_wconf 76' lang='grc' dir='ltr'>βλάψεις.</span> <span class='ocrx_word' id='word_1_195' title='bbox 3379 1364 3452 1417; x_wconf 82' lang='lat' dir='ltr'><strong>&#39;l&#39;b</strong></span> <span class='ocrx_word' id='word_1_196' title='bbox 3482 1365 3598 1438; x_wconf 81' lang='grc' dir='ltr'><strong>γὰρ</strong></span> <span class='ocrx_word' id='word_1_197' title='bbox 3627 1367 3772 1437; x_wconf 81' lang='grc' dir='ltr'>μέ).-</span> 
     </span>
    </p>
   </div>
   <div class='ocr_carea' id='block_1_30' title="bbox 2163 1451 3162 1523">
    <p class='ocr_par' dir='ltr' id='par_1_30' title="bbox 2163 1451 3162 1523">
     <span class='ocr_line' id='line_1_30' title="bbox 2163 1451 3162 1523; baseline 0.001 -20"><span class='ocrx_word' id='word_1_198' title='bbox 2163 1453 2255 1504; x_wconf 80' lang='grc' dir='ltr'><strong>λον</strong></span> <span class='ocrx_word' id='word_1_199' title='bbox 2281 1451 2534 1523; x_wconf 81' lang='grc' dir='ltr'>ἀόρατον.</span> <span class='ocrx_word' id='word_1_200' title='bbox 3159 1497 3162 1504; x_wconf 93' lang='grc'><strong>.</strong></span> 
     </span>
    </p>
   </div>
   <div class='ocr_carea' id='block_1_31' title="bbox 2234 1539 3774 1619">
    <p class='ocr_par' dir='ltr' id='par_1_31' title="bbox 2234 1539 3774 1619">
     <span class='ocr_line' id='line_1_31' title="bbox 2234 1539 3774 1619; baseline 0.005 -23"><span class='ocrx_word' id='word_1_201' title='bbox 2234 1541 2304 1610; x_wconf 79' lang='grc' dir='ltr'>γ’.</span> <span class='ocrx_word' id='word_1_202' title='bbox 2334 1543 2519 1612; x_wconf 79' lang='grc' dir='ltr'>Νόμος</span> <span class='ocrx_word' id='word_1_203' title='bbox 2536 1544 2778 1612; x_wconf 76' lang='grc' dir='ltr'>γινέσθω</span> <span class='ocrx_word' id='word_1_204' title='bbox 2800 1547 2914 1609; x_wconf 80' lang='grc' dir='ltr'>τοῖς</span> <span class='ocrx_word' id='word_1_205' title='bbox 2947 1545 3331 1614; x_wconf 85' lang='grc' dir='ltr'>στρατιώταις,</span> <span class='ocrx_word' id='word_1_206' title='bbox 3366 1539 3411 1601; x_wconf 81' lang='grc' dir='ltr'>ὧ</span> <span class='ocrx_word' id='word_1_207' title='bbox 3445 1551 3774 1619; x_wconf 78' lang='grc' dir='ltr'>στρατηγὲ,</span> 
     </span>
    </p>
   </div>
   <div class='ocr_carea' id='block_1_32' title="bbox 2165 1633 3775 1712">
    <p class='ocr_par' dir='ltr' id='par_1_32' title="bbox 2165 1633 3775 1712">
     <span class='ocr_line' id='line_1_32' title="bbox 2165 1633 3775 1712; baseline 0.005 -25"><span class='ocrx_word' id='word_1_208' title='bbox 2165 1633 2409 1704; x_wconf 82' lang='grc' dir='ltr'>ὀτρόπος</span> <span class='ocrx_word' id='word_1_209' title='bbox 2436 1637 2466 1688; x_wconf 83' lang='grc' dir='ltr'><strong>ὁ</strong></span> <span class='ocrx_word' id='word_1_210' title='bbox 2496 1637 2611 1702; x_wconf 79' lang='grc' dir='ltr'>σὸς,</span> <span class='ocrx_word' id='word_1_211' title='bbox 2647 1637 2794 1708; x_wconf 78' lang='grc' dir='ltr'>καὶὴ</span> <span class='ocrx_word' id='word_1_212' title='bbox 2827 1638 2958 1709; x_wconf 77' lang='grc' dir='ltr'>περὶ</span> <span class='ocrx_word' id='word_1_213' title='bbox 2992 1640 3064 1692; x_wconf 78' lang='grc' dir='ltr'><strong>τά</strong></span> <span class='ocrx_word' id='word_1_214' title='bbox 3112 1639 3364 1711; x_wconf 83' lang='grc' dir='ltr'><strong>πρακτέα</strong></span> <span class='ocrx_word' id='word_1_215' title='bbox 3395 1642 3604 1712; x_wconf 72' lang='grc' dir='ltr'>σπουδή</span> <span class='ocrx_word' id='word_1_216' title='bbox 3643 1659 3775 1697; x_wconf 79' lang='grc' dir='ltr'>σοι.</span> 
     </span>
    </p>
   </div>
   <div class='ocr_carea' id='block_1_33' title="bbox 489 1694 2077 1799">
    <p class='ocr_par' dir='ltr' id='par_1_33' title="bbox 489 1722 2062 1798">
     <span class='ocr_line' id='line_1_33' title="bbox 489 1722 2062 1798; baseline -0.008 -14"><span class='ocrx_word' id='word_1_217' title='bbox 489 1731 561 1785; x_wconf 91' lang='lat' dir='ltr'><strong>cti</strong></span> <span class='ocrx_word' id='word_1_218' title='bbox 588 1739 737 1794; x_wconf 89' lang='lat' dir='ltr'><strong>sunt,</strong></span> <span class='ocrx_word' id='word_1_219' title='bbox 767 1725 1114 1798; x_wconf 83' lang='lat' dir='ltr'><strong>imperatoris</strong></span> <span class='ocrx_word' id='word_1_220' title='bbox 1137 1724 1221 1795; x_wconf 85' lang='lat' dir='ltr'><strong>sui</strong></span> <span class='ocrx_word' id='word_1_221' title='bbox 1246 1723 1500 1777; x_wconf 84' lang='lat' dir='ltr'><strong>virtutem</strong></span> <span class='ocrx_word' id='word_1_222' title='bbox 1526 1722 1710 1774; x_wconf 91' lang='lat' dir='ltr'><strong>animo</strong></span> <span class='ocrx_word' id='word_1_223' title='bbox 1733 1724 2062 1789; x_wconf 83' lang='lat' dir='ltr'><strong>repetentes,</strong></span> 
     </span>
    </p>
   </div>
   <div class='ocr_carea' id='block_1_34' title="bbox 2184 1694 3779 1799">
    <p class='ocr_par' dir='ltr' id='par_1_34' title="bbox 2184 1694 3779 1799">
     <span class='ocr_line' id='line_1_34' title="bbox 2184 1694 3779 1799; baseline 0.005 -24"><span class='ocrx_word' id='word_1_224' title='bbox 2184 1694 2354 1786; x_wconf 73' lang='grc' dir='ltr'>ζ)ὖτως</span> <span class='ocrx_word' id='word_1_225' title='bbox 2371 1694 2480 1791; x_wconf 83' lang='grc' dir='ltr'>γὰρ</span> <span class='ocrx_word' id='word_1_226' title='bbox 2499 1694 2609 1795; x_wconf 38' lang='grc' dir='ltr'>τῆς,</span> <span class='ocrx_word' id='word_1_227' title='bbox 2627 1725 2723 1779; x_wconf 86' lang='grc' dir='ltr'><strong>τοῦ</strong></span> <span class='ocrx_word' id='word_1_228' title='bbox 2751 1694 2956 1779; x_wconf 59' lang='lat' dir='ltr'><strong>eiurato»</strong></span> <span class='ocrx_word' id='word_1_229' title='bbox 2979 1694 3241 1796; x_wconf 67' lang='grc' dir='ltr'>ἄρχοντος</span> <span class='ocrx_word' id='word_1_230' title='bbox 3297 1729 3499 1799; x_wconf 81' lang='grc' dir='ltr'>ἀρετῆς</span> <span class='ocrx_word' id='word_1_231' title='bbox 3551 1694 3604 1782; x_wconf 55' lang='grc' dir='ltr'><strong>ὁ.</strong></span> 
     </span>
    </p>
   </div>
   <div class='ocr_carea' id='block_1_35' title="bbox 492 1811 2070 1886">
    <p class='ocr_par' dir='ltr' id='par_1_35' title="bbox 492 1811 2070 1886">
     <span class='ocr_line' id='line_1_35' title="bbox 492 1811 2070 1886; baseline -0.004 -14"><span class='ocrx_word' id='word_1_232' title='bbox 492 1820 659 1875; x_wconf 84' lang='lat' dir='ltr'><strong>Deum</strong></span> <span class='ocrx_word' id='word_1_233' title='bbox 687 1820 890 1880; x_wconf 87' lang='lat' dir='ltr'><strong>colent.</strong></span> <span class='ocrx_word' id='word_1_234' title='bbox 915 1812 1174 1886; x_wconf 85' lang='lat' dir='ltr'><strong>imperata</strong></span> <span class='ocrx_word' id='word_1_235' title='bbox 1203 1814 1429 1882; x_wconf 85' lang='lat' dir='ltr'><strong>facient,</strong></span> <span class='ocrx_word' id='word_1_236' title='bbox 1451 1823 1504 1869; x_wconf 91' lang='lat' dir='ltr'><strong>et</strong></span> <span class='ocrx_word' id='word_1_237' title='bbox 1527 1828 1589 1868; x_wconf 85' lang='lat' dir='ltr'><strong>ea</strong></span> <span class='ocrx_word' id='word_1_238' title='bbox 1617 1812 1776 1883; x_wconf 88' lang='lat' dir='ltr'><strong>quasi</strong></span> <span class='ocrx_word' id='word_1_239' title='bbox 1802 1811 2070 1867; x_wconf 81' lang='lat' dir='ltr'><strong>divinitus</strong></span> 
     </span>
    </p>
   </div>
   <div class='ocr_carea' id='block_1_36' title="bbox 494 1899 1122 1982">
    <p class='ocr_par' dir='ltr' id='par_1_36' title="bbox 494 1899 1122 1982">
     <span class='ocr_line' id='line_1_36' title="bbox 494 1899 1122 1982; baseline -0.008 -18"><span class='ocrx_word' id='word_1_240' title='bbox 494 1912 772 1982; x_wconf 83' lang='lat' dir='ltr'><strong>proposita</strong></span> <span class='ocrx_word' id='word_1_241' title='bbox 804 1899 1122 1978; x_wconf 80' lang='lat' dir='ltr'><strong>explebunt.</strong></span> 
     </span>
    </p>
   </div>
   <div class='ocr_carea' id='block_1_37' title="bbox 562 2077 2072 2149">
    <p class='ocr_par' dir='ltr' id='par_1_37' title="bbox 562 2077 2072 2149">
     <span class='ocr_line' id='line_1_37' title="bbox 562 2077 2072 2149; baseline -0.006 -11"><span class='ocrx_word' id='word_1_242' title='bbox 562 2084 617 2138; x_wconf 64' lang='grc'>4.</span> <span class='ocrx_word' id='word_1_243' title='bbox 660 2081 761 2137; x_wconf 88' lang='lat' dir='ltr'><strong>Uhi</strong></span> <span class='ocrx_word' id='word_1_244' title='bbox 803 2082 1033 2135; x_wconf 90' lang='lat' dir='ltr'><strong>militum</strong></span> <span class='ocrx_word' id='word_1_245' title='bbox 1072 2094 1268 2149; x_wconf 77' lang='lat' dir='ltr'><strong>magna</strong></span> <span class='ocrx_word' id='word_1_246' title='bbox 1305 2078 1595 2133; x_wconf 86' lang='lat' dir='ltr'><strong>multitudo</strong></span> <span class='ocrx_word' id='word_1_247' title='bbox 1631 2093 1798 2133; x_wconf 87' lang='lat' dir='ltr'><strong>unttm</strong></span> <span class='ocrx_word' id='word_1_248' title='bbox 1835 2077 2072 2148; x_wconf 83' lang='lat' dir='ltr'><strong>aliquem</strong></span> 
     </span>
    </p>
   </div>
   <div class='ocr_carea' id='block_1_38' title="bbox 495 2168 2072 2232">
    <p class='ocr_par' dir='ltr' id='par_1_38' title="bbox 495 2168 2072 2232">
     <span class='ocr_line' id='line_1_38' title="bbox 495 2168 2072 2232; baseline -0.003 -5"><span class='ocrx_word' id='word_1_249' title='bbox 495 2173 550 2227; x_wconf 91' lang='lat' dir='ltr'><strong>in</strong></span> <span class='ocrx_word' id='word_1_250' title='bbox 585 2169 763 2226; x_wconf 90' lang='lat' dir='ltr'><strong>locum</strong></span> <span class='ocrx_word' id='word_1_251' title='bbox 797 2170 1146 2232; x_wconf 77' lang='lat' dir='ltr'><strong>convenerit,</strong></span> <span class='ocrx_word' id='word_1_252' title='bbox 1185 2169 1402 2222; x_wconf 85' lang='lat' dir='ltr'><strong>illorqu</strong></span> <span class='ocrx_word' id='word_1_253' title='bbox 1434 2168 1632 2224; x_wconf 87' lang='lat' dir='ltr'><strong>delicta</strong></span> <span class='ocrx_word' id='word_1_254' title='bbox 1669 2169 1864 2223; x_wconf 78' lang='lat' dir='ltr'><strong>leuiter</strong></span> <span class='ocrx_word' id='word_1_255' title='bbox 1898 2176 1952 2222; x_wconf 85' lang='lat' dir='ltr'><strong>et</strong></span> <span class='ocrx_word' id='word_1_256' title='bbox 1985 2183 2072 2223; x_wconf 83' lang='lat' dir='ltr'><strong>se-</strong></span> 
     </span>
    </p>
   </div>
   <div class='ocr_carea' id='block_1_39' title="bbox 494 2258 2075 2328">
    <p class='ocr_par' dir='ltr' id='par_1_39' title="bbox 494 2258 2075 2328">
     <span class='ocr_line' id='line_1_39' title="bbox 494 2258 2075 2328; baseline -0.004 -9"><span class='ocrx_word' id='word_1_257' title='bbox 494 2265 622 2319; x_wconf 90' lang='lat' dir='ltr'><strong>dato</strong></span> <span class='ocrx_word' id='word_1_258' title='bbox 656 2262 841 2316; x_wconf 88' lang='lat' dir='ltr'><strong>animo</strong></span> <span class='ocrx_word' id='word_1_259' title='bbox 873 2259 1048 2326; x_wconf 85' lang='lat' dir='ltr'><strong>feras,</strong></span> <span class='ocrx_word' id='word_1_260' title='bbox 1083 2276 1259 2328; x_wconf 90' lang='lat' dir='ltr'><strong>neque</strong></span> <span class='ocrx_word' id='word_1_261' title='bbox 1283 2258 1494 2328; x_wconf 85' lang='lat' dir='ltr'><strong>judicia</strong></span> <span class='ocrx_word' id='word_1_262' title='bbox 1524 2260 1686 2314; x_wconf 83' lang='lat' dir='ltr'><strong>nimis</strong></span> <span class='ocrx_word' id='word_1_263' title='bbox 1717 2275 1905 2314; x_wconf 87' lang='lat' dir='ltr'><strong>severa</strong></span> <span class='ocrx_word' id='word_1_264' title='bbox 1943 2274 2075 2314; x_wconf 86' lang='lat' dir='ltr'><strong>cru-</strong></span> 
     </span>
    </p>
   </div>
   <div class='ocr_carea' id='block_1_40' title="bbox 495 2347 2070 2422">
    <p class='ocr_par' dir='ltr' id='par_1_40' title="bbox 495 2347 2070 2422">
     <span class='ocr_line' id='line_1_40' title="bbox 495 2347 2070 2422; baseline -0.004 -12"><span class='ocrx_word' id='word_1_265' title='bbox 495 2355 745 2422; x_wconf 85' lang='lat' dir='ltr'><strong>deliaque</strong></span> <span class='ocrx_word' id='word_1_266' title='bbox 783 2352 973 2415; x_wconf 80' lang='lat' dir='ltr'><strong>iacias,</strong></span> <span class='ocrx_word' id='word_1_267' title='bbox 1005 2362 1062 2405; x_wconf 93' lang='lat' dir='ltr'><strong>ut</strong></span> <span class='ocrx_word' id='word_1_268' title='bbox 1096 2367 1164 2406; x_wconf 87' lang='lat' dir='ltr'><strong>ne</strong></span> <span class='ocrx_word' id='word_1_269' title='bbox 1198 2347 1508 2404; x_wconf 82' lang='lat' dir='ltr'><strong>communis</strong></span> <span class='ocrx_word' id='word_1_270' title='bbox 1543 2349 1700 2404; x_wconf 89' lang='lat' dir='ltr'><strong>dolor</strong></span> <span class='ocrx_word' id='word_1_271' title='bbox 1732 2351 1784 2404; x_wconf 90' lang='lat' dir='ltr'><strong>in</strong></span> <span class='ocrx_word' id='word_1_272' title='bbox 1820 2365 2070 2420; x_wconf 79' lang='lat' dir='ltr'><strong>magnam</strong></span> 
     </span>
    </p>
   </div>
   <div class='ocr_carea' id='block_1_41' title="bbox 497 2436 2118 2516">
    <p class='ocr_par' dir='ltr' id='par_1_41' title="bbox 497 2436 2118 2516">
     <span class='ocr_line' id='line_1_41' title="bbox 497 2436 2118 2516; baseline -0.004 -16"><span class='ocrx_word' id='word_1_273' title='bbox 497 2439 967 2516; x_wconf 80' lang='lat' dir='ltr'><strong>perturbationem</strong></span> <span class='ocrx_word' id='word_1_274' title='bbox 997 2450 1050 2497; x_wconf 88' lang='lat' dir='ltr'><strong>et</strong></span> <span class='ocrx_word' id='word_1_275' title='bbox 1081 2441 1292 2496; x_wconf 89' lang='lat' dir='ltr'><strong>ordinis</strong></span> <span class='ocrx_word' id='word_1_276' title='bbox 1325 2436 1707 2496; x_wconf 77' lang='lat' dir='ltr'><strong>confusionem</strong></span> <span class='ocrx_word' id='word_1_277' title='bbox 1743 2438 1865 2496; x_wconf 90' lang='lat' dir='ltr'><strong>illos</strong></span> <span class='ocrx_word' id='word_1_278' title='bbox 1895 2441 2072 2510; x_wconf 84' lang='lat' dir='ltr'><strong>conji-</strong></span> <span class='ocrx_word' id='word_1_279' title='bbox 2111 2508 2118 2515; x_wconf 36' lang='grc' dir='ltr'><strong>ο</strong></span> 
     </span>
    </p>
   </div>
   <div class='ocr_carea' id='block_1_42' title="bbox 496 2533 2073 2605">
    <p class='ocr_par' dir='ltr' id='par_1_42' title="bbox 496 2533 2073 2605">
     <span class='ocr_line' id='line_1_42' title="bbox 496 2533 2073 2605; baseline -0.003 -14"><span class='ocrx_word' id='word_1_280' title='bbox 496 2537 628 2601; x_wconf 86' lang='lat' dir='ltr'><strong>ciat,</strong></span> <span class='ocrx_word' id='word_1_281' title='bbox 659 2536 753 2591; x_wconf 86' lang='lat' dir='ltr'><strong>sed</strong></span> <span class='ocrx_word' id='word_1_282' title='bbox 786 2534 1114 2605; x_wconf 86' lang='lat' dir='ltr'><strong>pedetentim</strong></span> <span class='ocrx_word' id='word_1_283' title='bbox 1149 2535 1202 2587; x_wconf 87' lang='lat' dir='ltr'><strong>in</strong></span> <span class='ocrx_word' id='word_1_284' title='bbox 1232 2543 1489 2588; x_wconf 86' lang='lat' dir='ltr'><strong>auctores</strong></span> <span class='ocrx_word' id='word_1_285' title='bbox 1521 2533 1714 2587; x_wconf 88' lang='lat' dir='ltr'><strong>horum</strong></span> <span class='ocrx_word' id='word_1_286' title='bbox 1744 2533 2073 2603; x_wconf 82' lang='lat' dir='ltr'><strong>ﬂagitiorum</strong></span> 
     </span>
    </p>
   </div>
   <div class='ocr_carea' id='block_1_43' title="bbox 499 2623 1206 2694">
    <p class='ocr_par' dir='ltr' id='par_1_43' title="bbox 499 2623 1206 2694">
     <span class='ocr_line' id='line_1_43' title="bbox 499 2623 1206 2694; baseline -0.003 -14"><span class='ocrx_word' id='word_1_287' title='bbox 499 2623 936 2681; x_wconf 85' lang='lat' dir='ltr'><strong>animadvertere</strong></span> <span class='ocrx_word' id='word_1_288' title='bbox 969 2634 1206 2694; x_wconf 82' lang='lat' dir='ltr'><strong>Oportet.</strong></span> 
     </span>
    </p>
   </div>
   <div class='ocr_carea' id='block_1_44' title="bbox 571 2798 2081 2869">
    <p class='ocr_par' dir='ltr' id='par_1_44' title="bbox 571 2798 2081 2869">
     <span class='ocr_line' id='line_1_44' title="bbox 571 2798 2081 2869; baseline -0.001 -11"><span class='ocrx_word' id='word_1_289' title='bbox 571 2802 626 2858; x_wconf 81' lang='lat'><strong>5.</strong></span> <span class='ocrx_word' id='word_1_290' title='bbox 667 2801 899 2857; x_wconf 89' lang='lat' dir='ltr'><strong>Sobrius</strong></span> <span class='ocrx_word' id='word_1_291' title='bbox 929 2811 992 2856; x_wconf 83' lang='lat' dir='ltr'><strong>ac</strong></span> <span class='ocrx_word' id='word_1_292' title='bbox 1017 2799 1247 2869; x_wconf 79' lang='lat' dir='ltr'><strong>vigilans</strong></span> <span class='ocrx_word' id='word_1_293' title='bbox 1276 2798 1374 2862; x_wconf 85' lang='lat' dir='ltr'><strong>sis,</strong></span> <span class='ocrx_word' id='word_1_294' title='bbox 1403 2798 1720 2869; x_wconf 88' lang='lat' dir='ltr'><strong>imperator,</strong></span> <span class='ocrx_word' id='word_1_295' title='bbox 1749 2808 1862 2854; x_wconf 88' lang='lat' dir='ltr'><strong>tmn</strong></span> <span class='ocrx_word' id='word_1_296' title='bbox 1893 2801 2081 2856; x_wconf 86' lang='lat' dir='ltr'><strong>multis</strong></span> 
     </span>
    </p>
   </div>
   <div class='ocr_carea' id='block_1_45' title="bbox 499 2891 2080 2956">
    <p class='ocr_par' dir='ltr' id='par_1_45' title="bbox 499 2891 2080 2956">
     <span class='ocr_line' id='line_1_45' title="bbox 499 2891 2080 2956; baseline -0.001 -8"><span class='ocrx_word' id='word_1_297' title='bbox 499 2894 625 2950; x_wconf 84' lang='lat' dir='ltr'><strong>aliis</strong></span> <span class='ocrx_word' id='word_1_298' title='bbox 658 2893 725 2949; x_wconf 93' lang='lat' dir='ltr'><strong>de</strong></span> <span class='ocrx_word' id='word_1_299' title='bbox 759 2893 978 2956; x_wconf 87' lang='lat' dir='ltr'><strong>causis,</strong></span> <span class='ocrx_word' id='word_1_300' title='bbox 1015 2901 1127 2945; x_wconf 79' lang='lat' dir='ltr'><strong>tUm</strong></span> <span class='ocrx_word' id='word_1_301' title='bbox 1160 2893 1239 2945; x_wconf 76' lang='lat' dir='ltr'><strong>vei</strong></span> <span class='ocrx_word' id='word_1_302' title='bbox 1280 2894 1549 2954; x_wconf 74' lang='lat' dir='ltr'><strong>maxime,</strong></span> <span class='ocrx_word' id='word_1_303' title='bbox 1583 2899 1641 2944; x_wconf 86' lang='grc' dir='ltr'><strong>ιιι</strong></span> <span class='ocrx_word' id='word_1_304' title='bbox 1676 2891 1730 2946; x_wconf 90' lang='lat' dir='ltr'><strong>in</strong></span> <span class='ocrx_word' id='word_1_305' title='bbox 1762 2894 1905 2947; x_wconf 87' lang='lat' dir='ltr'><strong>victu</strong></span> <span class='ocrx_word' id='word_1_306' title='bbox 1941 2894 2080 2948; x_wconf 84' lang='lat' dir='ltr'><strong>sim-</strong></span> 
     </span>
    </p>
   </div>
   <div class='ocr_carea' id='block_1_46' title="bbox 2173 1814 3778 1890">
    <p class='ocr_par' dir='ltr' id='par_1_46' title="bbox 2173 1814 3778 1890">
     <span class='ocr_line' id='line_1_46' title="bbox 2173 1814 3778 1890; baseline 0.004 -23"><span class='ocrx_word' id='word_1_307' title='bbox 2173 1814 2377 1886; x_wconf 81' lang='grc' dir='ltr'>χείριος</span> <span class='ocrx_word' id='word_1_308' title='bbox 2399 1817 2770 1887; x_wconf 82' lang='grc' dir='ltr'><strong>μεμνημένος,</strong></span> <span class='ocrx_word' id='word_1_309' title='bbox 2805 1820 2900 1872; x_wconf 70' lang='grc' dir='ltr'>καὶ</span> <span class='ocrx_word' id='word_1_310' title='bbox 2926 1818 3018 1872; x_wconf 80' lang='grc' dir='ltr'><strong>τὸν</strong></span> <span class='ocrx_word' id='word_1_311' title='bbox 3069 1817 3204 1871; x_wconf 74' lang='grc' dir='ltr'><strong>Θεὸν</strong></span> <span class='ocrx_word' id='word_1_312' title='bbox 3257 1819 3623 1890; x_wconf 82' lang='grc' dir='ltr'>θεραπεύσει,</span> <span class='ocrx_word' id='word_1_313' title='bbox 3669 1823 3778 1876; x_wconf 71' lang='grc' dir='ltr'><strong>καὶ</strong></span> 
     </span>
    </p>
   </div>
   <div class='ocr_carea' id='block_1_47' title="bbox 2169 1907 3778 1977">
    <p class='ocr_par' dir='ltr' id='par_1_47' title="bbox 2169 1907 3778 1977">
     <span class='ocr_line' id='line_1_47' title="bbox 2169 1907 3778 1977; baseline 0.004 -18"><span class='ocrx_word' id='word_1_314' title='bbox 2169 1909 2284 1970; x_wconf 83' lang='grc' dir='ltr'>τοῖς</span> <span class='ocrx_word' id='word_1_315' title='bbox 2317 1907 2696 1977; x_wconf 76' lang='grc' dir='ltr'>κελευομένοις</span> <span class='ocrx_word' id='word_1_316' title='bbox 2733 1907 3126 1977; x_wconf 81' lang='grc' dir='ltr'>ὑπακούσεται,</span> <span class='ocrx_word' id='word_1_317' title='bbox 3157 1909 3254 1963; x_wconf 79' lang='grc' dir='ltr'>καὶ</span> <span class='ocrx_word' id='word_1_318' title='bbox 3308 1910 3384 1974; x_wconf 85' lang='grc' dir='ltr'>ὡς</span> <span class='ocrx_word' id='word_1_319' title='bbox 3451 1912 3566 1966; x_wconf 74' lang='grc' dir='ltr'><strong>ἀπὸ</strong></span> <span class='ocrx_word' id='word_1_320' title='bbox 3619 1911 3778 1966; x_wconf 75' lang='grc' dir='ltr'>Θεοῦ</span> 
     </span>
    </p>
   </div>
   <div class='ocr_carea' id='block_1_48' title="bbox 2172 1996 2919 2068">
    <p class='ocr_par' dir='ltr' id='par_1_48' title="bbox 2172 1996 2919 2068">
     <span class='ocr_line' id='line_1_48' title="bbox 2172 1996 2919 2068; baseline 0.004 -18"><span class='ocrx_word' id='word_1_321' title='bbox 2172 1996 2346 2051; x_wconf 79' lang='grc' dir='ltr'>ταῦτα</span> <span class='ocrx_word' id='word_1_322' title='bbox 2373 1997 2664 2068; x_wconf 84' lang='grc' dir='ltr'>δεχόμενος</span> <span class='ocrx_word' id='word_1_323' title='bbox 2685 1998 2919 2055; x_wconf 67' lang='grc' dir='ltr'>τελέσει.</span> 
     </span>
    </p>
   </div>
   <div class='ocr_carea' id='block_1_49' title="bbox 2244 2088 3782 2164">
    <p class='ocr_par' dir='ltr' id='par_1_49' title="bbox 2244 2088 3782 2164">
     <span class='ocr_line' id='line_1_49' title="bbox 2244 2088 3782 2164; baseline 0.006 -21"><span class='ocrx_word' id='word_1_324' title='bbox 2244 2088 2308 2143; x_wconf 82' lang='grc' dir='ltr'><strong>δ’.</strong></span> <span class='ocrx_word' id='word_1_325' title='bbox 2335 2091 2505 2144; x_wconf 85' lang='grc' dir='ltr'><strong>Ὅταν</strong></span> <span class='ocrx_word' id='word_1_326' title='bbox 2541 2091 2604 2145; x_wconf 79' lang='grc' dir='ltr'>τὸ</span> <span class='ocrx_word' id='word_1_327' title='bbox 2635 2091 2846 2162; x_wconf 80' lang='grc' dir='ltr'>πλῆθος</span> <span class='ocrx_word' id='word_1_328' title='bbox 2878 2093 2987 2146; x_wconf 85' lang='grc' dir='ltr'>τῶν</span> <span class='ocrx_word' id='word_1_329' title='bbox 3014 2093 3364 2164; x_wconf 80' lang='grc' dir='ltr'>στρατιωτῶν</span> <span class='ocrx_word' id='word_1_330' title='bbox 3414 2095 3508 2148; x_wconf 75' lang='grc' dir='ltr'><strong>ἐπὶ</strong></span> <span class='ocrx_word' id='word_1_331' title='bbox 3537 2096 3644 2150; x_wconf 73' lang='grc' dir='ltr'><strong>ἕνα</strong></span> <span class='ocrx_word' id='word_1_332' title='bbox 3678 2100 3782 2152; x_wconf 73' lang='grc' dir='ltr'>τό·</span> 
     </span>
    </p>
   </div>
   <div class='ocr_carea' id='block_1_50' title="bbox 2177 2181 3782 2259">
    <p class='ocr_par' dir='ltr' id='par_1_50' title="bbox 2177 2181 3782 2259">
     <span class='ocr_line' id='line_1_50' title="bbox 2177 2181 3782 2259; baseline 0.006 -26"><span class='ocrx_word' id='word_1_333' title='bbox 2177 2196 2276 2234; x_wconf 89' lang='grc' dir='ltr'><strong>πον</strong></span> <span class='ocrx_word' id='word_1_334' title='bbox 2308 2181 2568 2252; x_wconf 79' lang='grc' dir='ltr'><strong>συναχθῇ,</strong></span> <span class='ocrx_word' id='word_1_335' title='bbox 2598 2186 2722 2236; x_wconf 81' lang='grc' dir='ltr'>τότε</span> <span class='ocrx_word' id='word_1_336' title='bbox 2751 2184 2913 2238; x_wconf 78' lang='grc' dir='ltr'>δεῖσε</span> <span class='ocrx_word' id='word_1_337' title='bbox 2939 2185 3008 2238; x_wconf 80' lang='grc' dir='ltr'>τὰ</span> <span class='ocrx_word' id='word_1_338' title='bbox 3035 2186 3168 2256; x_wconf 80' lang='grc' dir='ltr'>παρ’</span> <span class='ocrx_word' id='word_1_339' title='bbox 3213 2185 3394 2239; x_wconf 82' lang='grc' dir='ltr'>αὐτῶν</span> <span class='ocrx_word' id='word_1_340' title='bbox 3440 2188 3782 2259; x_wconf 63' lang='grc' dir='ltr'>ἁμαρτανόρ</span> 
     </span>
    </p>
   </div>
   <div class='ocr_carea' id='block_1_51' title="bbox 2179 2273 3784 2350">
    <p class='ocr_par' dir='ltr' id='par_1_51' title="bbox 2179 2273 3784 2350">
     <span class='ocr_line' id='line_1_51' title="bbox 2179 2273 3784 2350; baseline 0.008 -27"><span class='ocrx_word' id='word_1_341' title='bbox 2179 2287 2326 2341; x_wconf 41' lang='grc' dir='ltr'>μενα,</span> <span class='ocrx_word' id='word_1_342' title='bbox 2339 2273 2710 2344; x_wconf 83' lang='grc' dir='ltr'>μακροθύμως</span> <span class='ocrx_word' id='word_1_343' title='bbox 2733 2275 2942 2346; x_wconf 82' lang='grc' dir='ltr'>φέρειν,</span> <span class='ocrx_word' id='word_1_344' title='bbox 2967 2277 3064 2330; x_wconf 78' lang='grc' dir='ltr'>καὶ</span> <span class='ocrx_word' id='word_1_345' title='bbox 3108 2278 3183 2350; x_wconf 84' lang='grc' dir='ltr'>μὴ</span> <span class='ocrx_word' id='word_1_346' title='bbox 3225 2280 3327 2342; x_wconf 73' lang='grc' dir='ltr'><strong>τὰς</strong></span> <span class='ocrx_word' id='word_1_347' title='bbox 3379 2279 3784 2347; x_wconf 80' lang='grc' dir='ltr'>ὲπεξε).εύσεις</span> 
     </span>
    </p>
   </div>
   <div class='ocr_carea' id='block_1_52' title="bbox 2176 2364 3761 2446">
    <p class='ocr_par' dir='ltr' id='par_1_52' title="bbox 2176 2364 3761 2446">
     <span class='ocr_line' id='line_1_52' title="bbox 2176 2364 3761 2446; baseline 0.008 -31"><span class='ocrx_word' id='word_1_348' title='bbox 2176 2364 2271 2416; x_wconf 77' lang='grc' dir='ltr'>καὶ</span> <span class='ocrx_word' id='word_1_349' title='bbox 2295 2365 2649 2436; x_wconf 77' lang='grc' dir='ltr'>κατακριαεις</span> <span class='ocrx_word' id='word_1_350' title='bbox 2678 2368 3088 2440; x_wconf 77' lang='grc' dir='ltr'>ἀπαραιτήτους</span> <span class='ocrx_word' id='word_1_351' title='bbox 3118 2371 3415 2436; x_wconf 74' lang='grc' dir='ltr'>ποιεῖσθαι,</span> <span class='ocrx_word' id='word_1_352' title='bbox 3469 2372 3563 2426; x_wconf 82' lang='grc' dir='ltr'>ἵνα</span> <span class='ocrx_word' id='word_1_353' title='bbox 3605 2375 3693 2445; x_wconf 81' lang='grc' dir='ltr'>μὴ</span> <span class='ocrx_word' id='word_1_354' title='bbox 3724 2379 3761 2446; x_wconf 72' lang='grc' dir='ltr'>ἡ</span> 
     </span>
    </p>
   </div>
   <div class='ocr_carea' id='block_1_53' title="bbox 2178 2454 3766 2540">
    <p class='ocr_par' dir='ltr' id='par_1_53' title="bbox 2178 2454 3766 2540">
     <span class='ocr_line' id='line_1_53' title="bbox 2178 2454 3766 2540; baseline 0.01 -34"><span class='ocrx_word' id='word_1_355' title='bbox 2178 2454 2332 2525; x_wconf 82' lang='grc' dir='ltr'>κοινὴ</span> <span class='ocrx_word' id='word_1_356' title='bbox 2362 2454 2506 2525; x_wconf 84' lang='grc' dir='ltr'><strong>λύπη</strong></span> <span class='ocrx_word' id='word_1_357' title='bbox 2555 2457 2636 2520; x_wconf 75' lang='grc' dir='ltr'>εἰς</span> <span class='ocrx_word' id='word_1_358' title='bbox 2669 2457 2928 2530; x_wconf 87' lang='grc' dir='ltr'>σύναρσιν</span> <span class='ocrx_word' id='word_1_359' title='bbox 2981 2462 3078 2515; x_wconf 77' lang='grc' dir='ltr'>καὶ</span> <span class='ocrx_word' id='word_1_360' title='bbox 3108 2461 3340 2527; x_wconf 80' lang='grc' dir='ltr'>ἀταξίαν</span> <span class='ocrx_word' id='word_1_361' title='bbox 3388 2467 3605 2540; x_wconf 69' lang='grc' dir='ltr'>συνάψῃ</span> <span class='ocrx_word' id='word_1_362' title='bbox 3652 2471 3766 2522; x_wconf 68' lang='grc' dir='ltr'><strong>αὖα</strong></span> 
     </span>
    </p>
   </div>
   <div class='ocr_carea' id='block_1_54' title="bbox 2177 2544 3768 2628">
    <p class='ocr_par' dir='ltr' id='par_1_54' title="bbox 2177 2544 3768 2628">
     <span class='ocr_line' id='line_1_54' title="bbox 2177 2544 3768 2628; baseline 0.011 -34"><span class='ocrx_word' id='word_1_363' title='bbox 2177 2544 2323 2608; x_wconf 83' lang='grc' dir='ltr'>τοὺς,</span> <span class='ocrx_word' id='word_1_364' title='bbox 2347 2544 2486 2598; x_wconf 82' lang='grc' dir='ltr'><strong>ἀλλά</strong></span> <span class='ocrx_word' id='word_1_365' title='bbox 2518 2549 2638 2599; x_wconf 80' lang='grc' dir='ltr'>κατ’</span> <span class='ocrx_word' id='word_1_366' title='bbox 2664 2547 2844 2616; x_wconf 76' lang='grc' dir='ltr'><strong>ὀλίγον</strong></span> <span class='ocrx_word' id='word_1_367' title='bbox 2885 2549 3248 2620; x_wconf 71' lang='grc' dir='ltr'>μᾶλλονκατά</span> <span class='ocrx_word' id='word_1_368' title='bbox 3284 2553 3394 2606; x_wconf 83' lang='grc' dir='ltr'>τῶν</span> <span class='ocrx_word' id='word_1_369' title='bbox 3430 2573 3768 2628; x_wconf 74' lang='grc' dir='ltr'>προκαταρ-</span> 
     </span>
    </p>
   </div>
   <div class='ocr_carea' id='block_1_55' title="bbox 2181 2632 3776 2721">
    <p class='ocr_par' dir='ltr' id='par_1_55' title="bbox 2181 2632 3776 2721">
     <span class='ocr_line' id='line_1_55' title="bbox 2181 2632 3776 2721; baseline 0.012 -37"><span class='ocrx_word' id='word_1_370' title='bbox 2181 2632 2387 2700; x_wconf 75' lang='grc' dir='ltr'>ξάντων</span> <span class='ocrx_word' id='word_1_371' title='bbox 2417 2636 2526 2688; x_wconf 83' lang='grc' dir='ltr'>τῶν</span> <span class='ocrx_word' id='word_1_372' title='bbox 2557 2636 2816 2693; x_wconf 85' lang='grc' dir='ltr'>τοιούτων</span> <span class='ocrx_word' id='word_1_373' title='bbox 2846 2640 3263 2713; x_wconf 81' lang='grc' dir='ltr'>ἁμαρτημάτων</span> <span class='ocrx_word' id='word_1_374' title='bbox 3315 2647 3590 2701; x_wconf 78' lang='grc' dir='ltr'>ποιεῖσθαι</span> <span class='ocrx_word' id='word_1_375' title='bbox 3660 2649 3776 2721; x_wconf 67' lang='grc' dir='ltr'>τὴν</span> 
     </span>
    </p>
   </div>
   <div class='ocr_carea' id='block_1_56' title="bbox 2192 2725 2495 2782">
    <p class='ocr_par' dir='ltr' id='par_1_56' title="bbox 2192 2725 2495 2782">
     <span class='ocr_line' id='line_1_56' title="bbox 2192 2725 2495 2782; baseline 0.013 -5"><span class='ocrx_word' id='word_1_376' title='bbox 2192 2725 2495 2782; x_wconf 73' lang='grc' dir='ltr'>παίδευσιν.</span> 
     </span>
    </p>
   </div>
   <div class='ocr_carea' id='block_1_57' title="bbox 2253 2817 3776 2901">
    <p class='ocr_par' dir='ltr' id='par_1_57' title="bbox 2253 2817 3776 2901">
     <span class='ocr_line' id='line_1_57' title="bbox 2253 2817 3776 2901; baseline 0.014 -31"><span class='ocrx_word' id='word_1_377' title='bbox 2253 2817 2316 2874; x_wconf 83' lang='grc' dir='ltr'>ε’.</span> <span class='ocrx_word' id='word_1_378' title='bbox 2346 2820 2557 2889; x_wconf 53' lang='grc' dir='ltr'><strong>Νήςςειν</strong></span> <span class='ocrx_word' id='word_1_379' title='bbox 2586 2822 2680 2876; x_wconf 79' lang='grc' dir='ltr'>καὶ</span> <span class='ocrx_word' id='word_1_380' title='bbox 2713 2824 3037 2897; x_wconf 81' lang='grc' dir='ltr'>ὲγρηγορεῖν</span> <span class='ocrx_word' id='word_1_381' title='bbox 3075 2828 3170 2882; x_wconf 73' lang='grc' dir='ltr'>καὶ</span> <span class='ocrx_word' id='word_1_382' title='bbox 3209 2830 3342 2901; x_wconf 75' lang='grc' dir='ltr'>πρὸς</span> <span class='ocrx_word' id='word_1_383' title='bbox 3383 2833 3453 2886; x_wconf 75' lang='grc' dir='ltr'><strong>τὰ</strong></span> <span class='ocrx_word' id='word_1_384' title='bbox 3483 2833 3616 2888; x_wconf 70' lang='grc' dir='ltr'>ἄλλα</span> <span class='ocrx_word' id='word_1_385' title='bbox 3672 2853 3776 2890; x_wconf 86' lang='grc' dir='ltr'>κε-</span> 
     </span>
    </p>
   </div>
   <div class='ocr_carea' id='block_1_58' title="bbox 2184 2909 3769 2989">
    <p class='ocr_par' dir='ltr' id='par_1_58' title="bbox 2184 2909 3769 2989">
     <span class='ocr_line' id='line_1_58' title="bbox 2184 2909 3769 2989; baseline 0.012 -27"><span class='ocrx_word' id='word_1_386' title='bbox 2184 2910 2414 2981; x_wconf 78' lang='grc' dir='ltr'>λεύομέν</span> <span class='ocrx_word' id='word_1_387' title='bbox 2445 2929 2546 2977; x_wconf 87' lang='grc' dir='ltr'>σοι,</span> <span class='ocrx_word' id='word_1_388' title='bbox 2579 2909 2624 2968; x_wconf 81' lang='grc' dir='ltr'><strong>ὦ</strong></span> <span class='ocrx_word' id='word_1_389' title='bbox 2652 2919 2948 2989; x_wconf 84' lang='grc' dir='ltr'>στρατηγὲ,</span> <span class='ocrx_word' id='word_1_390' title='bbox 2977 2919 3032 2972; x_wconf 80' lang='lat' dir='ltr'><strong>rb</strong></span> <span class='ocrx_word' id='word_1_391' title='bbox 3057 2920 3112 2973; x_wconf 83' lang='grc' dir='ltr'><strong>δὲ</strong></span> <span class='ocrx_word' id='word_1_392' title='bbox 3137 2921 3320 2986; x_wconf 74' lang='grc' dir='ltr'>πλέον,</span> <span class='ocrx_word' id='word_1_393' title='bbox 3350 2922 3490 2977; x_wconf 82' lang='grc' dir='ltr'>ὥστε</span> <span class='ocrx_word' id='word_1_394' title='bbox 3527 2944 3584 2978; x_wconf 82' lang='grc' dir='ltr'><strong>σε</strong></span> <span class='ocrx_word' id='word_1_395' title='bbox 3615 2923 3769 2981; x_wconf 71' lang='grc' dir='ltr'>εἶναι</span> 
     </span>
    </p>
   </div>
   <div class='ocr_carea' id='block_1_59' title="bbox 501 2982 2077 3088">
    <p class='ocr_par' dir='ltr' id='par_1_59' title="bbox 501 2982 2077 3055">
     <span class='ocr_line' id='line_1_59' title="bbox 501 2982 2077 3055; baseline 0 -15"><span class='ocrx_word' id='word_1_396' title='bbox 501 2985 661 3055; x_wconf 75' lang='lat' dir='ltr'><strong>plex,</strong></span> <span class='ocrx_word' id='word_1_397' title='bbox 700 2986 754 3038; x_wconf 89' lang='lat' dir='ltr'><strong>in</strong></span> <span class='ocrx_word' id='word_1_398' title='bbox 800 2985 1010 3054; x_wconf 85' lang='lat' dir='ltr'><strong>reliqua</strong></span> <span class='ocrx_word' id='word_1_399' title='bbox 1047 2985 1156 3038; x_wconf 87' lang='lat' dir='ltr'><strong>vita</strong></span> <span class='ocrx_word' id='word_1_400' title='bbox 1202 2982 1469 3038; x_wconf 91' lang='lat' dir='ltr'><strong>militibus</strong></span> <span class='ocrx_word' id='word_1_401' title='bbox 1511 2985 1620 3039; x_wconf 90' lang='lat' dir='ltr'><strong>tuis</strong></span> <span class='ocrx_word' id='word_1_402' title='bbox 1660 2987 1942 3055; x_wconf 72' lang='lat' dir='ltr'><strong>expositus</strong></span> <span class='ocrx_word' id='word_1_403' title='bbox 1979 2987 2077 3042; x_wconf 89' lang='lat' dir='ltr'><strong>sis.</strong></span> 
     </span>
    </p>
   </div>
   <div class='ocr_carea' id='block_1_60' title="bbox 2184 2982 3777 3088">
    <p class='ocr_par' dir='ltr' id='par_1_60' title="bbox 2187 2982 3777 3087">
     <span class='ocr_line' id='line_1_60' title="bbox 2187 2982 3777 3087; baseline 0.01 -31"><span class='ocrx_word' id='word_1_404' title='bbox 2187 3001 2388 3056; x_wconf 84' lang='grc' dir='ltr'>ἁπλοῦν</span> <span class='ocrx_word' id='word_1_405' title='bbox 2407 3005 2463 3056; x_wconf 81' lang='grc' dir='ltr'><strong>ὲν</strong></span> <span class='ocrx_word' id='word_1_406' title='bbox 2485 3007 2548 3075; x_wconf 80' lang='grc' dir='ltr'><strong>τῇ</strong></span> <span class='ocrx_word' id='word_1_407' title='bbox 2575 2982 2962 3078; x_wconf 44' lang='grc' dir='ltr'>διαγωγῇξκαὶ</span> <span class='ocrx_word' id='word_1_408' title='bbox 2999 3011 3178 3064; x_wconf 76' lang='grc' dir='ltr'>κοινὸν</span> <span class='ocrx_word' id='word_1_409' title='bbox 3204 3013 3263 3065; x_wconf 79' lang='grc' dir='ltr'>ἐν</span> <span class='ocrx_word' id='word_1_410' title='bbox 3303 2982 3369 3084; x_wconf 79' lang='grc' dir='ltr'>τῇ</span> <span class='ocrx_word' id='word_1_411' title='bbox 3391 3014 3570 3087; x_wconf 83' lang='grc' dir='ltr'>διαίτῃ</span> <span class='ocrx_word' id='word_1_412' title='bbox 3617 3018 3777 3087; x_wconf 64' lang='grc' dir='ltr'>μετὰ</span> 
     </span>
    </p>
   </div>
   <div class='ocr_carea' id='block_1_61' title="bbox 501 3075 2083 3147">
    <p class='ocr_par' dir='ltr' id='par_1_61' title="bbox 501 3075 2083 3147">
     <span class='ocr_line' id='line_1_61' title="bbox 501 3075 2083 3147; baseline 0.001 -16"><span class='ocrx_word' id='word_1_413' title='bbox 501 3077 792 3132; x_wconf 83' lang='lat' dir='ltr'><strong>Paternum</strong></span> <span class='ocrx_word' id='word_1_414' title='bbox 825 3091 985 3147; x_wconf 88' lang='lat' dir='ltr'><strong>geras</strong></span> <span class='ocrx_word' id='word_1_415' title='bbox 1016 3091 1144 3144; x_wconf 81' lang='lat' dir='ltr'><strong>erga</strong></span> <span class='ocrx_word' id='word_1_416' title='bbox 1180 3075 1300 3131; x_wconf 92' lang='lat' dir='ltr'><strong>illos</strong></span> <span class='ocrx_word' id='word_1_417' title='bbox 1338 3076 1590 3129; x_wconf 69' lang='lat' dir='ltr'><strong>allectum</strong></span> <span class='ocrx_word' id='word_1_418' title='bbox 1627 3094 1638 3129; x_wconf 91' lang='lat'><strong>:</strong></span> <span class='ocrx_word' id='word_1_419' title='bbox 1669 3093 1793 3131; x_wconf 89' lang='lat' dir='ltr'><strong>cum</strong></span> <span class='ocrx_word' id='word_1_420' title='bbox 1827 3079 1975 3132; x_wconf 89' lang='lat' dir='ltr'><strong>omni</strong></span> <span class='ocrx_word' id='word_1_421' title='bbox 2011 3079 2083 3133; x_wconf 87' lang='lat' dir='ltr'><strong>lc-</strong></span> 
     </span>
    </p>
   </div>
   <div class='ocr_carea' id='block_1_62' title="bbox 499 3165 2084 3230">
    <p class='ocr_par' dir='ltr' id='par_1_62' title="bbox 499 3165 2084 3230">
     <span class='ocr_line' id='line_1_62' title="bbox 499 3165 2084 3230; baseline -0.002 -6"><span class='ocrx_word' id='word_1_422' title='bbox 499 3170 672 3224; x_wconf 88' lang='lat' dir='ltr'><strong>nitate</strong></span> <span class='ocrx_word' id='word_1_423' title='bbox 695 3169 878 3223; x_wconf 88' lang='lat' dir='ltr'><strong>omnia</strong></span> <span class='ocrx_word' id='word_1_424' title='bbox 911 3177 1023 3222; x_wconf 89' lang='lat' dir='ltr'><strong>tum</strong></span> <span class='ocrx_word' id='word_1_425' title='bbox 1054 3165 1242 3230; x_wconf 84' lang='lat' dir='ltr'><strong>facito,</strong></span> <span class='ocrx_word' id='word_1_426' title='bbox 1272 3176 1382 3219; x_wconf 89' lang='lat' dir='ltr'><strong>ttnu</strong></span> <span class='ocrx_word' id='word_1_427' title='bbox 1416 3166 1606 3230; x_wconf 87' lang='lat' dir='ltr'><strong>dicito,</strong></span> <span class='ocrx_word' id='word_1_428' title='bbox 1635 3167 1738 3222; x_wconf 90' lang='lat' dir='ltr'><strong>nisi</strong></span> <span class='ocrx_word' id='word_1_429' title='bbox 1772 3171 2084 3224; x_wconf 85' lang='lat' dir='ltr'><strong>necessaria</strong></span> 
     </span>
    </p>
   </div>
   <div class='ocr_carea' id='block_1_63' title="bbox 501 3255 2083 3332">
    <p class='ocr_par' dir='ltr' id='par_1_63' title="bbox 501 3255 2083 3332">
     <span class='ocr_line' id='line_1_63' title="bbox 501 3255 2083 3332; baseline 0.001 -17"><span class='ocrx_word' id='word_1_430' title='bbox 501 3262 682 3332; x_wconf 88' lang='lat' dir='ltr'><strong>aliqua</strong></span> <span class='ocrx_word' id='word_1_431' title='bbox 713 3272 881 3314; x_wconf 87' lang='lat' dir='ltr'><strong>causa</strong></span> <span class='ocrx_word' id='word_1_432' title='bbox 915 3271 965 3313; x_wconf 85' lang='lat' dir='ltr'><strong>te</strong></span> <span class='ocrx_word' id='word_1_433' title='bbox 995 3257 1061 3312; x_wconf 88' lang='lat' dir='ltr'><strong>ad</strong></span> <span class='ocrx_word' id='word_1_434' title='bbox 1095 3257 1441 3312; x_wconf 78' lang='lat' dir='ltr'><strong>severitatem</strong></span> <span class='ocrx_word' id='word_1_435' title='bbox 1477 3265 1650 3312; x_wconf 73' lang='lat' dir='ltr'><strong>vocet.</strong></span> <span class='ocrx_word' id='word_1_436' title='bbox 1684 3255 1759 3312; x_wconf 89' lang='lat' dir='ltr'><strong>De</strong></span> <span class='ocrx_word' id='word_1_437' title='bbox 1791 3259 1955 3314; x_wconf 87' lang='lat' dir='ltr'><strong>rebus</strong></span> <span class='ocrx_word' id='word_1_438' title='bbox 1985 3276 2083 3316; x_wconf 87' lang='lat' dir='ltr'><strong>ne-</strong></span> 
     </span>
    </p>
   </div>
   <div class='ocr_carea' id='block_1_64' title="bbox 503 3346 2086 3418">
    <p class='ocr_par' dir='ltr' id='par_1_64' title="bbox 503 3346 2086 3418">
     <span class='ocr_line' id='line_1_64' title="bbox 503 3346 2086 3418; baseline -0.002 -11"><span class='ocrx_word' id='word_1_439' title='bbox 503 3351 766 3407; x_wconf 81' lang='lat' dir='ltr'><strong>cessariis</strong></span> <span class='ocrx_word' id='word_1_440' title='bbox 791 3359 1004 3418; x_wconf 82' lang='lat' dir='ltr'><strong>semper</strong></span> <span class='ocrx_word' id='word_1_441' title='bbox 1029 3363 1125 3418; x_wconf 82' lang='lat' dir='ltr'><strong>per</strong></span> <span class='ocrx_word' id='word_1_442' title='bbox 1151 3354 1202 3402; x_wconf 89' lang='lat' dir='ltr'><strong>te</strong></span> <span class='ocrx_word' id='word_1_443' title='bbox 1226 3347 1368 3417; x_wconf 87' lang='lat' dir='ltr'><strong>apud</strong></span> <span class='ocrx_word' id='word_1_444' title='bbox 1397 3346 1518 3402; x_wconf 91' lang='lat' dir='ltr'><strong>illos</strong></span> <span class='ocrx_word' id='word_1_445' title='bbox 1544 3347 1708 3401; x_wconf 86' lang='lat' dir='ltr'><strong>verba</strong></span> <span class='ocrx_word' id='word_1_446' title='bbox 1734 3347 1926 3403; x_wconf 79' lang='lat' dir='ltr'><strong>facias.</strong></span> <span class='ocrx_word' id='word_1_447' title='bbox 1952 3348 2086 3404; x_wconf 85' lang='lat' dir='ltr'><strong>Pro-</strong></span> 
     </span>
    </p>
   </div>
   <div class='ocr_carea' id='block_1_65' title="bbox 503 3440 2080 3504">
    <p class='ocr_par' dir='ltr' id='par_1_65' title="bbox 503 3440 2080 3504">
     <span class='ocr_line' id='line_1_65' title="bbox 503 3440 2080 3504; baseline -0.002 -6"><span class='ocrx_word' id='word_1_448' title='bbox 503 3443 723 3498; x_wconf 88' lang='lat' dir='ltr'><strong>curabis</strong></span> <span class='ocrx_word' id='word_1_449' title='bbox 757 3442 956 3504; x_wconf 90' lang='lat' dir='ltr'><strong>etiam,</strong></span> <span class='ocrx_word' id='word_1_450' title='bbox 991 3447 1049 3494; x_wconf 89' lang='lat' dir='ltr'><strong>ut</strong></span> <span class='ocrx_word' id='word_1_451' title='bbox 1082 3440 1230 3494; x_wconf 89' lang='lat' dir='ltr'><strong>nulla</strong></span> <span class='ocrx_word' id='word_1_452' title='bbox 1261 3453 1395 3493; x_wconf 81' lang='lat' dir='ltr'><strong>cura</strong></span> <span class='ocrx_word' id='word_1_453' title='bbox 1423 3455 1608 3494; x_wconf 89' lang='lat' dir='ltr'><strong>rerum</strong></span> <span class='ocrx_word' id='word_1_454' title='bbox 1645 3443 2080 3497; x_wconf 85' lang='lat' dir='ltr'><strong>necessariarum</strong></span> 
     </span>
    </p>
   </div>
   <div class='ocr_carea' id='block_1_66' title="bbox 502 3529 2084 3604">
    <p class='ocr_par' dir='ltr' id='par_1_66' title="bbox 502 3529 2084 3604">
     <span class='ocr_line' id='line_1_66' title="bbox 502 3529 2084 3604; baseline -0.001 -14"><span class='ocrx_word' id='word_1_455' title='bbox 502 3533 890 3599; x_wconf 81' lang='lat' dir='ltr'><strong>sollicitentur,</strong></span> <span class='ocrx_word' id='word_1_456' title='bbox 916 3541 1009 3586; x_wconf 87' lang='lat' dir='ltr'><strong>aut</strong></span> <span class='ocrx_word' id='word_1_457' title='bbox 1031 3529 1371 3586; x_wconf 79' lang='lat' dir='ltr'><strong>cOmmeatds</strong></span> <span class='ocrx_word' id='word_1_458' title='bbox 1395 3532 1738 3601; x_wconf 78' lang='lat' dir='ltr'><strong>alioruquc</strong></span> <span class='ocrx_word' id='word_1_459' title='bbox 1761 3531 1940 3602; x_wconf 83' lang='lat' dir='ltr'><strong>inopia</strong></span> <span class='ocrx_word' id='word_1_460' title='bbox 1963 3550 2084 3604; x_wconf 83' lang='lat' dir='ltr'><strong>prc-</strong></span> 
     </span>
    </p>
   </div>
   <div class='ocr_carea' id='block_1_67' title="bbox 505 3619 2085 3696">
    <p class='ocr_par' dir='ltr' id='par_1_67' title="bbox 505 3619 2085 3696">
     <span class='ocr_line' id='line_1_67' title="bbox 505 3619 2085 3696; baseline 0 -15"><span class='ocrx_word' id='word_1_461' title='bbox 505 3636 747 3681; x_wconf 88' lang='lat' dir='ltr'><strong>tnantur.</strong></span> <span class='ocrx_word' id='word_1_462' title='bbox 788 3624 975 3694; x_wconf 80' lang='lat' dir='ltr'><strong>Neque</strong></span> <span class='ocrx_word' id='word_1_463' title='bbox 1011 3623 1154 3679; x_wconf 85' lang='lat' dir='ltr'><strong>enim</strong></span> <span class='ocrx_word' id='word_1_464' title='bbox 1184 3624 1377 3678; x_wconf 88' lang='lat' dir='ltr'><strong>ordine</strong></span> <span class='ocrx_word' id='word_1_465' title='bbox 1418 3620 1602 3693; x_wconf 83' lang='lat' dir='ltr'><strong>aliquo</strong></span> <span class='ocrx_word' id='word_1_466' title='bbox 1646 3619 1916 3680; x_wconf 85' lang='lat' dir='ltr'><strong>contineri</strong></span> <span class='ocrx_word' id='word_1_467' title='bbox 1961 3641 2085 3696; x_wconf 88' lang='lat' dir='ltr'><strong>pos-</strong></span> 
     </span>
    </p>
   </div>
   <div class='ocr_carea' id='block_1_68' title="bbox 505 3712 2084 3786">
    <p class='ocr_par' dir='ltr' id='par_1_68' title="bbox 505 3712 2084 3786">
     <span class='ocr_line' id='line_1_68' title="bbox 505 3712 2084 3786; baseline -0.003 -10"><span class='ocrx_word' id='word_1_468' title='bbox 505 3727 655 3786; x_wconf 86' lang='lat' dir='ltr'><strong>sunt,</strong></span> <span class='ocrx_word' id='word_1_469' title='bbox 695 3721 802 3773; x_wconf 89' lang='lat' dir='ltr'><strong>nisi</strong></span> <span class='ocrx_word' id='word_1_470' title='bbox 852 3719 963 3772; x_wconf 69' lang='lat' dir='ltr'><strong>hmc</strong></span> <span class='ocrx_word' id='word_1_471' title='bbox 1009 3717 1321 3772; x_wconf 88' lang='lat' dir='ltr'><strong>necessaria</strong></span> <span class='ocrx_word' id='word_1_472' title='bbox 1363 3717 1545 3770; x_wconf 88' lang='lat' dir='ltr'><strong>omnia</strong></span> <span class='ocrx_word' id='word_1_473' title='bbox 1590 3712 1699 3771; x_wconf 90' lang='lat' dir='ltr'><strong>illis</strong></span> <span class='ocrx_word' id='word_1_474' title='bbox 1747 3717 1814 3772; x_wconf 87' lang='lat' dir='ltr'><strong>ad</strong></span> <span class='ocrx_word' id='word_1_475' title='bbox 1863 3734 2084 3773; x_wconf 87' lang='lat' dir='ltr'><strong>manum</strong></span> 
     </span>
    </p>
   </div>
   <div class='ocr_carea' id='block_1_69' title="bbox 505 3805 2085 3878">
    <p class='ocr_par' dir='ltr' id='par_1_69' title="bbox 505 3805 2085 3878">
     <span class='ocr_line' id='line_1_69' title="bbox 505 3805 2085 3878; baseline 0.001 -13"><span class='ocrx_word' id='word_1_476' title='bbox 505 3813 634 3866; x_wconf 90' lang='lat' dir='ltr'><strong>sint.</strong></span> <span class='ocrx_word' id='word_1_477' title='bbox 674 3810 733 3863; x_wconf 89' lang='lat' dir='ltr'><strong>lu</strong></span> <span class='ocrx_word' id='word_1_478' title='bbox 768 3810 935 3878; x_wconf 88' lang='lat' dir='ltr'><strong>justis</strong></span> <span class='ocrx_word' id='word_1_479' title='bbox 983 3805 1269 3878; x_wconf 85' lang='lat' dir='ltr'><strong>suppliciis</strong></span> <span class='ocrx_word' id='word_1_480' title='bbox 1316 3805 1610 3862; x_wconf 83' lang='lat' dir='ltr'><strong>inferendis</strong></span> <span class='ocrx_word' id='word_1_481' title='bbox 1655 3807 1917 3865; x_wconf 85' lang='lat' dir='ltr'><strong>terribilis</strong></span> <span class='ocrx_word' id='word_1_482' title='bbox 1965 3811 2085 3866; x_wconf 82' lang='lat' dir='ltr'><strong>aliis</strong></span> 
     </span>
    </p>
   </div>
   <div class='ocr_carea' id='block_1_70' title="bbox 509 3896 2086 3972">
    <p class='ocr_par' dir='ltr' id='par_1_70' title="bbox 509 3896 2086 3972">
     <span class='ocr_line' id='line_1_70' title="bbox 509 3896 2086 3972; baseline 0.003 -18"><span class='ocrx_word' id='word_1_483' title='bbox 509 3901 610 3954; x_wconf 87' lang='lat' dir='ltr'><strong>sis.</strong></span> <span class='ocrx_word' id='word_1_484' title='bbox 641 3898 799 3952; x_wconf 90' lang='lat' dir='ltr'><strong>luitia</strong></span> <span class='ocrx_word' id='word_1_485' title='bbox 831 3906 884 3951; x_wconf 87' lang='lat' dir='ltr'><strong>et</strong></span> <span class='ocrx_word' id='word_1_486' title='bbox 917 3911 1113 3952; x_wconf 88' lang='lat' dir='ltr'><strong>causas</strong></span> <span class='ocrx_word' id='word_1_487' title='bbox 1144 3897 1473 3950; x_wconf 86' lang='lat' dir='ltr'><strong>tumultuum</strong></span> <span class='ocrx_word' id='word_1_488' title='bbox 1505 3907 1559 3952; x_wconf 93' lang='lat' dir='ltr'><strong>et</strong></span> <span class='ocrx_word' id='word_1_489' title='bbox 1588 3896 1917 3956; x_wconf 86' lang='lat' dir='ltr'><strong>seditionum</strong></span> <span class='ocrx_word' id='word_1_490' title='bbox 1951 3919 2086 3972; x_wconf 69' lang='lat' dir='ltr'><strong>prte-</strong></span> 
     </span>
    </p>
   </div>
   <div class='ocr_carea' id='block_1_71' title="bbox 506 3987 2086 4060">
    <p class='ocr_par' dir='ltr' id='par_1_71' title="bbox 506 3987 2086 4060">
     <span class='ocr_line' id='line_1_71' title="bbox 506 3987 2086 4060; baseline 0.003 -14"><span class='ocrx_word' id='word_1_491' title='bbox 506 3992 682 4054; x_wconf 88' lang='lat' dir='ltr'><strong>cidas,</strong></span> <span class='ocrx_word' id='word_1_492' title='bbox 710 4004 884 4060; x_wconf 88' lang='lat' dir='ltr'><strong>neque</strong></span> <span class='ocrx_word' id='word_1_493' title='bbox 905 3997 1188 4059; x_wconf 68' lang='lat' dir='ltr'><strong>exspectes</strong></span> <span class='ocrx_word' id='word_1_494' title='bbox 1217 3987 1342 4041; x_wconf 89' lang='lat' dir='ltr'><strong>dtuu</strong></span> <span class='ocrx_word' id='word_1_495' title='bbox 1375 3988 1428 4042; x_wconf 91' lang='lat' dir='ltr'><strong>in</strong></span> <span class='ocrx_word' id='word_1_496' title='bbox 1459 3989 1634 4059; x_wconf 89' lang='lat' dir='ltr'><strong>majus</strong></span> <span class='ocrx_word' id='word_1_497' title='bbox 1659 4001 1930 4048; x_wconf 87' lang='lat' dir='ltr'><strong>crescant.</strong></span> <span class='ocrx_word' id='word_1_498' title='bbox 1957 3997 2086 4050; x_wconf 69' lang='lat' dir='ltr'><strong>Hmc</strong></span> 
     </span>
    </p>
   </div>
   <div class='ocr_carea' id='block_1_72' title="bbox 507 4077 2082 4152">
    <p class='ocr_par' dir='ltr' id='par_1_72' title="bbox 507 4077 2082 4152">
     <span class='ocr_line' id='line_1_72' title="bbox 507 4077 2082 4152; baseline 0.001 -17"><span class='ocrx_word' id='word_1_499' title='bbox 507 4081 654 4135; x_wconf 91' lang='lat' dir='ltr'><strong>enim</strong></span> <span class='ocrx_word' id='word_1_500' title='bbox 687 4078 1036 4148; x_wconf 88' lang='lat' dir='ltr'><strong>imperatoria</strong></span> <span class='ocrx_word' id='word_1_501' title='bbox 1066 4077 1240 4132; x_wconf 81' lang='lat' dir='ltr'><strong>virtus</strong></span> <span class='ocrx_word' id='word_1_502' title='bbox 1270 4085 1352 4131; x_wconf 89' lang='lat' dir='ltr'><strong>est</strong></span> <span class='ocrx_word' id='word_1_503' title='bbox 1374 4117 1389 4142; x_wconf 89' lang='lat'><strong>,</strong></span> <span class='ocrx_word' id='word_1_504' title='bbox 1422 4089 1763 4134; x_wconf 88' lang='lat' dir='ltr'><strong>constantem</strong></span> <span class='ocrx_word' id='word_1_505' title='bbox 1795 4090 1849 4136; x_wconf 89' lang='lat' dir='ltr'><strong>et</strong></span> <span class='ocrx_word' id='word_1_506' title='bbox 1874 4081 2082 4152; x_wconf 87' lang='lat' dir='ltr'><strong>justum</strong></span> 
     </span>
    </p>
   </div>
   <div class='ocr_carea' id='block_1_73' title="bbox 509 4164 2088 4236">
    <p class='ocr_par' dir='ltr' id='par_1_73' title="bbox 509 4164 2088 4236">
     <span class='ocr_line' id='line_1_73' title="bbox 509 4164 2088 4236; baseline 0.001 -12"><span class='ocrx_word' id='word_1_507' title='bbox 509 4167 777 4224; x_wconf 85' lang='lat' dir='ltr'><strong>militibus</strong></span> <span class='ocrx_word' id='word_1_508' title='bbox 811 4166 1000 4230; x_wconf 75' lang='lat' dir='ltr'><strong>videri,</strong></span> <span class='ocrx_word' id='word_1_509' title='bbox 1036 4179 1087 4220; x_wconf 90' lang='lat' dir='ltr'><strong>ct</strong></span> <span class='ocrx_word' id='word_1_510' title='bbox 1122 4181 1187 4219; x_wconf 79' lang='lat' dir='ltr'><strong>ex</strong></span> <span class='ocrx_word' id='word_1_511' title='bbox 1223 4164 1339 4220; x_wconf 92' lang='lat' dir='ltr'><strong>suis</strong></span> <span class='ocrx_word' id='word_1_512' title='bbox 1373 4165 1570 4219; x_wconf 86' lang='lat' dir='ltr'><strong>finibus</strong></span> <span class='ocrx_word' id='word_1_513' title='bbox 1606 4167 1930 4236; x_wconf 73' lang='lat' dir='ltr'><strong>iniustitiam</strong></span> <span class='ocrx_word' id='word_1_514' title='bbox 1968 4186 2088 4226; x_wconf 86' lang='lat' dir='ltr'><strong>om-</strong></span> 
     </span>
    </p>
   </div>
   <div class='ocr_carea' id='block_1_74' title="bbox 510 4255 2089 4330">
    <p class='ocr_par' dir='ltr' id='par_1_74' title="bbox 510 4255 2089 4330">
     <span class='ocr_line' id='line_1_74' title="bbox 510 4255 2089 4330; baseline 0.003 -18"><span class='ocrx_word' id='word_1_515' title='bbox 510 4272 634 4312; x_wconf 88' lang='lat' dir='ltr'><strong>nem</strong></span> <span class='ocrx_word' id='word_1_516' title='bbox 669 4257 940 4327; x_wconf 84' lang='lat' dir='ltr'><strong>expellere</strong></span> <span class='ocrx_word' id='word_1_517' title='bbox 961 4295 975 4322; x_wconf 93' lang='lat'><strong>,</strong></span> <span class='ocrx_word' id='word_1_518' title='bbox 1009 4255 1242 4326; x_wconf 83' lang='lat' dir='ltr'><strong>injurios</strong></span> <span class='ocrx_word' id='word_1_519' title='bbox 1275 4255 1526 4311; x_wconf 83' lang='lat' dir='ltr'><strong>homines</strong></span> <span class='ocrx_word' id='word_1_520' title='bbox 1561 4271 1848 4330; x_wconf 86' lang='lat' dir='ltr'><strong>coercere,</strong></span> <span class='ocrx_word' id='word_1_521' title='bbox 1888 4259 2089 4318; x_wconf 88' lang='lat' dir='ltr'><strong>milites</strong></span> 
     </span>
    </p>
   </div>
   <div class='ocr_carea' id='block_1_75' title="bbox 2189 3093 3776 3180">
    <p class='ocr_par' dir='ltr' id='par_1_75' title="bbox 2189 3093 3776 3180">
     <span class='ocr_line' id='line_1_75' title="bbox 2189 3093 3776 3180; baseline 0.011 -35"><span class='ocrx_word' id='word_1_522' title='bbox 2189 3093 2296 3146; x_wconf 86' lang='grc' dir='ltr'>τῶν</span> <span class='ocrx_word' id='word_1_523' title='bbox 2326 3093 2430 3146; x_wconf 77' lang='grc' dir='ltr'>ὑπὸ</span> <span class='ocrx_word' id='word_1_524' title='bbox 2457 3094 2516 3146; x_wconf 79' lang='grc' dir='ltr'>σὲ</span> <span class='ocrx_word' id='word_1_525' title='bbox 2536 3099 2904 3166; x_wconf 82' lang='grc' dir='ltr'>στρατιωτῶν.</span> <span class='ocrx_word' id='word_1_526' title='bbox 2924 3101 3032 3154; x_wconf 70' lang='grc' dir='ltr'><strong>Καὶ</strong></span> <span class='ocrx_word' id='word_1_527' title='bbox 3047 3103 3324 3174; x_wconf 83' lang='grc' dir='ltr'>πατρικήν</span> <span class='ocrx_word' id='word_1_528' title='bbox 3350 3120 3409 3156; x_wconf 90' lang='grc' dir='ltr'><strong>σε</strong></span> <span class='ocrx_word' id='word_1_529' title='bbox 3437 3105 3582 3176; x_wconf 79' lang='grc' dir='ltr'>ἔχειν</span> <span class='ocrx_word' id='word_1_530' title='bbox 3607 3125 3776 3180; x_wconf 80' lang='grc' dir='ltr'>στορο</span> 
     </span>
    </p>
   </div>
   <div class='ocr_carea' id='block_1_76' title="bbox 2189 3181 3772 3265">
    <p class='ocr_par' dir='ltr' id='par_1_76' title="bbox 2189 3181 3772 3265">
     <span class='ocr_line' id='line_1_76' title="bbox 2189 3181 3772 3265; baseline 0.01 -32"><span class='ocrx_word' id='word_1_531' title='bbox 2189 3181 2294 3252; x_wconf 72' lang='grc' dir='ltr'>γὴν</span> <span class='ocrx_word' id='word_1_532' title='bbox 2326 3184 2463 3253; x_wconf 83' lang='grc' dir='ltr'>πρὸς</span> <span class='ocrx_word' id='word_1_533' title='bbox 2492 3183 2712 3252; x_wconf 74' lang='grc' dir='ltr'>αὐτοὺς,</span> <span class='ocrx_word' id='word_1_534' title='bbox 2751 3187 2891 3256; x_wconf 87' lang='grc' dir='ltr'><strong>μετά</strong></span> <span class='ocrx_word' id='word_1_535' title='bbox 2919 3189 3226 3260; x_wconf 80' lang='grc' dir='ltr'>πραότητος</span> <span class='ocrx_word' id='word_1_536' title='bbox 3251 3193 3343 3245; x_wconf 80' lang='grc' dir='ltr'>καὶ</span> <span class='ocrx_word' id='word_1_537' title='bbox 3368 3193 3434 3246; x_wconf 75' lang='grc' dir='ltr'>τὰ</span> <span class='ocrx_word' id='word_1_538' title='bbox 3487 3196 3772 3265; x_wconf 77' lang='grc' dir='ltr'>πράγμα-</span> 
     </span>
    </p>
   </div>
   <div class='ocr_carea' id='block_1_77' title="bbox 2188 3275 3778 3355">
    <p class='ocr_par' dir='ltr' id='par_1_77' title="bbox 2188 3275 3778 3355">
     <span class='ocr_line' id='line_1_77' title="bbox 2188 3275 3778 3355; baseline 0.009 -29"><span class='ocrx_word' id='word_1_539' title='bbox 2188 3291 2256 3326; x_wconf 86' lang='grc' dir='ltr'><strong>τα</strong></span> <span class='ocrx_word' id='word_1_540' title='bbox 2301 3275 2396 3328; x_wconf 76' lang='grc' dir='ltr'>καὶ</span> <span class='ocrx_word' id='word_1_541' title='bbox 2415 3275 2544 3337; x_wconf 77' lang='grc' dir='ltr'>τοὺς</span> <span class='ocrx_word' id='word_1_542' title='bbox 2561 3275 2752 3345; x_wconf 81' lang='grc' dir='ltr'><strong>λόγους</strong></span> <span class='ocrx_word' id='word_1_543' title='bbox 2779 3279 3120 3351; x_wconf 80' lang='grc' dir='ltr'><strong>ποιούμενον,</strong></span> <span class='ocrx_word' id='word_1_544' title='bbox 3155 3284 3203 3336; x_wconf 87' lang='grc' dir='ltr'><strong>εἰ</strong></span> <span class='ocrx_word' id='word_1_545' title='bbox 3232 3284 3308 3354; x_wconf 85' lang='grc' dir='ltr'>μή</span> <span class='ocrx_word' id='word_1_546' title='bbox 3345 3301 3424 3348; x_wconf 86' lang='grc' dir='ltr'><strong>τις</strong></span> <span class='ocrx_word' id='word_1_547' title='bbox 3480 3286 3778 3355; x_wconf 79' lang='grc' dir='ltr'>ἀναγκαία</span> 
     </span>
    </p>
   </div>
   <div class='ocr_carea' id='block_1_78' title="bbox 2189 3365 3772 3444">
    <p class='ocr_par' dir='ltr' id='par_1_78' title="bbox 2189 3365 3772 3444">
     <span class='ocr_line' id='line_1_78' title="bbox 2189 3365 3772 3444; baseline 0.012 -29"><span class='ocrx_word' id='word_1_548' title='bbox 2189 3365 2347 3434; x_wconf 86' lang='grc' dir='ltr'>χρεία</span> <span class='ocrx_word' id='word_1_549' title='bbox 2373 3367 2470 3418; x_wconf 76' lang='grc' dir='ltr'>καὶ</span> <span class='ocrx_word' id='word_1_550' title='bbox 2487 3367 2839 3438; x_wconf 79' lang='grc' dir='ltr'>συμφέρουσα</span> <span class='ocrx_word' id='word_1_551' title='bbox 2876 3371 3014 3442; x_wconf 78' lang='grc' dir='ltr'>πρὸς</span> <span class='ocrx_word' id='word_1_552' title='bbox 3039 3374 3357 3444; x_wconf 71' lang='grc' dir='ltr'>τραχύτητα</span> <span class='ocrx_word' id='word_1_553' title='bbox 3377 3392 3382 3397; x_wconf 85' lang='grc'><strong>’</strong></span> <span class='ocrx_word' id='word_1_554' title='bbox 3402 3392 3460 3428; x_wconf 87' lang='grc' dir='ltr'><strong>σε</strong></span> <span class='ocrx_word' id='word_1_555' title='bbox 3515 3378 3772 3434; x_wconf 72' lang='grc' dir='ltr'>καλέσει.</span> 
     </span>
    </p>
   </div>
   <div class='ocr_carea' id='block_1_79' title="bbox 2188 3451 3778 3535">
    <p class='ocr_par' dir='ltr' id='par_1_79' title="bbox 2188 3451 3778 3535">
     <span class='ocr_line' id='line_1_79' title="bbox 2188 3451 3778 3535; baseline 0.012 -33"><span class='ocrx_word' id='word_1_556' title='bbox 2188 3452 2308 3522; x_wconf 79' lang='grc' dir='ltr'><strong>Χρὴ</strong></span> <span class='ocrx_word' id='word_1_557' title='bbox 2341 3451 2400 3505; x_wconf 85' lang='grc' dir='ltr'>δὲ</span> <span class='ocrx_word' id='word_1_558' title='bbox 2435 3453 2530 3506; x_wconf 83' lang='grc' dir='ltr'>καὶ</span> <span class='ocrx_word' id='word_1_559' title='bbox 2563 3456 2801 3526; x_wconf 80' lang='grc' dir='ltr'>συνεχῶς</span> <span class='ocrx_word' id='word_1_560' title='bbox 2828 3458 2917 3513; x_wconf 81' lang='grc' dir='ltr'>διὰ</span> <span class='ocrx_word' id='word_1_561' title='bbox 2951 3462 3178 3515; x_wconf 81' lang='grc' dir='ltr'>σεαυτοῦ</span> <span class='ocrx_word' id='word_1_562' title='bbox 3210 3463 3280 3517; x_wconf 81' lang='grc' dir='ltr'><strong>τά</strong></span> <span class='ocrx_word' id='word_1_563' title='bbox 3312 3465 3575 3535; x_wconf 70' lang='grc' dir='ltr'>περὶτῶν</span> <span class='ocrx_word' id='word_1_564' title='bbox 3601 3469 3778 3535; x_wconf 85' lang='grc' dir='ltr'>ἀναγ-</span> 
     </span>
    </p>
   </div>
   <div class='ocr_carea' id='block_1_80' title="bbox 2189 3540 3777 3628">
    <p class='ocr_par' dir='ltr' id='par_1_80' title="bbox 2189 3540 3777 3628">
     <span class='ocr_line' id='line_1_80' title="bbox 2189 3540 3777 3628; baseline 0.013 -35"><span class='ocrx_word' id='word_1_565' title='bbox 2189 3540 2363 3594; x_wconf 84' lang='grc' dir='ltr'>καίων</span> <span class='ocrx_word' id='word_1_566' title='bbox 2385 3542 2573 3607; x_wconf 80' lang='grc' dir='ltr'>αύτοῖς</span> <span class='ocrx_word' id='word_1_567' title='bbox 2602 3551 2888 3616; x_wconf 83' lang='grc' dir='ltr'>παραινεῖν</span> <span class='ocrx_word' id='word_1_568' title='bbox 2924 3553 3020 3606; x_wconf 68' lang='grc' dir='ltr'>καὶ</span> <span class='ocrx_word' id='word_1_569' title='bbox 3049 3553 3420 3621; x_wconf 85' lang='grc' dir='ltr'>διαλέγεσθαι.</span> <span class='ocrx_word' id='word_1_570' title='bbox 3452 3559 3777 3628; x_wconf 71' lang='grc' dir='ltr'>Φροντίσεις</span> 
     </span>
    </p>
   </div>
   <div class='ocr_carea' id='block_1_81' title="bbox 2187 3631 3776 3722">
    <p class='ocr_par' dir='ltr' id='par_1_81' title="bbox 2187 3631 3776 3722">
     <span class='ocr_line' id='line_1_81' title="bbox 2187 3631 3776 3722; baseline 0.014 -38"><span class='ocrx_word' id='word_1_571' title='bbox 2187 3631 2244 3684; x_wconf 84' lang='grc' dir='ltr'>δὲ</span> <span class='ocrx_word' id='word_1_572' title='bbox 2277 3631 2372 3685; x_wconf 77' lang='grc' dir='ltr'>καὶ</span> <span class='ocrx_word' id='word_1_573' title='bbox 2403 3635 2534 3705; x_wconf 81' lang='grc' dir='ltr'>περὶ</span> <span class='ocrx_word' id='word_1_574' title='bbox 2562 3639 2665 3704; x_wconf 81' lang='grc' dir='ltr'><strong>τῆς</strong></span> <span class='ocrx_word' id='word_1_575' title='bbox 2697 3640 2967 3706; x_wconf 76' lang='grc' dir='ltr'><strong>ἀπαθείας</strong></span> <span class='ocrx_word' id='word_1_576' title='bbox 2998 3645 3180 3700; x_wconf 83' lang='grc' dir='ltr'>αὐτῶν</span> <span class='ocrx_word' id='word_1_577' title='bbox 3208 3648 3303 3700; x_wconf 75' lang='grc' dir='ltr'>καὶ</span> <span class='ocrx_word' id='word_1_578' title='bbox 3333 3649 3433 3718; x_wconf 84' lang='grc' dir='ltr'>τῆς</span> <span class='ocrx_word' id='word_1_579' title='bbox 3446 3648 3616 3722; x_wconf 73' lang='grc' dir='ltr'>ἄλλης</span> <span class='ocrx_word' id='word_1_580' title='bbox 3637 3652 3776 3706; x_wconf 76' lang='grc' dir='ltr'>διοι-</span> 
     </span>
    </p>
   </div>
   <div class='ocr_carea' id='block_1_82' title="bbox 2132 3726 3773 3811">
    <p class='ocr_par' dir='ltr' id='par_1_82' title="bbox 2132 3726 3773 3811">
     <span class='ocr_line' id='line_1_82' title="bbox 2132 3726 3773 3811; baseline 0.015 -37"><span class='ocrx_word' id='word_1_581' title='bbox 2132 3799 2134 3802; x_wconf 12' lang='grc' dir='ltr'>ν</span> <span class='ocrx_word' id='word_1_582' title='bbox 2188 3726 2401 3794; x_wconf 79' lang='grc' dir='ltr'>κήσεως</span> <span class='ocrx_word' id='word_1_583' title='bbox 2421 3727 2516 3780; x_wconf 74' lang='grc' dir='ltr'>καὶ</span> <span class='ocrx_word' id='word_1_584' title='bbox 2563 3729 2898 3804; x_wconf 78' lang='grc' dir='ltr'>ἀποτροφῆς.</span> <span class='ocrx_word' id='word_1_585' title='bbox 2942 3736 3128 3801; x_wconf 82' lang='grc' dir='ltr'>Ἐκτδς</span> <span class='ocrx_word' id='word_1_586' title='bbox 3175 3740 3286 3811; x_wconf 77' lang='grc' dir='ltr'><strong>γὰρ</strong></span> <span class='ocrx_word' id='word_1_587' title='bbox 3328 3741 3535 3795; x_wconf 83' lang='grc' dir='ltr'>τούτων</span> <span class='ocrx_word' id='word_1_588' title='bbox 3581 3745 3641 3798; x_wconf 83' lang='grc' dir='ltr'><strong>οὐ</strong></span> <span class='ocrx_word' id='word_1_589' title='bbox 3677 3747 3773 3798; x_wconf 84' lang='grc' dir='ltr'>δυ-</span> 
     </span>
    </p>
   </div>
   <div class='ocr_carea' id='block_1_83' title="bbox 2189 3815 3775 3897">
    <p class='ocr_par' dir='ltr' id='par_1_83' title="bbox 2189 3815 3775 3897">
     <span class='ocr_line' id='line_1_83' title="bbox 2189 3815 3775 3897; baseline 0.015 -31"><span class='ocrx_word' id='word_1_590' title='bbox 2189 3815 2349 3868; x_wconf 82' lang='grc' dir='ltr'>νατόν</span> <span class='ocrx_word' id='word_1_591' title='bbox 2382 3817 2499 3871; x_wconf 75' lang='grc' dir='ltr'>ἐστι</span> <span class='ocrx_word' id='word_1_592' title='bbox 2529 3821 2805 3891; x_wconf 83' lang='grc' dir='ltr'>κρατῆσαι</span> <span class='ocrx_word' id='word_1_593' title='bbox 2849 3827 3082 3897; x_wconf 82' lang='grc' dir='ltr'>στρατοῦ</span> <span class='ocrx_word' id='word_1_594' title='bbox 3138 3829 3284 3883; x_wconf 84' lang='grc' dir='ltr'><strong>κατά</strong></span> <span class='ocrx_word' id='word_1_595' title='bbox 3337 3833 3602 3896; x_wconf 76' lang='grc' dir='ltr'>στάσεως.</span> <span class='ocrx_word' id='word_1_596' title='bbox 3681 3836 3775 3889; x_wconf 84' lang='grc' dir='ltr'><strong>Ἐν</strong></span> 
     </span>
    </p>
   </div>
   <div class='ocr_carea' id='block_1_84' title="bbox 2189 3903 3771 3995">
    <p class='ocr_par' dir='ltr' id='par_1_84' title="bbox 2189 3903 3771 3995">
     <span class='ocr_line' id='line_1_84' title="bbox 2189 3903 3771 3995; baseline 0.015 -39"><span class='ocrx_word' id='word_1_597' title='bbox 2189 3903 2256 3960; x_wconf 77' lang='grc' dir='ltr'><strong>δὲ,</strong></span> <span class='ocrx_word' id='word_1_598' title='bbox 2303 3907 2697 3974; x_wconf 77' lang='grc' dir='ltr'>ταῖςδικαίαις</span> <span class='ocrx_word' id='word_1_599' title='bbox 2741 3915 3120 3981; x_wconf 78' lang='grc' dir='ltr'>ὲπεξελεύσεσι</span> <span class='ocrx_word' id='word_1_600' title='bbox 3177 3922 3319 3976; x_wconf 79' lang='grc' dir='ltr'>κατᾶ</span> <span class='ocrx_word' id='word_1_601' title='bbox 3363 3924 3472 3976; x_wconf 83' lang='grc' dir='ltr'>τῶν</span> <span class='ocrx_word' id='word_1_602' title='bbox 3512 3926 3771 3995; x_wconf 74' lang='grc' dir='ltr'>ἁμαρτα-</span> 
     </span>
    </p>
   </div>
   <div class='ocr_carea' id='block_1_85' title="bbox 2189 3995 3776 4086">
    <p class='ocr_par' dir='ltr' id='par_1_85' title="bbox 2189 3995 3776 4086">
     <span class='ocr_line' id='line_1_85' title="bbox 2189 3995 3776 4086; baseline 0.015 -39"><span class='ocrx_word' id='word_1_603' title='bbox 2189 3995 2390 4050; x_wconf 83' lang='grc' dir='ltr'>νόντων</span> <span class='ocrx_word' id='word_1_604' title='bbox 2419 3998 2538 4053; x_wconf 81' lang='grc' dir='ltr'>δέον</span> <span class='ocrx_word' id='word_1_605' title='bbox 2575 4018 2635 4055; x_wconf 87' lang='grc' dir='ltr'><strong>σε</strong></span> <span class='ocrx_word' id='word_1_606' title='bbox 2665 4005 2894 4077; x_wconf 72' lang='grc' dir='ltr'>φοϐερὸν</span> <span class='ocrx_word' id='word_1_607' title='bbox 2927 4005 3086 4075; x_wconf 78' lang='grc' dir='ltr'>εἶναι,</span> <span class='ocrx_word' id='word_1_608' title='bbox 3128 4011 3351 4075; x_wconf 75' lang='grc' dir='ltr'>καὶτὰς</span> <span class='ocrx_word' id='word_1_609' title='bbox 3383 4016 3556 4085; x_wconf 73' lang='grc' dir='ltr'>ἀρχὰς</span> <span class='ocrx_word' id='word_1_610' title='bbox 3607 4017 3776 4086; x_wconf 81' lang='grc' dir='ltr'>μάλι-</span> 
     </span>
    </p>
   </div>
   <div class='ocr_carea' id='block_1_86' title="bbox 2192 4090 3774 4176">
    <p class='ocr_par' dir='ltr' id='par_1_86' title="bbox 2192 4090 3774 4176">
     <span class='ocr_line' id='line_1_86' title="bbox 2192 4090 3774 4176; baseline 0.013 -36"><span class='ocrx_word' id='word_1_611' title='bbox 2192 4105 2294 4143; x_wconf 81' lang='grc' dir='ltr'><strong>στα</strong></span> <span class='ocrx_word' id='word_1_612' title='bbox 2320 4090 2429 4146; x_wconf 85' lang='grc' dir='ltr'><strong>τῶν</strong></span> <span class='ocrx_word' id='word_1_613' title='bbox 2451 4093 2689 4159; x_wconf 79' lang='grc' dir='ltr'>ἀταξιῶν</span> <span class='ocrx_word' id='word_1_614' title='bbox 2713 4097 3023 4167; x_wconf 79' lang='grc' dir='ltr'>ἐκκόπτειν,</span> <span class='ocrx_word' id='word_1_615' title='bbox 3051 4103 3146 4155; x_wconf 71' lang='grc' dir='ltr'>καὶ</span> <span class='ocrx_word' id='word_1_616' title='bbox 3170 4103 3246 4174; x_wconf 86' lang='grc' dir='ltr'>μὴ</span> <span class='ocrx_word' id='word_1_617' title='bbox 3280 4105 3594 4176; x_wconf 78' lang='grc' dir='ltr'>ἀναμένειν,</span> <span class='ocrx_word' id='word_1_618' title='bbox 3626 4107 3774 4161; x_wconf 78' lang='grc' dir='ltr'>ὥστε</span> 
     </span>
    </p>
   </div>
   <div class='ocr_carea' id='block_1_87' title="bbox 2192 4178 3780 4267">
    <p class='ocr_par' dir='ltr' id='par_1_87' title="bbox 2192 4178 3780 4267">
     <span class='ocr_line' id='line_1_87' title="bbox 2192 4178 3780 4267; baseline 0.014 -39"><span class='ocrx_word' id='word_1_619' title='bbox 2192 4178 2284 4230; x_wconf 70' lang='grc' dir='ltr'><strong>ἐπὶ</strong></span> <span class='ocrx_word' id='word_1_620' title='bbox 2315 4179 2540 4250; x_wconf 78' lang='grc' dir='ltr'>μείζονα</span> <span class='ocrx_word' id='word_1_621' title='bbox 2601 4184 2809 4252; x_wconf 87' lang='grc' dir='ltr'>ταύτας</span> <span class='ocrx_word' id='word_1_622' title='bbox 2845 4194 3198 4260; x_wconf 78' lang='grc' dir='ltr'>προκόπτειν.</span> <span class='ocrx_word' id='word_1_623' title='bbox 3254 4195 3368 4249; x_wconf 75' lang='grc' dir='ltr'><strong>Καὶ</strong></span> <span class='ocrx_word' id='word_1_624' title='bbox 3415 4197 3524 4267; x_wconf 75' lang='grc' dir='ltr'>γὰρ</span> <span class='ocrx_word' id='word_1_625' title='bbox 3575 4214 3780 4267; x_wconf 75' lang='grc' dir='ltr'>στρατο</span> 
     </span>
    </p>
   </div>
   <div class='ocr_carea' id='block_1_88' title="bbox 2191 4272 3780 4357">
    <p class='ocr_par' dir='ltr' id='par_1_88' title="bbox 2191 4272 3780 4357">
     <span class='ocr_line' id='line_1_88' title="bbox 2191 4272 3780 4357; baseline 0.012 -34"><span class='ocrx_word' id='word_1_626' title='bbox 2191 4272 2332 4341; x_wconf 80' lang='grc' dir='ltr'>ηγοῦ</span> <span class='ocrx_word' id='word_1_627' title='bbox 2389 4276 2714 4348; x_wconf 78' lang='grc' dir='ltr'>προτέρημά</span> <span class='ocrx_word' id='word_1_628' title='bbox 2743 4281 2859 4334; x_wconf 80' lang='grc' dir='ltr'>ἐστι</span> <span class='ocrx_word' id='word_1_629' title='bbox 2891 4283 2952 4335; x_wconf 84' lang='grc' dir='ltr'>τὸ</span> <span class='ocrx_word' id='word_1_630' title='bbox 3002 4283 3423 4357; x_wconf 81' lang='grc' dir='ltr'>ἀκάταπληκτον</span> <span class='ocrx_word' id='word_1_631' title='bbox 3467 4288 3627 4342; x_wconf 65' lang='grc' dir='ltr'>αὐτὸν</span> <span class='ocrx_word' id='word_1_632' title='bbox 3657 4292 3780 4353; x_wconf 80' lang='grc' dir='ltr'>τοῖς</span> 
     </span>
    </p>
   </div>
   <div class='ocr_carea' id='block_1_89' title="bbox 513 4347 2077 4452">
    <p class='ocr_par' dir='ltr' id='par_1_89' title="bbox 513 4347 2077 4420">
     <span class='ocr_line' id='line_1_89' title="bbox 513 4347 2077 4420; baseline 0.004 -15"><span class='ocrx_word' id='word_1_633' title='bbox 513 4349 927 4420; x_wconf 88' lang='lat' dir='ltr'><strong>municipesque</strong></span> <span class='ocrx_word' id='word_1_634' title='bbox 952 4363 1080 4404; x_wconf 90' lang='lat' dir='ltr'><strong>suos</strong></span> <span class='ocrx_word' id='word_1_635' title='bbox 1107 4353 1254 4403; x_wconf 92' lang='lat' dir='ltr'><strong>tutos</strong></span> <span class='ocrx_word' id='word_1_636' title='bbox 1283 4347 1350 4403; x_wconf 90' lang='lat' dir='ltr'><strong>ab</strong></span> <span class='ocrx_word' id='word_1_637' title='bbox 1378 4348 1610 4404; x_wconf 88' lang='lat' dir='ltr'><strong>aliorum</strong></span> <span class='ocrx_word' id='word_1_638' title='bbox 1639 4350 1934 4410; x_wconf 86' lang='lat' dir='ltr'><strong>iusultibus</strong></span> <span class='ocrx_word' id='word_1_639' title='bbox 1960 4370 2077 4412; x_wconf 88' lang='lat' dir='ltr'><strong>con-</strong></span> 
     </span>
    </p>
   </div>
   <div class='ocr_carea' id='block_1_90' title="bbox 2184 4347 3776 4452">
    <p class='ocr_par' dir='ltr' id='par_1_90' title="bbox 2200 4362 3776 4452">
     <span class='ocr_line' id='line_1_90' title="bbox 2200 4362 3776 4452; baseline 0.011 -36"><span class='ocrx_word' id='word_1_640' title='bbox 2200 4362 2563 4434; x_wconf 82' lang='grc' dir='ltr'>στρατιὼταις</span> <span class='ocrx_word' id='word_1_641' title='bbox 2590 4370 2879 4438; x_wconf 80' lang='grc' dir='ltr'>φαίνεσθαι</span> <span class='ocrx_word' id='word_1_642' title='bbox 2909 4376 3007 4428; x_wconf 69' lang='grc' dir='ltr'>καὶ</span> <span class='ocrx_word' id='word_1_643' title='bbox 3035 4376 3264 4442; x_wconf 82' lang='grc' dir='ltr'>δίκαιον,</span> <span class='ocrx_word' id='word_1_644' title='bbox 3293 4378 3387 4432; x_wconf 76' lang='grc' dir='ltr'>καὶ</span> <span class='ocrx_word' id='word_1_645' title='bbox 3407 4379 3505 4452; x_wconf 84' lang='grc' dir='ltr'><strong>τὴν</strong></span> <span class='ocrx_word' id='word_1_646' title='bbox 3552 4381 3776 4435; x_wconf 77' lang='grc' dir='ltr'>ἀδικίαν</span> 
     </span>
    </p>
   </div>
   <div class='ocr_carea' id='block_1_91' title="bbox 505 4450 745 4497">
    <p class='ocr_par' dir='ltr' id='par_1_91' title="bbox 505 4450 745 4497">
     <span class='ocr_line' id='line_1_91' title="bbox 505 4450 745 4497; baseline -0.004 0"><span class='ocrx_word' id='word_1_647' title='bbox 505 4450 745 4497; x_wconf 78' lang='lat' dir='ltr'><strong>servare.</strong></span> 
     </span>
    </p>
   </div>
   <div class='ocr_carea' id='block_1_92' title="bbox 2200 4455 3778 4544">
    <p class='ocr_par' dir='ltr' id='par_1_92' title="bbox 2200 4455 3778 4544">
     <span class='ocr_line' id='line_1_92' title="bbox 2200 4455 3778 4544; baseline 0.013 -35"><span class='ocrx_word' id='word_1_648' title='bbox 2200 4455 2416 4515; x_wconf 74' lang='grc' dir='ltr'>ἃπασαν</span> <span class='ocrx_word' id='word_1_649' title='bbox 2436 4459 2546 4512; x_wconf 72' lang='grc' dir='ltr'>ἀπὸ</span> <span class='ocrx_word' id='word_1_650' title='bbox 2574 4462 2674 4532; x_wconf 84' lang='grc' dir='ltr'><strong>τῆς</strong></span> <span class='ocrx_word' id='word_1_651' title='bbox 2696 4465 2892 4520; x_wconf 72' lang='grc' dir='ltr'>ἑαυτοῦ</span> <span class='ocrx_word' id='word_1_652' title='bbox 2914 4469 3128 4539; x_wconf 81' lang='grc' dir='ltr'>ὲνορίας</span> <span class='ocrx_word' id='word_1_653' title='bbox 3164 4471 3475 4527; x_wconf 79' lang='grc' dir='ltr'>ἐκκόπτειν.</span> <span class='ocrx_word' id='word_1_654' title='bbox 3514 4473 3622 4526; x_wconf 76' lang='grc' dir='ltr'><strong>Καὶ</strong></span> <span class='ocrx_word' id='word_1_655' title='bbox 3644 4474 3778 4544; x_wconf 78' lang='grc' dir='ltr'>τοὺς</span> 
     </span>
    </p>
   </div>
   <div class='ocr_carea' id='block_1_93' title="bbox 506 4532 3778 4627">
    <p class='ocr_par' dir='ltr' id='par_1_93' title="bbox 506 4532 3778 4627">
     <span class='ocr_line' id='line_1_93' title="bbox 506 4532 3778 4627; baseline 0.004 -38"><span class='ocrx_word' id='word_1_656' title='bbox 506 4533 825 4598; x_wconf 80' lang='grc' dir='ltr'>ἀδικοῦντας</span> <span class='ocrx_word' id='word_1_657' title='bbox 861 4532 1171 4604; x_wconf 81' lang='grc' dir='ltr'>ἀμύνασθαι</span> <span class='ocrx_word' id='word_1_658' title='bbox 1235 4532 1329 4586; x_wconf 75' lang='grc' dir='ltr'>καὶ</span> <span class='ocrx_word' id='word_1_659' title='bbox 1379 4533 1823 4606; x_wconf 79' lang='grc' dir='ltr'>ἀνεπηρεάστους</span> <span class='ocrx_word' id='word_1_660' title='bbox 1870 4537 1995 4604; x_wconf 77' lang='grc' dir='ltr'>τούς</span> <span class='ocrx_word' id='word_1_661' title='bbox 2057 4559 2115 4597; x_wconf 82' lang='grc' dir='ltr'><strong>τε</strong></span> <span class='ocrx_word' id='word_1_662' title='bbox 2173 4549 2511 4618; x_wconf 81' lang='grc' dir='ltr'>στρατιώτας</span> <span class='ocrx_word' id='word_1_663' title='bbox 2570 4554 2667 4607; x_wconf 78' lang='grc' dir='ltr'><strong>καὶ</strong></span> <span class='ocrx_word' id='word_1_664' title='bbox 2735 4558 2863 4621; x_wconf 84' lang='grc' dir='ltr'>τοὺς</span> <span class='ocrx_word' id='word_1_665' title='bbox 2925 4532 3282 4627; x_wconf 72' lang='grc' dir='ltr'>συντελεστάς</span> <span class='ocrx_word' id='word_1_666' title='bbox 3351 4565 3408 4617; x_wconf 82' lang='grc' dir='ltr'>ἐν</span> <span class='ocrx_word' id='word_1_667' title='bbox 3466 4565 3606 4617; x_wconf 79' lang='grc' dir='ltr'>πᾶσι</span> <span class='ocrx_word' id='word_1_668' title='bbox 3659 4532 3778 4617; x_wconf 57' lang='grc' dir='ltr'><strong>διαί</strong></span> 
     </span>
    </p>
   </div>
   <div class='ocr_carea' id='block_1_94' title="bbox 507 4625 721 4697">
    <p class='ocr_par' dir='ltr' id='par_1_94' title="bbox 507 4625 721 4697">
     <span class='ocr_line' id='line_1_94' title="bbox 507 4625 721 4697; baseline -0.009 -19"><span class='ocrx_word' id='word_1_669' title='bbox 507 4642 576 4696; x_wconf 88' lang='grc' dir='ltr'><strong>τη</strong></span> <span class='ocrx_word' id='word_1_670' title='bbox 585 4625 721 4697; x_wconf 84' lang='grc' dir='ltr'>ρεῖν.</span> 
     </span>
    </p>
   </div>
   <div class='ocr_carea' id='block_1_95' title="bbox 575 4713 2086 4787">
    <p class='ocr_par' dir='ltr' id='par_1_95' title="bbox 575 4713 2086 4787">
     <span class='ocr_line' id='line_1_95' title="bbox 575 4713 2086 4787; baseline 0.003 -17"><span class='ocrx_word' id='word_1_671' title='bbox 575 4717 629 4770; x_wconf 82' lang='grc' dir='ltr'>ϐ.</span> <span class='ocrx_word' id='word_1_672' title='bbox 670 4716 859 4784; x_wconf 87' lang='lat' dir='ltr'><strong>Neque</strong></span> <span class='ocrx_word' id='word_1_673' title='bbox 891 4713 1204 4769; x_wconf 88' lang='lat' dir='ltr'><strong>humanitas</strong></span> <span class='ocrx_word' id='word_1_674' title='bbox 1238 4728 1417 4785; x_wconf 87' lang='lat' dir='ltr'><strong>neque</strong></span> <span class='ocrx_word' id='word_1_675' title='bbox 1451 4714 1714 4770; x_wconf 82' lang='lat' dir='ltr'><strong>severitas</strong></span> <span class='ocrx_word' id='word_1_676' title='bbox 1748 4715 2086 4787; x_wconf 88' lang='lat' dir='ltr'><strong>importuna,</strong></span> 
     </span>
    </p>
   </div>
   <div class='ocr_carea' id='block_1_96' title="bbox 506 4805 2090 4877">
    <p class='ocr_par' dir='ltr' id='par_1_96' title="bbox 506 4805 2090 4877">
     <span class='ocr_line' id='line_1_96' title="bbox 506 4805 2090 4877; baseline 0.001 -13"><span class='ocrx_word' id='word_1_677' title='bbox 506 4806 604 4864; x_wconf 90' lang='lat' dir='ltr'><strong>sed</strong></span> <span class='ocrx_word' id='word_1_678' title='bbox 630 4805 1151 4877; x_wconf 85' lang='lat' dir='ltr'><strong>dignaimperatore</strong></span> <span class='ocrx_word' id='word_1_679' title='bbox 1172 4805 1266 4869; x_wconf 84' lang='lat' dir='ltr'><strong>sit,</strong></span> <span class='ocrx_word' id='word_1_680' title='bbox 1294 4813 1348 4860; x_wconf 91' lang='lat' dir='ltr'><strong>et</strong></span> <span class='ocrx_word' id='word_1_681' title='bbox 1376 4805 1559 4859; x_wconf 88' lang='lat' dir='ltr'><strong>omnia</strong></span> <span class='ocrx_word' id='word_1_682' title='bbox 1587 4816 1892 4877; x_wconf 89' lang='lat' dir='ltr'><strong>opportune</strong></span> <span class='ocrx_word' id='word_1_683' title='bbox 1918 4809 2090 4867; x_wconf 90' lang='lat' dir='ltr'><strong>dime-</strong></span> 
     </span>
    </p>
   </div>
   <div class='ocr_carea' id='block_1_97' title="bbox 509 4892 2089 4970">
    <p class='ocr_par' dir='ltr' id='par_1_97' title="bbox 509 4892 2089 4970">
     <span class='ocr_line' id='line_1_97' title="bbox 509 4892 2089 4970; baseline 0.001 -15"><span class='ocrx_word' id='word_1_684' title='bbox 509 4901 697 4964; x_wconf 75' lang='lat' dir='ltr'><strong>tiatur,</strong></span> <span class='ocrx_word' id='word_1_685' title='bbox 733 4905 896 4968; x_wconf 88' lang='lat' dir='ltr'><strong>atque</strong></span> <span class='ocrx_word' id='word_1_686' title='bbox 937 4897 1014 4950; x_wconf 90' lang='lat' dir='ltr'><strong>ita</strong></span> <span class='ocrx_word' id='word_1_687' title='bbox 1052 4892 1322 4966; x_wconf 72' lang='lat' dir='ltr'><strong>Supplicia</strong></span> <span class='ocrx_word' id='word_1_688' title='bbox 1366 4895 1591 4962; x_wconf 82' lang='lat' dir='ltr'><strong>inferat,</strong></span> <span class='ocrx_word' id='word_1_689' title='bbox 1627 4905 1680 4952; x_wconf 91' lang='lat' dir='ltr'><strong>et</strong></span> <span class='ocrx_word' id='word_1_690' title='bbox 1719 4901 1928 4970; x_wconf 80' lang='lat' dir='ltr'><strong>agentis</strong></span> <span class='ocrx_word' id='word_1_691' title='bbox 1965 4903 2089 4957; x_wconf 89' lang='lat' dir='ltr'><strong>ani-</strong></span> 
     </span>
    </p>
   </div>
   <div class='ocr_carea' id='block_1_98' title="bbox 507 4988 2085 5062">
    <p class='ocr_par' dir='ltr' id='par_1_98' title="bbox 507 4988 2085 5062">
     <span class='ocr_line' id='line_1_98' title="bbox 507 4988 2085 5062; baseline 0 -15"><span class='ocrx_word' id='word_1_692' title='bbox 507 5006 679 5056; x_wconf 88' lang='lat' dir='ltr'><strong>mum,</strong></span> <span class='ocrx_word' id='word_1_693' title='bbox 705 4999 940 5061; x_wconf 90' lang='lat' dir='ltr'><strong>tempus,</strong></span> <span class='ocrx_word' id='word_1_694' title='bbox 964 4988 1170 5053; x_wconf 89' lang='lat' dir='ltr'><strong>locum,</strong></span> <span class='ocrx_word' id='word_1_695' title='bbox 1197 4990 1415 5043; x_wconf 90' lang='lat' dir='ltr'><strong>modum</strong></span> <span class='ocrx_word' id='word_1_696' title='bbox 1441 4988 1517 5044; x_wconf 88' lang='lat' dir='ltr'><strong>rei</strong></span> <span class='ocrx_word' id='word_1_697' title='bbox 1544 4991 1813 5058; x_wconf 77' lang='lat' dir='ltr'><strong>gerendae,</strong></span> <span class='ocrx_word' id='word_1_698' title='bbox 1837 5007 2085 5062; x_wconf 84' lang='lat' dir='ltr'><strong>causam,</strong></span> 
     </span>
    </p>
   </div>
   <div class='ocr_carea' id='block_1_99' title="bbox 508 5082 2091 5158">
    <p class='ocr_par' dir='ltr' id='par_1_99' title="bbox 508 5082 2091 5158">
     <span class='ocr_line' id='line_1_99' title="bbox 508 5082 2091 5158; baseline 0.001 -18"><span class='ocrx_word' id='word_1_699' title='bbox 508 5085 683 5157; x_wconf 90' lang='lat' dir='ltr'><strong>ipsius</strong></span> <span class='ocrx_word' id='word_1_700' title='bbox 722 5083 800 5138; x_wconf 92' lang='lat' dir='ltr'><strong>rei</strong></span> <span class='ocrx_word' id='word_1_701' title='bbox 845 5092 1011 5155; x_wconf 72' lang='lat' dir='ltr'><strong>gesta:</strong></span> <span class='ocrx_word' id='word_1_702' title='bbox 1052 5082 1479 5154; x_wconf 84' lang='lat' dir='ltr'><strong>magnitudinem</strong></span> <span class='ocrx_word' id='word_1_703' title='bbox 1523 5083 1858 5151; x_wconf 86' lang='lat' dir='ltr'><strong>consideret,</strong></span> <span class='ocrx_word' id='word_1_704' title='bbox 1894 5094 1948 5142; x_wconf 91' lang='lat' dir='ltr'><strong>et</strong></span> <span class='ocrx_word' id='word_1_705' title='bbox 1990 5103 2091 5158; x_wconf 89' lang='lat' dir='ltr'><strong>pro</strong></span> 
     </span>
    </p>
   </div>
   <div class='ocr_carea' id='block_1_100' title="bbox 509 5173 1538 5246">
    <p class='ocr_par' dir='ltr' id='par_1_100' title="bbox 509 5173 1538 5246">
     <span class='ocr_line' id='line_1_100' title="bbox 509 5173 1538 5246; baseline -0.002 -14"><span class='ocrx_word' id='word_1_706' title='bbox 509 5177 740 5233; x_wconf 88' lang='lat' dir='ltr'><strong>istarum</strong></span> <span class='ocrx_word' id='word_1_707' title='bbox 766 5191 952 5231; x_wconf 89' lang='lat' dir='ltr'><strong>rerum</strong></span> <span class='ocrx_word' id='word_1_708' title='bbox 982 5173 1195 5230; x_wconf 89' lang='lat' dir='ltr'><strong>ratione</strong></span> <span class='ocrx_word' id='word_1_709' title='bbox 1224 5174 1433 5246; x_wconf 89' lang='lat' dir='ltr'><strong>puniat.</strong></span> <span class='ocrx_word' id='word_1_710' title='bbox 1480 5181 1502 5191; x_wconf 84' lang='grc'><em>”</em></span> <span class='ocrx_word' id='word_1_711' title='bbox 1535 5189 1538 5192; x_wconf 75' lang='grc'><strong>’</strong></span> 
     </span>
    </p>
   </div>
   <div class='ocr_carea' id='block_1_101' title="bbox 580 5483 2085 5560">
    <p class='ocr_par' dir='ltr' id='par_1_101' title="bbox 580 5483 2085 5560">
     <span class='ocr_line' id='line_1_101' title="bbox 580 5483 2085 5560; baseline -0.005 -16"><span class='ocrx_word' id='word_1_712' title='bbox 580 5491 633 5543; x_wconf 86' lang='lat'><strong>7.</strong></span> <span class='ocrx_word' id='word_1_713' title='bbox 677 5487 867 5560; x_wconf 76' lang='lat' dir='ltr'><strong>Magna</strong></span> <span class='ocrx_word' id='word_1_714' title='bbox 898 5483 1253 5558; x_wconf 89' lang='lat' dir='ltr'><strong>imperatoria</strong></span> <span class='ocrx_word' id='word_1_715' title='bbox 1287 5483 1407 5538; x_wconf 87' lang='lat' dir='ltr'><strong>laus</strong></span> <span class='ocrx_word' id='word_1_716' title='bbox 1439 5491 1562 5548; x_wconf 89' lang='lat' dir='ltr'><strong>est,</strong></span> <span class='ocrx_word' id='word_1_717' title='bbox 1599 5488 1994 5552; x_wconf 88' lang='lat' dir='ltr'><strong>temperantem</strong></span> <span class='ocrx_word' id='word_1_718' title='bbox 2031 5483 2085 5538; x_wconf 94' lang='lat' dir='ltr'><strong>in</strong></span> 
     </span>
    </p>
   </div>
   <div class='ocr_carea' id='block_1_102' title="bbox 513 5571 2088 5648">
    <p class='ocr_par' dir='ltr' id='par_1_102' title="bbox 513 5571 2088 5648">
     <span class='ocr_line' id='line_1_102' title="bbox 513 5571 2088 5648; baseline -0.003 -19"><span class='ocrx_word' id='word_1_719' title='bbox 513 5576 681 5643; x_wconf 73' lang='lat' dir='ltr'><strong>victu,</strong></span> <span class='ocrx_word' id='word_1_720' title='bbox 704 5586 759 5632; x_wconf 89' lang='lat' dir='ltr'><strong>et</strong></span> <span class='ocrx_word' id='word_1_721' title='bbox 783 5575 1095 5648; x_wconf 74' lang='lat' dir='ltr'><strong>vigilantem</strong></span> <span class='ocrx_word' id='word_1_722' title='bbox 1123 5589 1247 5631; x_wconf 87' lang='lat' dir='ltr'><strong>esse</strong></span> <span class='ocrx_word' id='word_1_723' title='bbox 1273 5591 1286 5628; x_wconf 91' lang='lat'><strong>:</strong></span> <span class='ocrx_word' id='word_1_724' title='bbox 1313 5580 1479 5629; x_wconf 89' lang='lat' dir='ltr'><strong>noctu</strong></span> <span class='ocrx_word' id='word_1_725' title='bbox 1508 5573 1653 5627; x_wconf 90' lang='lat' dir='ltr'><strong>enim</strong></span> <span class='ocrx_word' id='word_1_726' title='bbox 1683 5571 1751 5629; x_wconf 88' lang='lat' dir='ltr'><strong>de</strong></span> <span class='ocrx_word' id='word_1_727' title='bbox 1778 5573 1940 5628; x_wconf 90' lang='lat' dir='ltr'><strong>rebus</strong></span> <span class='ocrx_word' id='word_1_728' title='bbox 1966 5587 2088 5644; x_wconf 78' lang='lat' dir='ltr'><strong>gra-</strong></span> 
     </span>
    </p>
   </div>
   <div class='ocr_carea' id='block_1_103' title="bbox 511 5664 2088 5735">
    <p class='ocr_par' dir='ltr' id='par_1_103' title="bbox 511 5664 2088 5735">
     <span class='ocr_line' id='line_1_103' title="bbox 511 5664 2088 5735; baseline -0.001 -16"><span class='ocrx_word' id='word_1_729' title='bbox 511 5665 670 5722; x_wconf 83' lang='lat' dir='ltr'><strong>vibus</strong></span> <span class='ocrx_word' id='word_1_730' title='bbox 695 5665 868 5735; x_wconf 86' lang='lat' dir='ltr'><strong>magis</strong></span> <span class='ocrx_word' id='word_1_731' title='bbox 893 5665 1282 5732; x_wconf 86' lang='lat' dir='ltr'><strong>deliberamus,</strong></span> <span class='ocrx_word' id='word_1_732' title='bbox 1313 5664 1638 5733; x_wconf 82' lang='lat' dir='ltr'><strong>faciliusque</strong></span> <span class='ocrx_word' id='word_1_733' title='bbox 1669 5671 1831 5718; x_wconf 91' lang='lat' dir='ltr'><strong>noctu</strong></span> <span class='ocrx_word' id='word_1_734' title='bbox 1863 5664 2088 5719; x_wconf 84' lang='lat' dir='ltr'><strong>conclu-</strong></span> 
     </span>
    </p>
   </div>
   <div class='ocr_carea' id='block_1_104' title="bbox 2263 4740 3775 4819">
    <p class='ocr_par' dir='ltr' id='par_1_104' title="bbox 2263 4740 3775 4819">
     <span class='ocr_line' id='line_1_104' title="bbox 2263 4740 3775 4819; baseline 0 -20"><span class='ocrx_word' id='word_1_735' title='bbox 2263 4752 2337 4810; x_wconf 79' lang='grc' dir='ltr'>ς’.</span> <span class='ocrx_word' id='word_1_736' title='bbox 2360 4741 2498 4796; x_wconf 76' lang='grc' dir='ltr'>Οὔτε</span> <span class='ocrx_word' id='word_1_737' title='bbox 2522 4741 2585 4795; x_wconf 86' lang='lat' dir='ltr'><strong>rb</strong></span> <span class='ocrx_word' id='word_1_738' title='bbox 2611 4740 2991 4812; x_wconf 82' lang='grc' dir='ltr'>φιλάνθρωπον</span> <span class='ocrx_word' id='word_1_739' title='bbox 3037 4743 3307 4815; x_wconf 79' lang='grc' dir='ltr'>ἀκαίρως,</span> <span class='ocrx_word' id='word_1_740' title='bbox 3359 4744 3483 4797; x_wconf 76' lang='grc' dir='ltr'>οὔτε</span> <span class='ocrx_word' id='word_1_741' title='bbox 3515 4746 3576 4798; x_wconf 89' lang='lat' dir='ltr'><strong>rb</strong></span> <span class='ocrx_word' id='word_1_742' title='bbox 3627 4747 3775 4819; x_wconf 78' lang='grc' dir='ltr'>ἀπη-</span> 
     </span>
    </p>
   </div>
   <div class='ocr_carea' id='block_1_105' title="bbox 2191 4828 3778 4907">
    <p class='ocr_par' dir='ltr' id='par_1_105' title="bbox 2191 4828 3778 4907">
     <span class='ocr_line' id='line_1_105' title="bbox 2191 4828 3778 4907; baseline 0.006 -24"><span class='ocrx_word' id='word_1_743' title='bbox 2191 4828 2281 4893; x_wconf 82' lang='grc' dir='ltr'><strong>νὲς</strong></span> <span class='ocrx_word' id='word_1_744' title='bbox 2310 4830 2464 4896; x_wconf 74' lang='grc' dir='ltr'>ἄξιόν</span> <span class='ocrx_word' id='word_1_745' title='bbox 2500 4832 2620 4886; x_wconf 73' lang='grc' dir='ltr'>ἐστι</span> <span class='ocrx_word' id='word_1_746' title='bbox 2657 4833 2986 4903; x_wconf 76' lang='grc' dir='ltr'>στρατηγοῦ,</span> <span class='ocrx_word' id='word_1_747' title='bbox 3035 4831 3174 4888; x_wconf 85' lang='grc' dir='ltr'><strong>ἀλλά</strong></span> <span class='ocrx_word' id='word_1_748' title='bbox 3210 4835 3272 4888; x_wconf 87' lang='lat' dir='ltr'><strong>rb</strong></span> <span class='ocrx_word' id='word_1_749' title='bbox 3333 4836 3653 4907; x_wconf 79' lang='grc' dir='ltr'>σταθμίζειν</span> <span class='ocrx_word' id='word_1_750' title='bbox 3716 4841 3778 4892; x_wconf 85' lang='grc' dir='ltr'><strong>ἐν</strong></span> 
     </span>
    </p>
   </div>
   <div class='ocr_carea' id='block_1_106' title="bbox 2193 4923 3781 4999">
    <p class='ocr_par' dir='ltr' id='par_1_106' title="bbox 2193 4923 3781 4999">
     <span class='ocr_line' id='line_1_106' title="bbox 2193 4923 3781 4999; baseline 0.004 -22"><span class='ocrx_word' id='word_1_751' title='bbox 2193 4924 2373 4994; x_wconf 86' lang='grc' dir='ltr'>καιρῷ</span> <span class='ocrx_word' id='word_1_752' title='bbox 2404 4924 2606 4988; x_wconf 85' lang='grc' dir='ltr'>πάντα,</span> <span class='ocrx_word' id='word_1_753' title='bbox 2646 4925 2745 4978; x_wconf 75' lang='grc' dir='ltr'>καὶ</span> <span class='ocrx_word' id='word_1_754' title='bbox 2782 4923 2960 4989; x_wconf 79' lang='grc' dir='ltr'>οὕτως</span> <span class='ocrx_word' id='word_1_755' title='bbox 2999 4926 3094 4979; x_wconf 79' lang='grc' dir='ltr'><strong>ἐπὶ</strong></span> <span class='ocrx_word' id='word_1_756' title='bbox 3140 4928 3257 4990; x_wconf 80' lang='grc' dir='ltr'>τοῖς</span> <span class='ocrx_word' id='word_1_757' title='bbox 3301 4928 3781 4999; x_wconf 81' lang='grc' dir='ltr'>ἁμαρτανομένοις</span> 
     </span>
    </p>
   </div>
   <div class='ocr_carea' id='block_1_107' title="bbox 2193 5013 3778 5091">
    <p class='ocr_par' dir='ltr' id='par_1_107' title="bbox 2193 5013 3778 5091">
     <span class='ocr_line' id='line_1_107' title="bbox 2193 5013 3778 5091; baseline 0.003 -21"><span class='ocrx_word' id='word_1_758' title='bbox 2193 5015 2422 5084; x_wconf 77' lang='grc' dir='ltr'>ἐπάγειν</span> <span class='ocrx_word' id='word_1_759' title='bbox 2448 5015 2548 5080; x_wconf 80' lang='grc' dir='ltr'><strong>τὰς</strong></span> <span class='ocrx_word' id='word_1_760' title='bbox 2603 5019 2898 5088; x_wconf 79' lang='grc' dir='ltr'>τιμωρίας,</span> <span class='ocrx_word' id='word_1_761' title='bbox 2961 5018 3334 5072; x_wconf 75' lang='grc' dir='ltr'>ἑπιϐλέποντα</span> <span class='ocrx_word' id='word_1_762' title='bbox 3395 5020 3492 5073; x_wconf 78' lang='grc' dir='ltr'>καὶ</span> <span class='ocrx_word' id='word_1_763' title='bbox 3522 5013 3637 5091; x_wconf 67' lang='grc' dir='ltr'>’τὴν</span> <span class='ocrx_word' id='word_1_764' title='bbox 3680 5022 3778 5075; x_wconf 65' lang='grc' dir='ltr'><strong>τοῦ</strong></span> 
     </span>
    </p>
   </div>
   <div class='ocr_carea' id='block_1_108' title="bbox 2197 5108 3774 5182">
    <p class='ocr_par' dir='ltr' id='par_1_108' title="bbox 2197 5108 3774 5182">
     <span class='ocr_line' id='line_1_108' title="bbox 2197 5108 3774 5182; baseline 0.001 -20"><span class='ocrx_word' id='word_1_765' title='bbox 2197 5108 2508 5180; x_wconf 78' lang='grc' dir='ltr'>πράξαντος</span> <span class='ocrx_word' id='word_1_766' title='bbox 2529 5108 2793 5176; x_wconf 84' lang='grc' dir='ltr'>διάνοιαν,</span> <span class='ocrx_word' id='word_1_767' title='bbox 2840 5111 2936 5163; x_wconf 73' lang='grc' dir='ltr'>καὶ</span> <span class='ocrx_word' id='word_1_768' title='bbox 2967 5110 3060 5164; x_wconf 80' lang='grc' dir='ltr'><strong>τὸν</strong></span> <span class='ocrx_word' id='word_1_769' title='bbox 3085 5111 3422 5182; x_wconf 75' lang='grc' dir='ltr'>καιρδν,ῖκαὶ</span> <span class='ocrx_word' id='word_1_770' title='bbox 3451 5112 3544 5165; x_wconf 78' lang='grc' dir='ltr'><strong>τὸν</strong></span> <span class='ocrx_word' id='word_1_771' title='bbox 3585 5113 3774 5175; x_wconf 76' lang='grc' dir='ltr'>τόπον,</span> 
     </span>
    </p>
   </div>
   <div class='ocr_carea' id='block_1_109' title="bbox 2203 5201 3777 5274">
    <p class='ocr_par' dir='ltr' id='par_1_109' title="bbox 2203 5201 3777 5274">
     <span class='ocr_line' id='line_1_109' title="bbox 2203 5201 3777 5274; baseline -0.001 -16"><span class='ocrx_word' id='word_1_772' title='bbox 2203 5202 2298 5258; x_wconf 76' lang='grc' dir='ltr'>καὶ</span> <span class='ocrx_word' id='word_1_773' title='bbox 2330 5203 2419 5255; x_wconf 65' lang='grc' dir='ltr'>διὰ</span> <span class='ocrx_word' id='word_1_774' title='bbox 2454 5201 2608 5256; x_wconf 84' lang='grc' dir='ltr'>ποίου</span> <span class='ocrx_word' id='word_1_775' title='bbox 2637 5202 2842 5272; x_wconf 84' lang='grc' dir='ltr'>τρόπου</span> <span class='ocrx_word' id='word_1_776' title='bbox 2888 5202 3163 5274; x_wconf 77' lang='grc' dir='ltr'>ἐπράχθη,</span> <span class='ocrx_word' id='word_1_777' title='bbox 3192 5202 3288 5257; x_wconf 72' lang='grc' dir='ltr'>καὶ</span> <span class='ocrx_word' id='word_1_778' title='bbox 3341 5203 3429 5256; x_wconf 71' lang='grc' dir='ltr'>διὰ</span> <span class='ocrx_word' id='word_1_779' title='bbox 3481 5202 3642 5256; x_wconf 79' lang='grc' dir='ltr'>ποίαν</span> <span class='ocrx_word' id='word_1_780' title='bbox 3685 5207 3777 5256; x_wconf 86' lang='grc' dir='ltr'>αἰ-</span> 
     </span>
    </p>
   </div>
   <div class='ocr_carea' id='block_1_110' title="bbox 2198 5293 3772 5365">
    <p class='ocr_par' dir='ltr' id='par_1_110' title="bbox 2198 5293 3772 5365">
     <span class='ocr_line' id='line_1_110' title="bbox 2198 5293 3772 5365; baseline -0.001 -17"><span class='ocrx_word' id='word_1_781' title='bbox 2198 5293 2352 5348; x_wconf 84' lang='grc' dir='ltr'>τίαν·</span> <span class='ocrx_word' id='word_1_782' title='bbox 2386 5293 2485 5348; x_wconf 78' lang='grc' dir='ltr'>καὶ</span> <span class='ocrx_word' id='word_1_783' title='bbox 2513 5293 2680 5348; x_wconf 77' lang='grc' dir='ltr'>αὐτοῦ</span> <span class='ocrx_word' id='word_1_784' title='bbox 2706 5293 2801 5347; x_wconf 88' lang='grc' dir='ltr'><strong>τοῦ</strong></span> <span class='ocrx_word' id='word_1_785' title='bbox 2829 5294 3160 5365; x_wconf 85' lang='grc' dir='ltr'>πράγματος</span> <span class='ocrx_word' id='word_1_786' title='bbox 3199 5295 3298 5364; x_wconf 76' lang='grc' dir='ltr'>τὴν</span> <span class='ocrx_word' id='word_1_787' title='bbox 3343 5295 3622 5365; x_wconf 77' lang='grc' dir='ltr'>ποιότητα,</span> <span class='ocrx_word' id='word_1_788' title='bbox 3676 5297 3772 5348; x_wconf 73' lang='grc' dir='ltr'>καὶ</span> 
     </span>
    </p>
   </div>
   <div class='ocr_carea' id='block_1_111' title="bbox 2194 5382 3451 5455">
    <p class='ocr_par' dir='ltr' id='par_1_111' title="bbox 2194 5382 3451 5455">
     <span class='ocr_line' id='line_1_111' title="bbox 2194 5382 3451 5455; baseline -0.003 -17"><span class='ocrx_word' id='word_1_789' title='bbox 2194 5382 2365 5448; x_wconf 76' lang='grc' dir='ltr'>οὕτως</span> <span class='ocrx_word' id='word_1_790' title='bbox 2385 5383 2478 5437; x_wconf 74' lang='grc' dir='ltr'><strong>ἐπὶ</strong></span> <span class='ocrx_word' id='word_1_791' title='bbox 2503 5383 2599 5448; x_wconf 79' lang='grc' dir='ltr'>τὰς</span> <span class='ocrx_word' id='word_1_792' title='bbox 2625 5383 2854 5447; x_wconf 82' lang='grc' dir='ltr'>δεούσας</span> <span class='ocrx_word' id='word_1_793' title='bbox 2875 5384 3144 5455; x_wconf 82' lang='grc' dir='ltr'>τιμωρίας</span> <span class='ocrx_word' id='word_1_794' title='bbox 3174 5382 3451 5454; x_wconf 78' lang='grc' dir='ltr'>ἔρχεσθαι.</span> 
     </span>
    </p>
   </div>
   <div class='ocr_carea' id='block_1_112' title="bbox 2265 5473 3777 5548">
    <p class='ocr_par' dir='ltr' id='par_1_112' title="bbox 2265 5473 3777 5548">
     <span class='ocr_line' id='line_1_112' title="bbox 2265 5473 3777 5548; baseline -0.003 -18"><span class='ocrx_word' id='word_1_795' title='bbox 2265 5475 2329 5541; x_wconf 82' lang='grc' dir='ltr'><strong>ζ’.</strong></span> <span class='ocrx_word' id='word_1_796' title='bbox 2359 5475 2520 5545; x_wconf 75' lang='grc' dir='ltr'>Μέγα</span> <span class='ocrx_word' id='word_1_797' title='bbox 2568 5475 2896 5548; x_wconf 76' lang='grc' dir='ltr'>προτέρημα</span> <span class='ocrx_word' id='word_1_798' title='bbox 2951 5474 3262 5548; x_wconf 82' lang='grc' dir='ltr'>στρατηγοῦ</span> <span class='ocrx_word' id='word_1_799' title='bbox 3325 5476 3388 5527; x_wconf 83' lang='grc' dir='ltr'>τὸ</span> <span class='ocrx_word' id='word_1_800' title='bbox 3441 5473 3777 5544; x_wconf 79' lang='grc' dir='ltr'>συμμέτρως</span> 
     </span>
    </p>
   </div>
   <div class='ocr_carea' id='block_1_113' title="bbox 2198 5566 3771 5638">
    <p class='ocr_par' dir='ltr' id='par_1_113' title="bbox 2198 5566 3771 5638">
     <span class='ocr_line' id='line_1_113' title="bbox 2198 5566 3771 5638; baseline -0.004 -14"><span class='ocrx_word' id='word_1_801' title='bbox 2198 5568 2531 5632; x_wconf 80' lang='grc' dir='ltr'>διαιτᾶσθαι,</span> <span class='ocrx_word' id='word_1_802' title='bbox 2566 5567 2661 5622; x_wconf 73' lang='grc' dir='ltr'>καὶ</span> <span class='ocrx_word' id='word_1_803' title='bbox 2690 5568 3012 5638; x_wconf 78' lang='grc' dir='ltr'>ἀγρυπνεῖν,</span> <span class='ocrx_word' id='word_1_804' title='bbox 3050 5569 3145 5622; x_wconf 73' lang='grc' dir='ltr'>καὶ</span> <span class='ocrx_word' id='word_1_805' title='bbox 3179 5568 3236 5622; x_wconf 81' lang='grc' dir='ltr'>ὲν</span> <span class='ocrx_word' id='word_1_806' title='bbox 3265 5569 3384 5631; x_wconf 77' lang='grc' dir='ltr'>ταῖς</span> <span class='ocrx_word' id='word_1_807' title='bbox 3417 5566 3534 5633; x_wconf 69' lang='grc' dir='ltr'><strong>νυξὶ</strong></span> <span class='ocrx_word' id='word_1_808' title='bbox 3567 5566 3771 5635; x_wconf 75' lang='grc' dir='ltr'>μᾶλλον</span> 
     </span>
    </p>
   </div>
   <div class='ocr_carea' id='block_1_114' title="bbox 2198 5659 3772 5732">
    <p class='ocr_par' dir='ltr' id='par_1_114' title="bbox 2198 5659 3772 5732">
     <span class='ocr_line' id='line_1_114' title="bbox 2198 5659 3772 5732; baseline -0.001 -18"><span class='ocrx_word' id='word_1_809' title='bbox 2198 5661 2547 5732; x_wconf 72' lang='grc' dir='ltr'>βουλεύεσθαι</span> <span class='ocrx_word' id='word_1_810' title='bbox 2581 5661 2644 5715; x_wconf 68' lang='grc' dir='ltr'>τὰ</span> <span class='ocrx_word' id='word_1_811' title='bbox 2670 5661 2798 5732; x_wconf 69' lang='grc' dir='ltr'>περὶ</span> <span class='ocrx_word' id='word_1_812' title='bbox 2833 5661 2939 5716; x_wconf 79' lang='grc' dir='ltr'><strong>τῶν</strong></span> <span class='ocrx_word' id='word_1_813' title='bbox 2968 5661 3302 5731; x_wconf 83' lang='grc' dir='ltr'>ἀναγκαίων.</span> <span class='ocrx_word' id='word_1_814' title='bbox 3337 5661 3446 5715; x_wconf 76' lang='grc' dir='ltr'><strong>Καὶ</strong></span> <span class='ocrx_word' id='word_1_815' title='bbox 3479 5662 3587 5730; x_wconf 75' lang='grc' dir='ltr'>γὰρ</span> <span class='ocrx_word' id='word_1_816' title='bbox 3616 5659 3772 5728; x_wconf 79' lang='grc' dir='ltr'>εύχεο</span> 
     </span>
    </p>
   </div>
  </div>
