3964 6206
132 315 268 382 1017

1195 313 1530 377 TACTiCA.
1555 335 1626 352 ’-
1654 311 2166 374 CONSTITUTIO
2205 315 2336 373 XX.

3267 319 3414 388 1018‘

124 429 236 499 ξῶς
266 429 324 482 ἑν
375 444 533 481 νυκτι
555 425 865 480 ’τελειοῦται
890 426 1074 498 βουλὴ,
1100 428 1232 481 ’ὅταν
1259 427 1293 496 ἡ
1318 425 1466 496 ψυχὴ
1500 425 1564 477 ἐκ
1602 423 1715 476 τῶν

1838 422 1990 486 Iitur,
2031 422 2256 494 quando
2293 422 2510 479 animus
2547 423 2615 479 ab
2649 425 2800 480 omni
2835 432 3063 484 externo
3095 428 3280 484 rerum
3320 443 3412 486 tu.

121 518 324 584 ἔξωθεν
355 519 603 591 θορύϐων
624 519 846 588 ἠρεμεῖ.

191 616 264 680 η’.
304 610 472 664 Ἀλλα
499 609 705 678 φήμιζε
737 611 851 672 τοῖς
877 609 1111 679 ἐχθροῖς,
1157 608 1250 662 καὶ
1279 606 1444 677 ἕτερα
1477 604 1710 678 πράττε,

123 705 222 758 καὶ
242 704 312 756 τά
333 703 462 774 περὶ
493 702 606 756 τῶν
630 701 945 770 ἀναγκαίων
985 701 1328 772 κρύπτεσθαι
1387 700 1578 753 δέοντα
1635 697 1712 770 μὴ

128 795 346 856 πολλοῖς
373 792 653 858 ἀνατίοου,
683 793 800 848 ἀλλ’
835 793 1036 862 ὀλίγοις
1054 794 1148 846 καὶ
1178 795 1289 855 τοῖς
1320 790 1712 861 γνησιωτέροις

127 903 224 939 σου
259 883 479 956 μᾶλλον.
512 883 587 936 Τὸ
611 885 722 955 γάρ
754 882 928 946 οὕτως
989 882 1266 954 ἐξαπατᾷν
1306 881 1433 944 τοὺς
1482 880 1714 951 ἐχθροὺς

123 977 424 1044 ἀναγκαῖον
452 975 747 1047 ἀπεδείχθη
789 977 1071 1040 πολλάκις.

199 1068 356 1138 θ’,ίτὸ
385 1068 739 1139 βουλεύεσθαι
766 1070 1010 1142 βραδέως
1037 1071 1132 1124 καὶ
1165 1068 1452 1137 ἀσφαλῶς,
1483 1064 1579 1120 καὶ
1609 1065 1712 1118 ὅσα

125 1162 270 1227 δόξει
297 1164 362 1232 τῇ
387 1161 576 1231 βουλῇ,
615 1160 692 1233 μὴ
748 1161 1154 1216 ἀναϐάλλεσθαι
1191 1161 1318 1223 τοὺς
1372 1159 1596 1222 καιροὺς
1627 1154 1717 1209 διά

125 1269 252 1308 τινα
281 1258 436 1311 δκνον
462 1252 497 1321 ἦ
519 1250 744 1316 δειλίαν,
778 1249 1211 1319 ἀναγκαιότατον
1270 1249 1438 1301 ἐστιν.
1490 1246 1555 1298 Ἡ
1606 1243 1716 1314 γὰρ

125 1350 302 1404 δειλία
319 1351 379 1404 ού
409 1351 570 1420 μόνον
602 1346 702 1399 ούκ
725 1344 964 1412 ἀσφαλὲς
988 1344 1224 1414 πρᾶγμά
1252 1343 1418 1406 ἐστιν,
1449 1337 1584 1392 ἀλλὰ
1617 1335 1715 1390 καὶ

125 1441 233 1512 τῆς
271 1442 365 1494 τού
399 1439 564 1495 καλοῦ
595 1435 966 1498 ἐναντιώσεως
1000 1434 1236 1488 ἐπίνοια.

209 1529 260 1587 ι’.
299 1531 439 1584 Ἴσοι
464 1531 546 1583 ὅτι
575 1528 636 1582 τὸ
667 1527 792 1599 μήτ’
823 1524 1150 1596 ἐπαίρεσθαι
1168 1523 1225 1575 ἐν
1259 1523 1378 1585 ταῖς
1436 1517 1716 1588 εὐτυχίαις

132 1625 274 1696 μήτε
333 1623 492 1678 πάλιν
529 1619 896 1675 καταπίπτειν
926 1619 984 1682 ὲν
1011 1620 1130 1680 ταῖς
1174 1614 1511 1683 δυστυχίαις,
1540 1613 1716 1682 ὲρρωο

132 1717 299 1787 μένου
329 1714 447 1768 ἐστὶ
479 1711 744 1783 λογισμοῦ
774 1711 872 1766 καὶ
920 1710 1100 1781 ψυχῆς
1139 1707 1409 1779 ἀνδρείας,
1474 1705 1569 1759 καὶ
1617 1705 1711 1758 δυ-

1814 515 1989 570 multu
2003 543 2005 546 ⁴
2021 516 2278 586 quiescit.

1883 607 1938 660 8.
1977 606 2101 661 Alia
2133 606 2379 663 inimicis
2405 606 2598 674 dicito,
2629 607 2735 663 alia
2767 609 2882 679 ipse
2911 608 3101 666 facito.
3129 612 3237 669 Res
3275 629 3408 685 gra-

1813 712 1910 754 ves
1940 705 2106 768 atque
2132 706 2376 754 secretas
2405 715 2533 754 cum
2566 701 2756 757 multis
2788 718 2856 757 ne
2885 705 3284 770 commuuiees,
3314 707 3410 763 sed

1814 792 2040 861 paucis,
2087 790 2269 861 iisque
2323 791 2663 848 lidelioribus
2711 795 2910 850 amicis
2962 796 3092 850 tuis.
3141 796 3216 850 ita
3265 798 3412 852 enim

1816 884 2006 940 hostes
2037 883 2314 954 decipere,
2345 898 2489 954 saepe
2520 887 2894 941 neccsSurium
2924 901 3047 942 esse
3066 874 3336 942 diximus.

1882 1065 1942 1121 θ.
1983 1065 2160 1122 Tarde
2193 1081 2258 1121 ac
2288 1065 2699 1137 circumspecte
2729 1067 3070 1134 deliberare,
3102 1077 3156 1125 et
3188 1085 3251 1124 ea
3283 1085 3405 1141 qua:

1815 1157 2114 1214 deliberata
2158 1161 2568 1230 constitutaque
2613 1169 2779 1222 sunt,
2823 1163 3004 1232 aliqua
3049 1165 3408 1219 cunctatione

1816 1259 1910 1305 aut
1938 1250 2232 1306 formidine
2261 1267 2366 1306 non
2401 1252 2652 1320 rejjcere,
2679 1254 3054 1307 necessarium
3085 1256 3412 1325 cumprimis

1814 1351 1900 1398 est
1933 1362 1946 1397 :
1986 1343 2152 1398 timor
2185 1344 2329 1399 enim
2375 1360 2482 1398 non
2522 1346 2702 1399 solum
2745 1353 2858 1401 tuta
2895 1361 2984 1400 res
3025 1361 3133 1402 non
3176 1357 3282 1413 est,
3310 1349 3405 1404 sed

1711 1467 1714 1470 ~
1815 1437 1979 1493 etiam
2012 1438 2176 1492 rebus
2207 1438 2367 1494 bonis
2396 1438 2636 1495 inventis
2666 1437 3058 1495 adversissima
3087 1449 3195 1496 est.

1888 1529 1976 1584 10.
2018 1528 2205 1600 Neque
2246 1530 2410 1586 rebus
2453 1531 2732 1601 prosperis
2788 1531 2968 1586 ell‘erri
3016 1548 3119 1588 nec
3167 1533 3416 1590 adversis

1816 1620 2000 1692 dejici,
2027 1620 2165 1675 ﬁrmi
2193 1622 2360 1676 animi
2388 1623 2810 1694 conslautisque
2835 1630 2938 1687 est,
2966 1624 3059 1694 qui
3089 1626 3262 1694 possit
3294 1633 3414 1679 ttrto

1823 1712 1890 1767 ad
1933 1728 2150 1768 onmem
2196 1728 2379 1769 rerum
2425 1724 2683 1771 eventum
2725 1716 3017 1772 consilium
3061 1724 3128 1771 ex
3174 1726 3415 1788 tempore

129 1775 370 1878 ναμένης
391 1775 655 1875 ἀσφαλῶς
673 1807 731 1858 ὲν
787 1805 903 1868 τοῖς
935 1775 1266 1870 ἀναγκαίοις
1311 1800 1543 1854 πάντοτε
1582 1798 1724 1870 πρά-
1748 1775 1798 1840 Β
1824 1819 2042 1876 capere.

128 1915 340 1970 γμασιν
369 1898 708 1952 ἐπιϐάλλειν.

208 1990 296 2046 ια’.
333 1992 448 2045 Οὐκ
477 1990 778 2060 ἀναγκαῖόν
827 1988 998 2053 ἔστιν,
1051 1987 1126 2050 ὡς
1180 1988 1213 2057 ἡ
1260 1989 1427 2056 πεῖρα
1457 1985 1724 2050 δείκνυσι,

130 2083 200 2138 τὸ
229 2085 350 2146 ταῖς
379 2083 572 2145 αὑταῖς
597 2081 947 2152 ὲγχειρήσεσι
996 2078 1138 2132 κατά
1172 2077 1281 2131 τῶν
1330 2076 1540 2148 ἐχθρῶν
1597 2092 1723 2128 συνο

147 2175 291 2246 εχῶς
321 2173 646 2244 κεχρῆσθαι,
669 2172 776 2226 κᾶν
802 2170 1060 2234 πολλάκις
1090 2170 1248 2241 δόξῃς
1279 2171 1336 2224 ἐν
1353 2171 1542 2233 αὐταῖς
1566 2170 1722 2223 εύτυ·

132 2268 272 2337 χεῖν.
317 2264 415 2318 Διά
459 2263 570 2332 γὰρ
626 2263 727 2333 τῆς
787 2261 1073 2331 συνεχείας
1123 2261 1621 2332 προσεπινοοῦντες
1672 2263 1724 2316 oi

136 2355 323 2427 ἐχθροὶ
347 2354 413 2407 τὰ
434 2353 671 2417 ἐναντία,
705 2353 798 2406 καὶ
818 2353 1198 2417 κανονίζοντες
1259 2356 1544 2426 συμφορὰς
1588 2357 1722 2410 πολ-

133 2445 294 2508 λάκις
334 2444 672 2516 προσάγουσι
719 2445 839 2508 ταῖς
870 2444 1149 2508 τοιαύταις
1188 2447 1310 2499 κατ’
1368 2447 1551 2502 αὐτῶν
1603 2449 1724 2502 ἐπι-

139 2537 341 2601 ϐολαῖς.

209 2627 298 2700 ιβ’.
323 2629 398 2684 Τὸ
418 2629 506 2685 διά
542 2629 737 2701 βουλῆς
767 2628 972 2700 μᾶλλον
1003 2631 1098 2684 καὶ
1129 2631 1470 2701 στρατηγίας
1491 2635 1722 2704 κρατείν
1777 2649 1780 2652 ’

138 2721 248 2775 τῶν
279 2721 513 2793 ἐχθρῶν,
543 2722 787 2791 ἀσφαλὲς
818 2722 942 2792 ἐμοὶ
960 2721 1110 2775 δοκεῖ
1132 2725 1227 2776 καὶ
1266 2721 1562 2793 ὠφέλιμον,
1597 2723 1630 2794 ἢ
1661 2724 1724 2776 τὸ

140 2815 284 2886 χειρὶ
305 2814 586 2885 βιάζεσθαι
624 2815 720 2868 καὶ
768 2813 1022 2884 δυνάμει,
1083 2814 1178 2868 καὶ
1227 2815 1367 2884 πρὶς
1420 2814 1519 2876 τάς
1578 2814 1723 2869 κατὰ

142 2908 430 2978 πρόσωπον
464 2909 645 2978 μάχας
679 2904 1146 2961 ἀποκινδυνεύειν.
1178 2906 1254 2958 Τὸ
1289 2907 1389 2976 μὲν
1430 2906 1540 2975 γὰρ
1599 2905 1721 2976 μεθ’

140 2998 386 3054 ἑκουσίου
402 3001 630 3071 γνώμης
657 3000 892 3069 γίνεται,
925 2998 1022 3052 καὶ
1049 2997 1124 3060 ὡς
1144 2997 1211 3051 ἂν
1239 2999 1267 3050 ὁ
1304 2997 1628 3067 προσϐαλὼν
1653 2999 1717 3052 τὸ

142 3093 418 3165 συμφέρον
447 3091 692 3163 γινώσκῃ
766 3091 827 3146 τὸ
842 3089 898 3145 δὲ
920 3089 1060 3162 μετά
1087 3105 1232 3153 τινος
1263 3087 1470 3159 ζημίας
1501 3089 1724 3153 πάντως
1750 3117 1795 3175 c

141 3181 284 3255 lxatv
315 3185 416 3255 τὴν
451 3183 674 3238 ἔκϐασιν
711 3183 857 3253 (19).

213 3283 302 3347 ιγ’.
338 3275 816 3349 ’Υπερτίθεσθαιῆ
858 3274 1261 3330 ἀναϐάλλεσθαι
1310 3275 1451 3345 πρὶς
1496 3273 1566 3328 τά
1623 3291 1727 3347 φηο

146 3370 410 3444 μιζδμενα
441 3369 589 3423 κακά
620 3366 870 3441 ἤδολερά
929 3369 1022 3421 καὶ
1071 3368 1357 3433 ἐπίϐουλα,
1393 3367 1455 3420 οὐ
1482 3367 1718 3431 δίκαιον,

141 3464 258 3518 οὐδὲ
281 3463 512 3533 πρέπον,
539 3461 660 3515 οὐδὲ
697 3460 1059 3528 καταφρονεῖν
1115 3457 1300 3510 αὐτῶν
1343 3457 1448 3510 κᾶν
1477 3473 1536 3508 τε
1593 3457 1725 3525 περὶ

139 3555 249 3610 τῶν
299 3554 508 3627 ἐχθρῶν
545 3554 836 3622 λέγωνται,
896 3551 996 3605 κάν
1043 3566 1102 3602 τε
1152 3550 1283 3621 περὶ
1322 3548 1490 3602 ἰδίων.
1563 3546 1726 3600 Ἀλλά

143 3648 345 3719 μᾶλλον
378 3645 701 3709 σπουδάζειν
730 3661 789 3697 σε
837 3643 965 3713 χρὴ,
998 3635 1043 3696 ὧ
1079 3640 1380 3713 στρατηγὲ,
1414 3637 1725 3710 μεθοδεύειν

139 3743 234 3796 καὶ
254 3739 596 3794 καταπαύειν
624 3738 765 3792 αύτά
789 3735 919 3806 πρὶν
963 3736 1044 3798 εἰς
1108 3735 1269 3803 ἔργον
1319 3731 1548 3786 ἔλθωσιν
1587 3747 1602 3764 ⁸
1633 3731 1723 3786 ὅτε

141 3832 284 3902 τάχα
310 3833 431 3885 οὐδὲ
460 3829 814 3885 ἀναστέλλειν
843 3825 1018 3880 ταῦτα
1046 3825 1297 3882 δύνασαι.

215 3920 298 3976 ιδ’.
331 3923 552 3993 Ποιήσει
588 3922 789 3991 θάρσος
849 3921 964 3982 τοῖς
1023 3916 1386 3988 στρατιώταις
1443 3917 1502 3970 ὲν
1547 3915 1724 3988 καιρῷ

141 4011 382 4083 πολέμου
440 4010 668 4080 ἀγγελία
716 4008 1012 4081 ἐρχομένη,
1067 4007 1152 4062 δτι
1199 4007 1291 4061 Ἐν
1315 4005 1495 4068 ἄλλοις
1537 4006 1724 4070 τόποις

140 4103 268 4166 τοὺς
298 4102 591 4171 πολεμίους
613 4102 1000 4172 νενικήκαμεν.
1023 4099 1213 4162 Οὕτως
1235 4097 1453 4169 γὰρκαὶ
1473 4099 1542 4151 τά
1566 4096 1720 4151 δειλά

142 4193 469 4265 φρονήματα
489 4193 959 4263 διαναστήσονται,
993 4191 1089 4246 καὶ
1138 4191 1210 4244 τά
1261 4189 1483 4261 ἀνδρεία
1521 4189 1723 4261 μᾶλλον

142 4283 530 4357 θαρσήσουσιν,
567 4282 769 4351 ἀγαθὸν
820 4281 1092 4354 σύμϐολον
1121 4281 1182 4335 τὸ
1227 4281 1326 4352 τῆς
1356 4282 1514 4352 νίκης
1553 4280 1724 4352 ὄνομα

139 4379 239 4432 καὶ
259 4379 369 4452 τὴν
393 4377 596 4450 πρᾶξιν
628 4375 704 4440 ὡς
736 4378 798 4431 ὲκ
825 4375 963 4430 Θεοῦ
997 4374 1305 4445 δεξάμενοι.

1903 1987 1994 2043 ll.
2033 1986 2230 2042 iisdem
2275 1988 2723 2058 aggressionihus
2769 1987 2957 2043 hostes
3000 2001 3217 2058 semper
3259 1988 3416 2043 iuva-

1824 2078 1976 2144 dere,
2001 2092 2318 2149 quanquam
2349 2079 2460 2133 illis
2486 2094 2866 2149 sarpenumero
2896 2079 3132 2136 feliciter
3151 2096 3284 2135 usus
3313 2081 3412 2145 sis,

1825 2170 1958 2225 utile
1987 2184 2095 2223 non
2125 2175 2211 2224 est
2245 2188 2260 2223 :
2293 2169 2480 2225 hostes
2512 2169 2660 2225 enim
2693 2185 2816 2225 cum
2851 2179 2904 2225 te
2937 2171 3161 2228 assidue
3195 2173 3273 2227 uti
3309 2173 3410 2227 iis-

1823 2260 1946 2316 dem
1974 2260 2183 2326 vident,
2213 2259 2422 2331 aliquid
2453 2260 2743 2317 adversum
2777 2263 3073 2318 molientur
3099 2271 3155 2318 et
3185 2265 3410 2332 excogi-

1824 2352 2040 2418 tabunt,
2070 2360 2125 2408 et
2154 2353 2429 2423 permulta
2458 2352 2658 2408 damna
2688 2351 2928 2407 inferent
2957 2352 3056 2408 tibi
3089 2356 3286 2409 utenti.

1899 2611 1988 2666 12.
2019 2609 2268 2667 Consilio
2294 2621 2347 2668 et
2378 2613 2668 2684 prudentia
2702 2613 3057 2685 imperatoria
3098 2614 3286 2672 hostes
3320 2633 3414 2671 su-

1824 2714 2019 2770 perare
2049 2701 2253 2770 potius,
2279 2717 2446 2771 quam
2479 2717 2642 2756 manu
2675 2712 2731 2758 et
2763 2704 2812 2757 vi
2842 2702 2896 2757 et
2930 2717 3110 2772 pugna
3137 2713 3414 2770 conserta,

1826 2799 2002 2846 tututn
2055 2792 2188 2846 mihi
2229 2793 2449 2847 videtur
2495 2807 2620 2848 esse
2661 2800 2716 2848 et
2765 2793 2920 2847 utile.
2969 2793 3107 2847 illud
3155 2795 3300 2850 enim
3347 2812 3412 2849 ex

1824 2882 1995 2937 animi
2025 2883 2318 2949 sententia,
2340 2890 2396 2938 et
2422 2882 2882 2953 quemadmodum
2909 2883 3175 2953 optimum
3199 2883 3422 2955 iudica;

1826 2974 1996 3039 veris,
2033 2975 2304 3044 procedit,
2341 2975 2447 3028 boe
2485 2987 2668 3030 autem
2703 2989 2922 3047 semper
2954 2979 3140 3048 aliqua
3177 2992 3303 3033 cum
3337 2979 3421 3034 of-

1827 3062 2079 3120 fensione
2107 3065 2234 3119 belli
2262 3064 2472 3119 exitum
2503 3065 2690 3120 habet.

1900 3271 1990 3326 15.
2032 3268 2283 3340 Rejicere
2317 3266 2523 3323 bellum
2561 3264 2940 3332 aut‘ditl'erre,
2978 3264 3240 3338 quoniam
3277 3265 3420 3320 ΐίιιιιιι

1828 3364 2012 3435 aliqua
2047 3362 2179 3417 mali
2209 3369 2304 3416 aut
2331 3359 2441 3415 doli
2474 3367 2570 3412 aut
2602 3359 2926 3414 insidiarum
2960 3357 3295 3428 percrebuit,
3325 3375 3417 3415 nc-

1825 3472 1935 3527 que
1957 3457 2168 3524 justum
2197 3466 2377 3521 neque
2403 3451 2664 3506 decorum
2693 3458 2777 3506 est
2804 3468 2818 3506 :
2844 3466 3021 3520 neque
3050 3458 3244 3505 contra
3273 3450 3419 3505 fama

1827 3549 1944 3603 haec
1971 3545 2196 3601 omnino
2225 3543 2629 3600 contemnenda
2655 3552 2759 3610 est,
2789 3545 2906 3600 sive
2935 3543 3000 3599 de
3030 3544 3280 3600 hostibus
3306 3545 3420 3600 sive

1826 3643 1895 3698 de
1930 3642 2139 3697 nostris
2173 3645 2656 3704 commemoretur,
2693 3637 2790 3694 sed
2823 3638 3117 3693 adversum
3150 3639 3265 3694 hare
3295 3655 3420 3693 om-

1825 3735 1915 3791 nia
1946 3733 2130 3805 potius
2161 3729 2369 3803 aliquid
2401 3728 2739 3784 moliendum
2769 3727 3283 3800 conﬁciendumque
3310 3739 3417 3798 est,

1825 3826 2148 3899 priusquam
2175 3839 2238 3878 ea
2273 3823 2327 3877 in
2363 3837 2503 3895 opus
2537 3820 2761 3892 aliquod
2794 3831 3017 3890 exeant.

1897 3920 1985 3974 it.
2018 3917 2295 3986 Animabit
2318 3915 2527 3971 milites
2555 3928 2910 3986 magnopere,
2938 3915 2984 3968 si
3013 3913 3138 3968 belli
3170 3922 3418 3982 tempore

1826 4016 1915 4071 hic
1957 4028 2148 4068 rumor
2182 4009 2493 4076 diil'cratur,
2530 4011 2719 4068 hostes
2755 4010 2808 4072 in
2843 4010 2965 4066 aliis
3000 4010 3158 4066 lociis
3194 4026 3223 4064 a
3259 4012 3420 4066 nobis

1823 4107 2001 4161 victos
2036 4119 2158 4160 esse
2195 4123 2209 4159 :
2245 4103 2318 4157 ita
2355 4102 2500 4158 enim
2543 4103 2632 4158 ﬁet
2673 4113 2732 4161 ut
2774 4102 2978 4157 timidzc
3013 4111 3226 4157 mentes
3262 4101 3416 4155 exei-

1824 4205 2032 4261 tentur,
2072 4206 2126 4249 ct
2173 4193 2343 4249 fortes
2392 4193 2568 4264 magis
2609 4205 2972 4248 cxacuantur.
3014 4189 3225 4245 Bonum
3271 4192 3417 4244 enim

1825 4305 1984 4343 omen
2019 4297 2104 4344 est
2133 4287 2378 4343 victoriae
2407 4298 2627 4349 norucn,
2655 4293 2708 4338 ct
2742 4283 3060 4338 felicitatem
3092 4280 3214 4352 ejus
3248 4296 3277 4333 a
3309 4281 3419 4336 Deo

1825 4380 2094 4451 capimus.
2573 4362 2575 4364 ﬁ

213 4469 296 4526 ιε’.
333 4471 662 4541 Ἀπατήσεις
695 4470 896 4540 μᾶλλον
943 4468 1071 4531 τοὺς
1116 4464 1436 4535 πολεμίους,
1484 4465 1581 4519 ἐὰν
1631 4465 1720 4519 διά

1898 4472 1984 4526 15.
2029 4467 2229 4524 Hostes
2273 4467 2538 4541 decipies,
2581 4465 2625 4522 si
2675 4479 2771 4536 per
2810 4462 3073 4536 profugos
3115 4470 3240 4515 tuos
3280 4476 3434 4541 (ξοη-Δ

137 4563 474 4636 προσφύγων
500 4565 608 4616 ἀπὸ
637 4563 732 4616 σοῦ
764 4562 900 4632 πρὸς
939 4560 1138 4620 αὐτοὺς
1203 4557 1420 4611 ἐναντία
1474 4559 1723 4630 φημίσῃς

139 4647 218 4707 ὧν
245 4656 312 4706 σὺ
353 4654 580 4725 βουλεύῃ
602 4652 827 4720 ποιῆσαι
858 4649 1004 4704 κατά
1055 4649 1168 4700 τῶν
1216 4647 1430 4719 ἐχθρῶν
1460 4664 1476 4681 ο
1530 4650 1564 4720 ἢ
1613 4651 1724 4720 γὰρ

140 4745 552 4814 ἀπιστήσαντες
583 4744 978 4815 ἀμελήσουσιν,
1007 4739 1040 4810 ἢ
1074 4738 1466 4803 πιστεύσαντες
1495 4740 1725 4811 ἀστοχή-

140 4851 347 4887 σουσιν.
385 4835 494 4888 Καὶ
527 4835 596 4888 τά
623 4834 722 4904 μὲν
765 4832 834 4886 σὰ
890 4829 1234 4901 βουλεύματα
1280 4830 1719 4902 τελεσθήσονται,

139 4925 206 4976 τά
232 4925 288 4978 δὲ
313 4924 536 4978 ἐκείνων
567 4925 828 4994 ἄπρακτα
849 4921 1239 4996 ἀποϐήσονται.

214 5011 310 5079 ις’.
338 5014 413 5067 Τὸ
463 5012 732 5085 κρύπτειν
788 5014 859 5068 τά
897 5013 1354 5086 ἀπαγγελλόμενα
1389 5015 1731 5087 ἀτυχήματα

137 5105 239 5158 ὅσα
270 5105 594 5175 συμϐαίνειν
620 5105 833 5173 εἴωθεν,
866 5106 943 5171 ὡς
979 5107 1147 5172 είκδς,
1183 5108 1242 5161 ὲν
1262 5107 1459 5178 πλήθει
1484 5105 1720 5177 στρατοῦ

137 5199 235 5252 καὶ
274 5198 341 5251 τά
377 5200 598 5252 ἐναντία
632 5199 742 5253 τῶν
776 5199 998 5270 ἀληθῶν
1030 5201 1209 5254 ποιεῖν
1247 5199 1715 5269 ἀπαγγέλλεσθαι,

139 5291 508 5373 στρατήγημά
532 5293 684 5367 ἐστιν¹
699 5292 891 5364 ἀνδρὸς
906 5292 1197 5363 ἔμφρονος,
1229 5293 1325 5346 καὶ
1347 5293 1571 5364 ἀνιστᾷν
1595 5309 1722 5363 φρο-

137 5379 358 5453 νήματα
391 5384 740 5456 στρατιωτῶν
771 5385 1184 5440 καταπίπτοντα
1211 5385 1534 5455 δυναμένου.

212 5475 313 5541 ιζ’.
344 5477 564 5550 Ῥώμην
593 5478 835 5550 ἐντίθησι
867 5479 1176 5552 στρατηγὸς
1211 5478 1504 5551 ἡττηθέντι
1556 5484 1744 5550 στραο·’

1828 4561 1997 4616 traria
2042 4560 2109 4615 iis
2154 4575 2276 4631 quae
2323 4559 2572 4614 faeturus
2617 4574 2702 4623 es,
2747 4564 2841 4610 aut
2892 4554 3166 4610 deliberas
3212 4555 3414 4617 facere,

1828 4650 2143 4721 narraveris
2183 4667 2195 4703 :
2234 4651 2278 4705 si
2323 4650 2471 4704 enim
2518 4663 2626 4704 non
2670 4643 2921 4712 credant,
2963 4645 3239 4715 negligent
3277 4660 3290 4694 :
3329 4642 3414 4698 sin

1827 4744 2090 4809 credant,
2126 4744 2194 4798 ab
2226 4758 2293 4799 eo
2327 4750 2509 4796 tamen
2545 4741 2692 4813 quod
2729 4749 2786 4795 tu
2822 4738 3152 4811 preposnisti
3188 4736 3415 4791 aberra-

1825 4837 1984 4903 buut,
2014 4845 2069 4892 et
2098 4834 2331 4890 consilia
2360 4849 2482 4904 qua:
2511 4842 2568 4887 tu
2601 4832 2916 4904 susceperis
2947 4827 3254 4900 proﬁcient,
3290 4828 3414 4883 illo-

1822 4945 1947 4985 rum
1980 4939 2163 4984 autem
2193 4935 2428 4982 conatus
2459 4925 2607 4981 irriti
2637 4936 2824 4981 erunt.
3425 4991 3428 4996 _

1896 5020 1980 5074 16.
2015 5018 2343 5086 lniortunia,
2370 5026 2428 5073 et
2457 5019 2503 5074 si
2533 5033 2655 5088 qute
2683 5017 2790 5071 alia
2825 5011 3142 5084 huiusmodi
3169 5011 3225 5066 in
3257 5025 3416 5065 excr-

1821 5112 1932 5167 citu
1982 5109 2264 5175 accidunt,
2312 5111 2625 5173 occultare,
2664 5116 2720 5162 et
2765 5119 2888 5175 qua:
2935 5103 3081 5158 veris
3130 5101 3412 5156 contraria

1821 5211 1951 5260 sunt
2001 5202 2270 5256 militibus
2319 5201 2642 5271 divulgare,
2694 5195 2914 5252 consilii
2971 5192 3309 5266 imperatorii
3361 5200 3414 5246 et

1826 5293 2116 5365 prudentis
2142 5293 2248 5348 viri
2275 5301 2381 5358 est,
2412 5291 2508 5363 qui
2537 5290 2782 5362 deiectos
2813 5287 3050 5344 militum
3082 5287 3297 5342 animos
3323 5300 3414 5340 su-

1831 5387 2049 5442 blevare
2079 5384 2276 5456 possit.

1901 5478 1989 5532 17.
2029 5475 2309 5534 Exercitui
2335 5476 2448 5549 jam
2475 5485 2742 5549 superato
2767 5475 2936 5535 robur
2962 5473 3157 5533 all'erre
3180 5472 3429 5547 poteris,

1657 5654 1890 5714 NOTAE.

209 5755 324 5826 (l9)
356 5754 738 5828 Paragraphus
770 5755 1130 5812 duodecimus
1184 5756 1237 5811 in
1264 5754 1456 5812 codice
1483 5754 1856 5813 Laurentiano
1886 5756 2057 5812 anteit
2087 5755 2461 5813 undecimum.
