3964 6206
136 255 256 334 1021

1248 261 1580 323 TACTICA.
1606 285 1674 300 -·-
1697 259 2200 323 CONST‘ITUTIO
2231 263 2359 322 XX.

3245 262 3382 330 1022

195 366 294 434 κζ’.
332 364 470 420 Ἰσθι
496 364 616 419 λίαν
643 366 885 435 ἀσφαλὲς
920 366 1013 426 καὶ
1043 366 1101 427 ἐν
1147 367 1326 440 καιρῷ
1355 368 1497 439 τάχα
1519 367 1699 437 φιλίας
1726 379 1746 436 1

1872 369 1963 424 27.
1998 368 2194 425 Castra
2235 367 2453 424 munire
2493 381 2711 438 semper
2749 377 2926 424 tutum
2953 377 3059 441 est,
3087 381 3141 430 et
3186 378 3383 432 amici-

131 461 251 514 ἔνθα
277 458 342 514 ἂν
375 458 624 531 ὑπάρχεις
672 456 898 528 πλησίον
953 457 1224 528 πολεμίων
1264 460 1704 531 στρατοπεδεύων

1857 477 1901 516 ae
1953 462 2214 531 pacisque
2266 470 2535 532 tempore.
2597 461 2655 515 Si
2709 458 2876 532 prope
2933 463 3122 522 hostes
3192 467 3384 534 fueris,

133 548 469 619 περιϐάλλειν
498 546 771 615 φοσσάτον
827 546 895 600 δι’
932 549 1267 619 ὀρύγματος,
1320 551 1354 618 ἢ
1403 550 1704 619 κτίσματος

133 642 292 704 λίθου,
330 641 362 711 ἢ
395 637 642 704 πλίνθου,
699 637 979 710 ἣχάρακα
1037 640 1126 694 διὰ
1153 639 1349 706 ξύλων,
1394 642 1488 696 καὶ
1533 641 1708 704 οὕτως

138 733 285 806 πέριξ
315 731 708 804 ὀχυροποιῆσαι
727 731 818 783 τὸν
848 734 1098 800 στρατόν.
1134 732 1263 787 Ἐὰν
1295 733 1405 804 γάρ
1434 750 1487 786 τι
1521 735 1706 804 συμὸῇ

137 827 238 880 τῶν
263 827 541 890 ἐναντίων,
571 827 668 880 καὶ
696 825 884 897 λέγῃς.
933 827 1014 884 ὅτι
1071 827 1242 883 Τοῦτο
1285 826 1385 882 οὐκ
1425 827 1708 894 ὑπενόουν,

138 919 230 972 οὑκ
260 917 374 973 ἐστι
404 918 793 988 στρατηγικὸν.

207 1009 312 1082 κη’.
341 1007 685 1084 Ὀτανλβεοῦ
716 1008 950 1074 διδόντος
986 1009 1143 1074 πόλις
1171 1009 1326 1080 παρὰ
1353 1008 1449 1064 σοῦ
1480 1009 1588 1068 τῶν
1615 1027 1714 1063 που

144 1097 338 1170 λεμίων
380 1100 686 1164 ἁλίσκεται,
745 1098 1061 1168 ἀνοίγεσθαι
1104 1099 1379 1172 συγχὼρει
1405 1100 1507 1164 τὰς
1540 1099 1716 1163 πύλας

147 1191 277 1250 ὥστε
307 1192 529 1264 φεύγειν
571 1191 700 1258 τοὺς
753 1191 984 1255 πολλοὺς
1006 1191 1100 1246 καὶ
1147 1191 1223 1263 μὴ
1254 1194 1453 1262 χωρεῖν
1477 1193 1556 1254 είς
1577 1191 1717 1245 ἀπόσ-

149 1302 362 1361 γνωσιν.
390 1286 464 1338 Τὸ
490 1285 623 1340 αὑτδ
673 1284 730 1339 δὲ
795 1285 891 1348 καὶ
923 1285 1193 1354 φοσσάτου
1224 1284 1582 1355 ἁλισκομένου
1607 1283 1719 1337 τῶν

150 1377 352 1448 ἐχθρῶν
386 1377 536 1447 παρὰ
563 1375 655 1430 σοῦ
686 1377 954 1447 ποιήσειςο
973 1377 1246 1445 ἀναγκαῖα
1261 1375 1369 1446 γὰρ
1385 1371 1523 1428 εἶναι
1541 1373 1716 1428 ταῦτα

152 1468 242 1524 καὶ
269 1467 649 1538 ἀκινδυνότερα
689 1467 823 1538 πρὸς
851 1466 952 1538 τὴν
996 1467 1106 1521 τῶν
1149 1466 1520 1538 ἁλισκομένων
1550 1481 1720 1519 κατα-

153 1559 430 1630 κράτησιν.

219 1648 318 1706 κθ’.
373 1649 670 1720 ’Υφόρασιν
721 1649 1014 1721 προδοσίας
1065 1649 1163 1706 καὶ
1218 1651 1476 1705 ὑπόνοιαν
1526 1647 1718 1711 δώσεις

1813 552 2080 608 fossatum
2135 552 2538 607 circumducito
2608 553 2692 606 vel
2745 568 2808 606 ex
2852 554 3128 625 lapidibus
3177 559 3259 612 vel
3321 577 3387 615 ex

1811 643 2078 699 lateribus
2097 643 2596 707 circumvallatum,
2637 651 2690 697 et
2721 643 2796 696 ita
2829 653 3013 699 castra
3051 658 3141 700 tua
3189 648 3240 701 in
3272 659 3388 704 tuto

1813 750 2008 806 ponas.
2049 734 2107 789 Si
2147 735 2293 791 enim
2342 734 2547 804 aliquid
2592 735 2884 789 adversum
2937 737 3239 806 contingat,
3286 741 3392 792 mi-

1814 843 1921 882 nus
1943 827 2358 898 imperatori-um
2382 827 2487 882 erit
2519 827 2707 882 dicere
2743 828 3060 898 aliquando,
3090 829 3208 882 Non
3239 841 3395 900 puta-

1816 934 1958 973 ram.

1886 1009 1978 1064 28.
2011 1008 2246 1076 Quando
2275 1010 2397 1066 sine
2419 1009 2696 1066 deditione
2723 1010 2964 1067 hostium
2989 1011 3184 1068 civitas
3215 1013 3396 1083 aliqua

1819 1111 1914 1155 aut
1945 1103 2178 1156 munitio
2212 1103 2490 1172 capiatur,
2512 1102 2647 1172 jnbe
2685 1101 2887 1173 aperiri
2921 1115 3108 1173 portas
3149 1112 3209 1158 ut
3238 1105 3395 1159 multi

1820 1195 2124 1266 aufugiam,
2167 1207 2220 1249 et
2263 1209 2375 1249 non
2423 1196 2479 1249 in
2529 1212 2797 1252 summam
2838 1199 3005 1253 animi
3054 1203 3398 1270 desperatio~

1822 1301 1944 1340 nem
1964 1287 2185 1341 cadant.
2222 1289 2338 1341 Hoc
2372 1287 2515 1342 idem
2554 1287 2760 1343 fossato
2794 1291 3033 1345 hostium
3071 1301 3232 1362 capto
3264 1309 3400 1364 prte-

1821 1379 2019 1434 stabis.
2060 1379 2446 1435 Necessarium
2495 1390 2675 1435 autem
2710 1381 2812 1436 hoc
2852 1394 2933 1438 est
2960 1393 3014 1438 et
3041 1400 3294 1440 securum
3344 1385 3400 1439 in

1821 1471 2017 1540 primis
2047 1472 2112 1526 ad
2142 1472 2393 1542 captivos
2415 1473 2760 1530 retinendos.

1895 1646 1985 1706 29.
2020 1646 2409 1720 Suspicionem
2456 1649 2788 1720 proditionis
2826 1659 2880 1705 et
2934 1652 3250 1722 opinionem
3311 1655 3399 1710 fal-

154 1745 260 1808 τοῖς
309 1719 590 1813 πολεμίοις
652 1719 796 1797 κατα
841 1741 950 1796 τῶν
993 1742 1450 1813 προσφευγόντων
1481 1740 1588 1794 ἀπὸ
1630 1737 1726 1798 σοῧ

1861 1741 2014 1797 ltatis
2053 1719 2267 1812 injicies
2305 1719 2558 1798 hosﬁbus
2609 1742 2678 1796 de
2715 1742 2805 1806 iis,
2840 1745 2932 1814 qui
2972 1719 3078 1800 abs
3111 1757 3162 1800 te
3217 1747 3281 1801 ad
3313 1764 3408 1804 eos

161 1835 288 1906 πρὸς
307 1834 526 1902 αὐτοὺς,
555 1835 696 1890 ὥστε
730 1835 915 1898 αὑτοῖς
939 1835 972 1906 ἢ
1000 1835 1272 1898 ἀπιστεῖν,
1306 1834 1340 1905 ἢ
1366 1831 1729 1898 ἀποκτείνειν,

160 1925 248 1978 ὲὰν
277 1923 581 1994 γράμματα
615 1924 844 1999 πέμπῃς
868 1925 964 1978 καὶ
1000 1924 1076 1988 ὡς
1103 1923 1264 1996 δῆθεν
1283 1925 1590 1978 ἐκπεσόντα
1619 1923 1730 1978 τῶν

158 2013 576 2086 διακομιζόντων
601 2018 716 2080 τοῖς
750 2015 1032 2085 πολεμίοις
1061 2015 1497 2087 ἐγχειρισθῶσιν.
1546 2015 1638 2068 Ἐν
1652 2008 1734 2076 οἷς

161 2107 230 2170 ὡς
261 2107 318 2158 ὲν
344 2105 495 2175 τάξει
525 2106 966 2178 ὑπομιμνήσκεις
1005 2110 1118 2170 τοῖς
1156 2105 1496 2178 προσφύγοις
1539 2105 1734 2174 καιροῦ

161 2198 444 2271 προδοσίας
474 2199 887 2269 συντεθειμένου
937 2199 1034 2252 καὶ
1074 2198 1414 2270 πραγμάτων
1440 2196 1603 2250 τινῶν
1643 2215 1734 2251 πιη

161 2290 352 2347 θανῶν.
394 2291 679 2350 Ἐντεῦθεν
721 2291 895 2364 γὰρῆ
941 2289 1440 2362 κατασχεθησονται
1484 2291 1534 2347 σί
1563 2306 1736 2359 προσ-

161 2383 441 2456 φυγόντες,
496 2382 530 2454 ἢ
565 2382 1054 2453 ἁπιστηθήσονται,
1087 2383 1181 2435 καὶ
1211 2380 1536 2453 φοϐηθέντες
1577 2379 1738 2434 πάλιν

75 2477 77 2479 ’
160 2473 555 2545 ὑποστρέφουσι
586 2473 722 2544 πρὸς
752 2472 818 2526 τὰ
855 2473 982 2527 ίδια.

228 2564 290 2628 λ’.
325 2565 433 2618 Καὶ
481 2563 688 2634 ἑτέρως
735 2564 794 2618 δὲ
840 2564 940 2635 τὴν
982 2562 1092 2620 τῶν
1130 2561 1321 2618 δειλῶν
1359 2561 1631 2634 διάκρισιν
1680 2560 1739 2614 ὲν

163 2661 270 2722 τοῖς
301 2656 622 2726 ἀναγκαίοις
646 2655 740 2711 καὶ
768 2656 1056 2726 αίιρνιδίοις
1072 2655 1296 2726 ἑγχειρή
1308 2670 1440 2724 μασι
1465 2654 1737 2722 ποιήσεις,

169 2751 261 2810 ἐὰν
281 2751 407 2815 τοὺς
423 2748 742 2822 ἀρρώστους
762 2748 798 2818 ἢ
825 2748 953 2811 τοὺς
982 2746 1354 2818 κεκτημένους
1388 2745 1588 2806 ἵππους
1609 2744 1741 2797 ἀδυ-

169 2841 360 2905 νάτους
419 2839 743 2912 προστάξεις
781 2838 1112 2911 χωρίζεσθαι
1163 2837 1337 2900 ἰδίως·
1368 2838 1419 2889 οἱ
1443 2835 1550 2907 γὰρ
1579 2834 1744 2888 δειλοὶ

168 2931 538 3006 ἢὰρρωστίαν
602 2928 1086 3001 προσποιούμενοι,
1117 2928 1151 2999 ἢ
1179 2929 1289 2980 τῶν
1347 2928 1530 2980 ἵππων
1578 2925 1745 2979 ἀσθέ-

169 3037 334 3088 νειαν,
395 3021 596 3085 εὐθέως
656 3019 1090 3092 χωρισθήσονται
1145 3017 1256 3073 τῶν
1305 3015 1620 3085 ἀναγκαίων
1646 3014 1741 3067 τοῦ

170 3110 403 3183 πολέμου
425 3111 814 3182 ἐγχειρήσεων.
842 3111 983 3174 Τοὺς
1005 3110 1064 3164 δὲ
1088 3107 1364 3171 τοιούτους
1387 3108 1421 3178 ἦ
1454 3109 1534 3170 εἰς
1561 3123 1746 3177 παρα-

171 3202 416 3274 φυλακὴν
447 3201 705 3271 κάστρου,
738 3201 814 3265 ὡς
869 3202 983 3256 ἄνω
1025 3217 1129 3255 που
1178 3201 1392 3272 εἴρηται
1433 3199 1588 3271 ήμῖν,
1612 3197 1644 3269 ἢ
1668 3197 1749 3262 είς

171 3291 342 3348 ἄλλων
369 3290 764 3363 ὀχυρωμάτων,
790 3289 824 3360 ἢ
851 3291 933 3354 είς
979 3290 1172 3360 ἐτέρας
1201 3289 1518 3352 ἀκινδύνους
1559 3288 1750 3359 χρείας

171 3383 425 3448 διατάξας
454 3381 784 3452 ἐκπέμψεις,
823 3381 913 3435 ἵνα
947 3382 1022 3452 μὴ
1048 3384 1112 3451 τῇ
1168 3379 1340 3450 δειλίᾳ
1369 3381 1464 3432 καὶ
1500 3381 1625 3440 τοὺς
1657 3380 1752 3432 ἀν-

171 3475 382 3546 δρείους
419 3472 744 3545 μολύνωσιν.
792 3473 858 3526 Εί
890 3471 948 3525 δὲ
995 3472 1094 3542 τῆς
1134 3471 1498 3542 παρατάξεως
1533 3469 1755 3540 ἱσταμέ-

172 3583 273 3639 νης
325 3567 461 3638 πρὸς
509 3565 693 3636 μάχην
723 3563 986 3636 παραυτὰ
1017 3563 1295 3634 κηρύξεις,
1329 3562 1392 3616 '0
1425 3561 1748 3633 βουλόμενος

172 3654 570 3727 πρωτοστάτης
618 3652 995 3724 ὑποχωρείτω,
1051 3655 1147 3709 καὶ
1203 3653 1232 3706 ό
1273 3653 1594 3723 βουλόμενος
1631 3649 1748 3704 ἀντ’

176 3747 390 3801 ἐκείνου
410 3745 616 3814 εἰσίτω,
667 3745 731 3798 οὐ
780 3743 941 3815 μόνον
969 3745 1096 3807 τοὺς
1127 3743 1334 3807 δειλοὺς
1362 3742 1485 3796 τότε
1513 3741 1750 3813 νοήσεις,

176 3837 315 3893 ἀλλὰ
346 3838 442 3891 καὶ
469 3835 901 3906 τοὺς⁹ἁνδρείους
920 3835 1226 3908 ἀναμάθῃς.
1242 3837 1307 3888 Οί
1333 3834 1432 3906 μὲν
1457 3834 1566 3904 γὰρ
1597 3833 1762 3888 δειλοὶ

183 3928 282 3982 καὶ
305 3927 370 3982 τὸ
399 3927 588 4001 ἄρχειν
639 3926 1012 3998 προδώσουσιν
1033 3927 1174 3997 ὑπὲρ
1189 3927 1282 3981 τοῦ
1311 3925 1388 3997 μὴ
1409 3924 1767 3987 κινδυνεύειν,

184 4018 237 4072 oi
267 4018 324 4072 δὲ
347 4019 582 4090 ἀνδρεῖοι
613 4019 753 4090 μετὰ
780 4017 876 4072 τοῦ
901 4019 1092 4090 ἄρχειν
1122 4019 1218 4074 καὶ
1245 4017 1307 4071 τδ
1335 4014 1765 4086 συγκινδυνεύειν

182 4111 316 4182 αίθρή
324 4128 530 4168 σονται.

250 4200 355 4258 λα’.
395 4201 612 4272 Ἀκμὴν
651 4203 844 4274 καιροῦ
872 4205 1155 4277 ἐπιτηρεῖν
1183 4221 1243 4258 σε
1285 4202 1425 4267 δέον,
1451 4200 1528 4274 μὴ
1557 4198 1768 4271 παρού-

187 4309 293 4363 σης
325 4291 600 4364 ἀνάγκης,
629 4294 730 4348 καὶΙ
753 4292 927 4361 οὕτως
956 4293 1340 4366 ἐκστρατεύειν
1368 4293 1509 4348 κατὰ
1540 4291 1649 4344 τῶν
1679 4305 1773 4344 που

1833 1834 2220 1905 profugerunt,
2259 1843 2318 1888 ut
2350 1834 2460 1890 illis
2503 1834 2588 1889 vel
2631 1833 2897 1902 diﬂidant,
2936 1836 3018 1891 vel
3051 1837 3408 1903 interficiant,

1831 1926 1877 1982 si
1909 1927 2121 1981 litteras
2152 1925 2219 1980 ad
2259 1941 2357 1982 eos
2393 1925 2634 1991 miseris,
2664 1936 2724 1981 ut
2750 1928 2936 1982 statim
2971 1938 3097 1998 post
3132 1929 3234 1983 has
3260 1931 3410 1984 litte-

1833 2031 1925 2072 ras
1965 2017 2206 2087 perlatas
2240 2017 2429 2076 hostes
2484 2018 2766 2084 invadant,
2802 2027 2856 2074 et
2896 2020 3224 2090 proditionis
3273 2033 3411 2077 tem-

1836 2123 1938 2178 pus
1968 2107 2112 2162 inter
2142 2117 2193 2163 te
2213 2117 2266 2162 et
2297 2107 2565 2180 profugos
2600 2118 2907 2179 caeteraque
2937 2112 3240 2180 probabilia
3281 2128 3412 2166 con-

1835 2197 2028 2253 stituta
2083 2197 2396 2253 videantur.
2448 2198 2562 2253 llnc
2619 2207 2782 2271 pacto
2841 2200 2948 2265 fiet,
2989 2203 3127 2255 utin
3159 2204 3414 2258 custodia

1835 2296 2133 2344 teneantur
2167 2289 2409 2361 profugi,
2451 2290 2537 2345 vel
2572 2301 2629 2344 ut
2666 2289 2798 2346 ﬁdes
2839 2290 2948 2346 illis
2979 2308 3090 2346 non
3123 2292 3412 2358 habeatur,

1835 2379 1922 2434 vel
1954 2387 2011 2433 ut
2039 2380 2106 2435 ad
2135 2389 2188 2435 te
2215 2382 2412 2435 itermn
2445 2380 2698 2437 redeant.

1914 2558 2002 2614 '50.
2048 2557 2428 2615 Timiditatem
2477 2561 2713 2614 militum
2744 2568 2966 2616 tuorum
3008 2561 3191 2632 aliqua
3225 2578 3418 2618 neces-

1841 2651 1991 2706 saria
2020 2659 2074 2706 et
2111 2666 2213 2707 nec
2253 2652 2476 2722 opinata
2506 2653 2830 2708 incursione
2872 2653 2976 2708 hoc
3023 2654 3187 2708 modo
3229 2657 3422 2725 explo-

1842 2740 2014 2807 rabis,
2042 2741 2088 2797 si
2119 2742 2367 2796 infirmos
2407 2749 2461 2796 et
2485 2755 2582 2798 eos
2628 2741 2723 2813 qui
2773 2739 2982 2797 debiles
3011 2757 3184 2814 equos
3221 2744 3422 2798 habent

1839 2831 2064 2902 iubebis
2102 2833 2171 2888 ab
2201 2832 2326 2889 aliis
2357 2833 2604 2904 separari
2637 2851 2653 2888 :
2694 2833 2873 2889 timidi
2905 2835 3050 2889 enim
3082 2837 3168 2891 vel
3209 2836 3425 2892 valetu-

1844 2920 2052 2988 dinem,
2099 2924 2186 2979 vel
2232 2937 2502 2993 equorum
2558 2925 2991 2979 imbecillitatem
3041 2926 3424 2992 simulabunt,

1793 3057 1812 3088 ,
1847 3023 2014 3084 atque
2042 3015 2180 3069 adeo
2206 3013 2278 3068 ab
2299 3015 2400 3068 hac
2431 3014 2628 3069 bellica
2653 3013 2970 3070 incursione
3000 3018 3426 3086 separabuntur.

1849 3104 2012 3162 Tales
2049 3105 2134 3161 vel
2183 3105 2252 3161 ad
2297 3106 2532 3174 castelli,
2569 3105 2655 3162 vel
2717 3105 2785 3161 ad
2820 3106 3046 3162 alterius
3102 3109 3431 3163 munitionis

1850 3195 2182 3265 custodiam,
2233 3195 2320 3253 vel
2358 3196 2425 3252 ad
2449 3196 2591 3251 alios
2630 3211 2766 3251 usus
2814 3211 3042 3252 securos
3093 3197 3332 3264 emittes,
3371 3207 3431 3252 ut

1853 3303 1920 3343 ne
1946 3288 2162 3358 ignavia
2225 3303 2326 3343 sua
2389 3289 2557 3342 etiam
2601 3286 2946 3342 strenuiores
2982 3288 3183 3344 milites
3222 3290 3432 3345 labefa-

1853 3387 2027 3435 ctent.
2073 3380 2174 3434 Sin
2203 3381 2324 3433 acie
2352 3378 2465 3447 jam
2500 3377 2776 3433 instructa
2815 3378 2881 3434 ad
2910 3380 3160 3450 praelium
3203 3381 3432 3436 manda-

1854 3467 2022 3531 veris,
2057 3473 2117 3520 ut
2162 3466 2258 3536 qui
2298 3474 2523 3536 praestes
2556 3466 2841 3524 discedere
2887 3469 3002 3524 vult
3060 3468 3330 3536 discedat,
3377 3482 3432 3528 et

1855 3557 1950 3630 qui
1990 3556 2110 3612 vult
2141 3558 2197 3612 in
2261 3558 2411 3612 illius
2457 3559 2640 3614 locum
2682 3560 3054 3631 ingrediatur,
3098 3578 3208 3617 non
3272 3562 3434 3618 modo

1858 3650 2086 3706 timidos
2147 3651 2350 3706 milites
2388 3666 2710 3723 cognosces,
2744 3651 2840 3708 sed
2891 3654 3056 3708 etiam
3091 3651 3262 3708 fortes
3293 3666 3436 3710 stre-

1859 3755 2112 3812 nuosque
2143 3743 2306 3798 scies.
2327 3741 2526 3798 Timidi
2559 3743 2705 3798 enim
2730 3743 2888 3798 initio
2915 3744 3146 3812 prodent
3168 3759 3227 3798 se
3253 3744 3434 3814 prius-

1861 3850 2024 3907 quam
2062 3835 2268 3891 bel’lum
2303 3835 2551 3906 incipiat,
2604 3835 2776 3891 fortes
2829 3845 3010 3891 autem
3072 3844 3199 3908 post
3234 3837 3438 3894 bellum

1863 3928 2167 3998 inemptum
2203 3928 2370 3984 simul
2407 3928 2712 3998 periclitari
2748 3929 2993 4000 cupient.
3473 3924 3499 3939 ”

1938 4194 2029 4251 51.
2064 4191 2358 4265 Temporis
2407 4190 2813 4262 opportunitas,
2850 4190 2961 4244 nisi
3001 4190 3164 4244 aliter
3193 4190 3440 4245 necessi-

1871 4296 1956 4343 tas
2006 4294 2217 4356 urgeat,
2263 4285 2367 4339 abs
2422 4291 2478 4338 te
2527 4281 2900 4336 conservanda
2953 4289 3058 4343 est,
3105 4290 3268 4350 atque
3307 4280 3446 4334 adeo

185 4384 418 4457 λεμίων,
445 4385 533 4444 ἶνα
557 4385 655 4442 καὶ
693 4385 759 4438 σὺ
789 4387 915 4460 περὶ
947 4387 1047 4459 τὴν
1085 4386 1328 4453 δαπάνην
1361 4381 1436 4453 μὴ
1467 4379 1744 4435 στενοῦσαι

1874 4378 2064 4433 hostes
2109 4373 2360 4438 invadas,
2393 4382 2452 4428 ut
2494 4385 2673 4441 neque
2711 4368 2790 4423 tui
2831 4377 3140 4423 commeatu
3181 4369 3446 4424 defician-

190 4478 292 4532 καὶ
319 4479 370 4534 οἱ
403 4479 652 4551 πολέμιοι
708 4479 876 4534 πλέον
928 4477 1226 4532 λυποῦνται
1254 4474 1364 4528 τῶν
1392 4473 1655 4545 καμάτων
1681 4473 1774 4525 a6-

185 4571 302 4626 τῶν
331 4571 687 4644 ληϊζομένων.

266 4662 367 4732 λβ’.
409 4663 594 4718 Ἱκανά
640 4681 701 4719 σε
748 4663 855 4735 χρὴ
918 4661 1165 4732 φυλακὴν
1218 4656 1616 4728 περιποιεῖσθαι
1674 4657 1772 4712 καὶ

194 4753 338 4823 μετὰ
365 4754 464 4824 τὴν
489 4757 598 4809 τῶν
633 4755 908 4825 πολεμίων
956 4771 1051 4806 σου
1089 4752 1266 4824 νίκην,
1308 4752 1401 4805 καὶ
1446 4751 1521 4822 μὴ
1550 4749 1770 4822 ἀμελῶς

188 4843 525 4915 ἔχεινάλλὰ
566 4846 935 4918 φυλάττεσθαι
975 4844 1077 4910 τὰς
1127 4845 1426 4915 αἰφνιδίους
1456 4843 1771 4904 ἔπελεύσεις

189 4934 307 4988 τῶν
332 4934 709 5006 ἡττηθέντωνο
743 4936 806 4990 οὑ
857 4937 967 5008 γὰρ
1019 4939 1218 5008 ἠρεμεῖ
1244 4937 1305 4991 τὸ
1337 4935 1629 4992 ἀντίπαλον
1658 4932 1767 4998 ἀεὶ,

192 5025 339 5079 ἀλλὰ
377 5028 479 5097 τὴν
531 5026 743 5081 οἰκείαν
801 5023 976 5100 ἧτταν
1027 5029 1286 5092 πολλάκις
1313 5023 1772 5099 ἀναμαχήσασθαι

193 5118 614 5190 προθυμότερον
642 5120 871 5187 γίνεται.

273 5207 377 5276 λγ’.
413 5209 534 5265 Τῶν
565 5213 825 5266 ἐναντίων
877 5213 1005 5275 τοὺς
1048 5211 1395 5283 πρεσϐευτὰς
1441 5208 1683 5281 ὑϐρίζειν
1715 5212 1776 5264 οὑ

193 5301 429 5367 δίκαιον,
465 5303 573 5356 οὐδ’
609 5303 677 5357 ἂν
701 5303 835 5360 πολὺ
870 5305 1192 5377 προέχωμιν
1215 5307 1281 5376 τῇ
1313 5304 1562 5374 δυνάμει.
1593 5303 1782 5366 Φιλίας

193 5392 314 5464 γὰρ
343 5393 530 5466 τρόπῳ
578 5396 998 5465 παραγίνονται,
1065 5400 1162 5455 καὶ
1184 5398 1328 5468 λόγῳ
1387 5399 1644 5467 ἀτρέπτῳ
1677 5395 1794 5449 ὑπὸ-

193 5483 306 5546 τὰς
363 5485 554 5555 χεῖρας
610 5486 837 5551 ἑαυτοὺς
891 5488 992 5552 τὰς
1048 5489 1148 5551 σὰς
1183 5487 1691 5552 καταπιστεύουσιν,
1733 5487 1784 5539 εἰ

198 5572 304 5624 καὶ
332 5573 484 5643 παρὰ
528 5574 801 5646 πολεμίων
881 5577 1325 5632 ἀποστέλλονται.
1384 5576 1467 5630 Τὰ
1533 5571 1628 5631 οὖν
1661 5576 1782 5630 ὅσια

199 5662 304 5716 ἰπὶ
365 5663 579 5736 ἑκάστῳ
628 5667 725 5721 καὶ
767 5668 1043 5739 πρέποντα
1080 5669 1555 5739 παραφυλακτέον.
1599 5667 1656 5720 Ei
1707 5667 1782 5736 μὴ

1873 4477 1985 4534 tur,
2018 4472 2074 4521 et
2099 4464 2290 4520 hostes
2309 4463 2490 4535 magis
2513 4469 2784 4518 vexentur
2803 4459 2952 4514 omni
2983 4459 3189 4525 labore,
3213 4467 3266 4514 ct
3297 4461 3447 4530 agris

1867 4561 1984 4632 jam
2013 4553 2388 4628 depopulatis.

1942 4650 2036 4707 33.
2061 4648 2239 4704 Victis
2267 4647 2383 4718 jam
2436 4645 2693 4700 hostibus
2725 4643 2923 4699 idonea
2954 4641 3053 4699 abs
3105 4653 3156 4698 t‘e
3193 4641 3448 4698 custodia

1874 4744 1942 4800 ad
1973 4751 2100 4798 tuos
2123 4737 2496 4797 defendendos
2517 4737 2836 4793 collocanda
2869 4743 2956 4791 est
2982 4753 2996 4790 :
3021 4734 3275 4790 vitamdae
3299 4734 3456 4789 enim

1875 4831 2463 4893 subita-incursiones
2497 4830 2735 4886 hostium
2768 4838 2900 4883 sunt
2931 4845 2945 4882 :
2980 4842 3088 4880 non
3112 4825 3259 4880 enim
3296 4824 3450 4894 quie-

1874 4934 2040 4984 scunt
2071 4925 2263 4982 hostes
2293 4923 2409 4978 ullo
2454 4928 2729 4992 tempore,
2767 4917 2863 4972 sed
2899 4915 3026 4970 belli
3067 4912 3451 4975 oﬂ‘ensionem,

1875 5020 2226 5076 occasionem
2257 5017 2361 5075 sibi
2387 5015 2453 5070 ad
2485 5029 2574 5070 res
2604 5011 2804 5068 melius
2837 5017 2894 5066 et
2939 5008 3159 5063 cautius
3183 5005 3452 5078 gerendas

1879 5113 2182 5182 accipiunt.

1954 5205 2044 5260 55.
2081 5202 2331 5260 Hostium
2354 5200 2539 5273 legati,
2567 5196 2822 5270 quamvis
2854 5193 3232 5267 magnitudine
3265 5193 3453 5263 copia—

1883 5313 2004 5354 rum
2071 5295 2365 5351 admodum
2423 5295 2628 5359 valeas,
2679 5292 2780 5347 abs
2833 5298 2886 5345 te
2936 5288 3162 5344 minime
3216 5286 3454 5340 violandi

1882 5397 2051 5446 sunt:
2088 5387 2280 5443 sociali
2312 5387 2459 5442 enim
2491 5385 2653 5439 modo
2676 5384 2875 5440 adsunt
2899 5381 3019 5445 tibi,
3050 5389 3104 5434 et
3143 5393 3455 5448 quanquam

1883 5481 2225 5536 abhostibus
2259 5479 2572 5543 mittuntur,
2603 5477 2817 5546 seipsos
2849 5482 3029 5528 tamen
3055 5467 3461 5542 quodammodo

1885 5576 1942 5630 in
1985 5588 2185 5628 manus
2217 5583 2339 5628 tuas
2370 5570 2617 5626 tradunt.
2661 5568 2924 5622 Sanctum
2963 5574 3018 5620 et
3051 5565 3266 5636 justum
3311 5560 3458 5632 quod

1885 5671 1990 5730 est,
2016 5677 2144 5735 erga
2181 5678 2374 5719 omnes
2407 5661 2740 5719 servandum
2761 5667 2867 5716 est.
2896 5657 3045 5714 Alias
3081 5655 3226 5711 enim
3259 5653 3326 5710 de
3357 5667 3456 5709 sua
