3964 6206
201 366 356 433 1025
1248 379 1583 441 TACTICA.
1608 405 1678 417 --
1714 382 1779 442 C(

1894 383 2219 445 lTlTUTIO
2247 388 2374 450 XX.
3329 404 3464 469 1026

176 482 434 555 ἀληθινῷ
487 484 795 556 στρατιώτῃ
844 486 877 556 ἠ
926 487 1033 540 τῶν
1085 488 1265 544 ὅπλων
1306 492 1455 545 ἐστὶν
1489 494 1779 563 ἐπιμέλεια

1894 509 2037 563 :ura,
2068 507 2122 554 et
2153 502 2498 558 conservatio
2527 519 2539 554 :
2591 504 2799 574 reliqua
2834 511 3018 564 omnia
3059 526 3170 580 prae
3201 515 3303 572 hoc
3342 519 3462 588 ple-

180 574 286 627 καὶ
332 573 737 643 μεταχείρισις,
764 574 833 629 τὰ
873 574 930 628 δὲ
964 576 1099 631 ἄλλα
1127 582 1222 632 καὶ
1264 583 1377 645 τοῖς
1410 581 1649 652 χυδαίοις
1669 584 1776 637 τῶν

1894 583 2006 638 heia
2057 593 2111 641 et
2145 586 2390 658 vulgaria
2420 573 2787 648 existimanda
2830 605 2981 652 sunt.
3008 573 3281 671 Antiquos

178 663 363 732 ὄχλων
387 664 686 718 ἐπινοεῖται
739 665 1018 727 πολλάκις.
1058 670 1170 723 Καὶ
1207 671 1316 743 γὰρ
1347 674 1442 726 καὶ
1469 676 1579 738 τοῖς
1608 674 1774 730 πάλαι

1894 672 2166 734 Romanos
2196 695 2481 739 murorum
2514 684 2633 740 vice
2662 684 2890 752 fossam,
2909 697 2963 744 et
2982 704 3135 746 arma
3164 710 3465 765 usurpasse

190 751 494 823 Ῥωμαίοις
526 757 647 807 κατ’
677 755 852 827 ἀρχὰς
880 758 1000 812 ἀντὶ
1022 763 1219 830 τειχῶν
1246 766 1311 833 τῇ
1358 763 1545 837 Ῥώμῃ
1575 766 1779 836 φόσσαν

1894 768 2137 838 legimus.
2180 772 2250 849 Et
2298 773 2755 835 Lacedaemonius
2799 781 2955 838 miles
2992 784 3122 839 olim
3158 786 3463 859 interroga-

180 845 283 898 καλ⁸
304 843 377 897 τά
402 845 542 899 ὅπλα
570 848 937 918 χρηματίζειν
992 850 1232 920 λέγεται.
1274 855 1386 910 Καὶ
1428 857 1777 929 Λακεδαιμο-

181 937 318 991 νίων
352 939 481 991 ποτέ
512 939 849 1012 στρατιώτης
901 943 1277 1015 ἐρωτώμενος,
1326 947 1437 1001 Ποῦ
1461 949 1510 1001 οἱ
1540 950 1639 1019 τῆς
1666 951 1771 1021 γῆς

184 1026 347 1097 ὑμῶν
379 1029 515 1099 ὅροι,
542 1029 762 1099 λέγεται
781 1032 979 1098 εἰπεῖν,
1004 1029 1155 1100 Ὧδε,
1185 1034 1365 1100 δείξας
1388 1036 1449 1090 τὸ
1468 1038 1525 1091 ὲν
1540 1040 1607 1109 τῇ
1630 1040 1775 1111 χειρὶ

183 1119 556 1191 κατεχόμενον
582 1121 736 1193 δόρυ.

263 1210 378 1282 μα’.
408 1214 795 1284 Παρακελεύου
818 1216 1001 1271 τοίνυν
1037 1221 1151 1284 τοῖς
1187 1221 1573 1292 στρατιώταις,
1605 1222 1780 1287 οὕτως

182 1297 329 1355 εἶναι
359 1304 910 1375 παρεσκευασμένους
930 1307 1020 1361 ἀεὶ
1058 1308 1170 1378 (2‘2)
1197 1308 1271 1373 ὡς
1304 1310 1397 1364 καὶ
1418 1312 1477 1363 ἐν
1509 1312 1673 1383 ἑορτῇ
1691 1313 1782 1365 καὶ

185 1394 248 1445 ἐν
276 1393 493 1465 ὄμϐρῳ,
529 1395 622 1448 καὶ
652 1396 711 1449 ἐν
758 1398 935 1461 νυκτὶ,
967 1399 1061 1453 καὶ
1095 1401 1154 1455 ἐν
1193 1401 1400 1472 ἡμέρᾳ,
1440 1403 1535 1456 καὶ
1580 1404 1709 1459 ὅταν
1740 1404 1774 1474 ἡ

185 1484 352 1555 χρεία
380 1485 606 1556 καλέσῃ,
643 1486 859 1556 μέλλειν
888 1490 1051 1543 αὑτὸν
1085 1484 1464 1555 ἐξιέναι.κατά
1489 1494 1598 1546 τῶν
1623 1495 1781 1548 πολε-

184 1576 337 1647 μίων
360 1594 373 1607 ·
404 1577 493 1630 διὰ
520 1578 679 1632 τοῦτο
731 1581 840 1651 γὰρ
892 1582 987 1635 ἐπὶ
1038 1582 1129 1636 τὸν
1173 1583 1415 1637 τοιοῦτον
1450 1587 1642 1657 καιρὸν
1669 1587 1777 1640 οὐδ’

187 1668 412 1738 ἡμέραν
440 1670 636 1734 αὐτοὺς
662 1671 745 1724 δεῖ
761 1672 1050 1743 προλέγειν
1072 1675 1409 1749 ὡρισμένην,
1435 1677 1524 1732 διὰ
1545 1678 1608 1732 τὸ
1634 1679 1777 1734 ἑτοί-

191 1777 332 1829 μους
359 1761 557 1827 αὑτοὺς
584 1760 723 1818 εἶναι
748 1764 837 1818 διὰ
870 1766 1093 1832 παντός.

1882 868 1994 926 tus,
2027 864 2119 918 ubi
2146 856 2396 930 ,ditionis
2431 883 2547 925 suae
2594 873 2816 928 termini
2853 885 3060 941 essent,
3092 877 3301 936 dixisse
3346 856 3460 938 fer-

1881 962 1990 1021 tur,
2022 953 2141 1023 llic,
2186 957 2399 1014 hastam
2421 960 2689 1018 vibratam
2715 980 2883 1020 manu
2909 968 3231 1026 ostendens.

1952 1221 2043 1275 41.
2084 1222 2480 1281 Adhortaberis
2531 1228 2735 1284 milites
2788 1243 3025 1300 semper,
3060 1240 3120 1286 ut
3170 1233 3244 1287 ita
3286 1235 3464 1303 parati

1882 1312 2031 1378 sint,
2061 1324 2120 1368 ut
2182 1316 2333 1371 omni
2384 1328 2666 1389 tempore,
2716 1336 2942 1388 sereno,
2998 1324 3217 1397 pluvio,
3261 1334 3463 1394 noctu,

1876 1404 2168 1471 interdiu,
2230 1408 2317 1462 ubi
2368 1425 2505 1464 usus
2570 1410 2714 1478 fert,
2776 1413 3070 1469 adversum
3135 1416 3321 1473 hostes
3379 1419 3466 1474 in-

1883 1504 2173 1552 struantur
2223 1516 2235 1551 :
2279 1500 2481 1556 talibus
2537 1503 2684 1556 enim
2746 1505 3092 1573 temporibus
3144 1522 3214 1565 ne
3270 1508 3463 1565 horam

1882 1588 2105 1657 quidem
2136 1588 2376 1660 aliquam
2417 1593 2777 1648 constitutam
2818 1595 3105 1666 assignare
3134 1608 3370 1668 oportet,
3405 1611 3466 1655 ut

1882 1676 1935 1731 in
1973 1688 2228 1749 promptu
2258 1683 2486 1738 omnino
2517 1684 2651 1739 sint.

265 1852 377 1923 μβ’.
403 1854 580 1925 Νίκης
619 1873 701 1910 σοι
729 1858 884 1930 παρὰ
912 1858 1049 1912 Θεοῦ
1082 1861 1139 1913 ἐν
1166 1859 1404 1933 δημοσίᾳ
1442 1863 1590 1933 μάχῃ
1638 1879 1779 1933 παρ-

1952 1854 2043 1908 42.
2086 1854 2329 1912 Victoria
2385 1859 2483 1914 tibi
2510 1859 2593 1929 {in
2646 1862 2869 1931 publico
2899 1864 3089 1934 pratlio
3132 1880 3162 1919 a
3203 1865 3315 1920 Deo
3363 1867 3465 1922 ob-

185 1942 480 2013 εχομένης,
508 1945 602 1999 ἐὰν
637 1948 817 2019 συμϐῇ
841 1949 965 2012 τοὺς
1003 1949 1332 2015 ἀντιπάλους
1355 1952 1388 2022 ἢ
1432 1955 1491 2006 ἐν
1514 1953 1718 2024 χάρακι
1744 1954 1778 2025 ἢ

184 2035 440 2107 ὲνςέτὲρῳ
463 2037 643 2109 ὀχυρῷ
666 2038 819 2111 τόπῳ
840 2044 1201 2111 καταφυγεῖν,
1234 2042 1310 2113 μὴ
1330 2041 1567 2115 ἐνδώσῃς
1600 2046 1783 2110 αὐτοῖς

186 2128 383 2198 καιρὸν
414 2128 675 2193 ἀνέσεως,
746 2130 891 2185 ἀλλὰ
947 2132 1042 2185 τοῦ
1070 2133 1239 2201 φόϐου
1279 2134 1563 2200 νεάζοντος
1596 2137 1781 2205 αὐτοῖς

188 2216 425 2287 ἐπέρχου
444 2219 537 2271 καὶ
559 2217 825 2283 ἐπιτίθου,
853 2219 939 2273 ἵνα
961 2221 1035 2292 μὴ
1059 2224 1122 2291 τῇ
1141 2223 1343 2276 ἐνδόσει
1370 2226 1772 2298 ἀσφαλέστεροι

187 2310 475 2379 γενόμενοι
528 2309 847 2383 θαρῤήσωσι
906 2312 1008 2383 τὴν
1057 2309 1230 2385 ἧτταν
1276 2316 1458 2369 αὐτῶν
1499 2317 1783 2388 ἀναμαχή-

191 2399 408 2454 σασθαι.

259 2487 372 2559 μγ’.
416 2489 543 2543 Ἐάν
589 2508 735 2556 τινες
797 2491 975 2545 ἱκέται
1030 2494 1457 2561 προσφεύγωσιν
1512 2495 1621 2551 ἀπὸ
1668 2495 1781 2552 τῶν

188 2576 465 2648 πολεμίων
494 2578 632 2649 πρὸς
666 2580 749 2646 σὲ,
780 2580 855 2651 μὴ
877 2581 953 2643 ὡς
986 2580 1145 2650 ἔτυχε
1171 2582 1395 2645 τούτους
1433 2584 1736 2655 προσδέχου
1764 2601 1777 2617 ⁸

190 2669 449 2734 πολλάκις
485 2670 594 2739 γὰρ
650 2672 756 2723 ὑπο
802 2671 913 2723 τῶν
944 2670 1155 2741 ἐχθρῶν
1194 2672 1507 2742 πέμπονται
1539 2674 1676 2744 δόλῳ
1702 2676 1780 2737 ὠς

190 2761 366 2813 ἱκέται
392 2762 483 2814 καί
512 2779 673 2816 τινων
692 2762 966 2833 δεόμενοι,
1001 2762 1100 2817 καὶ
1129 2760 1304 2826 οὕτως
1331 2765 1442 2827 τοῖς
1464 2763 1780 2834 δεξαμένοις

190 2852 653 2909 ἐπιϐουλεύουσιν.
1623 2859 1626 2862 ’

228 2946 370 3015 κμδ⁹.
411 2947 691 3000 Ὑπονοείν
747 2947 830 3000 δεῖ
885 2948 980 3002 καὶ
1034 2948 1487 3019 παραφυλάττειν
1522 2946 1781 3016 ἀσφαλῶς

193 3038 319 3100 τοὺς
341 3038 785 3110 προσρυομένους
806 3039 927 3100 ταῖς
974 3034 1464 3108 πολιορκουμέναις
1505 3034 1661 3105 ἡμῶν
1686 3034 1783 3087 πό-

1877 1944 2051 2015 jecta,
2080 1948 2128 2002 si
2156 1946 2300 2004 forte
2333 1948 2544 2016 hostes,
2569 1953 2653 2008 vel
2689 1954 2758 2011 ad
2786 1956 2986 2011 vallum
3008 1956 3093 2012 vel
3123 1956 3192 2011 ad
3227 1958 3469 2028 aliquem

1872 2037 2156 2097 ,munitum
2209 2037 2391 2094 locum
2459 2040 2821 2111 confugiant,
2890 2046 3105 2102 nullum
3180 2048 3467 2104 relaxandi

1870 2134 2097 2198 tempus
2144 2126 2254 2183 illis
2296 2129 2520 2195 tribue,
2570 2133 2669 2188 sed
2718 2141 2934 2191 terrore
2982 2145 3206 2193 recente
3252 2140 3467 2210 impen-

1880 2219 2044 2274 dente
2089 2219 2214 2275 illos
2271 2220 2568 2287 adoriaris,
2619 2240 2688 2279 ne
2733 2227 3076 2284 relaxatione
3119 2230 3306 2300 aliqua
3354 2231 3466 2286 illis

1881 2324 2169 2378 concessa,
2211 2311 2485 2373 ﬁrmiores
2526 2325 2580 2370 et
2624 2318 2932 2385 paratiores
2980 2321 3116 2377 fiant
3162 2324 3231 2377 ad
3294 2322 3469 2378 victo-

1868 2401 2019 2457 riam
2060 2402 2325 2459 amissam
2355 2412 2625 2473 quantum
2662 2418 2901 2477 possunt
2936 2412 3393 2482 recuperandam.

1958 2493 2048 2547 t5.
2088 2492 2147 2546 Si
2182 2494 2280 2564 qui
2328 2497 2475 2551 servi
2508 2497 2751 2552 hostium
2809 2500 2877 2553 ab
2925 2500 3037 2558 illis
3083 2503 3150 2558 ad
3186 2512 3239 2558 te
3272 2504 3468 2561 confu-

1866 2585 2089 2653 gerint,
2119 2600 2190 2641 ne
2219 2589 2449 2656 quosvis
2485 2589 2676 2645 statim
2716 2591 2951 2662 recipias
2983 2612 2997 2649 :
3032 2610 3176 2666 saepe
3217 2596 3365 2651 enim
3400 2600 3468 2652 ab

1868 2676 2138 2733 hostibus
2168 2679 2294 2733 dolo
2341 2681 2645 2736 mittuntur
2675 2686 2837 2753 quasi
2863 2688 3009 2741 servi
3043 2694 3097 2742 et
3142 2700 3469 2745 caeterarum

1882 2781 2066 2821 rerum
2097 2778 2344 2847 egentes,
2376 2779 2542 2841 atque
2584 2773 2721 2827 adeo
2766 2774 2900 2841 illis,
2944 2777 3039 2845 qui
3094 2792 3155 2834 se
3191 2780 3470 2850 recipiunt

1884 2856 2246 2914 insidiantur.

1954 2949 2043 3005 44.
2102 2950 2421 3005 Cavendum
2452 2917 2646 3006 sedulo
2700 2954 3222 3029 observandumque
3270 2970 3353 3017 est
3399 2962 3469 3017 ab

1885 3038 1975 3101 iis,
2030 3038 2127 3105 qui
2182 3038 2253 3092 ab
2302 3040 2556 3094 hostibus
2607 3041 2674 3093 ad
2730 3043 2991 3098 obsessas
3040 3046 3205 3101 urbes
3253 3060 3468 3106 vestras

193 3129 308 3184 λεσι
337 3131 489 3201 παρὰ
513 3131 622 3185 τῶν
672 3130 906 3202 ἐχθρῶν,
939 3130 1030 3184 διὰ
1074 3129 1137 3184 τὸ
1183 3130 1259 3200 μὴ
1297 3130 1427 3199 παρ’
1448 3127 1630 3185 αὐτῶν
1657 3142 1779 3220 τινα

1894 3123 2209 3179 dilabuntur
2240 3137 2257 3178 :
2294 3139 2438 3197 saepe
2483 3126 2631 3181 enim
2662 3126 2979 3197 huiusmodi
3003 3131 3262 3189 civitates
3288 3138 3467 3191 solent

197 3221 397 3293 βλάϐην
427 3222 724 3293 ὑποστῆναι
752 3239 766 3253 ·
796 3222 1060 3286 πολλάκις
1088 3222 1200 3293 γὰρ
1220 3220 1584 3292 ἐμπρησμοὺς
1602 3216 1783 3273 ποιοῦ-

196 3329 299 3379 σιν,
335 3314 429 3367 καὶ
460 3312 570 3367 τῶν
594 3312 798 3367 ἐσωθεν
852 3312 1159 3383 ἀνθρώπων
1214 3312 1344 3381 περὶ
1395 3314 1524 3374 τοὺς
1562 3313 1781 3381 ἐμπρη-

197 3405 365 3473 σμοὺς
394 3404 830 3474 ἀσχολουμένων,
865 3402 1066 3468 ἔξωθεν
1089 3406 1139 3457 οἱ
1174 3402 1428 3473 πολέμιοι
1457 3401 1776 3471 ἀδεέστερον

183 3494 551 3550 ἐπιτίθενται.

266 3582 369 3655 με’.
410 3586 607 3655 Μάχης
639 3583 1010 3655 προκειμένης
1038 3583 1137 3637 ἐὰν
1162 3582 1271 3653 ἄρα
1295 3582 1605 3656 δοκιμάζῃς
1636 3584 1781 3649 ἀξιό-

201 3692 370 3745 μαχος
390 3670 528 3728 εἶναι
554 3675 661 3727 τῶν
692 3674 923 3744 ἐχθρῶν,
944 3667 989 3726 ὦ
1023 3673 1318 3743 στρατηγὲ,
1362 3674 1421 3726 ἐν
1458 3675 1524 3743 τῇ
1556 3673 1779 3727 ἐκείνων

188 3767 355 3837 χώρᾳ
382 3768 480 3835 τὴν
534 3767 714 3836 μάχην
760 3764 1131 3835 ἐπιτηδεύσεις
1165 3782 1177 3793 ·
1206 3763 1367 3818 τοῦτο
1410 3766 1519 3836 γὰρ
1578 3765 1779 3834 μᾶλλον

196 3858 448 3927 ἁρμόδιον
498 3859 643 3928 ἢπερ
694 3858 753 3909 ἐν
783 3859 849 3927 τῇ
886 3856 992 3926 ἰδίᾳ
1013 3872 1026 3886 ο
1072 3855 1180 3909 τῶν
1206 3854 1315 3927 γάρ
1358 3858 1416 3909 ἐν
1445 3859 1512 3926 τῇ
1538 3857 1778 3929 πολεμίᾳ

200 3950 271 4019 γῇ
302 3949 626 4018 μαχομένων
654 3950 747 4002 καὶ
770 3948 838 4002 τὰ
893 3950 1215 4018 φρονήματα
1259 3945 1482 4016 μείζονα
1502 3947 1768 4016 γίνονται,

200 4041 292 4095 καὶ
319 4041 514 4109 ὁνὰγὼν
538 4042 638 4095 οὑκ
667 4040 784 4094 ἐστι
815 4040 890 4104 ὡς
915 4040 1056 4110 ὑπὲρ
1085 4039 1180 4093 τοῦ
1219 4039 1351 4093 ἰδίου
1383 4039 1570 4103 ἔθνους
1611 4040 1774 4113 μόνου

201 4133 485 4202 πρόκειται
519 4133 702 4197 αὐτοῖς
725 4135 753 4186 ό
779 4132 874 4187 τοῦ
917 4131 1158 4202 πολέμου
1181 4172 1197 4198 ,
1230 4132 1367 4186 ἀλλὰ
1396 4132 1492 4185 καὶ
1518 4132 1659 4204 ὑπὲρ
1681 4135 1781 4202 τῆς

201 4223 380 4277 αὐτῶν
409 4224 704 4294 σωτηρίας.
737 4226 848 4279 Καὶ
868 4224 977 4295 γὰρ
1010 4224 1238 4291 οἴδασιν,
1268 4224 1343 4288 ὡς
1383 4222 1481 4278 ἐὰν
1512 4224 1586 4294 μὴ
1616 4225 1776 4296 στερ-

203 4316 311 4388 ῥῶς
336 4317 829 4381 άντικαταστάντες
862 4319 943 4382 είς
1000 4318 1178 4389 φυγὴν
1228 4317 1287 4371 ἐν
1331 4319 1398 4387 τῇ
1432 4316 1668 4387 πολεμίᾳ
1707 4320 1779 4387 γῇ

200 4408 501 4482 τραπῶσιν,
514 4408 831 4471 ἀνέλπιστος
857 4410 1041 4471 αὐτοῖς
1064 4410 1096 4476 ἡ
1115 4407 1359 4477 σωτηρία
1384 4408 1615 4473 γίνεται,
1645 4407 1782 4473 ὅπερ

1888 3215 2187 3271 incendere
2223 3256 2239 3282 ,
2287 3226 2342 3273 et
2391 3217 2612 3274 civibus
2681 3220 2737 3273 in
2792 3220 3182 3291 restinguenda
3251 3224 3469 3281 ﬂamma

1884 3309 2171 3378 occupatis
2204 3345 2221 3372 ,
2295 3309 2620 3365 obsessores
2690 3310 2971 3366 civitatem
3042 3313 3243 3370 melius
3312 3315 3464 3371 inva-

1883 3400 2043 3454 dunt.

1953 3593 2047 3647 45.
2085 3593 2234 3649 Bello
2270 3594 2561 3664 proposito
2589 3596 2635 3651 si
2687 3597 3005 3665 speraveris
3036 3605 3092 3654 te
3129 3598 3367 3655 habilem
3400 3602 3470 3658 ad

1885 3684 2289 3755 Oppugnaudos
2324 3686 2515 3741 hostes
2537 3700 2682 3749 esse,
2722 3687 2942 3742 illorum
2975 3688 3030 3741 in
3074 3690 3301 3759 regione
3331 3705 3473 3759 prae-

1883 3779 2016 3834 lium
2070 3779 2389 3834 committas
2433 3797 2446 3833 :
2498 3781 2606 3834 hoc
2639 3781 2784 3835 enim
2842 3781 3021 3852 magis
3052 3781 3305 3838 idoneum
3341 3784 3470 3850 erit,

1884 3886 2049 3941 quam
2085 3872 2133 3926 si
2173 3871 2230 3926 in
2289 3880 2385 3926 tua
2417 3872 2595 3941 ipsius
2638 3872 2861 3943 regione
2887 3888 3118 3945 pugnes,
3150 3882 3206 3930 et
3260 3876 3472 3931 animos

1885 3973 2107 4019 tuorum
2144 3966 2491 4021 strenuiores
2521 3964 2653 4020 facit
2688 3984 2703 4021 :
2740 3975 2794 4022 et
2830 3967 2901 4022 de
2950 3982 3051 4023 sua
3101 3967 3326 4023 natione
3354 3967 3474 4024 bel-

1884 4057 1998 4113 lum
2026 4073 2136 4114 non
2172 4060 2296 4123 erit,
2330 4057 2427 4113 sed
2451 4058 2521 4113 de
2552 4074 2652 4114 sua
2689 4060 2934 4130 ipsorum
2961 4061 3157 4117 salute.
3192 4058 3473 4116 Noverunt

1883 4149 2030 4204 enim
2062 4164 2145 4213 se,
2205 4151 2250 4205 si
2303 4165 2414 4205 non
2479 4159 2708 4206 strenue
2739 4160 2905 4221 atque
2937 4153 3196 4208 alacriter
3222 4153 3279 4206 in
3329 4151 3473 4207 bello

1886 4254 2012 4294 cum
2052 4240 2305 4297 hostibus
2336 4240 2631 4307 dimicent,
2679 4241 2734 4295 in
2764 4241 2947 4310 fugam
2989 4240 3284 4297 vertendos
3325 4257 3470 4307 esse,

1888 4341 1946 4386 et
1977 4332 2045 4387 de
2091 4334 2268 4388 salute
2311 4349 2413 4389 sua
2460 4333 2668 4387 nullam
2727 4347 2878 4400 spem
2915 4347 3039 4387 esse
3070 4347 3251 4403 posse.
3285 4333 3354 4385 At
3384 4347 3473 4388 re-

1888 4423 2050 4492 gione
2081 4423 2137 4477 in
2170 4439 2269 4478 sua
2300 4433 2496 4477 contra
2531 4431 2758 4493 sperant
2790 4442 2804 4477 :
2846 4438 2972 4477 nam
2999 4431 3053 4478 et
3090 4423 3216 4493 fuga
3238 4423 3474 4480 salutem

200 4504 256 4556 ὲν
291 4505 356 4572 τῇ
411 4503 519 4573 ἰδίᾳ
578 4503 649 4574 γῇ
716 4502 1099 4571 πολεμούντων
1154 4497 1334 4551 αὐτῶν
1387 4497 1634 4565 γίνεσθαι
1684 4499 1779 4552 οὐκ

1895 4527 2143 4581 quaerere
2176 4514 2234 4567 se
2253 4528 2418 4582 posse
2453 4520 2704 4584 sperant,
2723 4522 2778 4566 et
2803 4514 2869 4567 ad
2896 4514 3233 4570 munitiones
3262 4515 3470 4580 venire,

200 4594 510 4661 ἀναγκαῖον.
544 4593 656 4645 Καὶ
681 4592 792 4661 γὰρ
831 4590 924 4643 καὶ
958 4589 1244 4657 φυγόντες,
1287 4585 1600 4650 ἐλπίζουσιν
1632 4587 1785 4640 ἀκιν-

200 4681 368 4744 δύνως
417 4682 681 4751 σωθῆναι,
741 4681 837 4734 καὶ
885 4675 1260 4748 ὀχυρωμάτων
1315 4674 1673 4729 ἐπιλαϐέσθαι
1725 4677 1784 4728 ἐν

202 4766 281 4833 οἷς
311 4772 682 4842 σωθήσονται·
731 4771 826 4824 καὶ
853 4770 940 4823 διὰ
973 4767 1132 4821 τοῦτο
1159 4767 1423 4836 γενναίως
1463 4767 1783 4837 ἀντιστῆναι

203 4863 313 4925 τοῖς
342 4862 623 4932 πολεμίοις
659 4864 710 4915 οί
742 4859 1075 4930 στρατιῶται
1117 4860 1193 4929 μὴ
1221 4859 1667 4930 συγχωρούμενοι
1704 4861 1785 4923 εἰς

204 4952 378 5025 φυγὴν
398 4953 681 5007 ἀκίνδυνον
708 4951 1074 5007 συνωθοῦνται
1111 4951 1307 5005 ἐλθεῖν.

270 5044 387 5115 μς’.
434 5045 544 5099 ’Δεί
569 5062 620 5098 τι
652 5044 1035 5115 πραττέτωσαν
1074 5043 1125 5095 οἱ
1155 5042 1512 5113 στρατιῶται,
1548 5044 1679 5095 ὅταν
1705 5040 1780 5111 μὴ

204 5141 231 5192 ὁ
258 5138 494 5208 πόλεμος
526 5138 739 5208 ἐνοχλῇ,
772 5139 864 5191 καὶ
895 5135 969 5206 μὴ
995 5136 1341 5207 ἁργείτωσαν
1362 5150 1375 5165 ·
1411 5137 1445 5202 ἡ
1483 5134 1593 5204 γὰρ
1615 5132 1782 5204 ἀργία

208 5225 569 5297 στρατιώταις
593 5226 999 5297 συντρεφομένη
1039 5224 1290 5296 ταραχῆς
1320 5225 1557 5295 ὑπάρχει
1582 5240 1781 5294 γεννη-

205 5321 348 5390 τική.

276 5410 380 5482 μ.ζῖ
410 5413 482 5466 Τὸ
535 5412 860 5485 θεραπεύειν
907 5412 969 5467 τὸ
1011 5410 1168 5466 Θεῖον
1228 5411 1315 5467 διὰ
1352 5411 1552 5473 παντὸς
1607 5406 1779 5480 χρεών

1893 4604 2097 4673 quibus
2149 4614 2482 4660 serventur:
2520 4615 2687 4675 atque
2721 4604 2859 4660 adeo
2914 4621 3039 4659 cum
3100 4614 3331 4661 strenue
3376 4604 3473 4659 ho-

1893 4694 2070 4749 stibus
2100 4695 2356 4751 resistere
2384 4709 2493 4750 non
2526 4709 2756 4751 necesse
2781 4695 3008 4759 habent,
3051 4695 3121 4749 ad
3163 4694 3345 4765 fugam
3382 4708 3473 4751 se-

1893 4800 2083 4841 curam
2110 4800 2171 4841 εο
2196 4793 2550 4843 υοηνετῑιιηι.

1959 5041 2048 5096 46.
2090 5026 2213 5098 ΠΜ
2248 5042 2374 5098 belli
2432 5044 2581 5097 nulla
2629 5044 2976 5112 perturbatio
3027 5052 3142 5108 est,
3198 5060 3307 5099 non
3355 5045 3472 5099 otio

1892 5138 2214 5202 torpescant
2259 5133 2485 5196 milites,
2512 5132 2607 5187 sed
2660 5133 2775 5187 haec
2825 5143 2991 5201 agant
3027 5135 3209 5204 potius
3245 5153 3259 5187 :
3293 5134 3468 5188 otium

1891 5223 2039 5279 enim
2066 5223 2333 5279 militibus
2359 5239 2682 5294 magnarum
2709 5224 3040 5282 seditionum
3100 5234 3156 5283 et
3181 5226 3467 5282 turbarum

1893 5327 2064 5367 causa
2093 5320 2198 5366 εει.

1967 5402 2057 5455 47.
2101 5400 2377 5457 Colendns
2410 5405 2638 5459 omnino
2673 5405 2816 5461 Deus
2848 5412 2953 5461 est.
2984 5404 3255 5459 Bellorum
3285 5408 3469 5457 autem

1719 5537 1963 5596 NOTAE.

275 5639 385 5717 (ᾗ)
424 5639 569 5717 Post
611 5639 735 5717 ista,
764 5636 1323 5717 παρεσκευασμένουΞ
1339 5635 1444 5717 ἀεί,
1495 5634 1775 5717 typotheta

206 5705 406 5791 ριιϋείίυ
429 5709 505 5791 ac
532 5712 612 5791 ,εν
640 5711 830 5791 “esi:
847 5705 963 5791 ’κριὶ
993 5708 1054 5791 ἐν
1080 5705 1497 5791 δξριρ-ηδυτψιῆ
1516 5705 1778 5791 tam}?

205 5780 412 5855 δμϐρῳ.
440 5779 547 5835 Sed
576 5796 679 5835 nec
698 5775 855 5844 illud,
900 5781 958 5831 ἐν
988 5775 1176 5851 ἑορτῇ,
1199 5775 1361 5834 istius
1395 5775 1500 5831 loci
1525 5775 1774 5831 videtur:

434 5877 709 5965 Panos.
738 5877 871 5967 (in,
893 5876 1101 5964 ⁷(Ξ.ΥΙΙ..

1890 5647 2012 5756 napi
2040 5632 2202 5770 ἐςέρτὴ
2233 5635 2324 5690 καὶ
2352 5632 2579 5705 ὄμϐρος,
2602 5649 2711 5691 non
2740 5643 2868 5691 sunt
2892 5632 3163 5700 ἀντίθετα,
3192 5642 3251 5689 ιιι
3284 5633 3467 5706 ἡμέρα

1890 5720 1957 5755 κα
2013 5721 2073 5757 νυ
2116 5744 2127 5756 .

1888 5720 1981 5756 και
2013 5720 2127 5757 νυε.

2996 5870 3073 5928 33
