3964 6206
222 352 343 419 1'029
1271 357 1604 422 TACTICA.
1642 381 1708 398 --
1746 356 2248 423 CONSTITUTIO
2286 358 2415 420 XX.
2952 399 2963 415 .
3336 350 3470 417 1030

220 463 504 536 καιοσύνην
565 463 759 536 βοηθόν
812 476 872 520 τε
900 465 1015 536 {uel
1096 470 1388 543 σύμμαχον
1481 475 1623 530 κατὰ
1685 473 1785 528 τῶν

1906 476 2012 544 bet,
2048 476 2182 530 dum
2222 470 2454 541 injurios
2501 468 2751 525 homines
2803 467 3036 539 repellit.
3069 466 3170 533 Qui
3200 481 3331 523 vero
3354 467 3471 536 pri-

219 556 407 611 ἀδίγων
469 557 990 629 ὲκστρατευόμενος.
1036 559 1095 614 '0
1147 562 1206 616 δὲ
1244 566 1463 634 πρῶτος
1484 566 1784 640 ,κατάρξας

1908 584 2018 624 mus
2057 567 2319 636 injuriam
2351 563 2621 628 intulerit,
2652 559 2839 617 divina
2866 560 3127 625 vindicta,
3167 574 3231 615 ac
3257 559 3473 632 justitia

218 647 423 712 ἀδικίας
444 647 578 718 παρ’
626 650 801 721 αὐτῆς
818 651 920 722 τῆς
965 652 1117 718 θείας
1160 654 1317 728 δίκης
1346 657 1657 731 ἀφαιρεῖται
1691 659 1783 732 τὴν

998 652 1117 718 είας
1160 654 1317 728 δίκης
1346 657 1657 731 ἀφαιρεῖται
1691 659 1790 732 τὴν
1896 672 1928 714 a
1958 658 2189 714 victoria
2219 656 2347 713 belli
2383 656 2558 711 abest.

220 734 385 804 νίκην.

284 825 380 882 νϐ’.
416 827 701 898 ’Δσφαλῶς
736 831 902 887 δίωκε
956 835 1086 901 τοὺς
1114 837 1413 909 πολεμίους
1441 841 1582 910 μετά
1612 841 1789 909 νίκην,

1970 834 2058 892 59.
2103 833 2517 904 Circumspecte
2573 838 2699 901 post
2746 828 3035 884 victoriam
3087 825 3275 880 hostes
3325 824 3470 879 inse-

221 912 573 992 ὧστρατηγὲ,
626 924 718 977 καὶ
747 924 822 996 μὴ
869 926 1282 1001 διεσπαρμένως
1330 931 1587 1003 ὲπέρχου,
1632 932 1786 1003 μάλι-

1914 925 2111 995 ιιιιιτῖε,
2158 938 2337 995 neque
2387 922 2670 993 dissipatis
2719 919 2893 990 copiis
2934 917 3041 973 tuis
3094 915 3219 971 illos
3256 914 3312 969 in
3363 914 3479 969 acie

224 1029 314 1065 στα
366 1014 817 1084 συντεταγμένοις
868 1020 1120 1085 ἐκείνοις.
1163 1022 1221 1075 '0
1254 1023 1363 1094 γάρ
1389 1023 1548 1076 τοῦτο
1589 1025 1789 1093 ποιῶν,

1913 1017 2179 1070 instructa
2212 1012 2487 1085 fugientes
2535 1010 2886 1082 persequaris
2923 1026 2937 1063 :
2967 1008 3059 1079 qui
3098 1007 3242 1063 enim
3268 1004 3373 1059 hoc
3396 1004 3478 1058 fa-

224 1103 314 1172 τὴν
374 1103 571 1157 ἑαυτοῦ
618 1104 777 1176 νίκην
830 1109 944 1172 τοῖς
1001 1111 1283 1181 πολεμίοις
1339 1113 1655 1185 προδίδωσι.
1686 1116 1789 1169 Καὶ

1916 1106 2003 1171 cit,
2035 1106 2327 1161 victoriam
2364 1119 2521 1160 suam
2569 1104 2821 1160 hostibus
2869 1099 3051 1173 prodit
3085 1118 3101 1157 :
3133 1112 3262 1154 nam
3292 1097 3481 1153 hostes

224 1194 323 1264 γὰρ
351 1196 809 1267 ἀναστρέψαντες
844 1201 982 1270 μετὰ
1017 1203 1323 1269 συντάξεως
1341 1206 1391 1259 οί
1420 1207 1603 1278 ἐχθροί
1646 1208 1789 1262 κατά

1920 1200 2023 1255 tcie
2051 1199 2323 1254 instructa
2354 1198 2608 1253 conversi
2638 1197 2693 1250 in
2725 1203 2853 1249 tuos
2891 1192 3145 1258 confuse,
3171 1198 3227 1246 et
3256 1189 3485 1258 disjecte

220 1284 312 1339 σοῦ
367 1286 721 1352 ἀσυντάκτως
763 1289 859 1343 καὶ
909 1291 1327 1366 διεσπαρμένως
1356 1296 1667 1363 διώκοντος,
1699 1300 1785 1369 pa-

1919 1299 2257 1361 insequentes
2288 1290 2449 1345 facile
2471 1298 2524 1344 te
2542 1286 2974 1358 superabunt,et
3004 1291 3279 1341 momenta
3308 1281 3484 1337 victo-

221 1377 345 1441 δίως
401 1396 496 1434 σου
547 1381 963 1452 περιγένωνται,
1021 1388 1116 1440 καὶ
1144 1388 1281 1459 πρὸς
1310 1388 1371 1443 τὸ
1391 1390 1632 1445 ἐναντίον
1654 1392 1786 1445 ἀντι⁴

1261 1408 1281 1453 ς
1310 1388 1371 1443 τὸ
1391 1390 1632 1445 ἐναντίον
1654 1392 1802 1445 ἀντι-
1909 1383 2003 1438 ι·Ῑὲ
2032 1382 2099 1437 ad
2124 1397 2184 1439 se
2215 1379 2568 1438 transferent.

226 1468 631 1543 πνεύσουσιτὴν
668 1475 790 1530 κατ’
819 1477 997 1531 αὐτῶν
1029 1479 1232 1552 μάχην.

210 1596 213 1601 ‹
293 1560 357 1627 ξ’.
434 1563 693 1633 ’ἰσχύσεις
753 1567 980 1637 μᾶλλον,
1039 1565 1085 1625 ὧ
1141 1576 1437 1646 στρατηγὲ,
1486 1579 1629 1633 κατά
1695 1580 1775 1634 τῶ

1980 1563 2071 1620 60.
2100 1562 2300 1621 Hostes
2333 1562 2570 1618 maxime
2608 1559 2949 1632 expugnabis
2996 1557 3214 1629 quando
3244 1555 3299 1646 in
3331 1553 3485 1607 loco-

221 1654 332 1707 σῶν
387 1655 685 1728 πολεμίων,
729 1660 857 1715 ὅταν
887 1664 1101 1735 ἀφορᾷς
1128 1666 1241 1737 (23)
1276 1668 1413 1739 πρὸς
1448 1670 1547 1743 τὴν
1583 1672 1786 1745 ποιότη-

1923 1669 2036 1709 rum
2086 1660 2509 1723 temporumque
2535 1649 2996 1720 opportunitates,
3028 1656 3083 1703 et
3117 1645 3354 1701 hostium
3386 1657 3488 1712 pu-

225 1763 293 1800 τα
342 1747 450 1800 τῶν
497 1750 708 1820 καιρῶν
745 1752 841 1805 καὶ
876 1755 986 1808 τῶν
1057 1756 1238 1812 τόπων
1285 1759 1380 1813 καὶ
1416 1761 1527 1816 τῶν
1573 1764 1790 1836 ἀντιμα·

1922 1744 2199 1816 gnantium
2233 1743 2378 1798 vires
2430 1741 2687 1802 intueris.
2727 1748 2891 1810 atque
2948 1737 3013 1792 ad
3063 1750 3283 1793 omnem
3329 1744 3487 1830 usum

227 1837 467 1907 χομένων
519 1839 749 1911 ἐχθρῶν.
803 1843 915 1899 Καὶ
971 1845 1150 1911 οὕτως
1205 1849 1344 1920 πρὸς
1409 1852 1509 1925 τὴν
1568 1828 1792 1910 ἑκάστοι

1687 1828 1805 1910 τ’του
1842 1830 1883 1886 Β
1913 1836 2170 1894 bellicum
2208 1835 2439 1893 consilia
2464 1842 2806 1904 conatusque
2833 1838 2960 1887 tuos
2981 1828 3252 1887 conferas.

229 1928 415 1999 χρείαν
463 1932 587 1996 ταῖς
640 1934 875 2001 οἰκείαις
933 1938 1150 2009 τέχναις
1201 1942 1297 1997 καὶ
1334 1943 1580 2014 μεθόδοις
1611 1946 1811 2017 συγκὲ-

212 2037 449 2092 νχρησαι.

299 2113 400 2178 ξα’.
431 2113 571 2212 Οὔτε
630 2119 887 2212 συνάγειν
945 2122 1083 2194 ὁμοῦ
1114 2124 1312 2196 βουλῆς
1354 2126 1519 2182 ἓνεκα
1551 2128 1612 2183 τδ
1637 2129 1808 2200 στρά-

1983 2141 2073 2197 61.
2111 2139 2300 2211 Neque
2351 2151 2690 2212 congregare
2719 2133 2885 2195 simul
2926 2136 3225 2195 exercitum
3273 2136 3489 2192 consilii

229 2221 403 2302 τευμα
430 2206 639 2302 πρέπον
670 2209 841 2277 ἐστὶν,
858 2211 982 2266 οῦτε
1005 2215 1245 2296 συνεχῶς
1264 2219 1450 2272 καλεῖν
1478 2220 1571 2274 τὸν
1605 2237 1794 2292 στρατη

1929 2246 2081 2287 :ausa
2114 2206 2226 2302 υιιιί
2247 2240 2334 2288 est
2369 2249 2383 2285 :
2422 2206 2601 2301 neque
2624 2231 2905 2295 idoneum,
2951 2240 3009 2284 ut
3058 2227 3309 2299 singulos
3349 2225 3494 2280 otio-

231 2296 365 2400 ηγδν
383 2296 525 2400 πρδς
562 2298 767 2400 ἑαυτὸν
821 2302 1126 2373 ἀργοῦντας
1157 2306 1253 2360 καὶ
1285 2308 1422 2380 πρὸς
1456 2309 1625 2380 μηδὲν
1647 2310 1796 2381 ἀσχο.

1926 2338 2006 2380 sos
2058 2324 2284 2393 milites,
2314 2331 2369 2380 et
2421 2320 2568 2379 nulla
2603 2324 2657 2378 in
2695 2338 2753 2378 re
2783 2329 3081 2392 occupatos
3118 2319 3187 2375 ad
3216 2328 3269 2374 te
3306 2322 3491 2400 veces,

233 2385 521 2487 λουμένους
545 2387 754 2487 (ἕτερον
774 2409 789 2424 ο
820 2394 995 2450 ταῦτα
1025 2396 1134 2467 γὰρ
1178 2399 1408 2472 ἀκαίρου
1458 2403 1687 2473 μελέτης
1720 2404 1798 2458 κα¹

1931 2424 2083 2486 itque
2132 2385 2422 2487 increpcs:
2456 2416 2574 2472 haec
2612 2415 2759 2471 enim
2810 2414 3098 2471 seditionis
3138 2420 3194 2469 et
3225 2389 3496 2482 importu;

235 2480 477 2542 στάσεως
505 2481 654 2536 αἴτια
680 2485 792 2548 τοῖς
831 2487 1204 2559 στρατεύμασι
1237 2490 1469 2557 γίνεται.

1280 2490 1469 2545 ίνεταιο
1871 2500 1880 2514 ⁸
1916 2522 2112 2563 narum
2144 2509 2431 2564 turbarum
2464 2521 2633 2564 causa
2671 2513 2840 2564 esset.

306 2571 406 2642 ξβ’.
458 2574 687 2646 Μεγάλη
749 2576 969 2640 σύνεσις
1018 2579 1329 2651 στρατηγοῦ
1359 2622 1375 2647 ,
1426 2582 1558 2634 ὅταν
1618 2582 1817 2669 χρῆται

1991 2598 2079 2653 62.
2106 2596 2301 2668 Magna
2339 2598 2627 2669 prudentia
2658 2596 3007 2667 imperatoris
3033 2600 3140 2660 est,
3166 2590 3385 2662 quando
3429 2589 3499 2645 iis

241 2663 337 2734 μὲν
370 2665 679 2735 συμμάχοις
737 2667 981 2738 μετρίοις
1006 2670 1087 2732 είς
1106 2669 1204 2741 τὴν
1223 2664 1422 2724 ἑαυτοῦ
1449 2671 1657 2743 χώραν,
1683 2663 1806 2725 ἅλ’λᾶ

1937 2684 2088 2740 sociis
2119 2663 2513 2754 advregi'onem‘
2547 2698 2704 2739 suam
2737 2663 3143 2738 defendendam
3187 2681 3383 2741 utitur,
3406 2676 3502 2747 qui

240 2757 315 2827 μὴ
346 2756 507 2811 πλέον
536 2758 636 2828 τῆς
696 2760 905 2824 οἰκείας
966 2759 1275 2832 δυνάμεως,
1308 2761 1536 2827 τούτους
1583 2764 1805 2832 είσάγωι

1937 2775 2162 2829 ninores
2200 2782 2255 2829 et
2289 2788 2396 2827 non
2445 2772 2629 2841 plures
2676 2772 2916 2842 propriis
2966 2770 3143 2841 capiis
3202 2769 3502 2830 exsistunt,

240 2850 500 2919 μάλιστα,
557 2850 845 2923 δυσμενεῖς
896 2866 1028 2907 ποτε
1075 2854 1202 2918 τοὺς
1275 2855 1550 2919 τοιούτους
1601 2855 1805 2911 ἔσεσθαι

1941 2880 2174 2936 [uosque
2199 2864 2338 2918 alias
2389 2862 2646 2918 inimicos
2690 2862 2799 2917 sibi
2846 2861 3085 2916 maxime
3112 2859 3328 2915 futuros
3355 2858 3506 2912 arbi-

237 2943 634 3014 ὲλπιζομένους
669 2987 682 3010 ,
736 2945 951 3015 μήποτε
1015 2945 1501 3016 συμφρονήσαντες
1548 2947 1801 3018 ἀντάρωσ

1948 2964 2121 3017 retur,
2154 2968 2245 3015 ne.
2283 2953 2329 3007 si
2360 2952 2546 3021 plures
2593 2951 2822 3017 fuerint,
2856 2958 2913 3005 et
2944 2950 3088 3004 inter
3122 2964 3184 3004 se
3214 2964 3509 3004 consense-

237 3034 339 3090 καὶ
377 3035 479 3106 τῆς
538 3035 726 3106 χώρας
761 3037 1133 3106 κρατήσωσιν,
1166 3036 1235 3089 διῗ
1254 3036 1321 3107 ἢν
1341 3037 1422 3101 είς
1454 3037 1569 3106 (24)
1596 3052 1802 3107 συμμα·

1945 3043 2064 3106 int,
2092 3057 2211 3097 eam
2247 3040 2507 3095 invadant
2542 3041 2844 3110 regionem,
2875 3047 2930 3092 et
2960 3047 3245 3108 superent,
3281 3047 3510 3109 propter

241 3126 362 3197 χίαν
416 3127 746 3198 ἐκλήθησαν.
780 3127 844 3180 Ol
877 3127 985 3198 γὰρ
1016 3126 1201 3183 ἕνεκεν
1229 3129 1530 3200 χρημάτων
1556 3128 1698 3199 ὑπὲρ
1724 3127 1806 3182 eoi

1946 3146 2089 3202 luam
2136 3130 2192 3185 in
2245 3130 2566 3186 societatem
2618 3137 2766 3183 tuam
2824 3127 2987 3182 asciti
3031 3133 3179 3182 sunt.
3216 3126 3321 3192 Qui
3379 3142 3511 3185 vero

240 3215 576 3269 κινδυνεύειν
616 3216 886 3287 ἑλόμενοι,
933 3216 1077 3287 τάχα
1139 3216 1236 3271 καὶ
1293 3219 1559 3273 πλειόνων
1608 3219 1805 3291 χρημά-

1948 3222 2284 3280 iecuniarum
2317 3237 2487 3279 causa
2540 3235 2639 3292 pro
2684 3228 2739 3277 te
2792 3219 3097 3292 periclitari
3130 3218 3344 3282 volunt,
3399 3218 3513 3273 for-

242 3325 350 3362 των
384 3308 655 3380 πορισμοῦ
710 3308 897 3364 ἕνεκεν
938 3310 1035 3365 καὶ
1062 3311 1204 3366 κατά
1228 3312 1323 3366 σοῦ
1381 3312 1807 3385 παρακινδυνεύ-

1948 3315 2089 3373 assis
2121 3317 2346 3387 majoris
2386 3327 2615 3371 summa:
2642 3326 2810 3369 causa
2838 3318 3032 3368 contra
3056 3316 3110 3366 te
3131 3325 3198 3366 ex
3234 3309 3510 3366 contraria

244 3416 449 3455 σουσιν.

1923 3416 2078 3480 parte
2107 3405 2448 3461 dimicarent.

314 3493 418 3561 ξγ’.
450 3494 616 3548 ὐταν
638 3494 715 3565 μὴ
739 3494 852 3558 τοῖς
876 3492 1249 3566 στρατεύμασι
1280 3493 1350 3548 τά
1400 3493 1685 3564 ἐπιτήδεια
1730 3493 1824 3547 καὶ

1997 3498 2086 3552 6'5.
2128 3496 2360 3564 Quando
2395 3495 2660 3552 exercitui
2702 3504 3094 3559 commeatum,
3118 3501 3174 3550 et
3203 3506 3292 3548 res
3320 3505 3512 3547 neces-

242 3587 345 3651 τάς
382 3587 689 3657 ἀναγκαίας
719 3587 929 3659 τροφὰς
952 3585 1416 3661 προευτρεπίσῃς,
1454 3586 1577 3640 τότε
1611 3587 1707 3640 καὶ
1724 3602 1807 3639 πο-

1950 3588 2106 3645 ιπὶιιε
2135 3600 2246 3643 non
2299 3602 2597 3660 praeparas,
2651 3585 2809 3642 facile
2850 3587 3061 3656 absque
3115 3584 3371 3641 hostibus
3420 3599 3515 3639 su-

242 3678 449 3750 λεμίων
473 3680 644 3750 χωρὶς
675 3678 979 3752 ήττηθήσῃ.
1037 3679 1101 3733 Ἠ
1132 3678 1241 3749 γάρ
1274 3677 1477 3742 σπάνις
1506 3678 1603 3732 καὶ
1652 3676 1807 3733 ἐνδεκ

1944 3680 2206 3747 )eraheris
2252 3687 2519 3751 :egestas
2572 3678 2739 3742 enim,
2790 3685 2845 3734 et
2903 3677 3090 3746 inopia
3147 3682 3509 3740 commeatus,

244 3768 346 3837 τῆς
387 3769 631 3839 δαπάνης
688 3768 784 3823 καὶ
810 3769 935 3832 τοὺς
964 3768 1305 3841 στρατιώτας
1341 3769 1436 3824 καὶ
1474 3770 1602 3833 τοὺς
1628 3768 1809 3823 ῐπποω

1685 3786 1829 3835 τπους
1931 3779 2047 3828 tum
2079 3770 2306 3839 milites,
2332 3784 2446 3828 tum
2477 3786 2649 3843 equos
2668 3771 2833 3827 etiam
2858 3767 3250 3827 contabefacit.

246 3858 543 3928 ἐκλυθῆναι
576 3860 1011 3931 παρασκευάσει.

319 3948 412 4015 ξδ’.
444 3948 614 4004 Ὅταν
658 3953 772 4014 τοῖς
824 3951 976 4016 ίδίοις
1016 3951 1407 4025 καδαλλαρίοις
1467 3947 1684 4026 θαρῤᾔς
1733 3952 1829 4008 καὶ

2003 3961 2094 4016 64.
2126 3960 2186 4016 Si
2214 3959 2435 4031 quando
2478 3958 2829 4030 equestribus
2868 3958 3042 4028 cepiis
3084 3957 3197 4013 tuis
3237 3956 3411 4012 fretus
3434 3969 3514 4021 es,

251 4042 488 4111 μάλιστα
521 4045 634 4107 τοῖς
678 4042 817 4113 μετά
843 4045 1142 4114 κονταρίων
1183 4038 1514 4115 πολεμοῦσιν
1545 4045 1672 4108 τοὺς
1703 4061 1816 4097 στε·

1952 4061 1986 4108 :t
2016 4052 2084 4108 iis
2109 4052 2164 4107 in
2188 4052 2402 4124 primis,
2430 4051 2524 4121 qui
2566 4050 2766 4107 hastati
2792 4058 2942 4115 sunt,
2982 4057 3217 4121 angusta
3245 4059 3409 4116 atque
3434 4046 3517 4101 in-

246 4133 377 4194 νοὺς
439 4132 533 4183 κα)⁵
612 4132 934 4202 ἀνωμάλους
988 4134 1188 4197 τόπους
1263 4134 1519 4202 έκφευγε,
1586 4133 1809 4204 ὲπιζήτε

1951 4145 2168 4216 equalia
2196 4145 2316 4200 loca
2340 4143 2545 4210 devita,
2588 4151 2642 4199 et
2680 4143 2799 4198 loca
2833 4143 2994 4211 plana
3034 4140 3393 4211 expositaque
3418 4153 3516 4194 ex-

248 4223 308 4276 δὲ
362 4222 561 4285 τόπους
610 4223 846 4293 ὁμαλοὺς
891 4225 986 4279 καὶ
1031 4226 1179 4289 ῐσους
1210 4241 1224 4256 °
1260 4219 1534 4296 οὗτοι-γάρ
1570 4225 1677 4277 είσι
1722 4222 1813 4278 τοῖε

1953 4238 2137 4308 ιυίτες
2169 4237 2283 4293 haec
2315 4238 2461 4293 enim
2494 4243 2623 4291 sunt
2655 4235 2724 4289 iis
2767 4234 2861 4303 qui
2910 4235 2992 4288 sic
3027 4234 3374 4287 instruuntur
3401 4230 3518 4285 ido-

248 4313 395 4367 οῦτω
456 4315 959 4385 παρατασσομένοις
1011 4316 1278 4387 άρμόδιοι,
1323 4318 1415 4371 καὶ
1438 4314 1674 4370 ἐνταῦθα
1703 4332 1807 4384 συγ

1954 4346 2064 4394 mea,
2121 4330 2307 4402 ibique
2352 4330 2635 4385 committe
2696 4325 2966 4396 praelium.
3024 4324 3119 4380 Sin
3172 4323 3519 4394 pedestribus

251 4407 438 4477 κράτει
492 4407 584 4461 τὸν
634 4407 894 4479 πόλεμον.
955 4409 1017 4463 El
1050 4409 1108 4462 δὲ
1162 4406 1415 4472 πεζικαῖς
1464 4406 1688 4479 θαρρεῖς
1739 4406 1816 4461 δυ-

1956 4419 2118 4489 :Opiis
2149 4418 2323 4473 fretus
2350 4418 2449 4483 sis,
2508 4416 2816 4495 inaequalia,
2849 4414 3126 4469 condensa
3158 4422 3213 4469 et
3241 4413 3521 4483 asperiora

250 4499 503 4569 νάμεσιν,
560 4499 879 4570 ἀνωμάλους
938 4499 1033 4553 καὶ
1082 4497 1264 4561 δασεῖς
1320 4498 1414 4551 καὶ
1464 4498 1815 4571 τραχυτέρους

1464 4498 1833 4571 τραχυτέρους
1865 4496 1909 4552 Β
1939 4508 2057 4567 loca
2085 4508 2244 4582 elige,
2272 4517 2326 4565 et
2358 4511 2413 4565 in
2445 4510 2555 4566 illis
2583 4509 2781 4564 bellum
2811 4522 2988 4578 geras.

250 4591 511 4661 ὲπιλέγου
554 4593 775 4658 τόπους,
825 4590 920 4644 καὶ
955 4591 1012 4643 ὲν
1055 4587 1264 4651 τούτοις
1307 4588 1541 4642 ἐπιτέλει
1605 4589 1705 4661 τὴν
1735 4590 1838 4661 μά-

252 4697 380 4749 χην.

331 4769 423 4833 Es'.
475 4772 649 4845 ’Υπὲρ
710 4770 938 4825 σεαυτοῦ
984 4768 1078 4821 καὶ
1128 4766 1223 4821 τοῦ
1264 4768 1357 4822 σοῦ
1413 4768 1545 4823 λαοῦ
1594 4770 1843 4826 ἀντιδου-

2019 4774 2109 4833 65.
2141 4777 2195 4833 Si
2234 4777 2302 4832 de
2337 4784 2390 4833 te
2417 4777 2639 4847 tuisque
2665 4777 2843 4849 copiis
2871 4774 3164 4832 adversum
3192 4772 3401 4835 hostes,
3421 4772 3525 4826 ali-

252 4861 429 4933 λεύσῃ
463 4864 577 4933 (25)
634 4864 777 4918 κατά
803 4863 914 4915 τῶν
943 4861 1240 4930 πολεμίων,
1291 4863 1385 4916 καὶ
1426 4863 1527 4935 τὴν
1584 4865 1817 4935 τοιαύτη

1965 4866 2079 4938 ιυίἀ
2144 4867 2554 4935 dciiberavcris,
2605 4875 2661 4924 et
2713 4866 3010 4923 consilium
3060 4874 3215 4918 tuum
3274 4861 3530 4921 hostibus

256 4953 459 5024 βουλὴν
519 4954 762 5029 ἀκούσῃς
801 4954 1200 5025 προδεδομένην
1243 4956 1426 5020 αὐτοῖς
1451 4998 1465 5022 ,
1516 4956 1748 5011 καθόλου
1777 4960 1821 5009 τε

1965 4958 2284 5028 patefactum
2316 4976 2440 5017 esse
2461 4959 2822 5025 intellexeris,
2848 4973 3011 5014 omne
3030 4956 3323 5012 consilium
3351 4963 3530 5017 tuum.

259 5042 687 5114 βεϐουλευμένα,
744 5044 854 5097 εἴτε
908 5047 967 5097 ὲν
1039 5045 1365 5118 παρατάξει,
1425 5044 1534 5097 εἴτε
1566 5049 1623 5097 ἐν
1659 5044 1824 5098 ἄλλαι.

1965 5050 2099 5119 quod
2145 5050 2481 5112 intenderas.
2512 5050 2628 5105 sive
2671 5049 2729 5104 in
2780 5049 2902 5104 acie
2944 5048 3292 5112 instruenda,
3331 5048 3447 5101 sive
3476 5046 3530 5100 in

255 5137 734 5209 παραγγελίαις,ἢ
766 5139 1061 5209 σχήμασιν,
1095 5138 1446 5191 ὲναλλάσσειν
1471 5137 1730 5208 ὀφείλεις.

1956 5141 2078 5196 aliis
2118 5141 2578 5211 praaccptionibus
2612 5140 2917 5211 formisque
2938 5140 3032 5203 sit,
3066 5140 3371 5210 repudiato.

336 5226 445 5292 Eg’.
485 5230 589 5282 Σὺν
626 5229 839 5283 πλείοσι
889 5230 987 5299 μὲν
1030 5231 1161 5299 περὶ
1205 5222 1281 5284 ὧν
1322 5228 1536 5299 μέλλεις
1588 5230 1849 5302 πράττειν

2029 5228 2119 5284 66.
2152 5229 2287 5284 Cum
2318 5229 2570 5301 plurimis
2600 5229 2670 5286 de
2718 5232 2886 5287 rebus
2940 5230 3195 5302 gerendis
3249 5228 3532 5285 delibera:

259 5316 561 5385 βουλεύου,
592 5319 647 5372 τί
702 5320 760 5373 δὲ
816 5319 1039 5391 πράξεις
1093 5320 1191 5373 σὺν
1239 5319 1443 5388 ὀλίγοις
1490 5320 1583 5374 καὶ
1640 5318 1818 5372 τούτοι

1967 5319 2087 5390 quid
2126 5328 2183 5376 tu
2208 5321 2325 5391 ipse
2372 5320 2618 5376 facturus
2669 5321 2769 5387 sis,
2796 5335 2920 5377 cum
2954 5321 3164 5391 paucis,
3201 5320 3377 5390 iisque
3400 5317 3532 5373 lide-

261 5411 504 5475 πιστοῖς,
538 5410 600 5464 τὸ
642 5410 699 5464 δὲ
766 5411 1041 5483 συμφέρον
1086 5429 1180 5464 σου
1214 5450 1231 5477 ,
1290 5412 1462 5481 ῆγουν
1511 5409 1610 5481 τὴν
1660 5408 1826 5465 πασῶ·

1965 5410 2102 5467 libus
2140 5411 2434 5468 admodum
2459 5413 2826 5470 communica.
2850 5414 2990 5480 Quid
3023 5427 3153 5469 vero
3182 5412 3530 5483 potissimum

1793 5570 2023 5639 NOTAE,

343 5685 454 5753 (23)
504 5684 768 5755 Ἀφορᾷς.
803 5684 1179 5744 Scribehalur.
1206 5683 1481 5807 ἀφορμάς.
1734 5762 1739 5763 γ

344 5755 459 5807 (9.4)
491 5756 572 5807 Δι’
602 5796 615 5807 .
654 5796 667 5807 .
708 5799 721 5807 .
758 5759 864 5807 sic.
889 5754 1100 5807 Scribe.
1126 5753 1194 5807 δι’
1227 5754 1295 5807 ἢν
1322 5770 1346 5807 ε
1374 5773 1423 5807 c.

2025 5686 2138 5759 (25)
2181 5687 2656 5757 Ἀντισουλεύσῃ.
2679 5685 2899 5756 Scribe,
2926 5685 2992 5742 ἄν
3022 5702 3073 5740 τι
3100 5683 3387 5759 βουλεύσῃ.

344 5755 459 5827 (9.4)
491 5756 572 5811 Δι’
602 5796 615 5809 .
641 5753 667 5809 “.
708 5799 721 5811 .
758 5759 864 5823 είς.
889 5754 1100 5822 Scribe,
1126 5753 1194 5811 δι’
1227 5754 1295 5824 ἢν
1320 5753 1423 5820 είς.
