3964 6206
549 379 689 447 1031
1808 366 1999 427 LEON
2010 365 2080 426 ts
2106 366 2114 424 ἲ

2275 356 2568 423 .OSOPHI
3670 340 3840 413 103:

542 494 690 546 factu
721 487 818 553 sit,
851 486 919 557 et}
946 483 1089 556 quod
1121 498 1189 539 ex
1234 479 1489 535 omnibus
1531 475 1825 534 consilium
1861 486 1943 532 est
1979 475 2107 545 opti‘

2271 474 2474 528 ελλίονα
2514 468 2709 542 βουλὴν
2760 467 2902 521 κατά
2958 464 3182 519 σεαυτὸν
3226 462 3635 530 ἐπιλεξάμενος
3703 463 3836 515 κᾶτα

534 598 683 638 mum
721 580 862 649 apud
896 579 1126 646 teipsum
1156 574 1332 629 solum
1367 588 1545 627 serva.
2219 581 2330 633 εχε.

497 659 501 663 ’
608 674 692 727 67.
731 644 794 725 lit
827 644 1100 723 exercitus
1131 670 1357 737 integer,
1401 680 1464 719 ac
1518 664 1635 719 sine
1688 664 1796 717 ulla
1832 659 2062 731 pet-turb:

2286 653 2385 719 ξς.
2422 652 2538 706 Ἰνα
2554 652 2612 706 δέ
2665 650 2804 720 σοιή
2841 647 3171 718 ὲκστρατεία
3225 646 3433 709 ἄλυπος
3473 644 3828 714 διατηρῆταε

539 767 687 819 tione
714 762 805 823 sit,
838 760 919 814 vel
950 775 1014 813 eo
1044 757 1347 813 exercitum
1401 755 1607 817 ducito,
1642 753 1730 807 ubi
1766 760 2104 806 commeatus

2267 747 2311 798 ti.
2373 744 2684 817 ἐρρωμένη.
2758 743 2875 796 δέον
2908 759 2967 795 σε
2999 741 3033 811 ἢ
3062 740 3199 811 πρὸς
3246 740 3315 792 τὰ
3369 739 3683 806 ἐπιτήδεια
3733 738 3832 803 τῆς

534 865 825 919 rerumque
856 848 1292 904 necessariarum
1321 843 1656 899 abundantia
1679 850 1787 907 est,
1818 849 1911 895 aut
1930 840 2099 908 ipsum

2270 834 2411 904 ρείας
2453 834 2512 887 τὸ
2539 834 2855 903 στράτευμα
2896 830 3152 898 ἀπάγειν,
3180 830 3212 899 ἢ
3247 830 3387 881 αὐτὰ
3418 828 3489 880 τὰ
3531 824 3835 897 ἐπιτήδεια

533 950 921 1006 commeatum,
970 948 1022 994 et
1078 952 1166 993 res
1196 935 1541 992 necessarias
1593 931 1860 987 exercitui
1907 943 2098 1000 appor-

1671 931 1860 987 ercitui
1907 943 2109 1000 appor-
2218 926 2354 995 πρὸς
2382 925 2442 977 τὸ
2476 924 2791 995 στράτευμα
2825 922 3236 992 μετακομίζειν.

534 1036 695 1089 tabis.

602 1124 692 1179 68.
724 1121 838 1175 Non
867 1135 961 1190 per
988 1118 1363 1187 speculatores
1394 1118 1572 1175 solum
1604 1115 1986 1187 perlustranda
2021 1114 2109 1169 via

2284 1104 2388 1174 ξη’.
2421 1104 2495 1157 Ού
2543 1102 2632 1156 διὰ
2686 1099 2906 1155 σκοπῶν
2955 1100 3039 1152 δεῖ
3094 1099 3255 1168 μόνον
3301 1096 3669 1167 προερευνᾷν
3733 1096 3830 1156 τὰς

532 1216 808 1272 exercitus
830 1214 909 1267 tui
938 1218 1044 1277 est,
1068 1210 1161 1265 sed
1199 1220 1251 1265 et
1288 1218 1345 1263 tu
1372 1210 1693 1279 imperator,
1720 1208 1766 1261 si
1802 1204 2097 1265 commode

2265 1196 2388 1258 ἰοὺς,
2422 1192 2560 1247 ἀλλά
2602 1193 2694 1246 καὶ
2746 1191 3016 1257 αύτὺν,εί
3048 1188 3291 1253 δυνατὸν,
3344 1187 3441 1240 τὸν
3492 1186 3830 1255 στρατηγὸν

530 1316 586 1364 et
615 1308 753 1362 clam
783 1303 1010 1376 poteris,
1063 1302 1173 1357 tuis
1220 1300 1397 1371 ipsius
1427 1300 1605 1355 oculis
1634 1298 1817 1354 omnia
1845 1296 1961 1354 ioca
1990 1310 2095 1365 per-

2265 1286 2487 1356 ιθραίως
2530 1288 2643 1349 τοῖς
2690 1284 2914 1346 οἰκείοις
2968 1281 3269 1351 ὀφθαλμοῖς
3322 1279 3467 1348 μετά
3521 1278 3830 1349 ἀκριϐείας

530 1371 825 1463 vestigabis
858 1409 871 1446 :
920 1404 1094 1460 neque
1129 1388 1246 1441 vias
1294 1387 1493 1451 solum,
1553 1384 1648 1441 sed
1679 1384 1841 1439 etiam
1871 1383 2095 1436 bostiuu

2252 1378 2416 1441 αύτας
2476 1378 2792 1431 κατανοεῖνο
2861 1374 2957 1428 καὶ
2980 1374 3039 1427 οὐ
3078 1374 3239 1444 μόνον
3288 1373 3384 1436 τάς
3441 1373 3641 1438 ὁδοὺς,
3702 1371 3817 1424 ἀλλ’

534 1460 951 1542 adventantium
993 1478 1421 1542 multitudinem,
1452 1486 1505 1530 et
1550 1476 1770 1530 illorum
1811 1473 2006 1537 aciem,
2052 1478 2099 1524 ul

2260 1470 2330 1536 Γγε
2376 1466 2598 1521 δυνατὸν
2657 1466 2751 1519 xui
2776 1466 2837 1518 τὸ
2864 1464 3069 1535 πλῆθος
3130 1462 3240 1515 τῶν
3267 1460 3689 1532 ἐπερχομένων
3732 1475 3825 1511 ποι

535 1580 663 1633 inde
691 1589 748 1632 tu
785 1578 1089 1631 instructus
1143 1571 1323 1641 possis
1377 1569 1444 1623 ad
1502 1578 1717 1622 tuorum
1774 1567 2100 1626 salutcm,et

2265 1560 2437 1629 εμίων.
2490 1560 2584 1612 καὶ
2642 1557 2738 1628 τὴν
2801 1557 2957 1621 τάξιν
3012 1555 3237 1617 αὐτῶν,
3307 1555 3382 1616 ὡς
3437 1554 3507 1605 ἂν
3569 1550 3830 1604 ἐντεῦθεν

537 1666 778 1721 hostium
815 1662 1173 1719 offensionem
1206 1658 1388 1714 omnia
1413 1660 1744 1727 excogitare.

2359 1648 2597 1719 πκόμενος
2656 1647 2880 1701 δύναται
2930 1648 3022 1699 καὶ
3101 1647 3223 1699 κατ’
3280 1644 3463 1698 αὐτῶν
3530 1644 3640 1695 καὶ
3696 1643 3831 1709 ύπὲρ

2208 1738 2405 1795 εαυτοῦ
2458 1739 2716 1810 ἀσφαλῶς
2771 1741 2840 1793 τά
2872 1737 3197 1807 ἐνδεχόμενα
3248 1738 3487 1789 ἐπινοεῖν
3546 1736 3662 1789 καὶ
3706 1736 3836 1803 μεθ·
3924 1746 3925 1749 ‘

2136 1825 2183 1884 Β
2211 1832 2434 1887 οδεύειν.

606 1928 692 1982 69.
740 1928 1105 1982 Formidinem
1158 1924 1416 1987 militum,
1441 1937 1505 1977 ac
1551 1922 1861 1976 animorum
1908 1918 2114 1974 demis-

2299 1922 2397 1987 Εθ’.
2444 1920 2655 1993 ’Υψηλῇ
2699 1920 2912 1993 διανοίᾳ
2941 1922 3039 1991 τὴν
3072 1919 3501 1989 ὲμπισουμὲνην
3563 1927 3711 1973 ποτε
3732 1919 3836 1972 δει-

537 2019 745 2072 sionem
785 2017 849 2071 ad
877 2016 1310 2087 magnitudinem
1342 2012 1508 2066 animi
1546 2009 1849 2072 revocabis,
1883 2018 1937 2063 et
1983 2008 2102 2061 arti-

2273 2015 2343 2067 ἀν
2386 2014 2499 2076 τοῖς
2544 2012 2903 2081 στρατιώταις
2933 2008 3227 2074 ἀνακαλοῦ,
3254 2009 3349 2063 xui.
3375 2008 3616 2078 τέχναις
3643 2008 3838 2077 διατρύ-

536 2110 639 2164 bus
671 2109 860 2170 variis,
895 2122 958 2161 ac
1007 2105 1186 2161 modis
1252 2104 1376 2159 illos
1422 2100 1806 2163 exsuscitabis,
1843 2100 2101 2154 interduu

2269 2122 2344 2167 οις
2400 2104 2480 2165 είς
2530 2102 2730 2174 θάρσος
2759 2104 2985 2166 τούτους
3007 2103 3272 2170 ἐπάναγε,
3306 2100 3441 2154 ποτὲ
3480 2100 3598 2171 μὲν
3625 2101 3834 2169 λόγοις,

532 2199 807 2261 oratione,
869 2195 1143 2251 interdum
1200 2193 1360 2249 donis
1407 2191 1741 2254 sublevabis,
1771 2197 1824 2245 et
1876 2190 2097 2259 abjectal

2274 2194 2357 2248 οτὲ
2377 2194 2435 2247 δὲ
2463 2192 2659 2263 δώροις
2711 2193 3117 2261 ἀνακτώμενος,
3176 2192 3271 2246 καὶ
3332 2191 3472 2261 πρὸς
3554 2190 3839 2261 εὐθυμίαν

532 2291 754 2343 illorqu
833 2297 1043 2343 mentes
1122 2285 1191 2341 ad
1259 2284 1497 2355 aliquam
1552 2281 2002 2353 tranquillitatem
2056 2295 2097 2334 at

1353 2298 1497 2355 [nam
1552 2281 2002 2353 tranquillitatem
2056 2295 2119 2336 ac
2230 2285 2507 2357 μεθέλκων
2534 2285 2634 2355 τὴν
2660 2284 2918 2357 ἀθυμίαν.

532 2383 915 2437 strenuitatem
941 2380 1142 2451 eriges.

607 2472 693 2526 70.
759 2471 956 2541 Aliqua
1007 2470 1173 2525 etiam
1230 2482 1512 2525 sacrorum
1575 2464 1901 2536 templorum
1956 2473 2118 2534 atque

2299 2466 2365 2522 θ’.
2408 2466 2607 2532 Καλὸν,
2636 2467 2695 2522 ὲν
2738 2467 2908 2521 παντὶ
2961 2469 3141 2540 καιρῷ
3195 2470 3359 2539 τιμᾷν
3397 2469 3497 2521 καὶ
3563 2468 3831 2522 σέϐεσθαι

537 2564 799 2619 asilorum
852 2562 1044 2631 religio
1080 2562 1170 2625 sit,
1221 2569 1277 2616 et
1319 2568 1741 2623 conserventur,
1792 2558 1886 2626 qui
1934 2555 2001 2610 ad
2048 2564 2102 2610 ea

2265 2558 2345 2622 ab;
2388 2558 2565 2629 ίεροῦς
2610 2557 2706 2612 τοῦ
2769 2559 2906 2613 Θεοῦ
2956 2562 3141 2624 ναοὺς,
3176 2560 3415 2629 μάλιστα
3447 2560 3506 2614 δὲ
3540 2562 3643 2614 καὶ
3668 2563 3736 2614 ἐν
3759 2563 3830 2631 τῷ

528 2654 651 2707 ioca
684 2650 1090 2722 profugerunt:
1136 2664 1312 2719 neque
1354 2658 1416 2702 tu
1472 2662 1651 2716 neque
1702 2662 1767 2702 ex
1813 2646 1919 2701 tuis
1952 2644 2093 2715 quis‘

2265 2650 2449 2717 τύλους
2472 2653 2670 2716 αὐτοὺς
2702 2653 3076 2726 διατηρείσθαι
3097 2656 3177 2718 είς
3191 2655 3320 2716 τοὺς
3347 2656 3405 2708 ἐν
3430 2656 3619 2717 αὐτοῖς
3650 2672 3830 2724 προσ-

535 2758 697 2812 quam
728 2758 843 2805 eos,
876 2740 969 2809 qui
1030 2739 1096 2793 ad
1145 2753 1299 2792 sacra
1357 2736 1723 2802 confugerunt
1769 2736 1959 2791 violes.
1996 2735 2100 2790 Eos

2263 2741 2513 2810 εύγοντας
2534 2760 2549 2775 ο
2582 2742 2670 2797 διὰ
2696 2743 2851 2797 τοῦτο
2874 2745 3281 2815 παραφύλαττε,
3310 2739 3357 2799 ὦ
3391 2746 3695 2816 στρατηγὲ,
3732 2745 3828 2798 καὶ

532 2838 741 2892 autem,
791 2828 882 2896 qui
923 2826 1029 2880 tale
1090 2825 1293 2893 aliquid
1353 2832 1592 2893 patrant,
1640 2822 1792 2892 justo
1842 2823 2097 2893 supplicic

2265 2831 2359 2900 ήτε
2386 2832 2451 2886 σὺ
2482 2832 2667 2899 αὐτὸς,
2724 2835 2870 2905 μήτε
2910 2836 2989 2898 εῐς
3013 2850 3134 2891 τινα
3170 2834 3361 2905 ἕτερον
3405 2834 3686 2907 καταδέξῃ
3712 2835 3827 2887 ἀπὸ

532 2920 840 2976 'cocrcebis.
2221 2919 2367 2975 θείου
2424 2923 2553 2978 ναοῦ
2610 2925 2930 2980 ἀποσπᾶσαί
2962 2943 3081 2979 τινα
3114 2927 3300 2993 ίκέτην
3347 2927 3825 2995 καθήμενον,ἔως

537 3014 601 3068 Ξν
628 3014 720 3066 τοῦ
779 3014 986 3067 δικαίου
1045 3012 1206 3064 αὑτοῦ
1240 3012 1489 3084 ἐπιτύχῃ.
1541 3012 1677 3074 Τοὺς
1705 3010 1763 3065 δέ
1792 3018 1844 3065 τι
1874 3010 2115 3066 τοιοῦτον
2153 3016 2465 3087 τολμῶντας
2486 3020 2561 3085 ὡς
2594 3021 2810 3086 ἀσεϐεῖς
2838 3022 3056 3088 κόλαζε,
3092 3023 3177 3076 ἵνα
3233 3022 3307 3093 μὴ
3337 3022 3404 3075 τὰ
3465 3022 3590 3076 θεῖα
3647 3037 3815 3075 κατα»

538 3109 877 3179 φρονοῦνται.

607 3184 697 3252 τι.
740 3199 823 3253 Ab
871 3198 1019 3252 omni
1051 3198 1268 3267 negotio
1305 3198 1632 3261 domestico,
1686 3206 1851 3268 atque
1908 3200 2108 3269 in]uria
2138 3208 2172 3267 (ζ

2284 3200 2381 3256 οα’.
2426 3203 2757 3272 Ἀγγαρείας
2824 3202 3048 3271 ἀπάσης
3098 3202 3377 3271 ἰδιωτικῆς
3432 3202 3526 3255 καὶ
3584 3203 3816 3265 ἀδικίας

538 3290 765 3347 liberam
799 3289 1009 3359 plebem
1060 3298 1207 3343 tuam
1263 3290 1639 3356 conservabis,
1668 3306 2007 3361 quaecunque
2061 3293 2103 3346 in

2262 3291 2501 3362 ιεύθερον
2560 3291 2793 3359 φύλαττε
2846 3292 2937 3345 τὸν
2986 3293 3092 3347 ὑπὸ
3152 3292 3213 3344 σὲ
3265 3292 3579 3359 τεταγμένον
3650 3292 3827 3354 λαὸν,

536 3385 782 3439 exercitu
843 3393 945 3448 est,
982 3394 1034 3439 et
1064 3399 1184 3454 qua:
1232 3394 1586 3439 exauctorata
1636 3394 1739 3439 est.
1793 3384 1938 3440 Satis
1969 3385 2101 3441 Cllitl‘

2264 3398 2329 3435 τοι
2361 3382 2454 3434 τοῦ
2471 3382 2705 3450 στρατοῦ
2724 3384 2853 3447 εἰσι,
2888 3383 2980 3437 καὶ
3010 3383 3125 3436 ὅσοι
3154 3384 3251 3453 τῆς
3272 3380 3556 3451 λεγομένης
3590 3378 3829 3444 ὲεατω-

541 3476 645 3530 illis
672 3483 755 3530 est
797 3475 1063 3529 tributum
1110 3475 1386 3543 publicum
1434 3475 1694 3545 pendere,
1734 3476 1991 3547 nullaque
2012 3477 2106 3531 alia

2265 3471 2344 3534 ίας
2394 3469 2506 3542 (9.6)
2536 3486 2549 3501 '
2577 3471 2738 3541 ἀρκεῖ
2801 3470 2910 3539 γὰρ
2960 3470 3143 3532 αὐτοῖς
3176 3469 3349 3522 τελεῖν
3384 3466 3505 3529 τούς
3540 3482 3606 3517 τε
3635 3466 3830 3537 δημος

542 3580 595 3620 re
624 3568 819 3634 premi.
854 3564 908 3618 Si
936 3566 1218 3621 castellum
1244 3566 1486 3636 aliquod,
1531 3576 1624 3621 aut
1652 3576 1828 3637 porta,
1861 3576 1954 3623 aut
1981 3584 2107 3639 pons

2265 3562 2371 3626 [ους
2431 3562 2631 3634 φόρους
2692 3563 2785 3615 καὶ
2817 3561 2885 3614 τὰ
2909 3560 3233 3631 ἐπικείμενα
3268 3560 3447 3621 αὐτοῖς
3479 3556 3690 3629 ἀερικά
3729 3561 3830 3611 καὶ

539 3654 909 3710 conﬁciendus
968 3654 1062 3719 sit,
1124 3656 1208 3710 vel
1275 3656 1363 3709 via
1420 3657 1600 3727 aliqua
1658 3659 1974 3724 sternenda,
2019 3668 2104 3714 aut

2259 3653 2390 3724 ,ηδὲν
2416 3653 2574 3707 πλέον
2606 3653 3057 3721 καταϐαρείσθαι.
3096 3651 3220 3705 Ἐἀν
3268 3650 3362 3720 δέη
3408 3648 3522 3719 (Ξῖ)
3570 3665 3824 3718 κατι-τρο-

536 3745 683 3800 aliud
716 3745 847 3816 quid
889 3747 1167 3816 publicum
1213 3749 1610 3803 exstruendum
1664 3760 1766 3813 est,
1809 3766 1985 3821 neque
2016 3767 2101 3820 pu-

2262 3741 2406 3795 τισία
2466 3741 2717 3812 γένηται,
2752 3742 2786 3813 ἢ
2822 3740 3212 3812 καραϐοποιία,
3277 3740 3311 3808 ἦ
3370 3737 3625 3808 γεφύρας
3683 3740 3825 3792 ἀνάσ-

536 3838 693 3891 blicis
722 3837 901 3891 :erarii
942 3837 1198 3905 expensis
1245 3838 1454 3892 absolvi
1495 3847 1696 3907 potest,
1735 3841 2101 3911 unusquisqut

2260 3850 2418 3899 τισις,
2460 3834 2493 3903 ἢ
2537 3834 2653 3887 ὀδοῦ
2698 3835 3065 3897 κατάστασις,
3128 3832 3160 3901 ἢ
3220 3829 3441 3899 ἀνάγκη
3493 3846 3583 3891 τις
3652 3829 3825 3899 ἑτέρα

540 3934 653 3976 tum
683 3938 749 3977 ex
779 3939 936 3993 aequo
968 3926 1094 3979 huic
1120 3927 1269 3993 operi
1296 3926 1583 3990 inserviat,
1628 3942 1898 3998 nemoque
1920 3929 1987 3981 ab
2012 3928 2105 3982 hac

2258 3926 2329 3978 ὦν
2384 3925 2660 3996 δημοσίων
2692 3926 3037 3996 διοικήσεων,
3096 3925 3189 3978 καὶ
3234 3924 3335 3977 ούκ
3362 3924 3604 3993 ἐπαρκεί
3631 3922 3698 3975 τὸ
3720 3940 3823 3974 και

542 4026 601 4066 rc
624 4022 918 4067 excusetur
940 4029 1116 4083 neque
1143 4016 1408 4079 amicitia,
1444 4031 1620 4086 neque
1641 4017 1820 4080 donis,
1850 4025 1906 4070 ut
1931 4018 1996 4071 ab
2026 4016 2107 4071 of-

2258 4016 2403 4069 ἀτὸν
2466 4018 2631 4069 τόπον
2689 4016 2946 4087 δημόσιον
3016 4015 3106 4069 διὰ
3158 4013 3353 4085 μισθοῦ
3414 4011 3599 4066 ταῦτα
3643 4014 3823 4081 ἐργά-

538 4102 664 4158 iicio
698 4118 800 4158 suo
829 4103 992 4169 absit,
1017 4106 1111 4159 sed
1139 4104 1288 4173 justa
1338 4114 1391 4160 et
1419 4116 1568 4160 certa
1611 4123 1734 4162 cum
1760 4110 2103 4179 proportione

2261 4106 2429 4162 εσθαι.
2458 4108 2589 4161 Τότε
2621 4108 2763 4179 μετά
2804 4107 2898 4161 τοῦ
2932 4108 3141 4162 δικαίου
3172 4107 3333 4175 λόγου
3362 4106 3461 4159 καὶ
3496 4105 3603 4175 τῆς
3635 4104 3826 4174 iaetu-

539 4198 920 4267 unusquisque
967 4205 1081 4251 tum
1122 4197 1297 4262 dives,
1350 4205 1465 4253 tum
1508 4215 1714 4269 pauper
1761 4215 1857 4269 pro
1905 4200 2104 4257 viribus

2261 4216 2307 4263 ος
2359 4200 2599 4264 ἅπαντες
2651 4200 3077 4261 δουλευέτωσαν,
3114 4200 3209 4253 καὶ
3238 4199 3427 4269 μηδεὶς
3478 4197 3637 4268 παρὰ
3672 4213 3826 4259 τινος

541 4287 656 4342 suis
679 4289 953 4357 publicum
990 4287 1275 4343 servitium
1304 4298 1543 4359 prastat.

2263 4290 2791 4363 ξκουσευὲ[τω]σθω,
2824 4293 2962 4361 μήτε
2986 4291 3072 4344 διὰ
3099 4290 3308 4361 δώρων,
3345 4293 3481 4360 μήτε
3511 4290 3606 4343 διά
3629 4288 3828 4357 φιλίαν

539 4373 639 4441 τῆς
688 4375 939 4447 τοιαύτης
983 4378 1227 4441 δουλείας
1274 4380 1761 4449 ἀπολιμπανέσθω,
1802 4380 1937 4435 ἀλλὰ
1971 4382 2109 4435 κατά
2148 4380 2369 4450 ἀλογίαν
2406 4387 2503 4455 τῆς
2534 4382 2648 4454 (28)
2676 4382 2960 4452 δυνάμεως
2991 4380 3157 4435 αὑτοῦ
3190 4383 3415 4443 ἕκαστος
3478 4381 3577 4434 καὶ
3654 4378 3829 4432 πλού-

542 4480 655 4530 σιος
706 4468 801 4520 καὶ
864 4470 1030 4537 πένης
1077 4471 1175 4541 τὴν
1238 4471 1507 4541 δημοσίαν
1563 4474 1804 4529 δουλείαν
1853 4475 2292 4530 ὲπιτελείτωσαν.
2591 4529 2601 4535 .

614 4559 702 4613 72.
727 4559 957 4615 Militum
986 4563 1037 4616 in
1059 4562 1202 4617 bello
1229 4565 1567 4631 cadentium,
1600 4574 1762 4637 atque
1795 4584 1986 4623 eorum
2016 4584 2108 4638 po-
2145 4571 2179 4624 lJ

2288 4566 2386 4637 οβ’.
2437 4566 2579 4636 Ἱερά
2636 4568 2838 4621 εἰσιτά
2895 4568 3002 4621 τῶν
3062 4564 3436 4633 τελευτώντων
3477 4564 3535 4616 ἑν
3588 4563 3830 4635 πολέμῳ

539 4652 839 4715 tissimum,
885 4652 979 4722 qui
1011 4662 1237 4709 strenue
1275 4670 1334 4711 se
1360 4666 1578 4726 gerunt,
1602 4668 1657 4712 et
1680 4673 1783 4728 pro
1814 4658 1915 4713 ﬁde
1954 4659 2104 4713 Chri-

2265 4659 2575 4725 τρατιωτῶν
2633 4658 2897 4727 σώματα,
2947 4658 3038 4712 καὶ
3104 4658 3337 4728 μάλιστα
3394 4654 3502 4707 τῶν
3547 4655 3830 4723 ἀριστευ-

541 4743 718 4796 stiana
756 4745 953 4797 mortui
987 4751 1141 4807 sunt,
1191 4757 1425 4814 corpora
1483 4746 1709 4802 honeste
1760 4748 2106 4817 sepeliantur,

2266 4748 2467 4816 άντων,
2515 4750 2573 4802 ἐν
2620 4752 2686 4820 τῇ
2743 4749 2881 4821 ὑπὲρ
2928 4749 3037 4801 τῶν
3083 4745 3424 4819 Χριστιανῶν
3468 4744 3647 4814 μάχῃ.
3714 4746 3829 4798 Καὶ

541 4850 748 4904 eosque
788 4836 933 4890 bona
981 4842 1145 4905 atque
1192 4837 1420 4892 bonesta
1457 4839 1935 4894 commendatione
1972 4855 2106 4894 mort

2264 4840 2397 4892 αῦτα
2457 4839 2633 4909 χρεὼν
2661 4842 2725 4894 ἐκ
2752 4840 2953 4903 παντὸς
2974 4840 3175 4909 τρόπου
3196 4839 3363 4911 τιμᾷν
3394 4836 3560 4900 ὁσίως
3587 4837 3694 4890 κα).
3729 4854 3829 4890 τα-

541 4936 667 4983 tuos
698 4940 1117 4997 prosequamur.
1142 4924 1248 4980 Sed
1290 4936 1345 4981 et
1376 4927 1531 4983 liberi
1577 4928 1816 4995 illorum,
1850 4938 1902 4982 et
1926 4930 2106 4999 conju-

2263 4931 2337 4999 Γῆς
2388 4930 2569 4997 ἀξιοῦν
2616 4932 2710 4986 καὶ
2761 4932 2983 5002 μνήμης
3036 4932 3387 5002 ἀειμνήστου,
3434 4927 3575 4982 ἀλλὰ
3628 4930 3828 4982 καὶτὰ

544 5033 663 5087 ges,
690 5018 1058 5088 universaque
1094 5015 1329 5081 familia,
1364 5025 1457 5071 tua
1486 5018 1829 5088 providentia
1865 5035 1929 5075 ac
1984 5036 2109 5089 prte-

2267 5022 2395 5075 ἑκνα
2424 5022 2627 5076 τούτων
2648 5023 2742 5077 καὶ
2770 5024 2869 5085 τὰς
2894 5022 3141 5093 γαμετὰς
3173 5023 3268 5077 καὶ
3294 5022 3419 5085 τοὺς
3445 5020 3605 5084 ὅλους
3626 5020 3828 5082 οἴκους

543 5107 686 5163 sidio
717 5109 953 5164 alantur.
988 5110 1065 5164 ita
1104 5110 1248 5165 enim
1278 5108 1486 5165 milites
1534 5109 1766 5174 alacres,
1800 5118 1964 5179 atque
1989 5111 2108 5166 inci-

2272 5114 2409 5167 ύτῶν
2463 5113 2580 5167 δέον
2625 5115 2722 5183 τῆς
2775 5114 2927 5186 παρά
2986 5112 3079 5166 σοῦ
3128 5113 3380 5183 προνοίας
3417 5110 3831 5179 ἀπολαύειν,ὦ

544 5200 641 5253 tati
700 5198 768 5253 ad
817 5199 1007 5256 bellica
1055 5199 1293 5270 pericula
1351 5200 1701 5271 suscipienda
1745 5210 1927 5266 erunt,
1964 5201 2007 5257 si
2064 5203 2109 5257 in

2267 5202 2526 5273 τρατηγὲ,
2574 5202 2667 5254 καὶ
2717 5202 3035 5273 ἐπιμελείας
3091 5199 3595 5269 καὶ,ἀντιλήψεως.
3627 5200 3831 5263 Οὕτως

547 5292 766 5347 illorum
805 5306 1032 5350 excessu
1067 5308 1097 5349 e
1128 5295 1236 5348 vita
1271 5302 1518 5359 cernant,
1565 5293 1693 5363 quid
1728 5301 1913 5363 postea
1948 5309 2024 5357 se,
2062 5307 2112 5346 ac

2270 5294 2338 5361 ἀρ
2365 5294 2413 5345 oi
2446 5292 2773 5364 στρατιῶται
2838 5294 2930 5345 καὶ
2989 5291 3214 5363 εὔψυχοι
3240 5292 3336 5345 καὶ
3368 5290 3647 5361 πρόθυμοι
3684 5292 3832 5363 πρὲις

550 5384 667 5437 suis
694 5382 802 5447 iiut,
835 5384 880 5438 si
916 5399 977 5439 se
1009 5394 1263 5439 strenuos
1288 5385 1343 5439 in
1384 5383 1528 5439 bello
1564 5384 1853 5453 gesserint.
2005 5367 2022 5380 ”

2268 5386 2359 5447 οῦς
2416 5384 2745 5455 πολεμικοὺς
2803 5384 3084 5446 κινδύνους
3117 5384 3459 5454 γενήσονται,
3488 5384 3546 5434 ὲν
3581 5384 3833 5447 ἐκείνοις

551 5470 838 5539 βλέποντες
872 5476 923 5528 τί
964 5475 1141 5537 αὐτοῖς
1186 5475 1522 5545 συμϐήσεται
1549 5476 1686 5546 μετά
1719 5475 1780 5529 τὸ
1814 5475 1983 5541 τέλος,
2021 5475 2115 5528 ὲὰν
2151 5474 2447 5546 προθύμως
2474 5475 2892 5547 ἀριστεύσαντες
2915 5474 3305 5542 ἀγωνίζωνται.

2098 5563 2331 5622 ΝΟΤᾸΞ.

623 5649 731 5730 (9-6)
774 5654 1154 5730 Ἓξτζτωῼίας.
1185 5657 1398 5730 Scribe,
1420 5656 1937 5730 ὲξαυτωρείας.Ᾱ]ειῐη
1965 5655 2126 5730 ἐξαυ-

1742 5656 1937 5730 ις.)ειηι
1965 5655 2126 5730 seuu-
2308 5658 2421 5730 (ετ)
2459 5658 2613 5730 fear
2642 5659 2769 5726 δέη.
3037 5656 3144 5730 *ἐὰν
3166 5656 3221 5709 δι
3241 5658 3307 5730 μη.

551 5719 872 5840 τωριεΐῗιὼρει
904 5719 1179 5790 Latinum,
1206 5719 1615 5781 mmmam.
1633 5719 2116 5783 'Videﬂtossariuin

552 5803 651 5844 nos
808 5825 823 5838 ο

1772 5719 2120 5782 [Glossarium
2298 5719 2414 5800 (ἳὸ)
2456 5719 2743 5798 Moriar.
2783 5728 2992 5797 Scribe,
3008 5719 3011 5720 ⁷
3027 5719 3337 5795 ἀναλογίαν.
