3964 6206
163 328 301 397 r033.

213 457 305 521 ογ’.
362 452 723 523 Παρασκευῆς
760 451 859 524 τῆς
888 453 945 507 ἐν
976 454 1234 525 πολέμοις
1283 456 1608 526 ὀφειλούσης
1642 456 1717 527 μὴ
1748 456 1800 522 Α

149 543 347 612 ἀμέλει,
399 536 444 597 ὦ
512 543 805 615 στρατηγὲ,
866 544 1006 599 κατά
1050 545 1143 599 τὸν
1195 545 1390 616 καιρὸν
1453 544 1551 601 τοῦ
1603 563 1715 616 χει-

150 633 352 703 μῶνοςο
400 634 487 688 ἵνα
542 632 637 688 τοῦ
686 634 847 707 ἔαρος
895 637 1280 709 ἐπιγινομένου
1330 639 1715 709 ἀνυστερήτως

148 724 235 777 καὶ
264 723 669 794 ἀνεμποδίστως
688 726 791 796 τὴν
812 708 1361 801 στρατείανὲξάγῃς.
1594 708 1599 709 ν
1708 708 1711 715 1

212 815 297 870 (ιδ’.
339 815 579 886 Ῥήμασι
610 816 914 888 πειθηνίοις
936 818 1115 889 ὁμίλει
1174 822 1416 891 συνεχῶς
1454 821 1532 891 τῷ
1576 823 1717 893 πλή-

150 907 223 961 θει
265 906 373 962 τῶν
432 909 802 979 στρατιωτῶν,
858 910 1001 964 ὥστε
1051 914 1300 981 ὁμονοεῖν
1330 914 1530 977 αὐτοὺς
1558 917 1619 966 ὲν
1639 915 1718 984 τῷ

151 996 310 1069 καιρῷ
337 998 439 1068 τῆς
496 1000 703 1070 μάχης,
759 1001 856 1055 καὶ
911 1002 1142 1072 φιλικῶς
1175 1005 1376 1067 αὐτοὺς
1412 1005 1718 1059 διακεῖσθαι

152 1089 443 1160 ἑπιτήδευε,
492 1091 578 1144 ἵνα
607 1091 780 1162 ἡδέως
821 1092 964 1163 ὑπὲρ
1018 1094 1266 1166 ἀλλήλων
1307 1096 1721 1164 συναγωνίζων-

149 1198 249 1243 ται.

217 1279 303 1327 οε¹.
330 1274 502 1329 Ὅταν
544 1276 820 1347 δημοσίως
862 1275 1181 1348 παρατάξῃς
1221 1277 1532 1349 σύμμικτον
1558 1296 1720 1351 στρα-

147 1364 249 1429 τὸν,
280 1366 448 1437 ἧγουν
499 1367 684 1432 πεζῶν
734 1369 869 1439 ὁμοῦ
906 1369 1001 1422 καὶ
1037 1369 1441 1441 καϐαλλαρίων,
1464 1372 1592 1436 τοὺς
1617 1372 1718 1443 μὲν

148 1456 334 1522 πεζοὺς
374 1458 505 1512 δέκα
541 1458 602 1513 τὸ
636 1458 819 1529 βάθος,
883 1460 1051 1533 ἦγουν
1101 1463 1198 1516 ἐπὶ
1253 1462 1389 1517 δέκα
1439 1464 1500 1515 τδ
1548 1464 1721 1534 πάχος

147 1550 383 1619 ποιήσεις
439 1552 566 1616 τοὺς
614 1550 858 1623 ὀρδίνους
880 1569 893 1583 ·
947 1553 1075 1617 τοὺς
1105 1554 1163 1608 δὲ
1191 1555 1600 1627 καθαλλαρίους
1632 1542 1727 1609 ὲκ-

151 1641 324 1708 τάξεις
380 1641 569 1715 ὥσπερ
636 1644 730 1699 δύο
784 1644 994 1716 κέρατα
1021 1646 1174 1701 ἔνθεν
1204 1646 1464 1702 κάκεῖθεν
1486 1647 1592 1725 πρὸ
1620 1649 1721 1718 τῆς

147 1733 516 1804 παρατάξεως.

1182 339 1519 400 TACTICA.
1560 362 1629 372 --
1662 334 2169 400 CONSTITUTIO
2207 333 2333 393 XX.

3258 328 3403 398 103‘

1899 451 1984 505 75.
2020 448 2093 504 Ea
2118 462 2240 519 quas
2292 444 2363 501 ad
2411 443 2616 500 bellum
2654 441 2929 515 pertinent
2955 441 3131 498 hieme
3161 444 3403 513 parabis,

1828 548 1888 595 ut
1914 554 2039 594 vere
2074 539 2298 594 ineunte
2333 535 2486 595 nulla
2529 550 2589 601 re
2639 532 2927 601 defectus,
2964 541 3059 588 aut
3107 535 3404 593 destitutus

1825 633 2072 704 praelium
2106 633 2249 697 inire
2282 629 2482 701 possis.

1897 839 1985 894 74.
2028 836 2288 899 Oratione
2332 834 2531 891 blanda
2562 847 2627 888 ac
2688 832 2922 903 benigna
2956 831 3158 887 milites
3190 845 3415 903 semper

1824 928 2148 998 appellabis,
2180 937 2235 983 et
2264 926 2649 981 exhortaberis
2688 933 2749 980 ut
2777 924 2921 979 inter
2950 938 3009 978 se
3034 923 3402 985 consentiant,

1824 1029 1880 1075 et
1908 1020 2173 1077 benevolo
2202 1018 2389 1073 animo
2413 1026 2530 1073 toto
2563 1016 2668 1072 hoc
2699 1017 2873 1087 praelii
2905 1024 3153 1088 tempore
3178 1015 3321 1071 inter
3347 1029 3407 1069 se

1825 1113 1957 1179 sint,
1992 1119 2052 1167 ut
2085 1111 2327 1169 alacrius
2352 1125 2411 1169 se
2435 1116 2627 1165 mutuo
2656 1107 2972 1165 defendant.

1898 1289 1988 1345 75.
2032 1287 2138 1344 Ubi
2186 1287 2458 1359 publicam
2505 1286 2745 1357 aliquam
2792 1285 2965 1341 aciem
2998 1291 3054 1339 et
3086 1281 3405 1353 permistam

1821 1397 1891 1438 ex
1922 1381 2168 1453 equitatu
2200 1389 2254 1435 et
2287 1380 2531 1451 peditatu
2563 1377 2795 1435 instruis
2822 1418 2837 1444 ,
2876 1377 3175 1447 peditatum
3206 1375 3274 1430 ad
3313 1375 3403 1429 de-

1825 1489 1944 1543 cem
1975 1474 2221 1529 virorum
2255 1471 2597 1527 altitudinem
2625 1485 2720 1540 per
2745 1468 3105 1524 contubernia
3138 1467 3404 1528 instrues,

1824 1566 2040 1636 equites
2077 1571 2257 1619 autem
2315 1563 2476 1631 quasi
2508 1562 2621 1617 duo
2654 1575 2861 1616 cornua
2894 1560 3021 1615 hinc
3052 1568 3217 1630 atque
3256 1559 3407 1627 illinc

1828 1654 2071 1726 peditum
2103 1651 2418 1708 collocabis.

206 1801 305 1889 (ις’.
358 1826 686 1896 Σρατιωτῶν
723 1831 990 1899 γενναίων
1017 1830 1313 1902 δοκιμασία
1355 1832 1586 1900 γίνεται,
1620 1831 1717 1886 ὲάν

1894 1837 1983 1893 76.
2028 1836 2271 1907 Spectati
2321 1834 2523 1891 milites
2576 1838 2683 1889 hoc
2726 1831 2890 1888 modo
2944 1829 3323 1902 explorantur,
3359 1828 3407 1884 si

141 1917 467 1984 ἀγνοούντων
526 1920 706 1975 αὐτῶν
765 1921 959 1992 ἀθρόον
988 1921 1194 1977 κτύπον
1231 1923 1374 1990 τινὰ,
1415 1926 1535 1988 ἦτοι
1580 1921 1719 1996 ἦχον

144 2010 365 2080 μέγανῆ
399 2012 711 2081 τυμπάνου,
743 2014 775 2083 ἢ
810 2014 1003 2085 ἐτέρου
1054 2014 1196 2079 τινὸς
1237 2014 1494 2079 ἐξαισίου,
1553 2033 1720 2086 προσ-

139 2103 300 2173 φέρῃς
356 2104 780 2176 ἀπροσδοκήτως
809 2123 823 2137 ο
865 2107 928 2159 τό
985 2124 1044 2159 τε
1092 2106 1200 2179 γᾶρ
1238 2108 1364 2171 τοὺς
1415 2108 1490 2179 μὴ
1550 2125 1721 2162 κατα·

138 2193 559 2271 πλησσομένους,
612 2195 727 2249 ἀλλ’
770 2197 1150 2271 ἀτρεμοῦντας
1181 2199 1319 2270 πρὸς
1366 2200 1459 2254 τὸν
1481 2202 1720 2266 ἐξαίσιον

135 2284 353 2351 κτύπον,
414 2284 640 2354 ὲκλέγου
693 2285 769 2351 ὡς
820 2287 1115 2358 σταθεροὺς
1166 2290 1261 2351 καὶ
1323 2290 1629 2362 ἀνδρείους,
1659 2292 1722 2359 ἐξ

130 2369 206 2431 ὧν
241 2376 331 2431 καὶ
365 2376 637 2448 ἄρχοντας
658 2381 1052 2452 καταστήσεις.

202 2467 293 2532 οξ.
333 2468 491 2523 Κατά
542 2469 633 2523 τὸν
687 2471 877 2541 καιρὸν
938 2473 1032 2527 τοῦ
1094 2474 1333 2546 πολέμου
1382 2479 1465 2531 δεῖ
1501 2478 1601 2547 μὲν
1627 2478 1717 2530 εύ-

1821 1928 2261 1999 imprudentihus
2312 1928 2440 1990 illis,
2489 1940 2662 1983 sonus
2693 1926 2941 1995 quidam,
3008 1938 3072 1979 ac
3121 1924 3407 1992 strepitus,

1821 2022 1905 2078 vel
1936 2019 2201 2092 tympani,
2222 2019 2306 2075 vel
2338 2018 2567 2074 alterius
2632 2033 2788 2073 novae
2828 2025 2994 2086 atque
3042 2015 3301 2071 inaudita:
3329 2015 3408 2069 rei

1821 2112 1889 2167 de
1942 2110 2239 2180 improviso
2288 2116 2566 2179 personet.
2625 2108 2735 2165 Eos
2785 2108 2932 2163 enim
2996 2107 3089 2177 qui
3154 2104 3409 2174 intrepidi

1822 2211 1973 2268 sunt,
2002 2218 2180 2272 neque
2205 2202 2274 2257 ad
2318 2201 2466 2257 hunc
2524 2200 2770 2257 sonitum
2820 2203 3215 2268 expavescunt,
3249 2194 3410 2266 quasi

1823 2292 2049 2349 stabiles
2088 2292 2368 2363 fortesque
2428 2291 2622 2363 eliges,
2659 2298 2713 2346 et
2740 2288 3035 2361 praefectos
3064 2303 3131 2344 ex
3166 2287 3277 2341 illis
3315 2284 3410 2341 dc-

1824 2386 1981 2455 liges.
2136 2398 2139 2399 '

1894 2476 1984 2532 77.
2026 2475 2185 2533 lnltio
2228 2476 2357 2533 belli
2392 2490 2585 2546 preces
2619 2476 2731 2533 Deo
2761 2474 3085 2531 adhibendae
3118 2481 3279 2539 sunt,
3315 2473 3409 2527 ad-

133 2558 231 2629 χάς
267 2558 404 2626 πρὸς
434 2560 570 2615 Θεὸν
621 2562 1055 2628 καταϐαλέσθαι,
1104 2566 1200 2620 καὶ
1250 2565 1544 2637 σύμμαχον
1574 2568 1722 2621 ἐκεῖ·

1850 2576 2082 2638 utorque
2128 2568 2471 2627 iuvocandus
2518 2579 2623 2632 est,
2662 2576 2722 2624 ut
2759 2582 2828 2625 ne
2868 2567 2924 2621 in
2955 2564 3277 2627 discrimina
3310 2565 3413 2620 ali-

136 2666 221 2704 νον
265 2650 469 2716 καλεῖν,
507 2651 585 2722 μὴ
635 2650 820 2722 μέντοι
865 2653 976 2706 τῶν
1028 2656 1410 2725 προκειμένων
1486 2657 1717 2725 ἀγώνων

136 2741 478 2811 καταμελεῖν,
508 2742 541 2813 ἢ
574 2742 686 2796 τῶν
720 2743 1087 2813 ὀφειλομένων
1124 2744 1377 2817 πράξεων
1406 2748 1720 2817 κατολιγω-

138 2833 269 2903 ρεῖν.
321 2832 425 2887 Σὺν
471 2832 593 2904 Θεῷ
641 2832 753 2903 γὰρ
797 2833 880 2887 δεῖ
933 2835 1031 2887 καὶ
1077 2837 1177 2898 τὰς
1223 2839 1413 2908 χεῖρας
1448 2837 1722 2902 σαλεύειν,

136 2924 227 2977 καὶ
274 2923 347 2986 ὡς
384 2924 594 2996 ὄργανα
634 2925 901 2996 παρέχειν
963 2925 1368 2996 ὑπηρετοῦντα.
1425 2927 1567 2981 Οὔτε
1611 2929 1723 3000 γὰρ

130 3016 347 3088 τοξότης
406 3016 502 3073 ἐὰν
554 3018 630 3089 μὴ
679 3017 811 3089 ῥίψῃ
865 3017 928 3072 τὸ
976 3018 1132 3088 βέλος
1184 3019 1510 3089 εύστοχήσει
1566 3022 1721 3084 ποτὲ,

130 3107 252 3203 οὔτε
278 3110 306 3163 ὁ
335 3109 410 3203 μη
439 3110 636 3180 μένων,
695 3110 834 3203 ἀλλὰ
882 3109 1121 3179 φεύγων,
1187 3112 1457 3182 κρατήσει
1484 3110 1597 3165 τῶν
1624 3113 1715 3181 ἐχ·
1750 3145 1794 3203 C

132 3201 298 3273 θρῶν,
354 3201 479 3256 οὕτε
528 3202 718 3265 ὄλωςὸ
743 3202 818 3273 μὴ
850 3203 1106 3275 πράξεως
1161 3201 1472 3273 ἀρξάμενος
1510 3202 1722 3273 εὐπρα-

128 3293 319 3364 γήσει’
379 3292 494 3348 ἀλλ’
548 3293 807 3365 εὔχεσθαι
863 3293 964 3364 μὲν
1019 3294 1101 3355 δεῖ
1143 3294 1246 3363 τὴν
1304 3293 1465 3365 νίκην
1514 3295 1709 3353 λαϐεῖν

127 3384 224 3440 τοῦ
261 3386 496 3457 πολέμου
532 3385 685 3457 παρά
729 3384 889 3451 Θεοῦ,
924 3384 1062 3454 ὁμοῦ
1096 3385 1154 3438 δὲ
1183 3385 1369 3438 καὶτὰ
1396 3385 1543 3438 ὅπλα
1584 3403 1723 3441 κατ-

129 3479 297 3550 ἐχειν.
344 3478 456 3533 Καὶ
510 3478 829 3550 μαχόμενον
872 3474 1167 3546 σύμμαχον
1223 3473 1609 3537 ἐπικαλεῖσθαι
1662 3475 1724 3529 τὸ

129 3575 306 3629 Θεῖον.
1557 3584 1563 3590 ’

200 3663 304 3735 (ιη’.
357 3661 494 3718 Ὗπό
548 3680 693 3726 τινος
752 3658 1043 3731 συνηθείας
1101 3658 1363 3723 πολλάκις
1413 3659 1442 3713 ὁ
1496 3661 1723 3730 στρατὸς

131 3758 247 3811 ἀπὸ
302 3753 652 3826 συμὸόλωνῆ
699 3754 940 3824 σημείων
982 3752 1144 3811 τινῶν
1186 3752 1267 3816 εἰς
1304 3751 1507 3809 δειλίαν
1562 3752 1723 3807 εἴωθε

128 3847 456 3918 τρέπεσθαι,
520 3845 634 3900 ἀλλ’
679 3845 864 3899 εἴποτε
925 3842 1169 3899 τοιοῦτόν
1205 3860 1258 3895 τι
1303 3842 1563 3913 γένηται,
1600 3842 1725 3896 ἀνα-

129 3940 395 4009 ζητήσεις
458 3937 647 4006 αὐτὸς,
688 3937 783 3992 καὶ
814 3934 997 4007 εύρὼνν
1021 3934 1507 4006 ἁντιμεταλλάξεις
1542 3935 1725 4005 αὐτῶν

130 4031 233 4101 τὴν
259 4030 497 4089 διάνοιαν
534 4029 622 4087 διὰ
647 4029 746 4098 τῆς
798 4028 899 4099 σῆς
957 4026 1241 4096 ἀγχινοίας
1299 4024 1727 4098 μεθερμηνεύων

127 4120 204 4177 τὰ
229 4118 478 4190 σύμϐολα
528 4118 603 4180 ὼς
660 4116 967 4186 ἐνδέχεται.⁸
1014 4116 1108 4173 ἵνα
1149 4114 1220 4169 δι’
1275 4108 1351 4170 ὧν
1391 4117 1473 4179 είς
1520 4114 1726 4169 δειλίαν

132 4212 467 4277 κατέπεσον,
489 4211 579 4263 διά
598 4208 805 4264 τούτων
827 4211 907 4272 είς
933 4209 1134 4281 θάρσος
1163 4209 1359 4272 αὐτοὺς
1385 4209 1479 4265 καὶ
1505 4208 1727 4281 ἐλπίδας

127 4306 350 4376 ἀγαθὰς
388 4305 799 4377 διαναστήσεις.

206 4398 308 4454 οϐ’.
341 4398 517 4471 Νίκης
570 4394 949 4468 φημιζομένης
1007 4392 1421 4465 προθυμότερον
1454 4391 1590 4463 πρὸς
1618 4391 1721 4457 τὰς

1824 2673 1931 2728 qua
1977 2658 2323 2723 delabantur,
2375 2666 2465 2721 aut
2526 2657 2736 2729 aliquid
2792 2658 2940 2728 quod
2997 2657 3146 2717 laeto
3174 2670 3315 2725 opus
3342 2655 3415 2711 sit

1827 2751 2265 2823 praetermittam.
2318 2749 2457 2805 Nam
2503 2751 2615 2807 Deo
2671 2750 2933 2820 propitio,
2975 2764 3172 2805 manus
3219 2748 3411 2803 admo-

1824 2842 2014 2899 vendas
2042 2842 2111 2898 ad
2142 2857 2230 2899 res
2259 2841 2502 2912 agendas
2532 2851 2661 2897 sunt
2682 2882 2698 2907 ,
2745 2849 2801 2896 et
2833 2839 2993 2910 quasi
3047 2839 3413 2894 instrumenta

1826 2934 2165 2998 obedientia,
2194 2946 2429 3000 corpora
2468 2940 2655 2991 nostra
2694 2932 2984 2999 praebenda
3036 2938 3189 2985 sunt.
3224 2928 3414 3000 Neque

1826 3024 1972 3079 enim
2001 3024 2095 3092 qui
2124 3038 2231 3078 non
2263 3030 2469 3085 manet,
2519 3021 2618 3076 sed
2663 3021 2823 3091 fugit,
2868 3022 3052 3076 hostes
3080 3020 3367 3089 superabit
3397 3039 3409 3072 :

1828 3129 2009 3185 neque
2035 3113 2131 3185 qui
2180 3129 2298 3171 rem
2328 3128 2439 3169 non
2469 3113 2745 3182 inceptat,
2779 3112 3092 3168 fortunatus
3130 3110 3264 3175 erit,
3314 3110 3415 3164 sed

1832 3206 2168 3276 precandum
2200 3215 2286 3263 est
2318 3213 2379 3262 ut
2406 3206 2692 3263 victoriam
2734 3203 2864 3259 belli
2905 3218 2935 3257 a
2969 3201 3077 3258 Deo
3106 3216 3414 3272 consequa-

1833 3313 1978 3362 mur,
2008 3303 2066 3353 ut
2104 3297 2277 3353 armis
2310 3296 2517 3355 nostris
2546 3304 2790 3359 utamur,
2811 3300 2865 3349 et
2900 3293 2953 3348 in
2982 3306 3164 3363 pugna
3197 3291 3414 3363 adjuto-

1831 3403 1948 3442 rern
1982 3388 2135 3443 illum
2161 3387 2484 3442 habeamus.

1903 3640 1994 3696 78.
2037 3635 2331 3712 Signorum
2366 3640 2731 3713 quorumdam
2761 3650 2817 3697 et
2846 3646 3229 3712 portentorum
3288 3654 3417 3711 spe-

1833 3744 1971 3800 ctra,
2009 3733 2212 3789 milites
2242 3733 2299 3789 in
2324 3734 2581 3789 timorem
2632 3733 2938 3804 conjiciunt
2969 3749 2984 3786 :
3021 3747 3146 3804 qua:
3189 3732 3236 3787 si
3275 3746 3411 3787 con-

1832 3826 2069 3897 tingant,
2096 3825 2376 3897 exquires,
2425 3833 2479 3881 et
2519 3826 2637 3896 ipse
2669 3826 2910 3899 aliquid,
2941 3842 3051 3898 quo
3083 3824 3266 3897 possis
3294 3824 3415 3880 illo-

1832 3934 1953 3975 rum
1998 3928 2208 3976 mentes
2264 3919 2317 3974 in
2358 3921 2693 3978 contrariam
2737 3921 3064 3978 sententiam
3096 3925 3332 3983 vertere,
3362 3928 3418 3973 et

1834 4014 2089 4073 oratione
2136 4023 2230 4069 tua
2280 4015 2468 4086 aliquo
2501 4016 2781 4083 traduces,
2826 4023 2889 4071 ut
2918 4014 3119 4087 quibus
3149 4013 3318 4069 rebus
3358 4011 3415 4065 in

1835 4104 2005 4161 animi
2057 4104 2439 4165 dimissionem
2486 4104 2820 4171 inciderunt,
2871 4104 3071 4161 iisdem
3118 4103 3319 4160 iterum
3358 4100 3416 4157 in

1835 4196 2177 4251 alacritatem
2203 4208 2255 4252 et
2281 4211 2437 4267 spem
2465 4196 2665 4251 bonam
2695 4195 3003 4269 erigantur.

1909 4371 1997 4429 79.
2041 4371 2280 4427 Rumore
2341 4371 2408 4428 de
2457 4371 2691 4431 victoria
2742 4360 2994 4443 injecto,
3052 4369 3290 4427 alacrior
3347 4369 3417 4425 a’d

127 4492 321 4563 μάχας
340 4491 400 4545 τὸ
428 4463 745 4564 στράτευμα
781 4463 1061 4557 γγίνεταιί
1082 4485 1208 4537 Ἐὰν
1272 4484 1454 4537 τοίνυν
1505 4484 1594 4539 διὰ
1625 4485 1725 4556 μὲν

1842 4465 2086 4538 μιιοΙίιιιιι
2114 4464 2525 4534 suscipiendum
2550 4463 2831 4543 exercitus
2870 4464 2996 4520 erit.
3027 4463 3087 4519 Si
3116 4464 3285 4537 igitur
3320 4465 3417 4523 tali

122 4583 394 4656 τοιαύτης
450 4583 641 4656 φήμης
685 4581 884 4653 θάρσος
929 4577 1239 4647 ὲμποιήσῃς
1317 4577 1428 4639 τοῖς
1477 4576 1736 4648 στρατιώο

123 4690 260 4734 ταις
280 4688 294 4700 ·
336 4672 478 4743 μετά
528 4670 790 4749 εὐψυχίας
821 4669 877 4722 δὲ
910 4666 1004 4720 καὶ
1052 4665 1304 4737 ἀνδρείας
1334 4666 1611 4737 ἐπιμελῶς
1640 4668 1736 4737 ἐγ-

90 4803 93 4806 .
126 4764 407 4833 χειρήσης
454 4764 553 4832 τῆς
592 4763 795 4833 μάχης,
826 4759 1019 4827 ἔλπιζε
1078 4756 1175 4810 σὺν
1209 4756 1329 4829 Θεῷ
1358 4758 1460 4828 τὴν
1494 4758 1734 4831 φημιζο-

72 4845 94 4895 ί
130 4854 316 4924 μένην
349 4854 504 4922 νίκην
541 4852 896 4921 παρέσεσθαι.

218 4942 299 4996 π’.
334 4945 448 5012 Τήν
474 4959 604 4995 ποτε
634 4943 747 5013 (ἓθ)
781 4944 975 5015 καιρὸς
996 4945 1107 5009 ὅτε,
1150 4942 1396 4997 Σκιπίων
1434 4940 1730 5012 Ῥωμαίων

125 5036 322 5107 ᾑρέθη
346 5036 454 5088 ἀπὸ
474 5035 659 5105 ψήφου
717 5036 906 5106 κοινῆς
931 5037 1255 5108 στρατηγὸς,
1286 5036 1382 5088 καὶ
1411 5034 1629 5103 ἡλικίας
1662 5028 1732 5104 ἦν

123 5128 283 5180 ἐτῶν
328 5128 438 5179 τῶν
486 5127 864 5181 ὀκτωκαίδεκα
911 5126 1298 5199 στρατηγικῶν
1345 5125 1739 5195 ἀπαρχόμενος

122 5219 348 5289 ἔργων.
404 5218 658 5288 Παρευθὺ
688 5219 744 5271 δὲ
767 5219 867 5289 τῆς
893 5220 1067 5289 ἀρχῆς
1094 5218 1381 5272 ἐκέλευσεν
1404 5217 1735 5287 ἀποπέμπε-

126 5312 275 5369 σθαι
327 5308 422 5362 τοῦ
474 5309 709 5379 στρατοῦ
760 5309 1106 5381 κραϐϐάτους
1159 5310 1256 5370 καὶ
1312 5307 1593 5381 τραπέζας
1636 5308 1735 5362 καὶ

121 5402 383 5473 διάφορα
410 5399 736 5470 ἐκπώματα,
763 5402 858 5455 καὶ
886 5402 955 5455 τά
986 5400 1121 5455 ἄλλα
1156 5400 1327 5472 σκεύη
1361 5401 1562 5467 πάντα,
1594 5399 1732 5472 πλὴν

123 5493 357 5564 χύτρας
389 5493 618 5564 χαλκῆς,
646 5492 741 5553 καὶ
766 5492 1013 5551 σουϐλίου
1044 5492 1288 5563 σιδηροῦ,
1320 5492 1417 5548 καὶ
1444 5492 1729 5563 ποτηρίου,

121 5589 253 5651 τοῖς
287 5587 476 5657 ἔχουσι
502 5585 616 5657 (50)
642 5586 763 5657 μὲν,
797 5584 1064 5659 ἀργυροῦ,
1113 5586 1224 5649 τοῖς
1272 5585 1321 5638 δ’
1349 5584 1548 5653 ἄλλοις,
1593 5584 1740 5653 ξυλί-

1836 4575 2059 4617 rumore
2089 4559 2431 4615 alacritatem
2477 4557 2744 4616 militibus
2771 4559 3045 4624 attuleris,
3094 4566 3148 4633 et
3198 4557 3420 4616 fortiter

1834 4669 1899 4709 ac
1927 4661 2150 4709 strenue
2184 4652 2238 4707 in
2263 4651 2465 4725 bellum
2496 4652 2781 4723 ingressus
2808 4651 3002 4718 lueris,
3036 4651 3237 4709 bonam
3263 4668 3419 4725 spem

1834 4746 1977 4803 habe
2001 4744 2239 4817 propitio
2271 4743 2382 4800 Deo
2412 4744 2701 4813 victoriam
2736 4743 3078 4803 adiuturam.

1908 4926 1999 4981 80.
2072 4924 2258 4996 Scipio
2304 4931 2488 5001 autem
2536 4923 2671 4979 olim
2717 4922 2993 4983 Romanis
3034 4921 3427 4997 communibus

1839 5018 2152 5087 suﬂ‘ragiis,
2209 5032 2334 5072 cum
2370 5016 2583 5071 'decem
2627 5024 2684 5069 et
2733 5025 2862 5069 octo
2919 5028 3189 5069 annorum
3240 5023 3419 5074 esset,

1841 5112 2140 5181 imperator
2188 5111 2433 5165 delectus
2471 5117 2577 5163 est.
2615 5105 2781 5162 Initio
2826 5114 3009 5162 autem
3064 5104 3422 5176 magistratus

1842 5204 1929 5261 sui
1953 5202 2120 5275 jussit
2142 5217 2337 5257 omnes
2375 5201 2630 5265 lectulos,
2662 5213 2909 5264 mensas,
2941 5197 3089 5254 varia
3126 5197 3341 5266 pocula,
3369 5206 3433 5250 et;

1842 5297 2062 5366 reliqua.
2079 5310 2209 5350 vasa
2239 5294 2423 5349 omnia
2457 5291 2976 5365 amandarirpraater
3001 5289 3167 5367 ollam
3190 5302 3435 5367 aerucam,

1843 5401 1899 5449 et
1927 5389 2181 5448 subulam
2228 5387 2497 5452 ferream,
2530 5394 2584 5441 et
2627 5386 2884 5457 poculum
2925 5382 3046 5439 aliis
3080 5390 3418 5454 argenteum,

1843 5486 1968 5545 aliis
2001 5485 2263 5556 ligneum.
2281 5482 2355 5539 Ut
2382 5496 2513 5537 vero
2531 5494 2693 5536 nemo
2715 5478 2924 5534 lavaret
2951 5492 3031 5544 se,
3053 5483 3149 5532 aut
3166 5475 3277 5531 ullo
3298 5473 3419 5530 oleo

1849 5580 2155 5649 inungeret,
2207 5572 2509 5646 praecepit:
2556 5582 2615 5627 et
2653 5579 2716 5626 ut
2769 5584 2964 5626 omnes
3014 5567 3307 5633 obsonium
3362 5567 3418 5621 in

1696 5673 1931 5737 ΝΟΤέΕ.

215 5775 340 5845 (29)
381 5773 501 5843 Τήν
532 5789 695 5830 ποτε.
732 5771 1005 5841 Rcstituo,
1034 5767 1139 5827 Ἢν
1176 5790 1327 5829 ποτε.

1916 5766 2028 5839 (50)
2068 5761 2195 5831 Τοῖς
2221 5761 2456 5835 ἔχουσι.
2480 5757 2695 5831 Scribe,
2716 5756 2831 5821 τοῖς
2854 5754 3101 5828 ἄρχουσι.
