  <div class='ocr_page' id='page_1' title='image "/cluster/home/n/w/nwhite01/storage/ocr_20150623/107/hvd.32044073502338/563.png"; bbox 0 0 4036 6218; ppageno 0'>
   <div class='ocr_carea' id='block_1_1' title="bbox 577 318 3899 407">
    <p class='ocr_par' dir='ltr' id='par_1_1' title="bbox 577 318 3899 407">
     <span class='ocr_line' id='line_1_1' title="bbox 577 318 3899 407; baseline -0.007 0"><span class='ocrx_word' id='word_1_1' title='bbox 577 335 720 407; x_wconf 74' lang='lat'><strong>1039</strong></span> <span class='ocrx_word' id='word_1_2' title='bbox 1818 330 2098 396; x_wconf 82' lang='lat' dir='ltr'><strong>LEONIS</strong></span> <span class='ocrx_word' id='word_1_3' title='bbox 2126 324 2587 391; x_wconf 81' lang='lat' dir='ltr'><strong>PHILOSOPHI</strong></span> <span class='ocrx_word' id='word_1_4' title='bbox 3737 318 3899 385; x_wconf 64' lang='lat'><strong>1040</strong></span> 
     </span>
    </p>
   </div>
   <div class='ocr_carea' id='block_1_2' title="bbox 577 430 2166 527">
    <p class='ocr_par' dir='ltr' id='par_1_2' title="bbox 577 444 2160 527">
     <span class='ocr_line' id='line_1_2' title="bbox 577 444 2160 527; baseline -0.008 -15"><span class='ocrx_word' id='word_1_5' title='bbox 577 472 689 527; x_wconf 88' lang='lat' dir='ltr'><strong>que</strong></span> <span class='ocrx_word' id='word_1_6' title='bbox 724 453 973 509; x_wconf 77' lang='lat' dir='ltr'><strong>adversis</strong></span> <span class='ocrx_word' id='word_1_7' title='bbox 1025 448 1195 506; x_wconf 80' lang='lat' dir='ltr'><strong>rebus</strong></span> <span class='ocrx_word' id='word_1_8' title='bbox 1225 446 1575 518; x_wconf 88' lang='lat' dir='ltr'><strong>deprimaris.</strong></span> <span class='ocrx_word' id='word_1_9' title='bbox 1624 444 1815 517; x_wconf 84' lang='lat' dir='ltr'><strong>Neque</strong></span> <span class='ocrx_word' id='word_1_10' title='bbox 1840 446 1987 503; x_wconf 89' lang='lat' dir='ltr'><strong>enim</strong></span> <span class='ocrx_word' id='word_1_11' title='bbox 2022 446 2160 501; x_wconf 57' lang='lat' dir='ltr'><strong>molo</strong></span> 
     </span>
    </p>
   </div>
   <div class='ocr_carea' id='block_1_3' title="bbox 2285 430 3897 527">
    <p class='ocr_par' dir='ltr' id='par_1_3' title="bbox 2285 430 3897 509">
     <span class='ocr_line' id='line_1_3' title="bbox 2285 430 3897 509; baseline -0.004 -16"><span class='ocrx_word' id='word_1_12' title='bbox 2285 430 2386 495; x_wconf 66' lang='grc' dir='ltr'><strong>ιῦτε</strong></span> <span class='ocrx_word' id='word_1_13' title='bbox 2416 444 2475 496; x_wconf 82' lang='grc' dir='ltr'><strong>ὲν</strong></span> <span class='ocrx_word' id='word_1_14' title='bbox 2514 440 2638 502; x_wconf 87' lang='grc' dir='ltr'><strong>ταῖς</strong></span> <span class='ocrx_word' id='word_1_15' title='bbox 2699 436 3068 509; x_wconf 87' lang='grc' dir='ltr'><strong>δυσπραγίαις</strong></span> <span class='ocrx_word' id='word_1_16' title='bbox 3112 433 3504 490; x_wconf 86' lang='grc' dir='ltr'><strong>καταπίπτειν.</strong></span> <span class='ocrx_word' id='word_1_17' title='bbox 3567 432 3719 487; x_wconf 72' lang='grc' dir='ltr'><strong>Οὐδὲ</strong></span> <span class='ocrx_word' id='word_1_18' title='bbox 3767 436 3897 503; x_wconf 69' lang='grc' dir='ltr'><strong>γὰρ</strong></span> 
     </span>
    </p>
   </div>
   <div class='ocr_carea' id='block_1_4' title="bbox 580 526 2166 613">
    <p class='ocr_par' dir='ltr' id='par_1_4' title="bbox 580 526 2160 613">
     <span class='ocr_line' id='line_1_4' title="bbox 580 526 2160 613; baseline -0.005 -10"><span class='ocrx_word' id='word_1_19' title='bbox 580 526 672 613; x_wconf 89' lang='lat' dir='ltr'><strong>lis,</strong></span> <span class='ocrx_word' id='word_1_20' title='bbox 729 553 825 601; x_wconf 88' lang='lat' dir='ltr'><strong>aut</strong></span> <span class='ocrx_word' id='word_1_21' title='bbox 864 544 1070 598; x_wconf 82' lang='lat' dir='ltr'><strong>fractus</strong></span> <span class='ocrx_word' id='word_1_22' title='bbox 1130 540 1401 595; x_wconf 81' lang='lat' dir='ltr'><strong>exercitui</strong></span> <span class='ocrx_word' id='word_1_23' title='bbox 1460 547 1558 595; x_wconf 75' lang='lat' dir='ltr'><strong>tuo</strong></span> <span class='ocrx_word' id='word_1_24' title='bbox 1605 538 1778 596; x_wconf 86' lang='lat' dir='ltr'><strong>videri</strong></span> <span class='ocrx_word' id='word_1_25' title='bbox 1844 540 2034 607; x_wconf 89' lang='lat' dir='ltr'><strong>debes,</strong></span> <span class='ocrx_word' id='word_1_26' title='bbox 2064 540 2160 595; x_wconf 90' lang='lat' dir='ltr'><strong>sed</strong></span> 
     </span>
    </p>
   </div>
   <div class='ocr_carea' id='block_1_5' title="bbox 2285 526 3895 613">
    <p class='ocr_par' dir='ltr' id='par_1_5' title="bbox 2285 526 3895 601">
     <span class='ocr_line' id='line_1_5' title="bbox 2285 526 3895 601; baseline -0.004 -15"><span class='ocrx_word' id='word_1_27' title='bbox 2285 534 2350 586; x_wconf 76' lang='grc' dir='ltr'><strong>ῑεῖ</strong></span> <span class='ocrx_word' id='word_1_28' title='bbox 2370 549 2429 586; x_wconf 86' lang='grc' dir='ltr'><strong>σε</strong></span> <span class='ocrx_word' id='word_1_29' title='bbox 2472 528 2715 586; x_wconf 77' lang='grc' dir='ltr'><strong>τοιοῦτον</strong></span> <span class='ocrx_word' id='word_1_30' title='bbox 2765 528 2845 599; x_wconf 83' lang='grc' dir='ltr'><strong>τῷ</strong></span> <span class='ocrx_word' id='word_1_31' title='bbox 2910 528 3286 601; x_wconf 77' lang='grc' dir='ltr'><strong>στρατεύματι</strong></span> <span class='ocrx_word' id='word_1_32' title='bbox 3351 526 3672 596; x_wconf 83' lang='grc' dir='ltr'><strong>φαίνεσθαι,</strong></span> <span class='ocrx_word' id='word_1_33' title='bbox 3739 526 3895 579; x_wconf 69' lang='grc' dir='ltr'><strong>ἀλλὰ</strong></span> 
     </span>
    </p>
   </div>
   <div class='ocr_carea' id='block_1_6' title="bbox 582 630 2163 701">
    <p class='ocr_par' dir='ltr' id='par_1_6' title="bbox 582 630 2163 701">
     <span class='ocr_line' id='line_1_6' title="bbox 582 630 2163 701; baseline -0.006 -8"><span class='ocrx_word' id='word_1_34' title='bbox 582 642 846 693; x_wconf 86' lang='lat' dir='ltr'><strong>constans</strong></span> <span class='ocrx_word' id='word_1_35' title='bbox 877 640 932 687; x_wconf 89' lang='lat' dir='ltr'><strong>et</strong></span> <span class='ocrx_word' id='word_1_36' title='bbox 969 630 1173 701; x_wconf 86' lang='lat' dir='ltr'><strong>gravis,</strong></span> <span class='ocrx_word' id='word_1_37' title='bbox 1201 637 1257 685; x_wconf 91' lang='lat' dir='ltr'><strong>et</strong></span> <span class='ocrx_word' id='word_1_38' title='bbox 1314 630 1383 683; x_wconf 86' lang='lat' dir='ltr'><strong>ad</strong></span> <span class='ocrx_word' id='word_1_39' title='bbox 1444 644 1661 686; x_wconf 92' lang='lat' dir='ltr'><strong>omnem</strong></span> <span class='ocrx_word' id='word_1_40' title='bbox 1699 630 1977 685; x_wconf 75' lang='lat' dir='ltr'><strong>fortunam</strong></span> <span class='ocrx_word' id='word_1_41' title='bbox 2017 630 2163 685; x_wconf 85' lang='lat' dir='ltr'><strong>acri-</strong></span> 
     </span>
    </p>
   </div>
   <div class='ocr_carea' id='block_1_7' title="bbox 581 719 2159 796">
    <p class='ocr_par' dir='ltr' id='par_1_7' title="bbox 581 719 2159 796">
     <span class='ocr_line' id='line_1_7' title="bbox 581 719 2159 796; baseline -0.003 -16"><span class='ocrx_word' id='word_1_42' title='bbox 581 724 838 796; x_wconf 82' lang='lat' dir='ltr'><strong>piendam</strong></span> <span class='ocrx_word' id='word_1_43' title='bbox 907 721 1088 776; x_wconf 89' lang='lat' dir='ltr'><strong>fortis.</strong></span> <span class='ocrx_word' id='word_1_44' title='bbox 1163 719 1299 774; x_wconf 90' lang='lat' dir='ltr'><strong>Nam</strong></span> <span class='ocrx_word' id='word_1_45' title='bbox 1346 722 1442 791; x_wconf 85' lang='lat' dir='ltr'><strong>qui</strong></span> <span class='ocrx_word' id='word_1_46' title='bbox 1492 720 1655 779; x_wconf 79' lang='lat' dir='ltr'><strong>facile</strong></span> <span class='ocrx_word' id='word_1_47' title='bbox 1721 721 1917 777; x_wconf 77' lang='lat' dir='ltr'><strong>laetitia</strong></span> <span class='ocrx_word' id='word_1_48' title='bbox 1971 722 2159 793; x_wconf 85' lang='lat' dir='ltr'><strong>gestit,</strong></span> 
     </span>
    </p>
   </div>
   <div class='ocr_carea' id='block_1_8' title="bbox 581 810 2161 882">
    <p class='ocr_par' dir='ltr' id='par_1_8' title="bbox 581 810 2161 882">
     <span class='ocr_line' id='line_1_8' title="bbox 581 810 2161 882; baseline -0.002 -13"><span class='ocrx_word' id='word_1_49' title='bbox 581 815 745 871; x_wconf 83' lang='lat' dir='ltr'><strong>facile</strong></span> <span class='ocrx_word' id='word_1_50' title='bbox 770 813 935 867; x_wconf 89' lang='lat' dir='ltr'><strong>etiam</strong></span> <span class='ocrx_word' id='word_1_51' title='bbox 960 811 1152 867; x_wconf 92' lang='lat' dir='ltr'><strong>dolore</strong></span> <span class='ocrx_word' id='word_1_52' title='bbox 1179 810 1550 877; x_wconf 84' lang='lat' dir='ltr'><strong>contrahitur,</strong></span> <span class='ocrx_word' id='word_1_53' title='bbox 1582 820 1637 867; x_wconf 89' lang='lat' dir='ltr'><strong>et</strong></span> <span class='ocrx_word' id='word_1_54' title='bbox 1667 810 1984 882; x_wconf 88' lang='lat' dir='ltr'><strong>languidine</strong></span> <span class='ocrx_word' id='word_1_55' title='bbox 2008 826 2161 867; x_wconf 90' lang='lat' dir='ltr'><strong>men-</strong></span> 
     </span>
    </p>
   </div>
   <div class='ocr_carea' id='block_1_9' title="bbox 582 904 2159 975">
    <p class='ocr_par' dir='ltr' id='par_1_9' title="bbox 582 904 2159 975">
     <span class='ocr_line' id='line_1_9' title="bbox 582 904 2159 975; baseline -0.003 -14"><span class='ocrx_word' id='word_1_56' title='bbox 582 906 656 963; x_wconf 90' lang='lat' dir='ltr'><strong>tis</strong></span> <span class='ocrx_word' id='word_1_57' title='bbox 712 904 1150 975; x_wconf 66' lang='lat' dir='ltr'><strong>eﬂ&#39;eminataaque</strong></span> <span class='ocrx_word' id='word_1_58' title='bbox 1185 906 1290 960; x_wconf 87' lang='lat' dir='ltr'><strong>hoc</strong></span> <span class='ocrx_word' id='word_1_59' title='bbox 1321 918 1581 974; x_wconf 88' lang='lat' dir='ltr'><strong>magnum</strong></span> <span class='ocrx_word' id='word_1_60' title='bbox 1638 913 2021 975; x_wconf 80' lang='lat' dir='ltr'><strong>argumentum</strong></span> <span class='ocrx_word' id='word_1_61' title='bbox 2053 912 2159 960; x_wconf 86' lang='lat' dir='ltr'><strong>est.</strong></span> 
     </span>
    </p>
   </div>
   <div class='ocr_carea' id='block_1_10' title="bbox 652 995 2163 1065">
    <p class='ocr_par' dir='ltr' id='par_1_10' title="bbox 652 995 2163 1065">
     <span class='ocr_line' id='line_1_10' title="bbox 652 995 2163 1065; baseline -0.001 -14"><span class='ocrx_word' id='word_1_62' title='bbox 652 995 745 1051; x_wconf 77' lang='lat'><strong>93.</strong></span> <span class='ocrx_word' id='word_1_63' title='bbox 799 995 1079 1065; x_wconf 82' lang='lat' dir='ltr'><strong>Quidquid</strong></span> <span class='ocrx_word' id='word_1_64' title='bbox 1126 995 1548 1051; x_wconf 89' lang='lat' dir='ltr'><strong>immoderatum</strong></span> <span class='ocrx_word' id='word_1_65' title='bbox 1592 1004 1699 1063; x_wconf 90' lang='lat' dir='ltr'><strong>est,</strong></span> <span class='ocrx_word' id='word_1_66' title='bbox 1745 997 1889 1050; x_wconf 88' lang='lat' dir='ltr'><strong>haud</strong></span> <span class='ocrx_word' id='word_1_67' title='bbox 1924 997 2163 1065; x_wconf 87' lang='lat' dir='ltr'><strong>proban-</strong></span> 
     </span>
    </p>
   </div>
   <div class='ocr_carea' id='block_1_11' title="bbox 580 1085 2164 1157">
    <p class='ocr_par' dir='ltr' id='par_1_11' title="bbox 580 1085 2164 1157">
     <span class='ocr_line' id='line_1_11' title="bbox 580 1085 2164 1157; baseline 0.001 -16"><span class='ocrx_word' id='word_1_68' title='bbox 580 1087 714 1141; x_wconf 92' lang='lat' dir='ltr'><strong>dum</strong></span> <span class='ocrx_word' id='word_1_69' title='bbox 770 1094 875 1142; x_wconf 89' lang='lat' dir='ltr'><strong>est.</strong></span> <span class='ocrx_word' id='word_1_70' title='bbox 932 1085 1121 1157; x_wconf 87' lang='lat' dir='ltr'><strong>itaque</strong></span> <span class='ocrx_word' id='word_1_71' title='bbox 1172 1100 1352 1157; x_wconf 90' lang='lat' dir='ltr'><strong>neque</strong></span> <span class='ocrx_word' id='word_1_72' title='bbox 1401 1086 1699 1141; x_wconf 86' lang='lat' dir='ltr'><strong>admodum</strong></span> <span class='ocrx_word' id='word_1_73' title='bbox 1732 1087 1996 1143; x_wconf 86' lang='lat' dir='ltr'><strong>terribilis</strong></span> <span class='ocrx_word' id='word_1_74' title='bbox 2028 1088 2164 1143; x_wconf 89' lang='lat' dir='ltr'><strong>sub-</strong></span> 
     </span>
    </p>
   </div>
   <div class='ocr_carea' id='block_1_12' title="bbox 575 1177 2161 1251">
    <p class='ocr_par' dir='ltr' id='par_1_12' title="bbox 575 1177 2161 1251">
     <span class='ocr_line' id='line_1_12' title="bbox 575 1177 2161 1251; baseline -0.001 -16"><span class='ocrx_word' id='word_1_75' title='bbox 575 1178 742 1249; x_wconf 80' lang='lat' dir='ltr'><strong>jectis</strong></span> <span class='ocrx_word' id='word_1_76' title='bbox 781 1179 915 1243; x_wconf 91' lang='lat' dir='ltr'><strong>tuis,</strong></span> <span class='ocrx_word' id='word_1_77' title='bbox 953 1193 1134 1251; x_wconf 90' lang='lat' dir='ltr'><strong>neque</strong></span> <span class='ocrx_word' id='word_1_78' title='bbox 1176 1178 1342 1233; x_wconf 92' lang='lat' dir='ltr'><strong>nimis</strong></span> <span class='ocrx_word' id='word_1_79' title='bbox 1397 1177 1576 1234; x_wconf 78' lang='lat' dir='ltr'><strong>facilis</strong></span> <span class='ocrx_word' id='word_1_80' title='bbox 1607 1178 1720 1234; x_wconf 88' lang='lat' dir='ltr'><strong>sis:</strong></span> <span class='ocrx_word' id='word_1_81' title='bbox 1754 1182 1988 1250; x_wconf 86' lang='lat' dir='ltr'><strong>utraque</strong></span> <span class='ocrx_word' id='word_1_82' title='bbox 2013 1181 2161 1235; x_wconf 89' lang='lat' dir='ltr'><strong>enim</strong></span> 
     </span>
    </p>
   </div>
   <div class='ocr_carea' id='block_1_13' title="bbox 580 1270 2163 1341">
    <p class='ocr_par' dir='ltr' id='par_1_13' title="bbox 580 1270 2163 1341">
     <span class='ocr_line' id='line_1_13' title="bbox 580 1270 2163 1341; baseline 0.002 -16"><span class='ocrx_word' id='word_1_83' title='bbox 580 1272 766 1327; x_wconf 89' lang='lat' dir='ltr'><strong>minus</strong></span> <span class='ocrx_word' id='word_1_84' title='bbox 801 1278 928 1341; x_wconf 87' lang='lat' dir='ltr'><strong>apta</strong></span> <span class='ocrx_word' id='word_1_85' title='bbox 987 1270 1308 1340; x_wconf 83' lang='lat' dir='ltr'><strong>imperatori</strong></span> <span class='ocrx_word' id='word_1_86' title='bbox 1378 1271 1431 1324; x_wconf 91' lang='lat' dir='ltr'><strong>in</strong></span> <span class='ocrx_word' id='word_1_87' title='bbox 1470 1270 1715 1326; x_wconf 83' lang='lat' dir='ltr'><strong>exercitu</strong></span> <span class='ocrx_word' id='word_1_88' title='bbox 1754 1278 1905 1327; x_wconf 89' lang='lat' dir='ltr'><strong>sunt.</strong></span> <span class='ocrx_word' id='word_1_89' title='bbox 1960 1271 2163 1328; x_wconf 85' lang='lat' dir='ltr'><strong>Multus</strong></span> 
     </span>
    </p>
   </div>
   <div class='ocr_carea' id='block_1_14' title="bbox 580 1363 2165 1435">
    <p class='ocr_par' dir='ltr' id='par_1_14' title="bbox 580 1363 2165 1435">
     <span class='ocr_line' id='line_1_14' title="bbox 580 1363 2165 1435; baseline 0.001 -17"><span class='ocrx_word' id='word_1_90' title='bbox 580 1363 729 1418; x_wconf 91' lang='lat' dir='ltr'><strong>enim</strong></span> <span class='ocrx_word' id='word_1_91' title='bbox 786 1364 954 1418; x_wconf 88' lang='lat' dir='ltr'><strong>timor</strong></span> <span class='ocrx_word' id='word_1_92' title='bbox 1024 1363 1215 1418; x_wconf 91' lang='lat' dir='ltr'><strong>odium</strong></span> <span class='ocrx_word' id='word_1_93' title='bbox 1272 1363 1582 1431; x_wconf 83' lang='lat' dir='ltr'><strong>ingenerat,</strong></span> <span class='ocrx_word' id='word_1_94' title='bbox 1668 1378 1869 1435; x_wconf 84' lang='lat' dir='ltr'><strong>magna</strong></span> <span class='ocrx_word' id='word_1_95' title='bbox 1926 1364 2165 1420; x_wconf 81' lang='lat' dir='ltr'><strong>facilitas</strong></span> 
     </span>
    </p>
   </div>
   <div class='ocr_carea' id='block_1_15' title="bbox 582 1453 2165 1525">
    <p class='ocr_par' dir='ltr' id='par_1_15' title="bbox 582 1453 2165 1525">
     <span class='ocr_line' id='line_1_15' title="bbox 582 1453 2165 1525; baseline 0.002 -17"><span class='ocrx_word' id='word_1_96' title='bbox 582 1462 956 1524; x_wconf 89' lang='lat' dir='ltr'><strong>contemptum</strong></span> <span class='ocrx_word' id='word_1_97' title='bbox 987 1454 1161 1525; x_wconf 87' lang='lat' dir='ltr'><strong>parit.</strong></span> <span class='ocrx_word' id='word_1_98' title='bbox 1201 1453 1502 1510; x_wconf 83' lang='lat' dir='ltr'><strong>Moderatio</strong></span> <span class='ocrx_word' id='word_1_99' title='bbox 1538 1454 1706 1525; x_wconf 83' lang='lat' dir='ltr'><strong>igitur</strong></span> <span class='ocrx_word' id='word_1_100' title='bbox 1735 1455 1985 1525; x_wconf 86' lang='lat' dir='ltr'><strong>quaedam</strong></span> <span class='ocrx_word' id='word_1_101' title='bbox 2011 1456 2165 1511; x_wconf 85' lang='lat' dir='ltr'><strong>adhi-</strong></span> 
     </span>
    </p>
   </div>
   <div class='ocr_carea' id='block_1_16' title="bbox 580 1544 2155 1616">
    <p class='ocr_par' dir='ltr' id='par_1_16' title="bbox 580 1544 2155 1616">
     <span class='ocr_line' id='line_1_16' title="bbox 580 1544 2155 1616; baseline 0.002 -15"><span class='ocrx_word' id='word_1_102' title='bbox 580 1544 759 1601; x_wconf 86' lang='lat' dir='ltr'><strong>benda</strong></span> <span class='ocrx_word' id='word_1_103' title='bbox 793 1551 898 1611; x_wconf 90' lang='lat' dir='ltr'><strong>est,</strong></span> <span class='ocrx_word' id='word_1_104' title='bbox 945 1552 1006 1598; x_wconf 89' lang='lat' dir='ltr'><strong>ut</strong></span> <span class='ocrx_word' id='word_1_105' title='bbox 1038 1545 1093 1599; x_wconf 91' lang='lat' dir='ltr'><strong>in</strong></span> <span class='ocrx_word' id='word_1_106' title='bbox 1136 1552 1426 1616; x_wconf 91' lang='lat' dir='ltr'><strong>utramque</strong></span> <span class='ocrx_word' id='word_1_107' title='bbox 1459 1553 1671 1615; x_wconf 88' lang='lat' dir='ltr'><strong>partem</strong></span> <span class='ocrx_word' id='word_1_108' title='bbox 1708 1547 2026 1603; x_wconf 86' lang='lat' dir='ltr'><strong>moderatus</strong></span> <span class='ocrx_word' id='word_1_109' title='bbox 2054 1549 2155 1613; x_wconf 90' lang='lat' dir='ltr'><strong>sis,</strong></span> 
     </span>
    </p>
   </div>
   <div class='ocr_carea' id='block_1_17' title="bbox 580 1635 2167 1709">
    <p class='ocr_par' dir='ltr' id='par_1_17' title="bbox 580 1635 2167 1709">
     <span class='ocr_line' id='line_1_17' title="bbox 580 1635 2167 1709; baseline 0.004 -19"><span class='ocrx_word' id='word_1_110' title='bbox 580 1648 763 1705; x_wconf 85' lang='lat' dir='ltr'><strong>neque</strong></span> <span class='ocrx_word' id='word_1_111' title='bbox 784 1635 1053 1706; x_wconf 89' lang='lat' dir='ltr'><strong>supplicia</strong></span> <span class='ocrx_word' id='word_1_112' title='bbox 1094 1635 1262 1693; x_wconf 87' lang='lat' dir='ltr'><strong>nimis</strong></span> <span class='ocrx_word' id='word_1_113' title='bbox 1321 1638 1645 1704; x_wconf 87' lang='lat' dir='ltr'><strong>crudeliter,</strong></span> <span class='ocrx_word' id='word_1_114' title='bbox 1678 1646 1844 1709; x_wconf 87' lang='lat' dir='ltr'><strong>atque</strong></span> <span class='ocrx_word' id='word_1_115' title='bbox 1895 1640 2167 1697; x_wconf 85' lang='lat' dir='ltr'><strong>iracunde</strong></span> 
     </span>
    </p>
   </div>
   <div class='ocr_carea' id='block_1_18' title="bbox 582 1727 2167 1804">
    <p class='ocr_par' dir='ltr' id='par_1_18' title="bbox 582 1727 2167 1804">
     <span class='ocr_line' id='line_1_18' title="bbox 582 1727 2167 1804; baseline 0.003 -21"><span class='ocrx_word' id='word_1_116' title='bbox 582 1727 816 1791; x_wconf 88' lang='lat' dir='ltr'><strong>inferas,</strong></span> <span class='ocrx_word' id='word_1_117' title='bbox 853 1741 1031 1801; x_wconf 85' lang='lat' dir='ltr'><strong>neque</strong></span> <span class='ocrx_word' id='word_1_118' title='bbox 1093 1743 1287 1784; x_wconf 87' lang='lat' dir='ltr'><strong>rursus</strong></span> <span class='ocrx_word' id='word_1_119' title='bbox 1330 1728 1516 1784; x_wconf 89' lang='lat' dir='ltr'><strong>omnia</strong></span> <span class='ocrx_word' id='word_1_120' title='bbox 1544 1730 1754 1804; x_wconf 83' lang='lat' dir='ltr'><strong>soluta,</strong></span> <span class='ocrx_word' id='word_1_121' title='bbox 1794 1738 1956 1800; x_wconf 90' lang='lat' dir='ltr'><strong>atque</strong></span> <span class='ocrx_word' id='word_1_122' title='bbox 1987 1732 2167 1803; x_wconf 89' lang='lat' dir='ltr'><strong>impu-</strong></span> 
     </span>
    </p>
   </div>
   <div class='ocr_carea' id='block_1_19' title="bbox 580 1821 2167 1892">
    <p class='ocr_par' dir='ltr' id='par_1_19' title="bbox 580 1821 2167 1892">
     <span class='ocr_line' id='line_1_19' title="bbox 580 1821 2167 1892; baseline 0.003 -17"><span class='ocrx_word' id='word_1_123' title='bbox 580 1821 698 1877; x_wconf 86' lang='lat' dir='ltr'><strong>nita</strong></span> <span class='ocrx_word' id='word_1_124' title='bbox 738 1821 1044 1891; x_wconf 88' lang='lat' dir='ltr'><strong>relinquas,</strong></span> <span class='ocrx_word' id='word_1_125' title='bbox 1096 1830 1156 1876; x_wconf 93' lang='lat' dir='ltr'><strong>ut</strong></span> <span class='ocrx_word' id='word_1_126' title='bbox 1211 1836 1281 1877; x_wconf 89' lang='lat' dir='ltr'><strong>ne</strong></span> <span class='ocrx_word' id='word_1_127' title='bbox 1337 1835 1531 1892; x_wconf 90' lang='lat' dir='ltr'><strong>magna</strong></span> <span class='ocrx_word' id='word_1_128' title='bbox 1584 1821 1640 1877; x_wconf 92' lang='lat' dir='ltr'><strong>in</strong></span> <span class='ocrx_word' id='word_1_129' title='bbox 1702 1822 2047 1891; x_wconf 79' lang='lat' dir='ltr'><strong>confusione,</strong></span> <span class='ocrx_word' id='word_1_130' title='bbox 2103 1840 2167 1882; x_wconf 91' lang='lat' dir='ltr'><strong>ac</strong></span> 
     </span>
    </p>
   </div>
   <div class='ocr_carea' id='block_1_20' title="bbox 582 1912 2161 1982">
    <p class='ocr_par' dir='ltr' id='par_1_20' title="bbox 582 1912 2161 1982">
     <span class='ocr_line' id='line_1_20' title="bbox 582 1912 2161 1982; baseline 0.003 -16"><span class='ocrx_word' id='word_1_131' title='bbox 582 1912 1001 1982; x_wconf 87' lang='lat' dir='ltr'><strong>perturbatione</strong></span> <span class='ocrx_word' id='word_1_132' title='bbox 1090 1924 1272 1966; x_wconf 87' lang='lat' dir='ltr'><strong>rerum</strong></span> <span class='ocrx_word' id='word_1_133' title='bbox 1348 1912 1625 1969; x_wconf 81' lang='lat' dir='ltr'><strong>exercitus</strong></span> <span class='ocrx_word' id='word_1_134' title='bbox 1700 1921 1829 1971; x_wconf 90' lang='lat' dir='ltr'><strong>tuus</strong></span> <span class='ocrx_word' id='word_1_135' title='bbox 1904 1915 2161 1971; x_wconf 79' lang='lat' dir='ltr'><strong>videatur</strong></span> 
     </span>
    </p>
   </div>
   <div class='ocr_carea' id='block_1_21' title="bbox 582 2018 1568 2062">
    <p class='ocr_par' dir='ltr' id='par_1_21' title="bbox 582 2018 1568 2062">
     <span class='ocr_line' id='line_1_21' title="bbox 582 2018 1568 2062; baseline 0.003 -3"><span class='ocrx_word' id='word_1_136' title='bbox 582 2018 730 2059; x_wconf 68' lang='lat'><strong>€888.</strong></span> <span class='ocrx_word' id='word_1_137' title='bbox 1561 2055 1568 2062; x_wconf 92' lang='lat'><strong>.</strong></span> 
     </span>
    </p>
   </div>
   <div class='ocr_carea' id='block_1_22' title="bbox 651 2096 2162 2172">
    <p class='ocr_par' dir='ltr' id='par_1_22' title="bbox 651 2096 2162 2172">
     <span class='ocr_line' id='line_1_22' title="bbox 651 2096 2162 2172; baseline 0.004 -20"><span class='ocrx_word' id='word_1_138' title='bbox 651 2096 745 2152; x_wconf 75' lang='grc'><strong>94.</strong></span> <span class='ocrx_word' id='word_1_139' title='bbox 786 2096 921 2151; x_wconf 88' lang='lat' dir='ltr'><strong>Belli</strong></span> <span class='ocrx_word' id='word_1_140' title='bbox 965 2104 1210 2167; x_wconf 90' lang='lat' dir='ltr'><strong>tempore</strong></span> <span class='ocrx_word' id='word_1_141' title='bbox 1254 2103 1418 2151; x_wconf 87' lang='lat' dir='ltr'><strong>noctu</strong></span> <span class='ocrx_word' id='word_1_142' title='bbox 1474 2097 1543 2154; x_wconf 89' lang='lat' dir='ltr'><strong>de</strong></span> <span class='ocrx_word' id='word_1_143' title='bbox 1590 2100 1757 2157; x_wconf 90' lang='lat' dir='ltr'><strong>rebus</strong></span> <span class='ocrx_word' id='word_1_144' title='bbox 1807 2101 2035 2172; x_wconf 85' lang='lat' dir='ltr'><strong>agendis</strong></span> <span class='ocrx_word' id='word_1_145' title='bbox 2068 2101 2162 2158; x_wconf 89' lang='lat' dir='ltr'><strong>de-</strong></span> 
     </span>
    </p>
   </div>
   <div class='ocr_carea' id='block_1_23' title="bbox 581 2185 2159 2254">
    <p class='ocr_par' dir='ltr' id='par_1_23' title="bbox 581 2185 2159 2254">
     <span class='ocr_line' id='line_1_23' title="bbox 581 2185 2159 2254; baseline 0.005 -12"><span class='ocrx_word' id='word_1_146' title='bbox 581 2185 961 2254; x_wconf 85' lang='lat' dir='ltr'><strong>liberabimus,</strong></span> <span class='ocrx_word' id='word_1_147' title='bbox 992 2188 1232 2243; x_wconf 84' lang='lat' dir='ltr'><strong>interdiu</strong></span> <span class='ocrx_word' id='word_1_148' title='bbox 1292 2198 1475 2245; x_wconf 88' lang='lat' dir='ltr'><strong>autem</strong></span> <span class='ocrx_word' id='word_1_149' title='bbox 1522 2189 1820 2247; x_wconf 88' lang='lat' dir='ltr'><strong>deliberata</strong></span> <span class='ocrx_word' id='word_1_150' title='bbox 1871 2193 2159 2250; x_wconf 84' lang='lat' dir='ltr'><strong>faciemus.</strong></span> 
     </span>
    </p>
   </div>
   <div class='ocr_carea' id='block_1_24' title="bbox 581 2276 2166 2353">
    <p class='ocr_par' dir='ltr' id='par_1_24' title="bbox 581 2276 2166 2353">
     <span class='ocr_line' id='line_1_24' title="bbox 581 2276 2166 2353; baseline 0.005 -20"><span class='ocrx_word' id='word_1_151' title='bbox 581 2276 771 2350; x_wconf 78' lang='lat' dir='ltr'><strong>Neque</strong></span> <span class='ocrx_word' id='word_1_152' title='bbox 799 2280 946 2335; x_wconf 89' lang='lat' dir='ltr'><strong>enim</strong></span> <span class='ocrx_word' id='word_1_153' title='bbox 1000 2279 1145 2335; x_wconf 90' lang='lat' dir='ltr'><strong>idem</strong></span> <span class='ocrx_word' id='word_1_154' title='bbox 1211 2286 1426 2350; x_wconf 89' lang='lat' dir='ltr'><strong>tempus</strong></span> <span class='ocrx_word' id='word_1_155' title='bbox 1460 2296 1585 2339; x_wconf 89' lang='lat' dir='ltr'><strong>esse</strong></span> <span class='ocrx_word' id='word_1_156' title='bbox 1648 2282 1865 2342; x_wconf 90' lang='lat' dir='ltr'><strong>debebit</strong></span> <span class='ocrx_word' id='word_1_157' title='bbox 1920 2284 2166 2353; x_wconf 89' lang='lat' dir='ltr'><strong>consilii,</strong></span> 
     </span>
    </p>
   </div>
   <div class='ocr_carea' id='block_1_25' title="bbox 582 2371 1351 2443">
    <p class='ocr_par' dir='ltr' id='par_1_25' title="bbox 582 2371 1351 2443">
     <span class='ocr_line' id='line_1_25' title="bbox 582 2371 1351 2443; baseline 0.001 -16"><span class='ocrx_word' id='word_1_158' title='bbox 582 2378 639 2427; x_wconf 88' lang='lat' dir='ltr'><strong>et</strong></span> <span class='ocrx_word' id='word_1_159' title='bbox 691 2372 927 2428; x_wconf 87' lang='lat' dir='ltr'><strong>actionis</strong></span> <span class='ocrx_word' id='word_1_160' title='bbox 963 2371 1351 2443; x_wconf 65' lang='lat' dir='ltr'><strong>suscipiendae.</strong></span> 
     </span>
    </p>
   </div>
   <div class='ocr_carea' id='block_1_26' title="bbox 653 2462 2163 2540">
    <p class='ocr_par' dir='ltr' id='par_1_26' title="bbox 653 2462 2163 2540">
     <span class='ocr_line' id='line_1_26' title="bbox 653 2462 2163 2540; baseline 0.006 -20"><span class='ocrx_word' id='word_1_161' title='bbox 653 2462 746 2520; x_wconf 73' lang='lat'><strong>95.</strong></span> <span class='ocrx_word' id='word_1_162' title='bbox 781 2465 969 2520; x_wconf 84' lang='lat' dir='ltr'><strong>Victor</strong></span> <span class='ocrx_word' id='word_1_163' title='bbox 1009 2465 1278 2520; x_wconf 90' lang='lat' dir='ltr'><strong>terribilis</strong></span> <span class='ocrx_word' id='word_1_164' title='bbox 1324 2465 1581 2524; x_wconf 89' lang='lat' dir='ltr'><strong>hostibus</strong></span> <span class='ocrx_word' id='word_1_165' title='bbox 1633 2468 1936 2540; x_wconf 89' lang='lat' dir='ltr'><strong>imperator</strong></span> <span class='ocrx_word' id='word_1_166' title='bbox 1966 2487 2163 2529; x_wconf 88' lang='lat' dir='ltr'><strong>cense-</strong></span> 
     </span>
    </p>
   </div>
   <div class='ocr_carea' id='block_1_27' title="bbox 582 2556 2167 2636">
    <p class='ocr_par' dir='ltr' id='par_1_27' title="bbox 582 2556 2167 2636">
     <span class='ocr_line' id='line_1_27' title="bbox 582 2556 2167 2636; baseline 0.006 -24"><span class='ocrx_word' id='word_1_167' title='bbox 582 2556 757 2625; x_wconf 90' lang='lat' dir='ltr'><strong>bitur,</strong></span> <span class='ocrx_word' id='word_1_168' title='bbox 805 2572 915 2613; x_wconf 90' lang='lat' dir='ltr'><strong>non</strong></span> <span class='ocrx_word' id='word_1_169' title='bbox 951 2557 1045 2629; x_wconf 85' lang='lat' dir='ltr'><strong>qui</strong></span> <span class='ocrx_word' id='word_1_170' title='bbox 1089 2558 1260 2613; x_wconf 87' lang='lat' dir='ltr'><strong>verbo</strong></span> <span class='ocrx_word' id='word_1_171' title='bbox 1306 2560 1483 2615; x_wconf 90' lang='lat' dir='ltr'><strong>solum</strong></span> <span class='ocrx_word' id='word_1_172' title='bbox 1519 2561 1788 2618; x_wconf 87' lang='lat' dir='ltr'><strong>adversus</strong></span> <span class='ocrx_word' id='word_1_173' title='bbox 1832 2562 2019 2619; x_wconf 88' lang='lat' dir='ltr'><strong>hostes</strong></span> <span class='ocrx_word' id='word_1_174' title='bbox 2049 2566 2167 2636; x_wconf 85' lang='lat' dir='ltr'><strong>glo-</strong></span> 
     </span>
    </p>
   </div>
   <div class='ocr_carea' id='block_1_28' title="bbox 582 2648 2166 2726">
    <p class='ocr_par' dir='ltr' id='par_1_28' title="bbox 582 2648 2166 2726">
     <span class='ocr_line' id='line_1_28' title="bbox 582 2648 2166 2726; baseline 0.007 -24"><span class='ocrx_word' id='word_1_175' title='bbox 582 2648 717 2703; x_wconf 87' lang='lat' dir='ltr'><strong>riari</strong></span> <span class='ocrx_word' id='word_1_176' title='bbox 742 2650 967 2720; x_wconf 90' lang='lat' dir='ltr'><strong>poterit,</strong></span> <span class='ocrx_word' id='word_1_177' title='bbox 1010 2651 1107 2705; x_wconf 89' lang='lat' dir='ltr'><strong>sed</strong></span> <span class='ocrx_word' id='word_1_178' title='bbox 1140 2652 1232 2720; x_wconf 91' lang='lat' dir='ltr'><strong>qui</strong></span> <span class='ocrx_word' id='word_1_179' title='bbox 1275 2667 1335 2707; x_wconf 90' lang='lat' dir='ltr'><strong>re</strong></span> <span class='ocrx_word' id='word_1_180' title='bbox 1382 2652 1503 2721; x_wconf 89' lang='lat' dir='ltr'><strong>ipsa</strong></span> <span class='ocrx_word' id='word_1_181' title='bbox 1538 2651 1779 2723; x_wconf 82' lang='lat' dir='ltr'><strong>ilrmare,</strong></span> <span class='ocrx_word' id='word_1_182' title='bbox 1810 2655 1958 2726; x_wconf 88' lang='lat' dir='ltr'><strong>quod</strong></span> <span class='ocrx_word' id='word_1_183' title='bbox 1983 2656 2166 2713; x_wconf 83' lang='lat' dir='ltr'><strong>verbis</strong></span> 
     </span>
    </p>
   </div>
   <div class='ocr_carea' id='block_1_29' title="bbox 582 2740 1009 2812">
    <p class='ocr_par' dir='ltr' id='par_1_29' title="bbox 582 2740 1009 2812">
     <span class='ocr_line' id='line_1_29' title="bbox 582 2740 1009 2812; baseline 0 -16"><span class='ocrx_word' id='word_1_184' title='bbox 582 2740 726 2796; x_wconf 83' lang='lat' dir='ltr'><strong>dixit</strong></span> <span class='ocrx_word' id='word_1_185' title='bbox 786 2742 1009 2812; x_wconf 89' lang='lat' dir='ltr'><strong>poterit.</strong></span> 
     </span>
    </p>
   </div>
   <div class='ocr_carea' id='block_1_30' title="bbox 654 2832 2163 2905">
    <p class='ocr_par' dir='ltr' id='par_1_30' title="bbox 654 2832 2163 2905">
     <span class='ocr_line' id='line_1_30' title="bbox 654 2832 2163 2905; baseline 0.007 -20"><span class='ocrx_word' id='word_1_186' title='bbox 654 2832 744 2886; x_wconf 89' lang='lat'><strong>96.</strong></span> <span class='ocrx_word' id='word_1_187' title='bbox 784 2832 841 2886; x_wconf 91' lang='lat' dir='ltr'><strong>Si</strong></span> <span class='ocrx_word' id='word_1_188' title='bbox 906 2833 1126 2901; x_wconf 88' lang='lat' dir='ltr'><strong>quando</strong></span> <span class='ocrx_word' id='word_1_189' title='bbox 1188 2848 1415 2904; x_wconf 85' lang='lat' dir='ltr'><strong>parvum</strong></span> <span class='ocrx_word' id='word_1_190' title='bbox 1490 2835 1658 2891; x_wconf 86' lang='lat' dir='ltr'><strong>habes</strong></span> <span class='ocrx_word' id='word_1_191' title='bbox 1717 2847 2048 2905; x_wconf 77' lang='lat' dir='ltr'><strong>exemtum,</strong></span> <span class='ocrx_word' id='word_1_192' title='bbox 2110 2849 2163 2896; x_wconf 92' lang='lat' dir='ltr'><strong>et</strong></span> 
     </span>
    </p>
   </div>
   <div class='ocr_carea' id='block_1_31' title="bbox 583 2918 2166 2996">
    <p class='ocr_par' dir='ltr' id='par_1_31' title="bbox 583 2918 2166 2996">
     <span class='ocr_line' id='line_1_31' title="bbox 583 2918 2166 2996; baseline 0.007 -23"><span class='ocrx_word' id='word_1_193' title='bbox 583 2918 828 2975; x_wconf 78' lang='lat' dir='ltr'><strong>hostium</strong></span> <span class='ocrx_word' id='word_1_194' title='bbox 892 2926 1116 2977; x_wconf 89' lang='lat' dir='ltr'><strong>tuorum</strong></span> <span class='ocrx_word' id='word_1_195' title='bbox 1167 2925 1339 2993; x_wconf 67' lang='lat' dir='ltr'><strong>capiare</strong></span> <span class='ocrx_word' id='word_1_196' title='bbox 1393 2923 1552 2994; x_wconf 82' lang='lat' dir='ltr'><strong>longe</strong></span> <span class='ocrx_word' id='word_1_197' title='bbox 1592 2925 1780 2996; x_wconf 90' lang='lat' dir='ltr'><strong>plures</strong></span> <span class='ocrx_word' id='word_1_198' title='bbox 1834 2936 1986 2992; x_wconf 92' lang='lat' dir='ltr'><strong>sunt,</strong></span> <span class='ocrx_word' id='word_1_199' title='bbox 2061 2931 2166 2984; x_wconf 88' lang='lat' dir='ltr'><strong>mi-</strong></span> 
     </span>
    </p>
   </div>
   <div class='ocr_carea' id='block_1_32' title="bbox 583 3014 2163 3087">
    <p class='ocr_par' dir='ltr' id='par_1_32' title="bbox 583 3014 2163 3087">
     <span class='ocr_line' id='line_1_32' title="bbox 583 3014 2163 3087; baseline 0.006 -21"><span class='ocrx_word' id='word_1_200' title='bbox 583 3026 774 3067; x_wconf 87' lang='lat' dir='ltr'><strong>norem</strong></span> <span class='ocrx_word' id='word_1_201' title='bbox 846 3014 1338 3083; x_wconf 79' lang='lat' dir='ltr'><strong>angustioremque</strong></span> <span class='ocrx_word' id='word_1_202' title='bbox 1395 3014 1575 3069; x_wconf 92' lang='lat' dir='ltr'><strong>locum</strong></span> <span class='ocrx_word' id='word_1_203' title='bbox 1638 3020 1844 3087; x_wconf 87' lang='lat' dir='ltr'><strong>capito,</strong></span> <span class='ocrx_word' id='word_1_204' title='bbox 1926 3027 1980 3075; x_wconf 88' lang='lat' dir='ltr'><strong>et</strong></span> <span class='ocrx_word' id='word_1_205' title='bbox 2064 3036 2163 3075; x_wconf 83' lang='lat' dir='ltr'><strong>co-</strong></span> 
     </span>
    </p>
   </div>
   <div class='ocr_carea' id='block_1_33' title="bbox 2270 618 3890 695">
    <p class='ocr_par' dir='ltr' id='par_1_33' title="bbox 2270 618 3890 695">
     <span class='ocr_line' id='line_1_33' title="bbox 2270 618 3890 695; baseline -0.006 -18"><span class='ocrx_word' id='word_1_206' title='bbox 2270 622 2532 695; x_wconf 83' lang='grc' dir='ltr'><strong>σταθερὸν</strong></span> <span class='ocrx_word' id='word_1_207' title='bbox 2559 622 2667 686; x_wconf 71' lang='grc' dir='ltr'><strong>ἀεὶ,</strong></span> <span class='ocrx_word' id='word_1_208' title='bbox 2697 621 2791 675; x_wconf 69' lang='grc' dir='ltr'><strong>καὶ</strong></span> <span class='ocrx_word' id='word_1_209' title='bbox 2817 621 2955 692; x_wconf 74' lang='grc' dir='ltr'><strong>πρὸς</strong></span> <span class='ocrx_word' id='word_1_210' title='bbox 2982 620 3052 673; x_wconf 86' lang='grc' dir='ltr'><strong>τά</strong></span> <span class='ocrx_word' id='word_1_211' title='bbox 3076 618 3301 672; x_wconf 80' lang='grc' dir='ltr'><strong>τοιαῦτα</strong></span> <span class='ocrx_word' id='word_1_212' title='bbox 3316 619 3747 687; x_wconf 75' lang='grc' dir='ltr'><strong>ἀνεπίγνωστον</strong></span> <span class='ocrx_word' id='word_1_213' title='bbox 3776 635 3791 647; x_wconf 90' lang='grc'><strong>·</strong></span> <span class='ocrx_word' id='word_1_214' title='bbox 3826 618 3890 669; x_wconf 68' lang='grc' dir='ltr'><strong>τὸ</strong></span> 
     </span>
    </p>
   </div>
   <div class='ocr_carea' id='block_1_34' title="bbox 2270 710 3892 788">
    <p class='ocr_par' dir='ltr' id='par_1_34' title="bbox 2270 710 3892 788">
     <span class='ocr_line' id='line_1_34' title="bbox 2270 710 3892 788; baseline -0.006 -18"><span class='ocrx_word' id='word_1_215' title='bbox 2270 716 2381 788; x_wconf 84' lang='grc' dir='ltr'><strong>γὰρ</strong></span> <span class='ocrx_word' id='word_1_216' title='bbox 2413 714 2622 784; x_wconf 80' lang='grc' dir='ltr'><strong>ταχέως</strong></span> <span class='ocrx_word' id='word_1_217' title='bbox 2676 713 2817 784; x_wconf 79' lang='grc' dir='ltr'><strong>πρὸς</strong></span> <span class='ocrx_word' id='word_1_218' title='bbox 2871 711 3048 783; x_wconf 87' lang='grc' dir='ltr'><strong>χαράν</strong></span> <span class='ocrx_word' id='word_1_219' title='bbox 3096 710 3425 782; x_wconf 73' lang='grc' dir='ltr'><strong>ἐπαίρεσθαι</strong></span> <span class='ocrx_word' id='word_1_220' title='bbox 3454 711 3745 782; x_wconf 85' lang='grc' dir='ltr'><strong>φανερῶς.</strong></span> <span class='ocrx_word' id='word_1_221' title='bbox 3780 710 3892 763; x_wconf 68' lang='grc' dir='ltr'><strong>καὶ</strong></span> 
     </span>
    </p>
   </div>
   <div class='ocr_carea' id='block_1_35' title="bbox 2266 804 3888 879">
    <p class='ocr_par' dir='ltr' id='par_1_35' title="bbox 2266 804 3888 879">
     <span class='ocr_line' id='line_1_35' title="bbox 2266 804 3888 879; baseline 0.002 -24"><span class='ocrx_word' id='word_1_222' title='bbox 2266 809 2409 879; x_wconf 81' lang='grc' dir='ltr'><strong>πρὸς</strong></span> <span class='ocrx_word' id='word_1_223' title='bbox 2451 807 2628 879; x_wconf 83' lang='grc' dir='ltr'><strong>λύπην</strong></span> <span class='ocrx_word' id='word_1_224' title='bbox 2688 806 2853 861; x_wconf 71' lang='grc' dir='ltr'><strong>πάλιν</strong></span> <span class='ocrx_word' id='word_1_225' title='bbox 2915 804 3201 877; x_wconf 78' lang='grc' dir='ltr'><strong>προδήλως</strong></span> <span class='ocrx_word' id='word_1_226' title='bbox 3230 804 3635 871; x_wconf 78' lang='grc' dir='ltr'><strong>καταπίπτειν,</strong></span> <span class='ocrx_word' id='word_1_227' title='bbox 3680 804 3888 874; x_wconf 67' lang='grc' dir='ltr'><strong>ψυχῆς</strong></span> 
     </span>
    </p>
   </div>
   <div class='ocr_carea' id='block_1_36' title="bbox 2268 896 3424 970">
    <p class='ocr_par' dir='ltr' id='par_1_36' title="bbox 2268 896 3424 970">
     <span class='ocr_line' id='line_1_36' title="bbox 2268 896 3424 970; baseline -0.003 -15"><span class='ocrx_word' id='word_1_228' title='bbox 2268 902 2416 955; x_wconf 79' lang='grc' dir='ltr'><strong>ἐστιν</strong></span> <span class='ocrx_word' id='word_1_229' title='bbox 2448 900 2699 970; x_wconf 74' lang='grc' dir='ltr'><strong>μαλακῇς</strong></span> <span class='ocrx_word' id='word_1_230' title='bbox 2722 899 2816 952; x_wconf 77' lang='grc' dir='ltr'><strong>καὶ</strong></span> <span class='ocrx_word' id='word_1_231' title='bbox 2842 897 3067 963; x_wconf 77' lang='grc' dir='ltr'><strong>ἀναξίας</strong></span> <span class='ocrx_word' id='word_1_232' title='bbox 3095 896 3424 967; x_wconf 81' lang='grc' dir='ltr'><strong>στρατηγοῦ.</strong></span> 
     </span>
    </p>
   </div>
   <div class='ocr_carea' id='block_1_37' title="bbox 2341 990 3895 1064">
    <p class='ocr_par' dir='ltr' id='par_1_37' title="bbox 2341 990 3895 1064">
     <span class='ocr_line' id='line_1_37' title="bbox 2341 990 3895 1064; baseline 0.001 -16"><span class='ocrx_word' id='word_1_233' title='bbox 2341 993 2450 1063; x_wconf 55' lang='grc' dir='ltr'><strong>ιγ’.</strong></span> <span class='ocrx_word' id='word_1_234' title='bbox 2484 992 2793 1064; x_wconf 79' lang='grc' dir='ltr'><strong>’Υπερϐολὴ</strong></span> <span class='ocrx_word' id='word_1_235' title='bbox 2824 990 3027 1055; x_wconf 78' lang='grc' dir='ltr'><strong>παντὸς</strong></span> <span class='ocrx_word' id='word_1_236' title='bbox 3062 991 3392 1062; x_wconf 82' lang='grc' dir='ltr'><strong>πράγματος</strong></span> <span class='ocrx_word' id='word_1_237' title='bbox 3432 992 3534 1046; x_wconf 72' lang='grc' dir='ltr'><strong>οὐκ</strong></span> <span class='ocrx_word' id='word_1_238' title='bbox 3560 993 3895 1049; x_wconf 64' lang='grc' dir='ltr'><strong>ἀπῶεκ-τόν</strong></span> 
     </span>
    </p>
   </div>
   <div class='ocr_carea' id='block_1_38' title="bbox 2267 1082 3886 1158">
    <p class='ocr_par' dir='ltr' id='par_1_38' title="bbox 2267 1082 3886 1158">
     <span class='ocr_line' id='line_1_38' title="bbox 2267 1082 3886 1158; baseline 0.002 -20"><span class='ocrx_word' id='word_1_239' title='bbox 2267 1085 2404 1149; x_wconf 74' lang='grc' dir='ltr'><strong>ἔστι,</strong></span> <span class='ocrx_word' id='word_1_240' title='bbox 2434 1082 2515 1136; x_wconf 84' lang='grc' dir='ltr'><strong>διδ</strong></span> <span class='ocrx_word' id='word_1_241' title='bbox 2545 1084 2683 1154; x_wconf 86' lang='grc' dir='ltr'><strong>μήτε</strong></span> <span class='ocrx_word' id='word_1_242' title='bbox 2710 1082 2831 1135; x_wconf 84' lang='grc' dir='ltr'><strong>λίαν</strong></span> <span class='ocrx_word' id='word_1_243' title='bbox 2863 1082 3092 1152; x_wconf 72' lang='grc' dir='ltr'><strong>φοϐερὸς</strong></span> <span class='ocrx_word' id='word_1_244' title='bbox 3132 1084 3243 1146; x_wconf 85' lang='grc' dir='ltr'><strong>τοῖς</strong></span> <span class='ocrx_word' id='word_1_245' title='bbox 3277 1083 3541 1154; x_wconf 83' lang='grc' dir='ltr'><strong>ὑπηκόοις</strong></span> <span class='ocrx_word' id='word_1_246' title='bbox 3568 1085 3886 1158; x_wconf 78' lang='grc' dir='ltr'><strong>ὑπάρχῃς,</strong></span> 
     </span>
    </p>
   </div>
   <div class='ocr_carea' id='block_1_39' title="bbox 2267 1168 3889 1246">
    <p class='ocr_par' dir='ltr' id='par_1_39' title="bbox 2267 1168 3889 1246">
     <span class='ocr_line' id='line_1_39' title="bbox 2267 1168 3889 1246; baseline 0.002 -19"><span class='ocrx_word' id='word_1_247' title='bbox 2267 1168 2313 1227; x_wconf 85' lang='grc' dir='ltr'><strong>ῶ</strong></span> <span class='ocrx_word' id='word_1_248' title='bbox 2344 1174 2636 1245; x_wconf 82' lang='grc' dir='ltr'><strong>στρατηγὲ,</strong></span> <span class='ocrx_word' id='word_1_249' title='bbox 2661 1175 2795 1245; x_wconf 85' lang='grc' dir='ltr'><strong>μήτε</strong></span> <span class='ocrx_word' id='word_1_250' title='bbox 2822 1172 2943 1227; x_wconf 91' lang='grc' dir='ltr'><strong>λίαν</strong></span> <span class='ocrx_word' id='word_1_251' title='bbox 2965 1173 3235 1244; x_wconf 63' lang='grc' dir='ltr'><strong>ἐπιεικής</strong></span> <span class='ocrx_word' id='word_1_252' title='bbox 3258 1174 3543 1246; x_wconf 82' lang='grc' dir='ltr'><strong>ἀμφότερα</strong></span> <span class='ocrx_word' id='word_1_253' title='bbox 3560 1175 3677 1245; x_wconf 84' lang='grc' dir='ltr'><strong>γάρ</strong></span> <span class='ocrx_word' id='word_1_254' title='bbox 3697 1178 3889 1231; x_wconf 70' lang='grc' dir='ltr'><strong>ἀκατο</strong></span> 
     </span>
    </p>
   </div>
   <div class='ocr_carea' id='block_1_40' title="bbox 2272 1267 3885 1341">
    <p class='ocr_par' dir='ltr' id='par_1_40' title="bbox 2272 1267 3885 1341">
     <span class='ocr_line' id='line_1_40' title="bbox 2272 1267 3885 1341; baseline 0.004 -19"><span class='ocrx_word' id='word_1_255' title='bbox 2272 1267 2481 1338; x_wconf 85' lang='grc' dir='ltr'><strong>ἀλληλα</strong></span> <span class='ocrx_word' id='word_1_256' title='bbox 2531 1268 2609 1340; x_wconf 85' lang='grc' dir='ltr'><strong>τῷ</strong></span> <span class='ocrx_word' id='word_1_257' title='bbox 2659 1269 2954 1341; x_wconf 87' lang='grc' dir='ltr'><strong>στρατηγῷ</strong></span> <span class='ocrx_word' id='word_1_258' title='bbox 2994 1269 3130 1340; x_wconf 74' lang='grc' dir='ltr'><strong>πρὸς</strong></span> <span class='ocrx_word' id='word_1_259' title='bbox 3187 1269 3246 1322; x_wconf 77' lang='grc' dir='ltr'><strong>τὸ</strong></span> <span class='ocrx_word' id='word_1_260' title='bbox 3271 1272 3590 1341; x_wconf 85' lang='grc' dir='ltr'><strong>στράτευμα</strong></span> <span class='ocrx_word' id='word_1_261' title='bbox 3622 1273 3885 1341; x_wconf 82' lang='grc' dir='ltr'><strong>γίνεται.</strong></span> 
     </span>
    </p>
   </div>
   <div class='ocr_carea' id='block_1_41' title="bbox 2276 1361 3887 1436">
    <p class='ocr_par' dir='ltr' id='par_1_41' title="bbox 2276 1361 3887 1436">
     <span class='ocr_line' id='line_1_41' title="bbox 2276 1361 3887 1436; baseline 0.001 -19"><span class='ocrx_word' id='word_1_262' title='bbox 2276 1364 2334 1418; x_wconf 87' lang='lat'><strong>&#39;0</strong></span> <span class='ocrx_word' id='word_1_263' title='bbox 2410 1364 2510 1434; x_wconf 84' lang='grc' dir='ltr'><strong>μὲν</strong></span> <span class='ocrx_word' id='word_1_264' title='bbox 2553 1364 2661 1434; x_wconf 92' lang='grc' dir='ltr'><strong>γάρ</strong></span> <span class='ocrx_word' id='word_1_265' title='bbox 2722 1362 2890 1426; x_wconf 74' lang='grc' dir='ltr'><strong>πολὺς</strong></span> <span class='ocrx_word' id='word_1_266' title='bbox 2954 1361 3118 1431; x_wconf 82' lang='grc' dir='ltr'><strong>φόϐος</strong></span> <span class='ocrx_word' id='word_1_267' title='bbox 3182 1364 3340 1433; x_wconf 87' lang='grc' dir='ltr'><strong>μῖσος</strong></span> <span class='ocrx_word' id='word_1_268' title='bbox 3387 1363 3699 1435; x_wconf 75' lang='grc' dir='ltr'><strong>ἀπογεννᾷ,</strong></span> <span class='ocrx_word' id='word_1_269' title='bbox 3756 1367 3887 1436; x_wconf 71' lang='grc' dir='ltr'><strong>ἡδὲ</strong></span> 
     </span>
    </p>
   </div>
   <div class='ocr_carea' id='block_1_42' title="bbox 2272 1456 3883 1531">
    <p class='ocr_par' dir='ltr' id='par_1_42' title="bbox 2272 1456 3883 1531">
     <span class='ocr_line' id='line_1_42' title="bbox 2272 1456 3883 1531; baseline 0.001 -19"><span class='ocrx_word' id='word_1_270' title='bbox 2272 1459 2443 1529; x_wconf 82' lang='grc' dir='ltr'><strong>πολλὴ</strong></span> <span class='ocrx_word' id='word_1_271' title='bbox 2482 1458 2755 1512; x_wconf 72' lang='grc' dir='ltr'><strong>ἐπιείκεια</strong></span> <span class='ocrx_word' id='word_1_272' title='bbox 2785 1457 3200 1529; x_wconf 80' lang='grc' dir='ltr'><strong>καταφρόνησιν</strong></span> <span class='ocrx_word' id='word_1_273' title='bbox 3248 1456 3569 1528; x_wconf 71' lang='grc' dir='ltr'><strong>ἐργάζεται.</strong></span> <span class='ocrx_word' id='word_1_274' title='bbox 3635 1459 3883 1531; x_wconf 78' lang='grc' dir='ltr'><strong>Ἀρίστη</strong></span> 
     </span>
    </p>
   </div>
   <div class='ocr_carea' id='block_1_43' title="bbox 2271 1545 3885 1620">
    <p class='ocr_par' dir='ltr' id='par_1_43' title="bbox 2271 1545 3885 1620">
     <span class='ocr_line' id='line_1_43' title="bbox 2271 1545 3885 1620; baseline 0.002 -18"><span class='ocrx_word' id='word_1_275' title='bbox 2271 1549 2327 1603; x_wconf 79' lang='grc' dir='ltr'><strong>δὲ</strong></span> <span class='ocrx_word' id='word_1_276' title='bbox 2360 1548 2509 1620; x_wconf 81' lang='grc' dir='ltr'><strong>ἡτοῦ</strong></span> <span class='ocrx_word' id='word_1_277' title='bbox 2542 1546 2705 1619; x_wconf 82' lang='grc' dir='ltr'><strong>μέσου</strong></span> <span class='ocrx_word' id='word_1_278' title='bbox 2756 1548 3017 1612; x_wconf 79' lang='grc' dir='ltr'><strong>διάθεσις,</strong></span> <span class='ocrx_word' id='word_1_279' title='bbox 3074 1546 3217 1601; x_wconf 83' lang='grc' dir='ltr'><strong>ὥστε</strong></span> <span class='ocrx_word' id='word_1_280' title='bbox 3248 1548 3569 1619; x_wconf 81' lang='grc' dir='ltr'><strong>σύμμετρόν</strong></span> <span class='ocrx_word' id='word_1_281' title='bbox 3621 1568 3691 1603; x_wconf 90' lang='grc' dir='ltr'><strong>σε</strong></span> <span class='ocrx_word' id='word_1_282' title='bbox 3729 1545 3885 1605; x_wconf 76' lang='grc' dir='ltr'><strong>εἶναι</strong></span> 
     </span>
    </p>
   </div>
   <div class='ocr_carea' id='block_1_44' title="bbox 2273 1636 3887 1710">
    <p class='ocr_par' dir='ltr' id='par_1_44' title="bbox 2273 1636 3887 1710">
     <span class='ocr_line' id='line_1_44' title="bbox 2273 1636 3887 1710; baseline 0.001 -17"><span class='ocrx_word' id='word_1_283' title='bbox 2273 1638 2412 1705; x_wconf 78' lang='grc' dir='ltr'><strong>πρὸς</strong></span> <span class='ocrx_word' id='word_1_284' title='bbox 2458 1639 2768 1710; x_wconf 85' lang='grc' dir='ltr'><strong>ἀμφότερα,</strong></span> <span class='ocrx_word' id='word_1_285' title='bbox 2836 1638 2933 1691; x_wconf 71' lang='grc' dir='ltr'><strong>καὶ</strong></span> <span class='ocrx_word' id='word_1_286' title='bbox 2990 1636 3129 1709; x_wconf 75' lang='grc' dir='ltr'><strong>μήτε</strong></span> <span class='ocrx_word' id='word_1_287' title='bbox 3178 1638 3281 1701; x_wconf 83' lang='grc' dir='ltr'><strong>τάς</strong></span> <span class='ocrx_word' id='word_1_288' title='bbox 3333 1638 3732 1703; x_wconf 81' lang='grc' dir='ltr'><strong>ὲπεξελεύσεις</strong></span> <span class='ocrx_word' id='word_1_289' title='bbox 3767 1640 3887 1694; x_wconf 85' lang='grc' dir='ltr'><strong>τῶν</strong></span> 
     </span>
    </p>
   </div>
   <div class='ocr_carea' id='block_1_45' title="bbox 2272 1728 3886 1803">
    <p class='ocr_par' dir='ltr' id='par_1_45' title="bbox 2272 1728 3886 1803">
     <span class='ocr_line' id='line_1_45' title="bbox 2272 1728 3886 1803; baseline -0.001 -17"><span class='ocrx_word' id='word_1_290' title='bbox 2272 1729 2737 1803; x_wconf 79' lang='grc' dir='ltr'><strong>ἁμαρτανομένων</strong></span> <span class='ocrx_word' id='word_1_291' title='bbox 2760 1728 2901 1800; x_wconf 81' lang='grc' dir='ltr'><strong>μετὰ</strong></span> <span class='ocrx_word' id='word_1_292' title='bbox 2918 1729 3179 1792; x_wconf 83' lang='grc' dir='ltr'><strong>ἀπονοίας</strong></span> <span class='ocrx_word' id='word_1_293' title='bbox 3201 1728 3475 1783; x_wconf 87' lang='grc' dir='ltr'><strong>ποιεῖσθαι</strong></span> <span class='ocrx_word' id='word_1_294' title='bbox 3499 1732 3597 1784; x_wconf 68' lang='grc' dir='ltr'><strong>καὶ</strong></span> <span class='ocrx_word' id='word_1_295' title='bbox 3616 1732 3886 1803; x_wconf 77' lang='grc' dir='ltr'><strong>ἀμέτρου</strong></span> 
     </span>
    </p>
   </div>
   <div class='ocr_carea' id='block_1_46' title="bbox 2270 1814 3884 1896">
    <p class='ocr_par' dir='ltr' id='par_1_46' title="bbox 2270 1814 3884 1896">
     <span class='ocr_line' id='line_1_46' title="bbox 2270 1814 3884 1896; baseline -0.001 -19"><span class='ocrx_word' id='word_1_296' title='bbox 2270 1825 2463 1896; x_wconf 77' lang='grc' dir='ltr'><strong>ὀργῆς,</strong></span> <span class='ocrx_word' id='word_1_297' title='bbox 2522 1824 2658 1895; x_wconf 75' lang='grc' dir='ltr'><strong>μήτε</strong></span> <span class='ocrx_word' id='word_1_298' title='bbox 2692 1814 2854 1876; x_wconf 80' lang='grc' dir='ltr'><strong>πάλιν</strong></span> <span class='ocrx_word' id='word_1_299' title='bbox 2905 1820 3183 1885; x_wconf 83' lang='grc' dir='ltr'><strong>παντελῶς</strong></span> <span class='ocrx_word' id='word_1_300' title='bbox 3215 1821 3437 1890; x_wconf 82' lang='grc' dir='ltr'><strong>ἀφιέναι</strong></span> <span class='ocrx_word' id='word_1_301' title='bbox 3506 1822 3884 1894; x_wconf 79' lang='grc' dir='ltr'><strong>ἀτιμώρητα.</strong></span> 
     </span>
    </p>
   </div>
   <div class='ocr_carea' id='block_1_47' title="bbox 2275 1911 3890 1984">
    <p class='ocr_par' dir='ltr' id='par_1_47' title="bbox 2275 1911 3890 1984">
     <span class='ocr_line' id='line_1_47' title="bbox 2275 1911 3890 1984; baseline -0.001 -17"><span class='ocrx_word' id='word_1_302' title='bbox 2275 1917 2416 1968; x_wconf 83' lang='grc' dir='ltr'><strong>ὥστε</strong></span> <span class='ocrx_word' id='word_1_303' title='bbox 2480 1915 2561 1977; x_wconf 84' lang='grc' dir='ltr'><strong>είς</strong></span> <span class='ocrx_word' id='word_1_304' title='bbox 2601 1912 2864 1984; x_wconf 83' lang='grc' dir='ltr'><strong>ἀναρχίαν</strong></span> <span class='ocrx_word' id='word_1_305' title='bbox 2904 1911 3082 1965; x_wconf 78' lang='grc' dir='ltr'><strong>δοκεῖν</strong></span> <span class='ocrx_word' id='word_1_306' title='bbox 3150 1911 3548 1982; x_wconf 84' lang='grc' dir='ltr'><strong>περιίστασθαί</strong></span> <span class='ocrx_word' id='word_1_307' title='bbox 3606 1929 3717 1967; x_wconf 88' lang='grc' dir='ltr'><strong>σου</strong></span> <span class='ocrx_word' id='word_1_308' title='bbox 3784 1914 3890 1984; x_wconf 69' lang='grc' dir='ltr'><strong>τὴν</strong></span> 
     </span>
    </p>
   </div>
   <div class='ocr_carea' id='block_1_48' title="bbox 2276 2006 2474 2077">
    <p class='ocr_par' dir='ltr' id='par_1_48' title="bbox 2276 2006 2474 2077">
     <span class='ocr_line' id='line_1_48' title="bbox 2276 2006 2474 2077; baseline -0.01 0"><span class='ocrx_word' id='word_1_309' title='bbox 2276 2006 2474 2077; x_wconf 80' lang='grc' dir='ltr'><strong>ἀρχήν·</strong></span> 
     </span>
    </p>
   </div>
   <div class='ocr_carea' id='block_1_49' title="bbox 2343 2093 3891 2168">
    <p class='ocr_par' dir='ltr' id='par_1_49' title="bbox 2343 2093 3891 2168">
     <span class='ocr_line' id='line_1_49' title="bbox 2343 2093 3891 2168; baseline 0.001 -18"><span class='ocrx_word' id='word_1_310' title='bbox 2343 2095 2444 2165; x_wconf 55' lang='grc' dir='ltr'><strong>ιδ’.</strong></span> <span class='ocrx_word' id='word_1_311' title='bbox 2489 2097 2579 2151; x_wconf 81' lang='grc' dir='ltr'><strong>Ἐν</strong></span> <span class='ocrx_word' id='word_1_312' title='bbox 2608 2096 2848 2167; x_wconf 87' lang='grc' dir='ltr'><strong>πολέμου</strong></span> <span class='ocrx_word' id='word_1_313' title='bbox 2873 2094 3053 2168; x_wconf 83' lang='grc' dir='ltr'><strong>καιρῷ</strong></span> <span class='ocrx_word' id='word_1_314' title='bbox 3099 2093 3357 2165; x_wconf 75' lang='grc' dir='ltr'><strong>βουλεύου</strong></span> <span class='ocrx_word' id='word_1_315' title='bbox 3393 2094 3492 2165; x_wconf 78' lang='grc' dir='ltr'><strong>μὲν</strong></span> <span class='ocrx_word' id='word_1_316' title='bbox 3527 2096 3589 2148; x_wconf 79' lang='grc' dir='ltr'>ἒν</span> <span class='ocrx_word' id='word_1_317' title='bbox 3614 2096 3797 2149; x_wconf 63' lang='grc' dir='ltr'><strong>νυκτὶ</strong></span> <span class='ocrx_word' id='word_1_318' title='bbox 3824 2100 3891 2151; x_wconf 71' lang='grc' dir='ltr'><strong>τὸ</strong></span> 
     </span>
    </p>
   </div>
   <div class='ocr_carea' id='block_1_50' title="bbox 2276 2186 3891 2262">
    <p class='ocr_par' dir='ltr' id='par_1_50' title="bbox 2276 2186 3891 2262">
     <span class='ocr_line' id='line_1_50' title="bbox 2276 2186 3891 2262; baseline 0 -19"><span class='ocrx_word' id='word_1_319' title='bbox 2276 2190 2567 2262; x_wconf 81' lang='grc' dir='ltr'><strong>πρακτέον,</strong></span> <span class='ocrx_word' id='word_1_320' title='bbox 2599 2190 2667 2244; x_wconf 85' lang='grc' dir='ltr'><strong>τά</strong></span> <span class='ocrx_word' id='word_1_321' title='bbox 2722 2189 2780 2243; x_wconf 80' lang='grc' dir='ltr'><strong>δὲ</strong></span> <span class='ocrx_word' id='word_1_322' title='bbox 2831 2187 3064 2253; x_wconf 81' lang='grc' dir='ltr'><strong>δόξαντα</strong></span> <span class='ocrx_word' id='word_1_323' title='bbox 3115 2190 3181 2259; x_wconf 80' lang='grc' dir='ltr'><strong>τῇ</strong></span> <span class='ocrx_word' id='word_1_324' title='bbox 3229 2186 3390 2259; x_wconf 77' lang='grc' dir='ltr'><strong>βουλῇ</strong></span> <span class='ocrx_word' id='word_1_325' title='bbox 3452 2188 3706 2242; x_wconf 73' lang='grc' dir='ltr'><strong>ἐπιτέλει</strong></span> <span class='ocrx_word' id='word_1_326' title='bbox 3761 2190 3891 2259; x_wconf 77' lang='grc' dir='ltr'><strong>μεθ’</strong></span> 
     </span>
    </p>
   </div>
   <div class='ocr_carea' id='block_1_51' title="bbox 2275 2275 3889 2355">
    <p class='ocr_par' dir='ltr' id='par_1_51' title="bbox 2275 2275 3889 2355">
     <span class='ocr_line' id='line_1_51' title="bbox 2275 2275 3889 2355; baseline -0.002 -18"><span class='ocrx_word' id='word_1_327' title='bbox 2275 2285 2511 2355; x_wconf 75' lang='grc' dir='ltr'><strong>ἡμέραν.</strong></span> <span class='ocrx_word' id='word_1_328' title='bbox 2539 2283 2613 2337; x_wconf 85' lang='grc' dir='ltr'><strong>Ού</strong></span> <span class='ocrx_word' id='word_1_329' title='bbox 2644 2282 2752 2353; x_wconf 87' lang='grc' dir='ltr'><strong>γάρ</strong></span> <span class='ocrx_word' id='word_1_330' title='bbox 2782 2284 2811 2336; x_wconf 86' lang='grc' dir='ltr'><strong>ό</strong></span> <span class='ocrx_word' id='word_1_331' title='bbox 2840 2282 2999 2345; x_wconf 84' lang='grc' dir='ltr'><strong>αύτδς</strong></span> <span class='ocrx_word' id='word_1_332' title='bbox 3027 2280 3233 2345; x_wconf 78' lang='grc' dir='ltr'><strong>ὀφείλει</strong></span> <span class='ocrx_word' id='word_1_333' title='bbox 3264 2280 3454 2353; x_wconf 82' lang='grc' dir='ltr'><strong>καιρὸς</strong></span> <span class='ocrx_word' id='word_1_334' title='bbox 3484 2275 3628 2335; x_wconf 79' lang='grc' dir='ltr'><strong>εἶναι</strong></span> <span class='ocrx_word' id='word_1_335' title='bbox 3668 2281 3889 2353; x_wconf 77' lang='grc' dir='ltr'><strong>βουλῆς</strong></span> 
     </span>
    </p>
   </div>
   <div class='ocr_carea' id='block_1_52' title="bbox 2274 2374 2987 2446">
    <p class='ocr_par' dir='ltr' id='par_1_52' title="bbox 2274 2374 2987 2446">
     <span class='ocr_line' id='line_1_52' title="bbox 2274 2374 2987 2446; baseline 0 -16"><span class='ocrx_word' id='word_1_336' title='bbox 2274 2394 2332 2430; x_wconf 88' lang='grc' dir='ltr'><strong>τε</strong></span> <span class='ocrx_word' id='word_1_337' title='bbox 2365 2376 2458 2430; x_wconf 69' lang='grc' dir='ltr'><strong>καὶ</strong></span> <span class='ocrx_word' id='word_1_338' title='bbox 2491 2375 2884 2446; x_wconf 79' lang='grc' dir='ltr'><strong>παρατάξεως.</strong></span> <span class='ocrx_word' id='word_1_339' title='bbox 2968 2374 2987 2381; x_wconf 83' lang='grc'><strong>’</strong></span> 
     </span>
    </p>
   </div>
   <div class='ocr_carea' id='block_1_53' title="bbox 2348 2463 3884 2538">
    <p class='ocr_par' dir='ltr' id='par_1_53' title="bbox 2348 2463 3884 2538">
     <span class='ocr_line' id='line_1_53' title="bbox 2348 2463 3884 2538; baseline -0.001 -19"><span class='ocrx_word' id='word_1_340' title='bbox 2348 2464 2447 2534; x_wconf 46' lang='grc' dir='ltr'><strong>με’.</strong></span> <span class='ocrx_word' id='word_1_341' title='bbox 2479 2465 2729 2538; x_wconf 84' lang='grc' dir='ltr'><strong>Νικητὴς</strong></span> <span class='ocrx_word' id='word_1_342' title='bbox 2769 2464 2863 2518; x_wconf 74' lang='grc' dir='ltr'><strong>καὶ</strong></span> <span class='ocrx_word' id='word_1_343' title='bbox 2896 2463 3126 2536; x_wconf 67' lang='grc' dir='ltr'><strong>φοϐερὸς</strong></span> <span class='ocrx_word' id='word_1_344' title='bbox 3151 2465 3265 2528; x_wconf 89' lang='grc' dir='ltr'><strong>τοῖς</strong></span> <span class='ocrx_word' id='word_1_345' title='bbox 3289 2465 3573 2535; x_wconf 83' lang='grc' dir='ltr'><strong>πολεμίοις</strong></span> <span class='ocrx_word' id='word_1_346' title='bbox 3606 2465 3884 2535; x_wconf 77' lang='grc' dir='ltr'><strong>λογισθῆ-</strong></span> 
     </span>
    </p>
   </div>
   <div class='ocr_carea' id='block_1_54' title="bbox 2281 2553 3887 2627">
    <p class='ocr_par' dir='ltr' id='par_1_54' title="bbox 2281 2553 3887 2627">
     <span class='ocr_line' id='line_1_54' title="bbox 2281 2553 3887 2627; baseline -0.003 -16"><span class='ocrx_word' id='word_1_347' title='bbox 2281 2575 2430 2611; x_wconf 86' lang='grc' dir='ltr'><strong>σεται</strong></span> <span class='ocrx_word' id='word_1_348' title='bbox 2464 2557 2492 2610; x_wconf 88' lang='grc' dir='ltr'><strong>ό</strong></span> <span class='ocrx_word' id='word_1_349' title='bbox 2515 2554 2949 2627; x_wconf 73' lang='grc' dir='ltr'><strong>στρατηγὸς,ούχ</strong></span> <span class='ocrx_word' id='word_1_350' title='bbox 2974 2555 3001 2607; x_wconf 89' lang='grc' dir='ltr'><strong>ό</strong></span> <span class='ocrx_word' id='word_1_351' title='bbox 3030 2554 3108 2626; x_wconf 80' lang='grc' dir='ltr'><strong>τῷ</strong></span> <span class='ocrx_word' id='word_1_352' title='bbox 3138 2554 3320 2621; x_wconf 82' lang='grc' dir='ltr'><strong>λέγειν</strong></span> <span class='ocrx_word' id='word_1_353' title='bbox 3354 2553 3513 2623; x_wconf 85' lang='grc' dir='ltr'><strong>μόνον</strong></span> <span class='ocrx_word' id='word_1_354' title='bbox 3539 2553 3636 2607; x_wconf 70' lang='grc' dir='ltr'><strong>καὶ</strong></span> <span class='ocrx_word' id='word_1_355' title='bbox 3664 2556 3887 2621; x_wconf 78' lang='grc' dir='ltr'><strong>ὲγκαυο</strong></span> 
     </span>
    </p>
   </div>
   <div class='ocr_carea' id='block_1_55' title="bbox 2278 2646 3886 2721">
    <p class='ocr_par' dir='ltr' id='par_1_55' title="bbox 2278 2646 3886 2721">
     <span class='ocr_line' id='line_1_55' title="bbox 2278 2646 3886 2721; baseline -0.002 -17"><span class='ocrx_word' id='word_1_356' title='bbox 2278 2649 2481 2721; x_wconf 73' lang='grc' dir='ltr'><strong>χᾶσθαι</strong></span> <span class='ocrx_word' id='word_1_357' title='bbox 2512 2647 2633 2703; x_wconf 84' lang='grc' dir='ltr'><strong>κατ’</strong></span> <span class='ocrx_word' id='word_1_358' title='bbox 2697 2648 2881 2702; x_wconf 80' lang='grc' dir='ltr'><strong>αὐτῶν</strong></span> <span class='ocrx_word' id='word_1_359' title='bbox 2941 2647 3188 2710; x_wconf 82' lang='grc' dir='ltr'><strong>δυνατὸς,</strong></span> <span class='ocrx_word' id='word_1_360' title='bbox 3215 2646 3333 2701; x_wconf 83' lang='grc' dir='ltr'><strong>ἀλλ’</strong></span> <span class='ocrx_word' id='word_1_361' title='bbox 3360 2649 3388 2701; x_wconf 88' lang='grc' dir='ltr'>ὀ</span> <span class='ocrx_word' id='word_1_362' title='bbox 3434 2649 3556 2712; x_wconf 88' lang='grc' dir='ltr'><strong>ταῖς</strong></span> <span class='ocrx_word' id='word_1_363' title='bbox 3594 2648 3886 2717; x_wconf 65' lang='grc' dir='ltr'><strong>πράξεσιν</strong></span> 
     </span>
    </p>
   </div>
   <div class='ocr_carea' id='block_1_56' title="bbox 2274 2737 3469 2808">
    <p class='ocr_par' dir='ltr' id='par_1_56' title="bbox 2274 2737 3469 2808">
     <span class='ocr_line' id='line_1_56' title="bbox 2274 2737 3469 2808; baseline -0.001 -14"><span class='ocrx_word' id='word_1_364' title='bbox 2274 2739 2439 2795; x_wconf 78' lang='grc' dir='ltr'><strong>αὑτοῦ</strong></span> <span class='ocrx_word' id='word_1_365' title='bbox 2454 2740 2579 2804; x_wconf 67' lang='grc' dir='ltr'><strong>τοὺς</strong></span> <span class='ocrx_word' id='word_1_366' title='bbox 2603 2738 2800 2807; x_wconf 80' lang='grc' dir='ltr'><strong>λόγους</strong></span> <span class='ocrx_word' id='word_1_367' title='bbox 2836 2738 3093 2808; x_wconf 86' lang='grc' dir='ltr'><strong>βεϐαίους</strong></span> <span class='ocrx_word' id='word_1_368' title='bbox 3118 2737 3469 2801; x_wconf 84' lang='grc' dir='ltr'><strong>ἀποδεικνύς.</strong></span> 
     </span>
    </p>
   </div>
   <div class='ocr_carea' id='block_1_57' title="bbox 2347 2829 3889 2901">
    <p class='ocr_par' dir='ltr' id='par_1_57' title="bbox 2347 2829 3889 2901">
     <span class='ocr_line' id='line_1_57' title="bbox 2347 2829 3889 2901; baseline -0.003 -14"><span class='ocrx_word' id='word_1_369' title='bbox 2347 2835 2463 2899; x_wconf 62' lang='grc' dir='ltr'><strong>ιιςσ.</strong></span> <span class='ocrx_word' id='word_1_370' title='bbox 2496 2832 2665 2884; x_wconf 85' lang='grc' dir='ltr'><strong>Ὅταν</strong></span> <span class='ocrx_word' id='word_1_371' title='bbox 2690 2830 2871 2900; x_wconf 85' lang='grc' dir='ltr'><strong>ὀλίγον</strong></span> <span class='ocrx_word' id='word_1_372' title='bbox 2898 2830 3029 2901; x_wconf 73' lang='grc' dir='ltr'><strong>ἔχῃς</strong></span> <span class='ocrx_word' id='word_1_373' title='bbox 3060 2829 3400 2901; x_wconf 85' lang='grc' dir='ltr'><strong>στράτευμα,</strong></span> <span class='ocrx_word' id='word_1_374' title='bbox 3448 2829 3559 2883; x_wconf 88' lang='grc' dir='ltr'><strong>τῶν</strong></span> <span class='ocrx_word' id='word_1_375' title='bbox 3588 2830 3889 2901; x_wconf 86' lang='grc' dir='ltr'><strong>πολεμίων</strong></span> 
     </span>
    </p>
   </div>
   <div class='ocr_carea' id='block_1_58' title="bbox 2283 2920 3890 2993">
    <p class='ocr_par' dir='ltr' id='par_1_58' title="bbox 2283 2920 3890 2993">
     <span class='ocr_line' id='line_1_58' title="bbox 2283 2920 3890 2993; baseline 0 -18"><span class='ocrx_word' id='word_1_376' title='bbox 2283 2922 2341 2975; x_wconf 86' lang='grc' dir='ltr'><strong>δὲ</strong></span> <span class='ocrx_word' id='word_1_377' title='bbox 2370 2924 2449 2986; x_wconf 87' lang='grc' dir='ltr'><strong>είς</strong></span> <span class='ocrx_word' id='word_1_378' title='bbox 2482 2922 2685 2993; x_wconf 82' lang='grc' dir='ltr'><strong>πλῆθός</strong></span> <span class='ocrx_word' id='word_1_379' title='bbox 2726 2923 2896 2987; x_wconf 79' lang='grc' dir='ltr'><strong>ἐστιν,</strong></span> <span class='ocrx_word' id='word_1_380' title='bbox 2930 2920 3128 2974; x_wconf 76' lang='grc' dir='ltr'><strong>σπεῦδε</strong></span> <span class='ocrx_word' id='word_1_381' title='bbox 3171 2920 3500 2975; x_wconf 88' lang='grc' dir='ltr'><strong>καταλαϐεῖν</strong></span> <span class='ocrx_word' id='word_1_382' title='bbox 3544 2923 3890 2992; x_wconf 82' lang='grc' dir='ltr'><strong>μικρότερον</strong></span> 
     </span>
    </p>
   </div>
   <div class='ocr_carea' id='block_1_59' title="bbox 2269 3013 3890 3089">
    <p class='ocr_par' dir='ltr' id='par_1_59' title="bbox 2269 3013 3890 3089">
     <span class='ocr_line' id='line_1_59' title="bbox 2269 3013 3890 3089; baseline -0.003 -18"><span class='ocrx_word' id='word_1_383' title='bbox 2269 3017 2468 3089; x_wconf 84' lang='grc' dir='ltr'><strong>χωρίον</strong></span> <span class='ocrx_word' id='word_1_384' title='bbox 2500 3017 2594 3071; x_wconf 65' lang='grc' dir='ltr'><strong>καλ⁵</strong></span> <span class='ocrx_word' id='word_1_385' title='bbox 2613 3017 2960 3087; x_wconf 76' lang='grc' dir='ltr'><strong>στενώτερον,</strong></span> <span class='ocrx_word' id='word_1_386' title='bbox 2993 3014 3087 3068; x_wconf 66' lang='grc' dir='ltr'><strong>καλ⁵</strong></span> <span class='ocrx_word' id='word_1_387' title='bbox 3120 3013 3433 3085; x_wconf 87' lang='grc' dir='ltr'><strong>σύμμετρον</strong></span> <span class='ocrx_word' id='word_1_388' title='bbox 3460 3013 3537 3084; x_wconf 83' lang='grc' dir='ltr'><strong>τῷ</strong></span> <span class='ocrx_word' id='word_1_389' title='bbox 3594 3015 3675 3084; x_wconf 83' lang='grc' dir='ltr'><strong>σῷ</strong></span> <span class='ocrx_word' id='word_1_390' title='bbox 3704 3032 3890 3083; x_wconf 71' lang='grc' dir='ltr'><strong>στραο</strong></span> 
     </span>
    </p>
   </div>
   <div class='ocr_carea' id='block_1_60' title="bbox 582 3100 2166 3179">
    <p class='ocr_par' dir='ltr' id='par_1_60' title="bbox 582 3100 2159 3175">
     <span class='ocr_line' id='line_1_60' title="bbox 582 3100 2159 3175; baseline 0.007 -19"><span class='ocrx_word' id='word_1_391' title='bbox 582 3103 693 3173; x_wconf 91' lang='lat' dir='ltr'><strong>piis</strong></span> <span class='ocrx_word' id='word_1_392' title='bbox 752 3100 863 3159; x_wconf 91' lang='lat' dir='ltr'><strong>tuis</strong></span> <span class='ocrx_word' id='word_1_393' title='bbox 912 3103 1189 3160; x_wconf 90' lang='lat' dir='ltr'><strong>idoneum.</strong></span> <span class='ocrx_word' id='word_1_394' title='bbox 1236 3101 1423 3175; x_wconf 79' lang='lat' dir='ltr'><strong>itaque</strong></span> <span class='ocrx_word' id='word_1_395' title='bbox 1481 3103 1594 3173; x_wconf 84' lang='lat' dir='ltr'><strong>ﬂet,</strong></span> <span class='ocrx_word' id='word_1_396' title='bbox 1636 3115 1691 3162; x_wconf 92' lang='lat' dir='ltr'><strong>ut</strong></span> <span class='ocrx_word' id='word_1_397' title='bbox 1730 3108 2027 3165; x_wconf 90' lang='lat' dir='ltr'><strong>multitudo</strong></span> <span class='ocrx_word' id='word_1_398' title='bbox 2058 3110 2159 3167; x_wconf 92' lang='lat' dir='ltr'><strong>ho-</strong></span> 
     </span>
    </p>
   </div>
   <div class='ocr_carea' id='block_1_61' title="bbox 2285 3100 3889 3179">
    <p class='ocr_par' dir='ltr' id='par_1_61' title="bbox 2285 3105 3889 3179">
     <span class='ocr_line' id='line_1_61' title="bbox 2285 3105 3889 3179; baseline -0.002 -15"><span class='ocrx_word' id='word_1_399' title='bbox 2285 3109 2519 3179; x_wconf 71' lang='grc' dir='ltr'><strong>ςεύματι.</strong></span> <span class='ocrx_word' id='word_1_400' title='bbox 2584 3108 2657 3162; x_wconf 79' lang='grc' dir='ltr'>Τὸ</span> <span class='ocrx_word' id='word_1_401' title='bbox 2712 3107 2823 3179; x_wconf 85' lang='grc' dir='ltr'><strong>γὰρ</strong></span> <span class='ocrx_word' id='word_1_402' title='bbox 2893 3106 3152 3178; x_wconf 77' lang='grc' dir='ltr'><strong>περισσδν</strong></span> <span class='ocrx_word' id='word_1_403' title='bbox 3199 3105 3310 3158; x_wconf 84' lang='grc' dir='ltr'><strong>τῶν</strong></span> <span class='ocrx_word' id='word_1_404' title='bbox 3363 3106 3639 3176; x_wconf 87' lang='grc' dir='ltr'><strong>πολεμίων</strong></span> <span class='ocrx_word' id='word_1_405' title='bbox 3666 3106 3889 3178; x_wconf 76' lang='grc' dir='ltr'><strong>πλῆθος</strong></span> 
     </span>
    </p>
   </div>
   <div class='ocr_carea' id='block_1_62' title="bbox 583 3196 2166 3266">
    <p class='ocr_par' dir='ltr' id='par_1_62' title="bbox 583 3196 2166 3266">
     <span class='ocr_line' id='line_1_62' title="bbox 583 3196 2166 3266; baseline 0.007 -13"><span class='ocrx_word' id='word_1_406' title='bbox 583 3199 753 3253; x_wconf 78' lang='lat' dir='ltr'><strong>‘stium</strong></span> <span class='ocrx_word' id='word_1_407' title='bbox 812 3196 1027 3255; x_wconf 90' lang='lat' dir='ltr'><strong>inutilis</strong></span> <span class='ocrx_word' id='word_1_408' title='bbox 1074 3199 1187 3266; x_wconf 84' lang='lat' dir='ltr'><strong>fiat,</strong></span> <span class='ocrx_word' id='word_1_409' title='bbox 1252 3199 1347 3255; x_wconf 90' lang='lat' dir='ltr'><strong>ubi</strong></span> <span class='ocrx_word' id='word_1_410' title='bbox 1378 3201 1533 3259; x_wconf 86' lang='lat' dir='ltr'><strong>locus</strong></span> <span class='ocrx_word' id='word_1_411' title='bbox 1573 3203 1949 3263; x_wconf 89' lang='lat' dir='ltr'><strong>multitudinis</strong></span> <span class='ocrx_word' id='word_1_412' title='bbox 1979 3206 2166 3264; x_wconf 90' lang='lat' dir='ltr'><strong>minus</strong></span> 
     </span>
    </p>
   </div>
   <div class='ocr_carea' id='block_1_63' title="bbox 583 3284 912 3355">
    <p class='ocr_par' dir='ltr' id='par_1_63' title="bbox 583 3284 912 3355">
     <span class='ocr_line' id='line_1_63' title="bbox 583 3284 912 3355; baseline -0.006 -14"><span class='ocrx_word' id='word_1_413' title='bbox 583 3291 672 3343; x_wconf 88' lang='lat' dir='ltr'><strong>est</strong></span> <span class='ocrx_word' id='word_1_414' title='bbox 717 3284 912 3355; x_wconf 64' lang='lat' dir='ltr'><strong>capax.</strong></span> 
     </span>
    </p>
   </div>
   <div class='ocr_carea' id='block_1_64' title="bbox 656 3364 2165 3440">
    <p class='ocr_par' dir='ltr' id='par_1_64' title="bbox 656 3364 2165 3440">
     <span class='ocr_line' id='line_1_64' title="bbox 656 3364 2165 3440; baseline 0.007 -13"><span class='ocrx_word' id='word_1_415' title='bbox 656 3364 746 3427; x_wconf 81' lang='lat'><strong>97.</strong></span> <span class='ocrx_word' id='word_1_416' title='bbox 781 3371 1059 3440; x_wconf 88' lang='lat' dir='ltr'><strong>inducias,</strong></span> <span class='ocrx_word' id='word_1_417' title='bbox 1101 3379 1154 3429; x_wconf 91' lang='lat' dir='ltr'><strong>et</strong></span> <span class='ocrx_word' id='word_1_418' title='bbox 1188 3372 1395 3429; x_wconf 86' lang='lat' dir='ltr'><strong>foedera</strong></span> <span class='ocrx_word' id='word_1_419' title='bbox 1444 3375 1574 3431; x_wconf 87' lang='lat' dir='ltr'><strong>belli</strong></span> <span class='ocrx_word' id='word_1_420' title='bbox 1614 3391 1740 3432; x_wconf 89' lang='lat' dir='ltr'><strong>eum</strong></span> <span class='ocrx_word' id='word_1_421' title='bbox 1796 3380 2052 3439; x_wconf 87' lang='lat' dir='ltr'><strong>hostibus</strong></span> <span class='ocrx_word' id='word_1_422' title='bbox 2084 3380 2165 3437; x_wconf 83' lang='lat' dir='ltr'><strong>fa-</strong></span> 
     </span>
    </p>
   </div>
   <div class='ocr_carea' id='block_1_65' title="bbox 582 3464 2168 3542">
    <p class='ocr_par' dir='ltr' id='par_1_65' title="bbox 582 3464 2168 3542">
     <span class='ocr_line' id='line_1_65' title="bbox 582 3464 2168 3542; baseline 0.004 -21"><span class='ocrx_word' id='word_1_423' title='bbox 582 3464 759 3531; x_wconf 84' lang='lat' dir='ltr'><strong>ciens,</strong></span> <span class='ocrx_word' id='word_1_424' title='bbox 793 3481 862 3522; x_wconf 91' lang='lat' dir='ltr'><strong>ne</strong></span> <span class='ocrx_word' id='word_1_425' title='bbox 895 3475 1182 3537; x_wconf 85' lang='lat' dir='ltr'><strong>propterea</strong></span> <span class='ocrx_word' id='word_1_426' title='bbox 1234 3468 1288 3522; x_wconf 91' lang='lat' dir='ltr'><strong>in</strong></span> <span class='ocrx_word' id='word_1_427' title='bbox 1340 3466 1670 3540; x_wconf 78' lang='lat' dir='ltr'><strong>negligentia</strong></span> <span class='ocrx_word' id='word_1_428' title='bbox 1729 3471 1915 3542; x_wconf 89' lang='lat' dir='ltr'><strong>aliqua</strong></span> <span class='ocrx_word' id='word_1_429' title='bbox 1943 3481 2038 3527; x_wconf 93' lang='lat' dir='ltr'><strong>aut</strong></span> <span class='ocrx_word' id='word_1_430' title='bbox 2074 3488 2168 3529; x_wconf 89' lang='lat' dir='ltr'><strong>so-</strong></span> 
     </span>
    </p>
   </div>
   <div class='ocr_carea' id='block_1_66' title="bbox 560 3556 2168 3630">
    <p class='ocr_par' dir='ltr' id='par_1_66' title="bbox 560 3556 2168 3630">
     <span class='ocr_line' id='line_1_66' title="bbox 560 3556 2168 3630; baseline 0.004 -17"><span class='ocrx_word' id='word_1_431' title='bbox 560 3556 778 3613; x_wconf 72' lang='lat' dir='ltr'><strong>cordia</strong></span> <span class='ocrx_word' id='word_1_432' title='bbox 827 3558 928 3625; x_wconf 90' lang='lat' dir='ltr'><strong>sis,</strong></span> <span class='ocrx_word' id='word_1_433' title='bbox 980 3558 1076 3614; x_wconf 92' lang='lat' dir='ltr'><strong>sed</strong></span> <span class='ocrx_word' id='word_1_434' title='bbox 1132 3559 1439 3629; x_wconf 87' lang='lat' dir='ltr'><strong>majoribus</strong></span> <span class='ocrx_word' id='word_1_435' title='bbox 1509 3562 1779 3618; x_wconf 88' lang='lat' dir='ltr'><strong>custodiis</strong></span> <span class='ocrx_word' id='word_1_436' title='bbox 1835 3574 2045 3630; x_wconf 83' lang='lat' dir='ltr'><strong>castra,</strong></span> <span class='ocrx_word' id='word_1_437' title='bbox 2074 3573 2168 3620; x_wconf 93' lang='lat' dir='ltr'><strong>aut</strong></span> 
     </span>
    </p>
   </div>
   <div class='ocr_carea' id='block_1_67' title="bbox 584 3650 2168 3721">
    <p class='ocr_par' dir='ltr' id='par_1_67' title="bbox 584 3650 2168 3721">
     <span class='ocr_line' id='line_1_67' title="bbox 584 3650 2168 3721; baseline 0.006 -18"><span class='ocrx_word' id='word_1_438' title='bbox 584 3650 868 3721; x_wconf 81' lang='lat' dir='ltr'><strong>regionem</strong></span> <span class='ocrx_word' id='word_1_439' title='bbox 934 3658 1085 3706; x_wconf 88' lang='lat' dir='ltr'><strong>tuam</strong></span> <span class='ocrx_word' id='word_1_440' title='bbox 1146 3652 1389 3706; x_wconf 87' lang='lat' dir='ltr'><strong>munias.</strong></span> <span class='ocrx_word' id='word_1_441' title='bbox 1449 3652 1507 3707; x_wconf 90' lang='lat' dir='ltr'><strong>Si</strong></span> <span class='ocrx_word' id='word_1_442' title='bbox 1570 3652 1715 3708; x_wconf 91' lang='lat' dir='ltr'><strong>enim</strong></span> <span class='ocrx_word' id='word_1_443' title='bbox 1780 3655 1988 3711; x_wconf 65' lang='lat' dir='ltr'><strong>foedera</strong></span> <span class='ocrx_word' id='word_1_444' title='bbox 2047 3657 2168 3712; x_wconf 88' lang='lat' dir='ltr'><strong>vio-</strong></span> 
     </span>
    </p>
   </div>
   <div class='ocr_carea' id='block_1_68' title="bbox 580 3743 2169 3814">
    <p class='ocr_par' dir='ltr' id='par_1_68' title="bbox 580 3743 2169 3814">
     <span class='ocr_line' id='line_1_68' title="bbox 580 3743 2169 3814; baseline 0.004 -18"><span class='ocrx_word' id='word_1_445' title='bbox 580 3743 701 3797; x_wconf 88' lang='lat' dir='ltr'><strong>lare</strong></span> <span class='ocrx_word' id='word_1_446' title='bbox 738 3743 928 3799; x_wconf 90' lang='lat' dir='ltr'><strong>hostes</strong></span> <span class='ocrx_word' id='word_1_447' title='bbox 957 3743 1256 3809; x_wconf 85' lang='lat' dir='ltr'><strong>voluerint,</strong></span> <span class='ocrx_word' id='word_1_448' title='bbox 1283 3754 1482 3814; x_wconf 68' lang='lat' dir='ltr'><strong>praeter</strong></span> <span class='ocrx_word' id='word_1_449' title='bbox 1515 3745 1971 3813; x_wconf 80' lang='lat' dir='ltr'><strong>indignationem,</strong></span> <span class='ocrx_word' id='word_1_450' title='bbox 1998 3748 2169 3802; x_wconf 89' lang='lat' dir='ltr'><strong>iram-</strong></span> 
     </span>
    </p>
   </div>
   <div class='ocr_carea' id='block_1_69' title="bbox 582 3832 2165 3904">
    <p class='ocr_par' dir='ltr' id='par_1_69' title="bbox 582 3832 2165 3904">
     <span class='ocr_line' id='line_1_69' title="bbox 582 3832 2165 3904; baseline 0.004 -18"><span class='ocrx_word' id='word_1_451' title='bbox 582 3848 695 3903; x_wconf 83' lang='lat' dir='ltr'><strong>que</strong></span> <span class='ocrx_word' id='word_1_452' title='bbox 760 3832 880 3901; x_wconf 86' lang='lat' dir='ltr'><strong>Dei,</strong></span> <span class='ocrx_word' id='word_1_453' title='bbox 930 3834 1219 3903; x_wconf 77' lang='lat' dir='ltr'><strong>perﬁdiam</strong></span> <span class='ocrx_word' id='word_1_454' title='bbox 1265 3836 1364 3890; x_wconf 85' lang='lat' dir='ltr'><strong>tibi</strong></span> <span class='ocrx_word' id='word_1_455' title='bbox 1427 3845 1787 3891; x_wconf 90' lang='lat' dir='ltr'><strong>accerserunt</strong></span> <span class='ocrx_word' id='word_1_456' title='bbox 1821 3879 1835 3902; x_wconf 96' lang='lat'><strong>,</strong></span> <span class='ocrx_word' id='word_1_457' title='bbox 1893 3847 1952 3892; x_wconf 92' lang='lat' dir='ltr'><strong>tu</strong></span> <span class='ocrx_word' id='word_1_458' title='bbox 2009 3852 2165 3904; x_wconf 89' lang='lat' dir='ltr'><strong>vero,</strong></span> 
     </span>
    </p>
   </div>
   <div class='ocr_carea' id='block_1_70' title="bbox 584 3924 2165 3995">
    <p class='ocr_par' dir='ltr' id='par_1_70' title="bbox 584 3924 2165 3995">
     <span class='ocr_line' id='line_1_70' title="bbox 584 3924 2165 3995; baseline 0.003 -18"><span class='ocrx_word' id='word_1_459' title='bbox 584 3924 832 3995; x_wconf 83' lang='lat' dir='ltr'><strong>undique</strong></span> <span class='ocrx_word' id='word_1_460' title='bbox 900 3926 1171 3983; x_wconf 85' lang='lat' dir='ltr'><strong>munitus.</strong></span> <span class='ocrx_word' id='word_1_461' title='bbox 1197 3935 1250 3982; x_wconf 89' lang='lat' dir='ltr'><strong>et</strong></span> <span class='ocrx_word' id='word_1_462' title='bbox 1285 3924 1379 3981; x_wconf 88' lang='lat' dir='ltr'><strong>Dei</strong></span> <span class='ocrx_word' id='word_1_463' title='bbox 1420 3924 1735 3994; x_wconf 61' lang='lat' dir='ltr'><strong>praesidium</strong></span> <span class='ocrx_word' id='word_1_464' title='bbox 1786 3928 1956 3987; x_wconf 87' lang='lat' dir='ltr'><strong>habes</strong></span> <span class='ocrx_word' id='word_1_465' title='bbox 2008 3938 2063 3985; x_wconf 88' lang='lat' dir='ltr'><strong>et</strong></span> <span class='ocrx_word' id='word_1_466' title='bbox 2101 3929 2165 3983; x_wconf 86' lang='lat' dir='ltr'><strong>li-</strong></span> 
     </span>
    </p>
   </div>
   <div class='ocr_carea' id='block_1_71' title="bbox 580 4014 2159 4091">
    <p class='ocr_par' dir='ltr' id='par_1_71' title="bbox 580 4014 2159 4091">
     <span class='ocr_line' id='line_1_71' title="bbox 580 4014 2159 4091; baseline 0.006 -22"><span class='ocrx_word' id='word_1_467' title='bbox 580 4015 711 4072; x_wconf 71' lang='lat' dir='ltr'><strong>tfem</strong></span> <span class='ocrx_word' id='word_1_468' title='bbox 768 4030 1089 4079; x_wconf 85' lang='lat' dir='ltr'><strong>conservas,</strong></span> <span class='ocrx_word' id='word_1_469' title='bbox 1131 4025 1185 4072; x_wconf 89' lang='lat' dir='ltr'><strong>et</strong></span> <span class='ocrx_word' id='word_1_470' title='bbox 1221 4014 1453 4074; x_wconf 79' lang='lat' dir='ltr'><strong>honesto</strong></span> <span class='ocrx_word' id='word_1_471' title='bbox 1494 4018 1550 4073; x_wconf 93' lang='lat' dir='ltr'><strong>in</strong></span> <span class='ocrx_word' id='word_1_472' title='bbox 1587 4018 1707 4075; x_wconf 92' lang='lat' dir='ltr'><strong>loco</strong></span> <span class='ocrx_word' id='word_1_473' title='bbox 1767 4023 1913 4091; x_wconf 88' lang='lat' dir='ltr'><strong>apud</strong></span> <span class='ocrx_word' id='word_1_474' title='bbox 1961 4036 2159 4078; x_wconf 90' lang='lat' dir='ltr'><strong>omnes</strong></span> 
     </span>
    </p>
   </div>
   <div class='ocr_carea' id='block_1_72' title="bbox 584 4109 2165 4185">
    <p class='ocr_par' dir='ltr' id='par_1_72' title="bbox 584 4109 2165 4185">
     <span class='ocr_line' id='line_1_72' title="bbox 584 4109 2165 4185; baseline 0.006 -24"><span class='ocrx_word' id='word_1_475' title='bbox 584 4121 884 4180; x_wconf 86' lang='lat' dir='ltr'><strong>propterea</strong></span> <span class='ocrx_word' id='word_1_476' title='bbox 913 4123 995 4165; x_wconf 92' lang='lat' dir='ltr'><strong>es.</strong></span> <span class='ocrx_word' id='word_1_477' title='bbox 1051 4109 1234 4181; x_wconf 88' lang='lat' dir='ltr'><strong>Turpe</strong></span> <span class='ocrx_word' id='word_1_478' title='bbox 1268 4119 1355 4167; x_wconf 91' lang='lat' dir='ltr'><strong>est</strong></span> <span class='ocrx_word' id='word_1_479' title='bbox 1384 4112 1533 4168; x_wconf 87' lang='lat' dir='ltr'><strong>enim</strong></span> <span class='ocrx_word' id='word_1_480' title='bbox 1591 4114 1913 4185; x_wconf 89' lang='lat' dir='ltr'><strong>imperatori</strong></span> <span class='ocrx_word' id='word_1_481' title='bbox 1959 4115 2165 4181; x_wconf 85' lang='lat' dir='ltr'><strong>dicere,</strong></span> 
     </span>
    </p>
   </div>
   <div class='ocr_carea' id='block_1_73' title="bbox 582 4188 1022 4271">
    <p class='ocr_par' dir='ltr' id='par_1_73' title="bbox 582 4188 1022 4271">
     <span class='ocr_line' id='line_1_73' title="bbox 582 4188 1022 4271; baseline 0.007 -18"><span class='ocrx_word' id='word_1_482' title='bbox 582 4188 707 4254; x_wconf 75' lang='lat' dir='ltr'><strong>Non</strong></span> <span class='ocrx_word' id='word_1_483' title='bbox 746 4210 1022 4271; x_wconf 85' lang='lat' dir='ltr'><strong>putaram.</strong></span> 
     </span>
    </p>
   </div>
   <div class='ocr_carea' id='block_1_74' title="bbox 644 4292 2170 4367">
    <p class='ocr_par' dir='ltr' id='par_1_74' title="bbox 644 4292 2170 4367">
     <span class='ocr_line' id='line_1_74' title="bbox 644 4292 2170 4367; baseline 0.004 -19"><span class='ocrx_word' id='word_1_484' title='bbox 644 4292 735 4349; x_wconf 89' lang='lat'><strong>98.</strong></span> <span class='ocrx_word' id='word_1_485' title='bbox 776 4293 889 4350; x_wconf 88' lang='lat' dir='ltr'><strong>lloc</strong></span> <span class='ocrx_word' id='word_1_486' title='bbox 925 4296 1089 4349; x_wconf 88' lang='lat' dir='ltr'><strong>etiam</strong></span> <span class='ocrx_word' id='word_1_487' title='bbox 1132 4295 1201 4350; x_wconf 86' lang='lat' dir='ltr'><strong>ad</strong></span> <span class='ocrx_word' id='word_1_488' title='bbox 1248 4297 1659 4366; x_wconf 89' lang='lat' dir='ltr'><strong>imperatoriam</strong></span> <span class='ocrx_word' id='word_1_489' title='bbox 1694 4295 1911 4351; x_wconf 87' lang='lat' dir='ltr'><strong>laudem</strong></span> <span class='ocrx_word' id='word_1_490' title='bbox 1944 4313 2170 4367; x_wconf 83' lang='lat' dir='ltr'><strong>magnu-</strong></span> 
     </span>
    </p>
   </div>
   <div class='ocr_carea' id='block_1_75' title="bbox 587 4387 2163 4459">
    <p class='ocr_par' dir='ltr' id='par_1_75' title="bbox 587 4387 2163 4459">
     <span class='ocr_line' id='line_1_75' title="bbox 587 4387 2163 4459; baseline 0.004 -21"><span class='ocrx_word' id='word_1_491' title='bbox 587 4401 719 4455; x_wconf 84' lang='lat' dir='ltr'><strong>pere</strong></span> <span class='ocrx_word' id='word_1_492' title='bbox 771 4387 1028 4455; x_wconf 87' lang='lat' dir='ltr'><strong>pertinet,</strong></span> <span class='ocrx_word' id='word_1_493' title='bbox 1095 4398 1352 4457; x_wconf 90' lang='lat' dir='ltr'><strong>reputare</strong></span> <span class='ocrx_word' id='word_1_494' title='bbox 1424 4394 1628 4451; x_wconf 85' lang='lat' dir='ltr'><strong>tecum,</strong></span> <span class='ocrx_word' id='word_1_495' title='bbox 1703 4396 1758 4443; x_wconf 90' lang='lat' dir='ltr'><strong>et</strong></span> <span class='ocrx_word' id='word_1_496' title='bbox 1821 4390 2163 4459; x_wconf 81' lang='lat' dir='ltr'><strong>experientia</strong></span> 
     </span>
    </p>
   </div>
   <div class='ocr_carea' id='block_1_76' title="bbox 587 4479 2165 4550">
    <p class='ocr_par' dir='ltr' id='par_1_76' title="bbox 587 4479 2165 4550">
     <span class='ocr_line' id='line_1_76' title="bbox 587 4479 2165 4550; baseline 0.004 -20"><span class='ocrx_word' id='word_1_497' title='bbox 587 4486 738 4531; x_wconf 80' lang='lat' dir='ltr'><strong>certa</strong></span> <span class='ocrx_word' id='word_1_498' title='bbox 786 4488 1144 4546; x_wconf 68' lang='lat' dir='ltr'><strong>cognoscere,</strong></span> <span class='ocrx_word' id='word_1_499' title='bbox 1214 4479 1456 4535; x_wconf 91' lang='lat' dir='ltr'><strong>hostium</strong></span> <span class='ocrx_word' id='word_1_500' title='bbox 1512 4488 1697 4535; x_wconf 89' lang='lat' dir='ltr'><strong>castra</strong></span> <span class='ocrx_word' id='word_1_501' title='bbox 1769 4488 1975 4550; x_wconf 84' lang='lat' dir='ltr'><strong>quanta</strong></span> <span class='ocrx_word' id='word_1_502' title='bbox 2034 4483 2165 4537; x_wconf 88' lang='lat' dir='ltr'><strong>sint.</strong></span> 
     </span>
    </p>
   </div>
   <div class='ocr_carea' id='block_1_77' title="bbox 582 4554 2169 4642">
    <p class='ocr_par' dir='ltr' id='par_1_77' title="bbox 582 4554 2169 4642">
     <span class='ocr_line' id='line_1_77' title="bbox 582 4554 2169 4642; baseline 0.003 -20"><span class='ocrx_word' id='word_1_503' title='bbox 582 4554 705 4623; x_wconf 76' lang='lat' dir='ltr'><strong>Ilo‘c</strong></span> <span class='ocrx_word' id='word_1_504' title='bbox 772 4566 886 4633; x_wconf 76' lang='lat' dir='ltr'><strong>ﬂet,</strong></span> <span class='ocrx_word' id='word_1_505' title='bbox 948 4568 994 4624; x_wconf 90' lang='lat' dir='ltr'><strong>si</strong></span> <span class='ocrx_word' id='word_1_506' title='bbox 1052 4568 1287 4636; x_wconf 85' lang='lat' dir='ltr'><strong>lcipsum</strong></span> <span class='ocrx_word' id='word_1_507' title='bbox 1354 4570 1690 4636; x_wconf 83' lang='lat' dir='ltr'><strong>exercueris,</strong></span> <span class='ocrx_word' id='word_1_508' title='bbox 1744 4578 1803 4625; x_wconf 93' lang='lat' dir='ltr'><strong>ut</strong></span> <span class='ocrx_word' id='word_1_509' title='bbox 1865 4582 2169 4642; x_wconf 78' lang='lat' dir='ltr'><strong>cognoscas</strong></span> 
     </span>
    </p>
   </div>
   <div class='ocr_carea' id='block_1_78' title="bbox 587 4660 2169 4732">
    <p class='ocr_par' dir='ltr' id='par_1_78' title="bbox 587 4660 2169 4732">
     <span class='ocr_line' id='line_1_78' title="bbox 587 4660 2169 4732; baseline 0.002 -17"><span class='ocrx_word' id='word_1_510' title='bbox 587 4668 829 4730; x_wconf 78' lang='lat' dir='ltr'><strong>quantas</strong></span> <span class='ocrx_word' id='word_1_511' title='bbox 890 4660 1271 4729; x_wconf 76' lang='lat' dir='ltr'><strong>unusquisque</strong></span> <span class='ocrx_word' id='word_1_512' title='bbox 1318 4660 1494 4728; x_wconf 92' lang='lat' dir='ltr'><strong>locus,</strong></span> <span class='ocrx_word' id='word_1_513' title='bbox 1550 4671 1604 4718; x_wconf 90' lang='lat' dir='ltr'><strong>et</strong></span> <span class='ocrx_word' id='word_1_514' title='bbox 1659 4663 1840 4732; x_wconf 87' lang='lat' dir='ltr'><strong>qualis</strong></span> <span class='ocrx_word' id='word_1_515' title='bbox 1872 4665 1968 4728; x_wconf 91' lang='lat' dir='ltr'><strong>sit,</strong></span> <span class='ocrx_word' id='word_1_516' title='bbox 2000 4671 2169 4732; x_wconf 85' lang='lat' dir='ltr'><strong>quot-</strong></span> 
     </span>
    </p>
   </div>
   <div class='ocr_carea' id='block_1_79' title="bbox 585 4753 2166 4825">
    <p class='ocr_par' dir='ltr' id='par_1_79' title="bbox 585 4753 2166 4825">
     <span class='ocr_line' id='line_1_79' title="bbox 585 4753 2166 4825; baseline 0.003 -17"><span class='ocrx_word' id='word_1_517' title='bbox 585 4769 699 4825; x_wconf 86' lang='lat' dir='ltr'><strong>que</strong></span> <span class='ocrx_word' id='word_1_518' title='bbox 744 4754 970 4817; x_wconf 88' lang='lat' dir='ltr'><strong>milites,</strong></span> <span class='ocrx_word' id='word_1_519' title='bbox 1018 4753 1483 4823; x_wconf 88' lang='lat' dir='ltr'><strong>quemadmodum</strong></span> <span class='ocrx_word' id='word_1_520' title='bbox 1544 4755 1707 4811; x_wconf 88' lang='lat' dir='ltr'><strong>nobis</strong></span> <span class='ocrx_word' id='word_1_521' title='bbox 1765 4766 1895 4812; x_wconf 88' lang='lat' dir='ltr'><strong>ante</strong></span> <span class='ocrx_word' id='word_1_522' title='bbox 1952 4757 2166 4813; x_wconf 86' lang='lat' dir='ltr'><strong>descri-</strong></span> 
     </span>
    </p>
   </div>
   <div class='ocr_carea' id='block_1_80' title="bbox 586 4842 1386 4918">
    <p class='ocr_par' dir='ltr' id='par_1_80' title="bbox 586 4842 1386 4918">
     <span class='ocr_line' id='line_1_80' title="bbox 586 4842 1386 4918; baseline 0.001 -18"><span class='ocrx_word' id='word_1_523' title='bbox 586 4855 742 4918; x_wconf 89' lang='lat' dir='ltr'><strong>ptum</strong></span> <span class='ocrx_word' id='word_1_524' title='bbox 808 4855 914 4911; x_wconf 90' lang='lat' dir='ltr'><strong>est,</strong></span> <span class='ocrx_word' id='word_1_525' title='bbox 944 4860 1140 4916; x_wconf 87' lang='lat' dir='ltr'><strong>capere</strong></span> <span class='ocrx_word' id='word_1_526' title='bbox 1190 4842 1386 4916; x_wconf 84' lang='lat' dir='ltr'><strong>possit.</strong></span> 
     </span>
    </p>
   </div>
   <div class='ocr_carea' id='block_1_81' title="bbox 660 4937 2169 5008">
    <p class='ocr_par' dir='ltr' id='par_1_81' title="bbox 660 4937 2169 5008">
     <span class='ocr_line' id='line_1_81' title="bbox 660 4937 2169 5008; baseline 0.002 -16"><span class='ocrx_word' id='word_1_527' title='bbox 660 4937 750 4994; x_wconf 90' lang='lat'><strong>99.</strong></span> <span class='ocrx_word' id='word_1_528' title='bbox 790 4937 895 4993; x_wconf 87' lang='lat' dir='ltr'><strong>Par</strong></span> <span class='ocrx_word' id='word_1_529' title='bbox 929 4948 1015 4995; x_wconf 87' lang='lat' dir='ltr'><strong>est</strong></span> <span class='ocrx_word' id='word_1_530' title='bbox 1042 4949 1248 5004; x_wconf 86' lang='lat' dir='ltr'><strong>autem,</strong></span> <span class='ocrx_word' id='word_1_531' title='bbox 1282 4940 1744 5008; x_wconf 84' lang='lat' dir='ltr'><strong>quemadmodum</strong></span> <span class='ocrx_word' id='word_1_532' title='bbox 1786 4939 2024 4993; x_wconf 87' lang='lat' dir='ltr'><strong>hostium</strong></span> <span class='ocrx_word' id='word_1_533' title='bbox 2077 4956 2169 4995; x_wconf 82' lang='lat' dir='ltr'><strong>co-</strong></span> 
     </span>
    </p>
   </div>
   <div class='ocr_carea' id='block_1_82' title="bbox 586 5029 2173 5102">
    <p class='ocr_par' dir='ltr' id='par_1_82' title="bbox 586 5029 2173 5102">
     <span class='ocr_line' id='line_1_82' title="bbox 586 5029 2173 5102; baseline 0 -18"><span class='ocrx_word' id='word_1_534' title='bbox 586 5030 711 5102; x_wconf 82' lang='lat' dir='ltr'><strong>pias</strong></span> <span class='ocrx_word' id='word_1_535' title='bbox 769 5030 994 5086; x_wconf 90' lang='lat' dir='ltr'><strong>studeas</strong></span> <span class='ocrx_word' id='word_1_536' title='bbox 1054 5030 1419 5101; x_wconf 83' lang='lat' dir='ltr'><strong>cognoscere,</strong></span> <span class='ocrx_word' id='word_1_537' title='bbox 1470 5029 1548 5084; x_wconf 90' lang='lat' dir='ltr'><strong>sic</strong></span> <span class='ocrx_word' id='word_1_538' title='bbox 1584 5038 1637 5085; x_wconf 91' lang='lat' dir='ltr'><strong>et</strong></span> <span class='ocrx_word' id='word_1_539' title='bbox 1690 5030 1941 5083; x_wconf 83' lang='lat' dir='ltr'><strong>hostibus</strong></span> <span class='ocrx_word' id='word_1_540' title='bbox 1994 5030 2173 5084; x_wconf 82' lang='lat' dir='ltr'><strong>minus</strong></span> 
     </span>
    </p>
   </div>
   <div class='ocr_carea' id='block_1_83' title="bbox 590 5120 2172 5196">
    <p class='ocr_par' dir='ltr' id='par_1_83' title="bbox 590 5120 2172 5196">
     <span class='ocr_line' id='line_1_83' title="bbox 590 5120 2172 5196; baseline -0.001 -16"><span class='ocrx_word' id='word_1_541' title='bbox 590 5123 824 5194; x_wconf 68' lang='lat' dir='ltr'><strong>cognitzr</strong></span> <span class='ocrx_word' id='word_1_542' title='bbox 889 5131 995 5178; x_wconf 76' lang='lat' dir='ltr'><strong>tua:</strong></span> <span class='ocrx_word' id='word_1_543' title='bbox 1065 5123 1199 5179; x_wconf 87' lang='lat' dir='ltr'><strong>sint.</strong></span> <span class='ocrx_word' id='word_1_544' title='bbox 1259 5120 1364 5196; x_wconf 70' lang='lat' dir='ltr'><strong>Ubi</strong></span> <span class='ocrx_word' id='word_1_545' title='bbox 1422 5138 1549 5176; x_wconf 84' lang='lat' dir='ltr'><strong>vero</strong></span> <span class='ocrx_word' id='word_1_546' title='bbox 1606 5121 2018 5177; x_wconf 86' lang='lat' dir='ltr'><strong>multitudinem</strong></span> <span class='ocrx_word' id='word_1_547' title='bbox 2079 5138 2172 5178; x_wconf 90' lang='lat' dir='ltr'><strong>co-</strong></span> 
     </span>
    </p>
   </div>
   <div class='ocr_carea' id='block_1_84' title="bbox 588 5214 2169 5288">
    <p class='ocr_par' dir='ltr' id='par_1_84' title="bbox 588 5214 2169 5288">
     <span class='ocr_line' id='line_1_84' title="bbox 588 5214 2169 5288; baseline -0.001 -18"><span class='ocrx_word' id='word_1_548' title='bbox 588 5218 811 5288; x_wconf 89' lang='lat' dir='ltr'><strong>piarum</strong></span> <span class='ocrx_word' id='word_1_549' title='bbox 872 5222 1092 5270; x_wconf 87' lang='lat' dir='ltr'><strong>tuarum</strong></span> <span class='ocrx_word' id='word_1_550' title='bbox 1164 5214 1305 5269; x_wconf 85' lang='lat' dir='ltr'><strong>clam</strong></span> <span class='ocrx_word' id='word_1_551' title='bbox 1372 5215 1564 5272; x_wconf 86' lang='lat' dir='ltr'><strong>hostes</strong></span> <span class='ocrx_word' id='word_1_552' title='bbox 1623 5230 1748 5271; x_wconf 87' lang='lat' dir='ltr'><strong>csse</strong></span> <span class='ocrx_word' id='word_1_553' title='bbox 1817 5214 1996 5285; x_wconf 88' lang='lat' dir='ltr'><strong>cupis,</strong></span> <span class='ocrx_word' id='word_1_554' title='bbox 2065 5214 2169 5268; x_wconf 86' lang='lat' dir='ltr'><strong>mi-</strong></span> 
     </span>
    </p>
   </div>
   <div class='ocr_carea' id='block_1_85' title="bbox 589 5305 2170 5380">
    <p class='ocr_par' dir='ltr' id='par_1_85' title="bbox 589 5305 2170 5380">
     <span class='ocr_line' id='line_1_85' title="bbox 589 5305 2170 5380; baseline -0.002 -17"><span class='ocrx_word' id='word_1_555' title='bbox 589 5308 786 5364; x_wconf 88' lang='lat' dir='ltr'><strong>litibus</strong></span> <span class='ocrx_word' id='word_1_556' title='bbox 820 5308 1128 5380; x_wconf 63' lang='lat' dir='ltr'><strong>prmcipies,</strong></span> <span class='ocrx_word' id='word_1_557' title='bbox 1162 5322 1219 5361; x_wconf 68' lang='grc' dir='ltr'><strong>ι..</strong></span> <span class='ocrx_word' id='word_1_558' title='bbox 1260 5306 1476 5363; x_wconf 90' lang='lat' dir='ltr'><strong>densati</strong></span> <span class='ocrx_word' id='word_1_559' title='bbox 1534 5306 1857 5361; x_wconf 89' lang='lat' dir='ltr'><strong>ambulent:</strong></span> <span class='ocrx_word' id='word_1_560' title='bbox 1896 5305 2170 5361; x_wconf 89' lang='lat' dir='ltr'><strong>addensa-</strong></span> 
     </span>
    </p>
   </div>
   <div class='ocr_carea' id='block_1_86' title="bbox 592 5397 2175 5466">
    <p class='ocr_par' dir='ltr' id='par_1_86' title="bbox 592 5397 2175 5466">
     <span class='ocr_line' id='line_1_86' title="bbox 592 5397 2175 5466; baseline -0.001 -11"><span class='ocrx_word' id='word_1_561' title='bbox 592 5403 674 5457; x_wconf 88' lang='lat' dir='ltr'><strong>tio</strong></span> <span class='ocrx_word' id='word_1_562' title='bbox 720 5401 891 5465; x_wconf 90' lang='lat' dir='ltr'><strong>enim,</strong></span> <span class='ocrx_word' id='word_1_563' title='bbox 922 5411 977 5455; x_wconf 88' lang='lat' dir='ltr'><strong>et</strong></span> <span class='ocrx_word' id='word_1_564' title='bbox 1010 5400 1319 5454; x_wconf 88' lang='lat' dir='ltr'><strong>contractio</strong></span> <span class='ocrx_word' id='word_1_565' title='bbox 1380 5399 1599 5454; x_wconf 85' lang='lat' dir='ltr'><strong>hebetat</strong></span> <span class='ocrx_word' id='word_1_566' title='bbox 1662 5397 1906 5454; x_wconf 91' lang='lat' dir='ltr'><strong>hostium</strong></span> <span class='ocrx_word' id='word_1_567' title='bbox 1960 5398 2175 5466; x_wconf 86' lang='lat' dir='ltr'><strong>oculos,</strong></span> 
     </span>
    </p>
   </div>
   <div class='ocr_carea' id='block_1_87' title="bbox 594 5488 2174 5565">
    <p class='ocr_par' dir='ltr' id='par_1_87' title="bbox 594 5488 2174 5565">
     <span class='ocr_line' id='line_1_87' title="bbox 594 5488 2174 5565; baseline -0.003 -17"><span class='ocrx_word' id='word_1_568' title='bbox 594 5502 649 5548; x_wconf 91' lang='lat' dir='ltr'><strong>et</strong></span> <span class='ocrx_word' id='word_1_569' title='bbox 681 5494 922 5565; x_wconf 87' lang='lat' dir='ltr'><strong>perfecte</strong></span> <span class='ocrx_word' id='word_1_570' title='bbox 969 5508 1263 5548; x_wconf 88' lang='lat' dir='ltr'><strong>numerum</strong></span> <span class='ocrx_word' id='word_1_571' title='bbox 1298 5499 1518 5545; x_wconf 87' lang='lat' dir='ltr'><strong>tuorum</strong></span> <span class='ocrx_word' id='word_1_572' title='bbox 1568 5488 2037 5560; x_wconf 87' lang='lat' dir='ltr'><strong>comprehendere</strong></span> <span class='ocrx_word' id='word_1_573' title='bbox 2065 5505 2174 5544; x_wconf 91' lang='lat' dir='ltr'><strong>non</strong></span> 
     </span>
    </p>
   </div>
   <div class='ocr_carea' id='block_1_88' title="bbox 599 5581 2174 5654">
    <p class='ocr_par' dir='ltr' id='par_1_88' title="bbox 599 5581 2174 5654">
     <span class='ocr_line' id='line_1_88' title="bbox 599 5581 2174 5654; baseline -0.003 -14"><span class='ocrx_word' id='word_1_574' title='bbox 599 5586 753 5640; x_wconf 89' lang='lat' dir='ltr'><strong>sinit.</strong></span> <span class='ocrx_word' id='word_1_575' title='bbox 800 5584 1006 5641; x_wconf 84' lang='lat' dir='ltr'><strong>Contra</strong></span> <span class='ocrx_word' id='word_1_576' title='bbox 1061 5595 1266 5651; x_wconf 90' lang='lat' dir='ltr'><strong>autem,</strong></span> <span class='ocrx_word' id='word_1_577' title='bbox 1297 5584 1342 5640; x_wconf 92' lang='lat' dir='ltr'><strong>si</strong></span> <span class='ocrx_word' id='word_1_578' title='bbox 1379 5584 1607 5654; x_wconf 78' lang='lat' dir='ltr'><strong>exiguas</strong></span> <span class='ocrx_word' id='word_1_579' title='bbox 1646 5582 1834 5653; x_wconf 89' lang='lat' dir='ltr'><strong>copias</strong></span> <span class='ocrx_word' id='word_1_580' title='bbox 1887 5588 2013 5636; x_wconf 90' lang='lat' dir='ltr'><strong>tuas</strong></span> <span class='ocrx_word' id='word_1_581' title='bbox 2058 5581 2174 5635; x_wconf 76' lang='lat' dir='ltr'><strong>elli-</strong></span> 
     </span>
    </p>
   </div>
   <div class='ocr_carea' id='block_1_89' title="bbox 603 5673 2178 5745">
    <p class='ocr_par' dir='ltr' id='par_1_89' title="bbox 603 5673 2178 5745">
     <span class='ocr_line' id='line_1_89' title="bbox 603 5673 2178 5745; baseline 0.001 -18"><span class='ocrx_word' id='word_1_582' title='bbox 603 5688 732 5727; x_wconf 87' lang='lat' dir='ltr'><strong>cere</strong></span> <span class='ocrx_word' id='word_1_583' title='bbox 794 5676 974 5743; x_wconf 89' lang='lat' dir='ltr'><strong>cupis,</strong></span> <span class='ocrx_word' id='word_1_584' title='bbox 1016 5683 1075 5729; x_wconf 92' lang='lat' dir='ltr'><strong>ut</strong></span> <span class='ocrx_word' id='word_1_585' title='bbox 1102 5676 1287 5745; x_wconf 89' lang='lat' dir='ltr'><strong>plures</strong></span> <span class='ocrx_word' id='word_1_586' title='bbox 1349 5676 1661 5737; x_wconf 85' lang='lat' dir='ltr'><strong>videantur,</strong></span> <span class='ocrx_word' id='word_1_587' title='bbox 1722 5674 1963 5729; x_wconf 87' lang='lat' dir='ltr'><strong>rariores</strong></span> <span class='ocrx_word' id='word_1_588' title='bbox 1999 5673 2178 5728; x_wconf 87' lang='lat' dir='ltr'><strong>inam-</strong></span> 
     </span>
    </p>
   </div>
   <div class='ocr_carea' id='block_1_90' title="bbox 606 5762 2178 5843">
    <p class='ocr_par' dir='ltr' id='par_1_90' title="bbox 606 5762 2178 5843">
     <span class='ocr_line' id='line_1_90' title="bbox 606 5762 2178 5843; baseline 0.003 -25"><span class='ocrx_word' id='word_1_589' title='bbox 606 5762 799 5818; x_wconf 87' lang='lat' dir='ltr'><strong>bulent</strong></span> <span class='ocrx_word' id='word_1_590' title='bbox 844 5772 898 5818; x_wconf 90' lang='lat' dir='ltr'><strong>et</strong></span> <span class='ocrx_word' id='word_1_591' title='bbox 955 5768 1259 5823; x_wconf 87' lang='lat' dir='ltr'><strong>consistant</strong></span> <span class='ocrx_word' id='word_1_592' title='bbox 1328 5769 1553 5836; x_wconf 87' lang='lat' dir='ltr'><strong>milites,</strong></span> <span class='ocrx_word' id='word_1_593' title='bbox 1616 5776 1667 5825; x_wconf 85' lang='lat' dir='ltr'><strong>ct</strong></span> <span class='ocrx_word' id='word_1_594' title='bbox 1702 5767 2024 5843; x_wconf 83' lang='lat' dir='ltr'><strong>ampliorem</strong></span> <span class='ocrx_word' id='word_1_595' title='bbox 2056 5783 2178 5837; x_wconf 75' lang='lat' dir='ltr'><strong>spu-</strong></span> 
     </span>
    </p>
   </div>
   <div class='ocr_carea' id='block_1_91' title="bbox 2280 3195 3891 3272">
    <p class='ocr_par' dir='ltr' id='par_1_91' title="bbox 2280 3195 3891 3272">
     <span class='ocr_line' id='line_1_91' title="bbox 2280 3195 3891 3272; baseline -0.001 -16"><span class='ocrx_word' id='word_1_596' title='bbox 2280 3201 2557 3272; x_wconf 78' lang='grc' dir='ltr'><strong>ἄχρηστον</strong></span> <span class='ocrx_word' id='word_1_597' title='bbox 2583 3198 2900 3269; x_wconf 77' lang='grc' dir='ltr'><strong>γενήσεται,</strong></span> <span class='ocrx_word' id='word_1_598' title='bbox 2928 3195 3025 3251; x_wconf 81' lang='grc' dir='ltr'><strong>τοῦ</strong></span> <span class='ocrx_word' id='word_1_599' title='bbox 3070 3197 3240 3250; x_wconf 89' lang='grc' dir='ltr'><strong>τόπου</strong></span> <span class='ocrx_word' id='word_1_600' title='bbox 3274 3195 3347 3269; x_wconf 82' lang='grc' dir='ltr'><strong>μή</strong></span> <span class='ocrx_word' id='word_1_601' title='bbox 3384 3197 3786 3268; x_wconf 77' lang='grc' dir='ltr'><strong>ἐπιδεχομένου</strong></span> <span class='ocrx_word' id='word_1_602' title='bbox 3822 3200 3891 3254; x_wconf 64' lang='lat' dir='ltr'><strong>rb</strong></span> 
     </span>
    </p>
   </div>
   <div class='ocr_carea' id='block_1_92' title="bbox 2280 3291 2463 3345">
    <p class='ocr_par' dir='ltr' id='par_1_92' title="bbox 2280 3291 2463 3345">
     <span class='ocr_line' id='line_1_92' title="bbox 2280 3291 2463 3345; baseline 0.005 -1"><span class='ocrx_word' id='word_1_603' title='bbox 2280 3291 2463 3345; x_wconf 81' lang='grc' dir='ltr'><strong>πλέον.</strong></span> 
     </span>
    </p>
   </div>
   <div class='ocr_carea' id='block_1_93' title="bbox 2354 3377 3897 3454">
    <p class='ocr_par' dir='ltr' id='par_1_93' title="bbox 2354 3377 3897 3454">
     <span class='ocr_line' id='line_1_93' title="bbox 2354 3377 3897 3454; baseline -0.006 -14"><span class='ocrx_word' id='word_1_604' title='bbox 2354 3382 2456 3451; x_wconf 53' lang='grc' dir='ltr'><strong>[ιζ’.</strong></span> <span class='ocrx_word' id='word_1_605' title='bbox 2489 3382 2773 3454; x_wconf 70' lang='grc' dir='ltr'><strong>Συνθὴκας</strong></span> <span class='ocrx_word' id='word_1_606' title='bbox 2812 3382 2912 3437; x_wconf 71' lang='grc' dir='ltr'><strong>καὶ</strong></span> <span class='ocrx_word' id='word_1_607' title='bbox 2946 3382 3145 3453; x_wconf 73' lang='grc' dir='ltr'><strong>ἀνοχὰς</strong></span> <span class='ocrx_word' id='word_1_608' title='bbox 3182 3378 3409 3451; x_wconf 85' lang='grc' dir='ltr'><strong>πολέμου</strong></span> <span class='ocrx_word' id='word_1_609' title='bbox 3445 3377 3579 3449; x_wconf 69' lang='grc' dir='ltr'><strong>πρὸς</strong></span> <span class='ocrx_word' id='word_1_610' title='bbox 3598 3381 3740 3443; x_wconf 77' lang='grc' dir='ltr'><strong>τοὺς</strong></span> <span class='ocrx_word' id='word_1_611' title='bbox 3775 3400 3897 3435; x_wconf 67' lang='grc' dir='ltr'><strong>πο.</strong></span> 
     </span>
    </p>
   </div>
   <div class='ocr_carea' id='block_1_94' title="bbox 2274 3470 3897 3547">
    <p class='ocr_par' dir='ltr' id='par_1_94' title="bbox 2274 3470 3897 3547">
     <span class='ocr_line' id='line_1_94' title="bbox 2274 3470 3897 3547; baseline -0.001 -18"><span class='ocrx_word' id='word_1_612' title='bbox 2274 3474 2497 3547; x_wconf 90' lang='grc' dir='ltr'><strong>λεμίους</strong></span> <span class='ocrx_word' id='word_1_613' title='bbox 2532 3474 2873 3544; x_wconf 87' lang='grc' dir='ltr'><strong>ποιούμενος,</strong></span> <span class='ocrx_word' id='word_1_614' title='bbox 2922 3474 2997 3545; x_wconf 80' lang='grc' dir='ltr'><strong>μὴ</strong></span> <span class='ocrx_word' id='word_1_615' title='bbox 3032 3474 3124 3527; x_wconf 80' lang='grc' dir='ltr'><strong>διά</strong></span> <span class='ocrx_word' id='word_1_616' title='bbox 3161 3472 3364 3536; x_wconf 88' lang='grc' dir='ltr'><strong>ταύτας</strong></span> <span class='ocrx_word' id='word_1_617' title='bbox 3402 3472 3456 3523; x_wconf 78' lang='grc' dir='ltr'><strong>ὲν</strong></span> <span class='ocrx_word' id='word_1_618' title='bbox 3490 3470 3731 3543; x_wconf 67' lang='grc' dir='ltr'><strong>ἀμελείᾳ</strong></span> <span class='ocrx_word' id='word_1_619' title='bbox 3762 3472 3897 3527; x_wconf 79' lang='grc' dir='ltr'><strong>δια-</strong></span> 
     </span>
    </p>
   </div>
   <div class='ocr_carea' id='block_1_95' title="bbox 2276 3561 3888 3637">
    <p class='ocr_par' dir='ltr' id='par_1_95' title="bbox 2276 3561 3888 3637">
     <span class='ocr_line' id='line_1_95' title="bbox 2276 3561 3888 3637; baseline -0.001 -17"><span class='ocrx_word' id='word_1_620' title='bbox 2276 3567 2457 3637; x_wconf 81' lang='grc' dir='ltr'><strong>τελῇς,</strong></span> <span class='ocrx_word' id='word_1_621' title='bbox 2489 3566 2625 3620; x_wconf 87' lang='grc' dir='ltr'><strong>ἀλλά</strong></span> <span class='ocrx_word' id='word_1_622' title='bbox 2658 3565 2859 3636; x_wconf 81' lang='grc' dir='ltr'><strong>μᾶλλον</strong></span> <span class='ocrx_word' id='word_1_623' title='bbox 2896 3563 3108 3636; x_wconf 74' lang='grc' dir='ltr'><strong>μείζοσι</strong></span> <span class='ocrx_word' id='word_1_624' title='bbox 3134 3565 3227 3619; x_wconf 79' lang='grc' dir='ltr'><strong>καὶ</strong></span> <span class='ocrx_word' id='word_1_625' title='bbox 3258 3561 3680 3635; x_wconf 78' lang='grc' dir='ltr'><strong>ἀκριϐεστέραις</strong></span> <span class='ocrx_word' id='word_1_626' title='bbox 3708 3582 3783 3616; x_wconf 84' lang='grc' dir='ltr'><strong>πε</strong></span> <span class='ocrx_word' id='word_1_627' title='bbox 3794 3583 3888 3635; x_wconf 83' lang='grc' dir='ltr'><strong>ρι-</strong></span> 
     </span>
    </p>
   </div>
   <div class='ocr_carea' id='block_1_96' title="bbox 2274 3652 3886 3728">
    <p class='ocr_par' dir='ltr' id='par_1_96' title="bbox 2274 3652 3886 3728">
     <span class='ocr_line' id='line_1_96' title="bbox 2274 3652 3886 3728; baseline -0.001 -18"><span class='ocrx_word' id='word_1_628' title='bbox 2274 3657 2521 3728; x_wconf 89' lang='grc' dir='ltr'><strong>λάμϐανε</strong></span> <span class='ocrx_word' id='word_1_629' title='bbox 2540 3660 2661 3720; x_wconf 87' lang='grc' dir='ltr'><strong>ταῖς</strong></span> <span class='ocrx_word' id='word_1_630' title='bbox 2679 3658 2951 3726; x_wconf 81' lang='grc' dir='ltr'><strong>φυλακαῖς</strong></span> <span class='ocrx_word' id='word_1_631' title='bbox 2976 3658 3036 3710; x_wconf 86' lang='grc' dir='ltr'><strong>τὸ</strong></span> <span class='ocrx_word' id='word_1_632' title='bbox 3060 3654 3440 3726; x_wconf 82' lang='grc' dir='ltr'><strong>στρατόπεδον,</strong></span> <span class='ocrx_word' id='word_1_633' title='bbox 3464 3654 3497 3724; x_wconf 81' lang='grc' dir='ltr'><strong>ἥ</strong></span> <span class='ocrx_word' id='word_1_634' title='bbox 3525 3652 3624 3723; x_wconf 76' lang='grc' dir='ltr'><strong>τὴν</strong></span> <span class='ocrx_word' id='word_1_635' title='bbox 3658 3654 3886 3725; x_wconf 80' lang='grc' dir='ltr'><strong>χώραν.</strong></span> 
     </span>
    </p>
   </div>
   <div class='ocr_carea' id='block_1_97' title="bbox 2288 3744 3880 3819">
    <p class='ocr_par' dir='ltr' id='par_1_97' title="bbox 2288 3744 3880 3819">
     <span class='ocr_line' id='line_1_97' title="bbox 2288 3744 3880 3819; baseline -0.003 -16"><span class='ocrx_word' id='word_1_636' title='bbox 2288 3749 2414 3803; x_wconf 78' lang='grc' dir='ltr'><strong>Ἐἀν</strong></span> <span class='ocrx_word' id='word_1_637' title='bbox 2452 3748 2561 3819; x_wconf 81' lang='grc' dir='ltr'><strong>γάρ</strong></span> <span class='ocrx_word' id='word_1_638' title='bbox 2609 3747 3058 3819; x_wconf 82' lang='grc' dir='ltr'><strong>παρασπονδῆσαι</strong></span> <span class='ocrx_word' id='word_1_639' title='bbox 3115 3744 3451 3817; x_wconf 80' lang='grc' dir='ltr'><strong>βουληθῶσιν</strong></span> <span class='ocrx_word' id='word_1_640' title='bbox 3505 3745 3555 3796; x_wconf 86' lang='grc' dir='ltr'><strong>οἱ</strong></span> <span class='ocrx_word' id='word_1_641' title='bbox 3584 3744 3880 3814; x_wconf 81' lang='grc' dir='ltr'><strong>πολέμιοι,</strong></span> 
     </span>
    </p>
   </div>
   <div class='ocr_carea' id='block_1_98' title="bbox 2277 3836 3884 3911">
    <p class='ocr_par' dir='ltr' id='par_1_98' title="bbox 2277 3836 3884 3911">
     <span class='ocr_line' id='line_1_98' title="bbox 2277 3836 3884 3911; baseline -0.003 -16"><span class='ocrx_word' id='word_1_642' title='bbox 2277 3842 2476 3896; x_wconf 76' lang='grc' dir='ltr'><strong>ἐκεῖνοι</strong></span> <span class='ocrx_word' id='word_1_643' title='bbox 2530 3839 2633 3910; x_wconf 80' lang='grc' dir='ltr'><strong>μὲν</strong></span> <span class='ocrx_word' id='word_1_644' title='bbox 2687 3839 2826 3911; x_wconf 87' lang='grc' dir='ltr'><strong>μετά</strong></span> <span class='ocrx_word' id='word_1_645' title='bbox 2877 3840 2978 3909; x_wconf 82' lang='grc' dir='ltr'><strong>τῆς</strong></span> <span class='ocrx_word' id='word_1_646' title='bbox 3034 3837 3128 3891; x_wconf 81' lang='grc' dir='ltr'><strong>τοῦ</strong></span> <span class='ocrx_word' id='word_1_647' title='bbox 3182 3837 3322 3891; x_wconf 77' lang='grc' dir='ltr'><strong>Θεοῦ</strong></span> <span class='ocrx_word' id='word_1_648' title='bbox 3382 3836 3717 3905; x_wconf 79' lang='grc' dir='ltr'><strong>δυσμενείας</strong></span> <span class='ocrx_word' id='word_1_649' title='bbox 3779 3839 3884 3890; x_wconf 74' lang='grc' dir='ltr'><strong>καὶ</strong></span> 
     </span>
    </p>
   </div>
   <div class='ocr_carea' id='block_1_99' title="bbox 2276 3923 3887 4001">
    <p class='ocr_par' dir='ltr' id='par_1_99' title="bbox 2276 3923 3887 4001">
     <span class='ocr_line' id='line_1_99' title="bbox 2276 3923 3887 4001; baseline -0.004 -17"><span class='ocrx_word' id='word_1_650' title='bbox 2276 3931 2506 4001; x_wconf 83' lang='grc' dir='ltr'><strong>ἀπειλῆς</strong></span> <span class='ocrx_word' id='word_1_651' title='bbox 2532 3930 2715 3996; x_wconf 70' lang='grc' dir='ltr'><strong>ἕξουσι</strong></span> <span class='ocrx_word' id='word_1_652' title='bbox 2755 3929 2816 3982; x_wconf 82' lang='grc' dir='ltr'><strong>τὸ</strong></span> <span class='ocrx_word' id='word_1_653' title='bbox 2857 3928 3105 3992; x_wconf 77' lang='grc' dir='ltr'><strong>ἄπιστον,</strong></span> <span class='ocrx_word' id='word_1_654' title='bbox 3151 3928 3217 3981; x_wconf 71' lang='grc' dir='ltr'><strong>σὺ</strong></span> <span class='ocrx_word' id='word_1_655' title='bbox 3267 3926 3325 3979; x_wconf 79' lang='grc' dir='ltr'><strong>δὲ</strong></span> <span class='ocrx_word' id='word_1_656' title='bbox 3375 3924 3515 3996; x_wconf 88' lang='grc' dir='ltr'><strong>μετά</strong></span> <span class='ocrx_word' id='word_1_657' title='bbox 3564 3923 3667 3993; x_wconf 74' lang='grc' dir='ltr'><strong>τῆς</strong></span> <span class='ocrx_word' id='word_1_658' title='bbox 3698 3925 3887 3993; x_wconf 59' lang='lat' dir='ltr'><strong>daqu-</strong></span> 
     </span>
    </p>
   </div>
   <div class='ocr_carea' id='block_1_100' title="bbox 2274 4015 3883 4094">
    <p class='ocr_par' dir='ltr' id='par_1_100' title="bbox 2274 4015 3883 4094">
     <span class='ocr_line' id='line_1_100' title="bbox 2274 4015 3883 4094; baseline -0.002 -19"><span class='ocrx_word' id='word_1_659' title='bbox 2274 4022 2427 4087; x_wconf 89' lang='grc' dir='ltr'><strong>λείας</strong></span> <span class='ocrx_word' id='word_1_660' title='bbox 2450 4021 2837 4094; x_wconf 76' lang='grc' dir='ltr'><strong>εὑρισκόμενος</strong></span> <span class='ocrx_word' id='word_1_661' title='bbox 2895 4020 3036 4085; x_wconf 74' lang='grc' dir='ltr'><strong>ἕξεις</strong></span> <span class='ocrx_word' id='word_1_662' title='bbox 3073 4019 3135 4073; x_wconf 75' lang='grc' dir='ltr'><strong>τὸ</strong></span> <span class='ocrx_word' id='word_1_663' title='bbox 3188 4018 3386 4071; x_wconf 73' lang='grc' dir='ltr'><strong>πιστὸν</strong></span> <span class='ocrx_word' id='word_1_664' title='bbox 3423 4015 3568 4085; x_wconf 90' lang='grc' dir='ltr'><strong>μετά</strong></span> <span class='ocrx_word' id='word_1_665' title='bbox 3614 4016 3719 4084; x_wconf 80' lang='grc' dir='ltr'><strong>τῆς</strong></span> <span class='ocrx_word' id='word_1_666' title='bbox 3778 4018 3883 4071; x_wconf 79' lang='grc' dir='ltr'><strong>τοῦ</strong></span> 
     </span>
    </p>
   </div>
   <div class='ocr_carea' id='block_1_101' title="bbox 2276 4105 3881 4184">
    <p class='ocr_par' dir='ltr' id='par_1_101' title="bbox 2276 4105 3881 4184">
     <span class='ocr_line' id='line_1_101' title="bbox 2276 4105 3881 4184; baseline -0.002 -18"><span class='ocrx_word' id='word_1_667' title='bbox 2276 4113 2410 4168; x_wconf 85' lang='grc' dir='ltr'><strong>Θεοῦ</strong></span> <span class='ocrx_word' id='word_1_668' title='bbox 2438 4113 2715 4184; x_wconf 81' lang='grc' dir='ltr'><strong>βοηθείας.</strong></span> <span class='ocrx_word' id='word_1_669' title='bbox 2769 4110 3012 4178; x_wconf 74' lang='grc' dir='ltr'><strong>’Ᾱνάξιον</strong></span> <span class='ocrx_word' id='word_1_670' title='bbox 3074 4110 3186 4181; x_wconf 87' lang='grc' dir='ltr'><strong>γάρ</strong></span> <span class='ocrx_word' id='word_1_671' title='bbox 3232 4106 3541 4181; x_wconf 82' lang='grc' dir='ltr'><strong>στρατη·γοῦ</strong></span> <span class='ocrx_word' id='word_1_672' title='bbox 3571 4105 3635 4160; x_wconf 80' lang='grc' dir='ltr'><strong>τὸ</strong></span> <span class='ocrx_word' id='word_1_673' title='bbox 3664 4106 3881 4176; x_wconf 78' lang='grc' dir='ltr'><strong>λέγειν,</strong></span> 
     </span>
    </p>
   </div>
   <div class='ocr_carea' id='block_1_102' title="bbox 2282 4202 2925 4274">
    <p class='ocr_par' dir='ltr' id='par_1_102' title="bbox 2282 4202 2925 4274">
     <span class='ocr_line' id='line_1_102' title="bbox 2282 4202 2925 4274; baseline -0.005 -15"><span class='ocrx_word' id='word_1_674' title='bbox 2282 4205 2455 4259; x_wconf 81' lang='grc' dir='ltr'><strong>Τοῦτο</strong></span> <span class='ocrx_word' id='word_1_675' title='bbox 2476 4203 2536 4257; x_wconf 86' lang='grc' dir='ltr'><strong>ού</strong></span> <span class='ocrx_word' id='word_1_676' title='bbox 2560 4202 2925 4274; x_wconf 85' lang='grc' dir='ltr'><strong>προσεδόκων.</strong></span> 
     </span>
    </p>
   </div>
   <div class='ocr_carea' id='block_1_103' title="bbox 2348 4287 3879 4368">
    <p class='ocr_par' dir='ltr' id='par_1_103' title="bbox 2348 4287 3879 4368">
     <span class='ocr_line' id='line_1_103' title="bbox 2348 4287 3879 4368; baseline 0.007 -25"><span class='ocrx_word' id='word_1_677' title='bbox 2348 4300 2458 4368; x_wconf 57' lang='grc' dir='ltr'><strong>ιιην.</strong></span> <span class='ocrx_word' id='word_1_678' title='bbox 2520 4294 2631 4348; x_wconf 77' lang='grc' dir='ltr'><strong>Καὶ</strong></span> <span class='ocrx_word' id='word_1_679' title='bbox 2660 4294 2819 4347; x_wconf 82' lang='grc' dir='ltr'><strong>τοῦτο</strong></span> <span class='ocrx_word' id='word_1_680' title='bbox 2859 4293 2917 4346; x_wconf 78' lang='grc' dir='ltr'><strong>δέ</strong></span> <span class='ocrx_word' id='word_1_681' title='bbox 2965 4300 3047 4347; x_wconf 86' lang='grc' dir='ltr'><strong>σοι</strong></span> <span class='ocrx_word' id='word_1_682' title='bbox 3102 4291 3425 4361; x_wconf 86' lang='grc' dir='ltr'><strong>ἀναγκαῖον,</strong></span> <span class='ocrx_word' id='word_1_683' title='bbox 3466 4287 3510 4347; x_wconf 83' lang='grc' dir='ltr'><strong>ὧ</strong></span> <span class='ocrx_word' id='word_1_684' title='bbox 3552 4297 3879 4367; x_wconf 76' lang='grc' dir='ltr'><strong>στρατηγὲ,</strong></span> 
     </span>
    </p>
   </div>
   <div class='ocr_carea' id='block_1_104' title="bbox 2205 4382 3885 4491">
    <p class='ocr_par' dir='ltr' id='par_1_104' title="bbox 2205 4382 3885 4491">
     <span class='ocr_line' id='line_1_104' title="bbox 2205 4382 3885 4491; baseline 0 -52"><span class='ocrx_word' id='word_1_685' title='bbox 2205 4436 2248 4491; x_wconf 77' lang='lat' dir='ltr'><strong>D</strong></span> <span class='ocrx_word' id='word_1_686' title='bbox 2280 4387 2415 4459; x_wconf 80' lang='grc' dir='ltr'><strong>πρὸς</strong></span> <span class='ocrx_word' id='word_1_687' title='bbox 2446 4382 2818 4457; x_wconf 77' lang='grc' dir='ltr'><strong>στρατηγικὴν</strong></span> <span class='ocrx_word' id='word_1_688' title='bbox 2848 4384 3185 4455; x_wconf 85' lang='grc' dir='ltr'><strong>τελειότητα,</strong></span> <span class='ocrx_word' id='word_1_689' title='bbox 3220 4384 3279 4437; x_wconf 87' lang='grc' dir='ltr'><strong>τὸ</strong></span> <span class='ocrx_word' id='word_1_690' title='bbox 3324 4383 3741 4453; x_wconf 79' lang='grc' dir='ltr'><strong>συλλογίζεσθαι</strong></span> <span class='ocrx_word' id='word_1_691' title='bbox 3786 4390 3885 4441; x_wconf 75' lang='grc' dir='ltr'><strong>καὶ</strong></span> 
     </span>
    </p>
   </div>
   <div class='ocr_carea' id='block_1_105' title="bbox 2286 4474 3885 4548">
    <p class='ocr_par' dir='ltr' id='par_1_105' title="bbox 2286 4474 3885 4548">
     <span class='ocr_line' id='line_1_105' title="bbox 2286 4474 3885 4548; baseline -0.002 -17"><span class='ocrx_word' id='word_1_692' title='bbox 2286 4478 2581 4547; x_wconf 73' lang='grc' dir='ltr'><strong>γινώσκειν</strong></span> <span class='ocrx_word' id='word_1_693' title='bbox 2602 4475 2848 4548; x_wconf 81' lang='grc' dir='ltr'><strong>ἀκριϐῶς</strong></span> <span class='ocrx_word' id='word_1_694' title='bbox 2905 4477 2968 4529; x_wconf 82' lang='grc' dir='ltr'><strong>ὲκ</strong></span> <span class='ocrx_word' id='word_1_695' title='bbox 3002 4476 3100 4545; x_wconf 82' lang='grc' dir='ltr'><strong>τῆς</strong></span> <span class='ocrx_word' id='word_1_696' title='bbox 3125 4474 3322 4547; x_wconf 86' lang='grc' dir='ltr'><strong>πείρας</strong></span> <span class='ocrx_word' id='word_1_697' title='bbox 3359 4474 3419 4527; x_wconf 82' lang='grc' dir='ltr'><strong>τὺ</strong></span> <span class='ocrx_word' id='word_1_698' title='bbox 3444 4475 3555 4529; x_wconf 84' lang='grc' dir='ltr'><strong>τῶν</strong></span> <span class='ocrx_word' id='word_1_699' title='bbox 3590 4476 3885 4548; x_wconf 77' lang='grc' dir='ltr'><strong>πολεμίων</strong></span> 
     </span>
    </p>
   </div>
   <div class='ocr_carea' id='block_1_106' title="bbox 2278 4565 3887 4641">
    <p class='ocr_par' dir='ltr' id='par_1_106' title="bbox 2278 4565 3887 4641">
     <span class='ocr_line' id='line_1_106' title="bbox 2278 4565 3887 4641; baseline -0.001 -18"><span class='ocrx_word' id='word_1_700' title='bbox 2278 4566 2638 4641; x_wconf 85' lang='grc' dir='ltr'><strong>στρατόπεδον</strong></span> <span class='ocrx_word' id='word_1_701' title='bbox 2709 4568 2872 4620; x_wconf 85' lang='grc' dir='ltr'><strong>πόσον</strong></span> <span class='ocrx_word' id='word_1_702' title='bbox 2929 4566 3093 4621; x_wconf 76' lang='grc' dir='ltr'><strong>ἐστίν.</strong></span> <span class='ocrx_word' id='word_1_703' title='bbox 3150 4565 3322 4618; x_wconf 74' lang='grc' dir='ltr'><strong>Τοῦτο</strong></span> <span class='ocrx_word' id='word_1_704' title='bbox 3371 4566 3427 4619; x_wconf 73' lang='grc' dir='ltr'><strong>δὲ</strong></span> <span class='ocrx_word' id='word_1_705' title='bbox 3474 4567 3722 4634; x_wconf 85' lang='grc' dir='ltr'><strong>γίνεται,</strong></span> <span class='ocrx_word' id='word_1_706' title='bbox 3782 4569 3887 4622; x_wconf 67' lang='grc' dir='ltr'><strong>ἐὰν</strong></span> 
     </span>
    </p>
   </div>
   <div class='ocr_carea' id='block_1_107' title="bbox 2277 4658 3887 4734">
    <p class='ocr_par' dir='ltr' id='par_1_107' title="bbox 2277 4658 3887 4734">
     <span class='ocr_line' id='line_1_107' title="bbox 2277 4658 3887 4734; baseline -0.005 -18"><span class='ocrx_word' id='word_1_707' title='bbox 2277 4660 2805 4734; x_wconf 72' lang='grc' dir='ltr'><strong>προγυμνασάμενος</strong></span> <span class='ocrx_word' id='word_1_708' title='bbox 2834 4658 3109 4731; x_wconf 79' lang='grc' dir='ltr'><strong>γινώσκῃς</strong></span> <span class='ocrx_word' id='word_1_709' title='bbox 3140 4658 3304 4721; x_wconf 86' lang='grc' dir='ltr'><strong>πόσος</strong></span> <span class='ocrx_word' id='word_1_710' title='bbox 3356 4658 3520 4721; x_wconf 84' lang='grc' dir='ltr'><strong>τόπος</strong></span> <span class='ocrx_word' id='word_1_711' title='bbox 3567 4661 3667 4712; x_wconf 71' lang='grc' dir='ltr'><strong>καὶ</strong></span> <span class='ocrx_word' id='word_1_712' title='bbox 3718 4662 3887 4723; x_wconf 73' lang='grc' dir='ltr'><strong>ποῖος</strong></span> 
     </span>
    </p>
   </div>
   <div class='ocr_carea' id='block_1_108' title="bbox 2274 4750 3888 4826">
    <p class='ocr_par' dir='ltr' id='par_1_108' title="bbox 2274 4750 3888 4826">
     <span class='ocr_line' id='line_1_108' title="bbox 2274 4750 3888 4826; baseline -0.002 -18"><span class='ocrx_word' id='word_1_713' title='bbox 2274 4755 2473 4818; x_wconf 84' lang='grc' dir='ltr'><strong>πόσους</strong></span> <span class='ocrx_word' id='word_1_714' title='bbox 2505 4752 2845 4826; x_wconf 82' lang='grc' dir='ltr'><strong>στρατιώτας</strong></span> <span class='ocrx_word' id='word_1_715' title='bbox 2882 4750 3238 4820; x_wconf 76' lang='grc' dir='ltr'><strong>ἐπιδέχεσθαι</strong></span> <span class='ocrx_word' id='word_1_716' title='bbox 3284 4750 3529 4815; x_wconf 81' lang='grc' dir='ltr'><strong>δύναται,</strong></span> <span class='ocrx_word' id='word_1_717' title='bbox 3564 4752 3664 4805; x_wconf 71' lang='grc' dir='ltr'><strong>καὶ</strong></span> <span class='ocrx_word' id='word_1_718' title='bbox 3691 4752 3778 4815; x_wconf 83' lang='grc' dir='ltr'><strong>ὡς</strong></span> <span class='ocrx_word' id='word_1_719' title='bbox 3826 4755 3888 4805; x_wconf 81' lang='grc' dir='ltr'>ἐν</span> 
     </span>
    </p>
   </div>
   <div class='ocr_carea' id='block_1_109' title="bbox 2281 4842 3919 4916">
    <p class='ocr_par' dir='ltr' id='par_1_109' title="bbox 2281 4842 3919 4916">
     <span class='ocr_line' id='line_1_109' title="bbox 2281 4842 3919 4916; baseline -0.005 -15"><span class='ocrx_word' id='word_1_720' title='bbox 2281 4846 2463 4910; x_wconf 84' lang='grc' dir='ltr'><strong>ἄλλοις</strong></span> <span class='ocrx_word' id='word_1_721' title='bbox 2499 4846 2631 4915; x_wconf 80' lang='grc' dir='ltr'><strong>ἡμῖν</strong></span> <span class='ocrx_word' id='word_1_722' title='bbox 2653 4842 3079 4916; x_wconf 60' lang='grc' dir='ltr'><strong>προδιώρισταιη</strong></span> <span class='ocrx_word' id='word_1_723' title='bbox 3913 4888 3919 4893; x_wconf 87' lang='grc'><strong>.</strong></span> 
     </span>
    </p>
   </div>
   <div class='ocr_carea' id='block_1_110' title="bbox 2350 4923 3885 5003">
    <p class='ocr_par' dir='ltr' id='par_1_110' title="bbox 2350 4923 3885 5003">
     <span class='ocr_line' id='line_1_110' title="bbox 2350 4923 3885 5003; baseline 0.001 -19"><span class='ocrx_word' id='word_1_724' title='bbox 2350 4931 2455 5000; x_wconf 54' lang='grc' dir='ltr'><strong>ιιθο.</strong></span> <span class='ocrx_word' id='word_1_725' title='bbox 2492 4931 2675 4995; x_wconf 76' lang='grc' dir='ltr'><strong>Ἄξιον</strong></span> <span class='ocrx_word' id='word_1_726' title='bbox 2709 4930 2764 4983; x_wconf 88' lang='grc' dir='ltr'><strong>δέ</strong></span> <span class='ocrx_word' id='word_1_727' title='bbox 2794 4946 2898 4993; x_wconf 89' lang='grc' dir='ltr'><strong>σοι,</strong></span> <span class='ocrx_word' id='word_1_728' title='bbox 2930 4923 2975 4983; x_wconf 78' lang='grc' dir='ltr'><strong>ὦ</strong></span> <span class='ocrx_word' id='word_1_729' title='bbox 3020 4926 3316 5001; x_wconf 76' lang='grc' dir='ltr'><strong>στρατηγὲ,</strong></span> <span class='ocrx_word' id='word_1_730' title='bbox 3348 4929 3538 5002; x_wconf 85' lang='grc' dir='ltr'><strong>ῶσπερ</strong></span> <span class='ocrx_word' id='word_1_731' title='bbox 3578 4930 3685 5000; x_wconf 82' lang='grc' dir='ltr'><strong>τὴν</strong></span> <span class='ocrx_word' id='word_1_732' title='bbox 3713 4934 3885 5003; x_wconf 80' lang='grc' dir='ltr'><strong>εἰρη-</strong></span> 
     </span>
    </p>
   </div>
   <div class='ocr_carea' id='block_1_111' title="bbox 2285 5018 3889 5091">
    <p class='ocr_par' dir='ltr' id='par_1_111' title="bbox 2285 5018 3889 5091">
     <span class='ocr_line' id='line_1_111' title="bbox 2285 5018 3889 5091; baseline 0 -17"><span class='ocrx_word' id='word_1_733' title='bbox 2285 5021 2456 5091; x_wconf 80' lang='grc' dir='ltr'><strong>μένην</strong></span> <span class='ocrx_word' id='word_1_734' title='bbox 2476 5020 2679 5089; x_wconf 88' lang='grc' dir='ltr'><strong>γνῶσιν</strong></span> <span class='ocrx_word' id='word_1_735' title='bbox 2710 5018 2811 5089; x_wconf 81' lang='grc' dir='ltr'><strong>τῆς</strong></span> <span class='ocrx_word' id='word_1_736' title='bbox 2850 5018 2958 5071; x_wconf 91' lang='grc' dir='ltr'><strong>τῶν</strong></span> <span class='ocrx_word' id='word_1_737' title='bbox 2994 5018 3274 5088; x_wconf 88' lang='grc' dir='ltr'><strong>πολεμίων</strong></span> <span class='ocrx_word' id='word_1_738' title='bbox 3313 5019 3605 5088; x_wconf 84' lang='grc' dir='ltr'><strong>στρατείας</strong></span> <span class='ocrx_word' id='word_1_739' title='bbox 3629 5020 3889 5088; x_wconf 74' lang='grc' dir='ltr'><strong>ὀφείλεις</strong></span> 
     </span>
    </p>
   </div>
   <div class='ocr_carea' id='block_1_112' title="bbox 2286 5109 3891 5184">
    <p class='ocr_par' dir='ltr' id='par_1_112' title="bbox 2286 5109 3891 5184">
     <span class='ocr_line' id='line_1_112' title="bbox 2286 5109 3891 5184; baseline -0.001 -18"><span class='ocrx_word' id='word_1_740' title='bbox 2286 5113 2453 5184; x_wconf 82' lang='grc' dir='ltr'><strong>ἔχειν,</strong></span> <span class='ocrx_word' id='word_1_741' title='bbox 2484 5111 2657 5174; x_wconf 68' lang='grc' dir='ltr'><strong>οὕτως</strong></span> <span class='ocrx_word' id='word_1_742' title='bbox 2680 5111 2772 5165; x_wconf 68' lang='grc' dir='ltr'><strong>καὶ</strong></span> <span class='ocrx_word' id='word_1_743' title='bbox 2806 5111 2933 5174; x_wconf 74' lang='grc' dir='ltr'><strong>τοὺς</strong></span> <span class='ocrx_word' id='word_1_744' title='bbox 2966 5110 3263 5181; x_wconf 86' lang='grc' dir='ltr'><strong>πολεμίους</strong></span> <span class='ocrx_word' id='word_1_745' title='bbox 3312 5109 3601 5163; x_wconf 80' lang='grc' dir='ltr'><strong>λανθάνειν</strong></span> <span class='ocrx_word' id='word_1_746' title='bbox 3636 5110 3701 5163; x_wconf 84' lang='grc' dir='ltr'><strong>τδ</strong></span> <span class='ocrx_word' id='word_1_747' title='bbox 3739 5112 3891 5179; x_wconf 80' lang='grc' dir='ltr'><strong>οτλῆ-</strong></span> 
     </span>
    </p>
   </div>
   <div class='ocr_carea' id='block_1_113' title="bbox 2281 5198 3889 5272">
    <p class='ocr_par' dir='ltr' id='par_1_113' title="bbox 2281 5198 3889 5272">
     <span class='ocr_line' id='line_1_113' title="bbox 2281 5198 3889 5272; baseline -0.004 -15"><span class='ocrx_word' id='word_1_748' title='bbox 2281 5204 2373 5267; x_wconf 88' lang='grc' dir='ltr'><strong>θος</strong></span> <span class='ocrx_word' id='word_1_749' title='bbox 2401 5202 2511 5256; x_wconf 90' lang='grc' dir='ltr'><strong>τῶν</strong></span> <span class='ocrx_word' id='word_1_750' title='bbox 2542 5202 2649 5255; x_wconf 90' lang='grc' dir='ltr'><strong>σῶν</strong></span> <span class='ocrx_word' id='word_1_751' title='bbox 2682 5201 3132 5271; x_wconf 84' lang='grc' dir='ltr'><strong>στρατευμάτων.</strong></span> <span class='ocrx_word' id='word_1_752' title='bbox 3177 5200 3347 5253; x_wconf 81' lang='grc' dir='ltr'><strong>Ὅταν</strong></span> <span class='ocrx_word' id='word_1_753' title='bbox 3377 5198 3433 5251; x_wconf 76' lang='grc' dir='ltr'><strong>δὲ</strong></span> <span class='ocrx_word' id='word_1_754' title='bbox 3460 5198 3631 5272; x_wconf 77' lang='grc' dir='ltr'><strong>βούλῃ</strong></span> <span class='ocrx_word' id='word_1_755' title='bbox 3684 5198 3889 5253; x_wconf 78' lang='grc' dir='ltr'><strong>λαθεῖν</strong></span> 
     </span>
    </p>
   </div>
   <div class='ocr_carea' id='block_1_114' title="bbox 2281 5292 3892 5366">
    <p class='ocr_par' dir='ltr' id='par_1_114' title="bbox 2281 5292 3892 5366">
     <span class='ocr_line' id='line_1_114' title="bbox 2281 5292 3892 5366; baseline -0.002 -17"><span class='ocrx_word' id='word_1_756' title='bbox 2281 5296 2406 5360; x_wconf 63' lang='grc' dir='ltr'><strong>τοὺς</strong></span> <span class='ocrx_word' id='word_1_757' title='bbox 2435 5294 2664 5366; x_wconf 73' lang='grc' dir='ltr'><strong>ἐχθροὺς</strong></span> <span class='ocrx_word' id='word_1_758' title='bbox 2700 5296 2799 5365; x_wconf 80' lang='grc' dir='ltr'><strong>τῆς</strong></span> <span class='ocrx_word' id='word_1_759' title='bbox 2830 5292 2931 5363; x_wconf 76' lang='grc' dir='ltr'><strong>σῆς</strong></span> <span class='ocrx_word' id='word_1_760' title='bbox 2960 5293 3243 5363; x_wconf 88' lang='grc' dir='ltr'><strong>δυνάμεως</strong></span> <span class='ocrx_word' id='word_1_761' title='bbox 3276 5292 3336 5345; x_wconf 67' lang='grc' dir='ltr'><strong>τὸ</strong></span> <span class='ocrx_word' id='word_1_762' title='bbox 3366 5292 3593 5362; x_wconf 78' lang='grc' dir='ltr'><strong>πλῆθος,</strong></span> <span class='ocrx_word' id='word_1_763' title='bbox 3629 5294 3892 5354; x_wconf 73' lang='grc' dir='ltr'><strong>πυκνοὺς</strong></span> 
     </span>
    </p>
   </div>
   <div class='ocr_carea' id='block_1_115' title="bbox 2281 5383 3888 5461">
    <p class='ocr_par' dir='ltr' id='par_1_115' title="bbox 2281 5383 3888 5461">
     <span class='ocr_line' id='line_1_115' title="bbox 2281 5383 3888 5461; baseline -0.003 -19"><span class='ocrx_word' id='word_1_764' title='bbox 2281 5392 2605 5461; x_wconf 87' lang='grc' dir='ltr'><strong>περιπατεῖν</strong></span> <span class='ocrx_word' id='word_1_765' title='bbox 2636 5387 2668 5459; x_wconf 82' lang='grc' dir='ltr'><strong>ἤ</strong></span> <span class='ocrx_word' id='word_1_766' title='bbox 2696 5388 2917 5441; x_wconf 77' lang='grc' dir='ltr'><strong>ἑστάναι</strong></span> <span class='ocrx_word' id='word_1_767' title='bbox 2955 5386 3305 5458; x_wconf 84' lang='grc' dir='ltr'><strong>παράγγελλε</strong></span> <span class='ocrx_word' id='word_1_768' title='bbox 3336 5385 3462 5449; x_wconf 72' lang='grc' dir='ltr'><strong>τοὺς</strong></span> <span class='ocrx_word' id='word_1_769' title='bbox 3494 5383 3888 5455; x_wconf 70' lang='grc' dir='ltr'><strong>στρατιώτας.</strong></span> 
     </span>
    </p>
   </div>
   <div class='ocr_carea' id='block_1_116' title="bbox 2292 5466 3893 5553">
    <p class='ocr_par' dir='ltr' id='par_1_116' title="bbox 2292 5466 3893 5553">
     <span class='ocr_line' id='line_1_116' title="bbox 2292 5466 3893 5553; baseline -0.006 -14"><span class='ocrx_word' id='word_1_770' title='bbox 2292 5482 2357 5538; x_wconf 86' lang='grc' dir='ltr'><strong>Ἦ</strong></span> <span class='ocrx_word' id='word_1_771' title='bbox 2396 5483 2507 5553; x_wconf 83' lang='grc' dir='ltr'><strong>γάρ</strong></span> <span class='ocrx_word' id='word_1_772' title='bbox 2538 5482 2787 5551; x_wconf 82' lang='grc' dir='ltr'><strong>συνέχεια</strong></span> <span class='ocrx_word' id='word_1_773' title='bbox 2814 5481 2909 5533; x_wconf 70' lang='grc' dir='ltr'><strong>καὶ</strong></span> <span class='ocrx_word' id='word_1_774' title='bbox 2927 5466 3161 5547; x_wconf 66' lang='grc' dir='ltr'><strong>σφίγξιξ</strong></span> <span class='ocrx_word' id='word_1_775' title='bbox 3176 5477 3429 5548; x_wconf 75' lang='grc' dir='ltr'><strong>σφάλλειν</strong></span> <span class='ocrx_word' id='word_1_776' title='bbox 3458 5476 3724 5547; x_wconf 74' lang='grc' dir='ltr'><strong>ποιεῖτὴν</strong></span> <span class='ocrx_word' id='word_1_777' title='bbox 3750 5476 3893 5548; x_wconf 77' lang='grc' dir='ltr'><strong>δρα-</strong></span> 
     </span>
    </p>
   </div>
   <div class='ocr_carea' id='block_1_117' title="bbox 2281 5567 3891 5643">
    <p class='ocr_par' dir='ltr' id='par_1_117' title="bbox 2281 5567 3891 5643">
     <span class='ocr_line' id='line_1_117' title="bbox 2281 5567 3891 5643; baseline -0.004 -14"><span class='ocrx_word' id='word_1_778' title='bbox 2281 5593 2368 5631; x_wconf 91' lang='grc' dir='ltr'><strong>σιν</strong></span> <span class='ocrx_word' id='word_1_779' title='bbox 2392 5575 2501 5628; x_wconf 91' lang='grc' dir='ltr'><strong>τῶν</strong></span> <span class='ocrx_word' id='word_1_780' title='bbox 2537 5572 2833 5643; x_wconf 86' lang='grc' dir='ltr'><strong>πολεμίων,</strong></span> <span class='ocrx_word' id='word_1_781' title='bbox 2856 5572 2951 5625; x_wconf 69' lang='grc' dir='ltr'><strong>καὶ</strong></span> <span class='ocrx_word' id='word_1_782' title='bbox 2983 5570 3229 5642; x_wconf 77' lang='grc' dir='ltr'><strong>ἀκριϐῶς</strong></span> <span class='ocrx_word' id='word_1_783' title='bbox 3251 5568 3493 5633; x_wconf 64' lang='grc' dir='ltr'><strong>εἰκάζειν</strong></span> <span class='ocrx_word' id='word_1_784' title='bbox 3526 5570 3615 5622; x_wconf 73' lang='grc' dir='ltr'><strong>τὸν</strong></span> <span class='ocrx_word' id='word_1_785' title='bbox 3633 5567 3769 5639; x_wconf 87' lang='grc' dir='ltr'><strong>ἀριθ</strong></span> <span class='ocrx_word' id='word_1_786' title='bbox 3781 5568 3891 5637; x_wconf 74' lang='grc' dir='ltr'><strong>μδν</strong></span> 
     </span>
    </p>
   </div>
   <div class='ocr_carea' id='block_1_118' title="bbox 2226 5659 3893 5739">
    <p class='ocr_par' dir='ltr' id='par_1_118' title="bbox 2226 5659 3893 5739">
     <span class='ocr_line' id='line_1_118' title="bbox 2226 5659 3893 5739; baseline -0.006 -18"><span class='ocrx_word' id='word_1_787' title='bbox 2226 5670 2229 5673; x_wconf 36' lang='grc' dir='ltr'><strong>λ</strong></span> <span class='ocrx_word' id='word_1_788' title='bbox 2279 5669 2378 5739; x_wconf 79' lang='grc' dir='ltr'><strong>τῆς</strong></span> <span class='ocrx_word' id='word_1_789' title='bbox 2409 5668 2508 5737; x_wconf 80' lang='grc' dir='ltr'><strong>σῆς</strong></span> <span class='ocrx_word' id='word_1_790' title='bbox 2528 5666 2811 5736; x_wconf 86' lang='grc' dir='ltr'><strong>δυνάμεως</strong></span> <span class='ocrx_word' id='word_1_791' title='bbox 2836 5665 2935 5717; x_wconf 85' lang='grc' dir='ltr'><strong>οὐκ</strong></span> <span class='ocrx_word' id='word_1_792' title='bbox 2965 5665 3048 5735; x_wconf 80' lang='grc' dir='ltr'><strong>ἐᾷ.</strong></span> <span class='ocrx_word' id='word_1_793' title='bbox 3089 5661 3322 5732; x_wconf 85' lang='grc' dir='ltr'><strong>Ὁμοίως</strong></span> <span class='ocrx_word' id='word_1_794' title='bbox 3346 5662 3454 5717; x_wconf 69' lang='grc' dir='ltr'><strong>καὶι</strong></span> <span class='ocrx_word' id='word_1_795' title='bbox 3482 5662 3575 5714; x_wconf 77' lang='grc' dir='ltr'><strong>ἐπὶ</strong></span> <span class='ocrx_word' id='word_1_796' title='bbox 3602 5659 3699 5713; x_wconf 80' lang='grc' dir='ltr'><strong>τοῦ</strong></span> <span class='ocrx_word' id='word_1_797' title='bbox 3722 5663 3893 5713; x_wconf 76' lang='grc' dir='ltr'><strong>ἐναν-</strong></span> 
     </span>
    </p>
   </div>
   <div class='ocr_carea' id='block_1_119' title="bbox 2290 5751 3888 5837">
    <p class='ocr_par' dir='ltr' id='par_1_119' title="bbox 2290 5751 3888 5837">
     <span class='ocr_line' id='line_1_119' title="bbox 2290 5751 3888 5837; baseline -0.009 -21"><span class='ocrx_word' id='word_1_798' title='bbox 2290 5764 2419 5837; x_wconf 49' lang='grc' dir='ltr'><strong>τίους</strong></span> <span class='ocrx_word' id='word_1_799' title='bbox 2462 5763 2508 5813; x_wconf 78' lang='grc' dir='ltr'><strong>εί</strong></span> <span class='ocrx_word' id='word_1_800' title='bbox 2552 5759 2735 5836; x_wconf 75' lang='grc' dir='ltr'><strong>βούλει</strong></span> <span class='ocrx_word' id='word_1_801' title='bbox 2762 5756 3085 5828; x_wconf 76' lang='grc' dir='ltr'><strong>παραδεῖξαι</strong></span> <span class='ocrx_word' id='word_1_802' title='bbox 3116 5754 3211 5827; x_wconf 81' lang='grc' dir='ltr'><strong>τὴν</strong></span> <span class='ocrx_word' id='word_1_803' title='bbox 3259 5754 3356 5827; x_wconf 76' lang='grc' dir='ltr'><strong>σὴν</strong></span> <span class='ocrx_word' id='word_1_804' title='bbox 3385 5753 3617 5825; x_wconf 61' lang='grc' dir='ltr'><strong>δύναμιν</strong></span> <span class='ocrx_word' id='word_1_805' title='bbox 3644 5751 3888 5824; x_wconf 66' lang='grc' dir='ltr'><strong>πολλὴν,</strong></span> 
     </span>
    </p>
   </div>
  </div>
