3964 6206
260 285 399 355 1041

1337 290 1676 356 TACTICA.
1712 320 1779 334 --
1803 295 2317 364 CONSTITUTIO
2352 306 2480 368 XX.

3401 309 3542 378 1042

261 399 457 470 ὀλίγην
479 394 680 465 οὖσαν,
707 395 1064 469 ἀραιοτέρους
1092 397 1186 453 καὶ
1223 405 1549 473 περιπατεῖν
1585 405 1680 458 καὶ
1703 405 1859 460 ἵστα-

1991 411 2361 482 iosioremquc
2394 415 2605 480 Ineunt,
2652 431 2817 486 quam
2852 418 3146 474 multitudo
3190 418 3410 476 illorum
3450 439 3536 479 re-

267 492 394 547 σθαι
452 493 582 555 τοὺς
632 490 972 563 στρατιώτας
1005 494 1272 564 ποιήσεις,
1301 496 1376 560 ὡς
1407 497 1476 552 ἂν
1507 501 1600 554 καὶ
1625 499 1848 555 πλείονα

266 583 363 637 τοῦ
394 583 712 653 συμμέτρου
737 583 904 636 τόπον
945 583 1459 656 περιλαμθάνωσιν.
1534 591 1852 663 Ἀμφότερα

265 675 378 744 γὰρ
411 675 471 726 ἐν
504 672 683 744 καιρῷ
731 673 844 744 ἰδίῳ
899 676 1187 746 γενόμενα,
1234 679 1327 731 καὶ
1388 681 1551 754 χρείᾳ
1601 685 1848 754 χρήσιμα

265 765 403 837 πρὸς
427 766 646 837 ἀπάτην
671 766 782 828 τῶν
810 768 1020 839 ἐχθρῶν
1053 769 1392 839 εὑρίσκεται.

340 856 409 929 ρ’.
439 859 592 928 Ἵσης
641 858 740 912 καὶ
787 859 980 929 ὁμοίας
1001 859 1170 930 οὔσης
1203 863 1305 931 τῆς
1333 879 1392 916 τε
1439 864 1550 916 τῶν
1577 864 1853 935 πολεμίων

281 949 661 1022 παρασκευῆς,
715 950 809 1004 καὶ
856 952 955 1021 τῆς
1004 952 1304 1024 ἡμετέρας,
1338 954 1367 1006 ὁ
1413 955 1642 1009 κάλλιον
1673 971 1857 1028 παρα·-

271 1042 615 1111 τασσόμενος
680 1041 1007 1112 στρατηγὸς,
1059 1044 1169 1096 εῐτε
1229 1045 1314 1106 σὺ,
1351 1043 1466 1097 εἴτε
1497 1047 1528 1098 ό
1577 1037 1858 1116 πολέμιος,

275 1133 476 1203 μᾶλλον
533 1133 954 1204 πλεονεκτήσει,
1010 1131 1274 1205 περιττήν
1333 1134 1476 1205 ἔχων
1533 1137 1636 1207 τῆς
1694 1137 1860 1191 δυνάο

273 1237 419 1294 μεως
441 1224 540 1294 τὴν
566 1226 630 1278 ἐκ
657 1223 766 1278 τῶν
799 1226 1278 1296 στρατηγημάτων
1303 1227 1335 1297 ἢ
1367 1225 1573 1292 τάξεων
1625 1228 1801 1300 ἰσχύν.

345 1313 448 1387 ρα¹.
475 1316 565 1388 Μὴ
589 1316 834 1389 πρώτους
889 1317 1057 1390 ἐάσῃς
1111 1318 1265 1389 παρὰ
1320 1317 1382 1372 σὲ
1413 1319 1512 1390 τὴν
1533 1321 1742 1374 οἰκείαν
1769 1320 1862 1374 ac»

272 1421 435 1477 ναμιν
467 1409 592 1471 τοὺς
649 1409 928 1471 ἐναντίους
1014 1406 1262 1472 ἐκτάξαι,
1316 1409 1453 1463 ἀλλὰ
1482 1410 1681 1464 σπεῦδε
1713 1411 1852 1482 πρό-

274 1515 433 1568 τερος
465 1499 694 1552 ἐκείνων
715 1500 815 1570 τὴν
839 1498 1140 1570 παράταξιν
1158 1515 1254 1553 σου
1285 1499 1553 1566 διατάξαι.
1598 1503 1726 1555 Ἐὰν
1750 1502 1861 1572 γὰρ

273 1588 536 1665 πρότερος
573 1589 787 1663 φθάσῃς
835 1590 1275 1660 παρατάξασθαι,
1337 1591 1402 1645 σὺ
1465 1592 1562 1663 μὲν
1605 1591 1634 1646 δ
1685 1592 1855 1664 βούλῃ

274 1680 396 1734 κατ’
424 1681 670 1745 ἐξουσίαν
725 1684 802 1746 ὡς
861 1683 1076 1754 ἕτοιμος
1127 1683 1358 1756 πράξεις
1383 1700 1398 1717 ·
1427 1686 1458 1738 δ
1517 1685 1577 1738 δὲ
1605 1683 1866 1755 πολέμιος

276 1773 514 1828 οὐδὲτοῦ
537 1774 970 1847 καθοπλισθῆναι
1007 1777 1150 1846 τάχα
1207 1777 1365 1832 λάϐοι
1412 1762 1612 1850 παιρδν
1639 1776 1738 1850 τήν
1767 1777 1866 1849 σὴν

276 1866 502 1934 ταχεῖαν
531 1865 698 1934 φοσού
708 1883 867 1934 μενος
889 1865 1198 1920 ἐπέλευσιν.
1381 1880 1387 1882 ‘

271 1995 274 1998 ι
351 1955 452 2026 ρβ“.
481 1955 670 2020 οὕτως
682 1952 777 2010 οὖν
809 1957 904 2012 ἐὰν
929 1955 1288 2031 προεκτάξῃς,
1324 1960 1416 2014 καὶ
1458 1959 1599 2014 κατά
1614 1960 1712 2030 τὴν
1733 1978 1871 2032 συμ-

285 2047 454 2119 ϐολὴν
485 2049 546 2114 ἐξ
566 2051 786 2118 ἑτοίμου
807 2049 920 2113 τοῖς
963 2049 1226 2114 ἐναντίοις
1249 2051 1575 2123 ἐγχειρήσῃς
1592 2052 1873 2120 ἀσφαλῶς,

281 2139 483 2210 θάρσος
516 2139 616 2210 μὲν
641 2140 720 2210 τῷ
744 2140 823 2211 σῷ
849 2141 1224 2212 στρατεύματι
1261 2141 1608 2214 ἐμποιήσεις,
1653 2143 1867 2197 δειλίαν

279 2230 336 2284 δέ
356 2231 468 2293 τοῖς
496 2228 778 2300 πολεμίοις
807 2230 1081 2300 ἐνθήσεις.

349 2319 456 2393 ργ’.
487 2322 670 2394 Νόμον
692 2323 780 2393 ἔχε
837 2323 1220 2394 ἀπαράϐατον,
1259 2324 1320 2378 τὸ
1361 2324 1564 2396 πολλὴν
1595 2325 1871 2380 ποιεῖσθαι

283 2415 393 2467 τῶν
426 2414 720 2487 πληγάτων
745 2417 1096 2486 στρατιωτῶν
1129 2417 1226 2489 τὴν
1259 2419 1539 2491 πρόνοιαν.
1593 2418 1721 2472 Ἐάν
1759 2419 1872 2491 γάρ

282 2504 564 2576 ἀμελήσῃς
584 2504 784 2569 αὐτῶν,
815 2507 943 2568 τοὺς
965 2505 1189 2570 λοιποὺς
1239 2507 1580 2578 στρατιώτας
1624 2508 1875 2562 ἐθελοκα⁴

285 2595 516 2659 κοῦντας
574 2596 632 2648 ἐν
661 2597 782 2660 ταῖς
815 2596 1018 2665 μάχαις
1051 2597 1146 2650 καὶ
1179 2596 1554 2668 λυπουμένους
1587 2598 1859 2669 εὑρήσεις.

287 2685 399 2740 Καὶ
425 2685 484 2738 οὑ
520 2684 684 2756 μόνον
709 2674 889 2751 τοῦτο,
922 2685 1060 2738 ἀλλά
1089 2687 1186 2739 καὶ
1235 2687 1436 2751 αὐτοὺς
1467 2688 1596 2752 τοὺς
1621 2706 1874 2759 τραυμα-

285 2775 588 2844 τισθέντας,
611 2777 704 2830 καὶ
733 2774 799 2830 δι’
821 2777 1140 2848 ἐπιμελείας
1155 2770 1484 2850 δυναμένους
1500 2780 1870 2852 ἀνασωθῆναι,

286 2871 372 2940 διά
398 2869 676 2942 ρᾳθυμίαν
697 2869 1006 2932 ἀπολέσεις.

359 2962 455 3032 ρδ’.
493 2955 666 3014 ὐταν
703 2962 784 3021 εἰς
814 2959 993 3029 φυγὴν
1023 2958 1232 3032 τρέψῃς
1259 2961 1386 3024 τοὺς
1419 2959 1713 3030 πολεμίους
1743 2964 1875 3015 ἀντ-

1958 504 2152 572 quirit,
2181 505 2422 574 exigant.
2470 505 2716 576 Utraque
2765 508 2910 563 enim
2972 509 3190 576 horum,
3242 510 3287 566 si
3340 509 3538 565 idoneo

1959 604 2205 666 tempore
2259 597 2494 666 locoque
2525 598 2680 665 ﬁant,
2719 599 2786 655 ad
2813 599 3166 670 decipiendos
3207 601 3393 656 hostes
3424 616 3542 656 ma-

1959 703 2202 759 gnopere
2231 689 2509 745 valebunt.

2037 863 2161 920 100.
2194 864 2253 919 Si
2309 865 2548 934 aequales
2579 874 2686 921 tute
2713 866 3062 936 hostiumque
3100 868 3272 936 capite
3316 863 3536 932 fuerint,

1963 957 2056 1011 ille
2099 956 2293 1012 melius
2327 957 2553 1011 instruit
2583 960 2886 1013 exercitum
2940 961 3242 1029 imperatur
3303 959 3418 1014 sive
3458 967 3539 1023 tu,

1963 1051 2084 1104 sive
2147 1051 2323 1104 hostis
2372 1049 2560 1116 fuerit,
2625 1050 2716 1120 qui
2750 1051 3000 1121 plurimis
3047 1051 3114 1105 ad
3172 1051 3370 1104 bellum
3403 1065 3558 1127 conn

1962 1141 2103 1197 siliis
2159 1141 2431 1214 factisque
2487 1143 2864 1214 imperatoriis
2915 1140 3172 1196 valuerit.

2041 1322 2164 1377 101.
2211 1320 2288 1376 Ne
2345 1321 2590 1392 patiaris,
2634 1328 2693 1376 ut
2755 1321 2943 1376 hostes
2977 1335 3106 1376 suas
3145 1318 3332 1388 copias
3363 1315 3546 1389 prius-

1970 1425 2133 1483 quam
2165 1421 2223 1466 tu
2261 1412 2556 1476 instrtmnt,
2617 1411 2710 1467 sed
2763 1410 3051 1474 contende,
3116 1416 3174 1463 ut
3234 1417 3360 1462 ante
3417 1407 3544 1463 illos

1971 1517 2078 1561 tua:
2125 1513 2327 1576 paratae
2372 1506 2506 1560 sint.
2562 1505 2620 1559 Si
2678 1505 2825 1559 enim
2873 1504 3022 1573 prior
3073 1499 3404 1556 instruxeris
3442 1513 3548 1570 pro

1971 1596 2242 1652 arbitratu
2303 1606 2418 1660 tuo,
2481 1594 2594 1664 jam
2664 1601 2889 1664 paratus
2958 1590 3175 1661 quidvis
3231 1587 3540 1658 suscipias:

1973 1689 2148 1744 hostis
2187 1693 2368 1741 autem
2413 1686 2647 1740 fortasse
2677 1699 2745 1738 ne
2787 1691 3004 1753 tempus
3038 1677 3268 1750 quidem
3297 1681 3538 1749 seipsum

1972 1779 2244 1844 armandi,
2296 1779 2409 1849 jam
2441 1791 2589 1832 nunc
2652 1785 2802 1830 tuam
2860 1785 3113 1830 metuens
3145 1773 3541 1838 incursionem,

1973 1872 2213 1927 habebit.
3035 1869 3043 1878 ’

2041 1964 2163 2018 101.
2191 1960 2249 2017 Si
2273 1962 2438 2032 igitur
2467 1962 2542 2014 ita
2570 1967 2623 2014 te
2659 1958 2726 2012 ad
2756 1957 3160 2028 conﬂigendum
3193 1968 3539 2026 praeparare-

1972 2058 2072 2122 ris,
2109 2057 2294 2112 hostes
2319 2065 2442 2109 tuos
2491 2061 2715 2120 tuto~ac
2756 2051 2948 2105 idonee
2995 2048 3287 2112 adorieris,
3339 2053 3392 2101 et
3448 2061 3546 2100 au-

1968 2149 2186 2204 daciam
2231 2146 2410 2218 copiis
2461 2145 2572 2200 tuis
2617 2142 2837 2211 an’eres,
2878 2149 2933 2197 et
2982 2139 3236 2196 timorem
3293 2135 3551 2194 hostibus

1974 2238 2216 2309 injicies.

2048 2331 2171 2386 105.
2237 2327 2486 2383 Maxima;
2526 2327 2624 2383 tibi
2688 2337 2837 2381 curae
2888 2324 3003 2380 sint
3033 2321 3240 2378 milites
3290 2319 3551 2384 sauciati,

1975 2427 2037 2478 ut
2075 2430 2383 2477 serventur.
2427 2420 2484 2474 Si
2545 2418 2707 2474 enim
2759 2431 2858 2472 eos
2914 2415 3246 2486 neglexeris,
3312 2409 3549 2466 militum

1974 2513 2189 2568 animos
2249 2527 2279 2566 a
2327 2512 2520 2582 pretio
2587 2512 2954 2566 abhorrentes
3015 2516 3070 2563 et
3114 2505 3362 2576 deiectos
3437 2502 3550 2559 elli-

1975 2606 2121 2661 cics:
2180 2618 2358 2673 neque
2408 2601 2466 2656 id
2514 2602 2717 2667 solum,
2781 2601 2876 2657 sed
2924 2600 3110 2666 etiam,
3159 2599 3254 2668 qui
3317 2597 3550 2666 diligen-

1977 2695 2076 2757 tia,
2132 2703 2187 2748 et
2219 2708 2353 2748 cura
2406 2693 2726 2748 conservari
2789 2700 3064 2764 poterant,
3111 2688 3447 2761 negligentia
3477 2701 3541 2741 a-

1975 2784 2185 2838 mittes.

2049 2961 2173 3014 101.
2209 2961 2264 3013 In
2300 2958 2612 3028 fugamjam
2651 2958 2935 3013 conversis
2988 2956 3265 3018 hostibus,
3325 2952 3556 3023 prmcipe

289 3053 511 3125 ἔχεσθαι
547 3053 650 3122 τῆς
685 3051 922 3122 πραίδας
961 3052 1312 3122 παράγγελλε
1337 3054 1448 3115 τοῖς
1485 3051 1865 3122 στρατιώταις,

1991 3049 2257 3112 uilitibus,
2295 3057 2355 3102 ut
2388 3051 2566 3117 praeda
2595 3048 2904 3101 abstineant
2932 3061 3020 3109 nc,
3050 3046 3179 3099 dum
3209 3046 3284 3098 illi
3314 3044 3549 3112 dispersi

289 3148 376 3200 ἵνα
428 3146 503 3216 μὴ
553 3144 683 3215 περὶ
733 3142 935 3214 ταύτην
969 3142 1444 3214 διαπειρομὲνουςο
1485 3143 1580 3196 καὶ
1625 3144 1684 3196 ἐν
1735 3143 1872 3213 αὖτῇ

291 3235 747 3309 ἀσχολουμένους,
796 3233 1051 3305 εὑρόντες
1083 3234 1133 3288 oi
1163 3233 1414 3306 πολέμιοι
1463 3233 1877 3288 ἐπιϐουλεύσον-

295 3339 378 3383 σιν
405 3327 613 3391 αὐτοῖς,
649 3325 742 3379 καὶ
789 3324 1220 3396 διαφθείρουσιν.
1277 3325 1417 3380 Ἀλλ’
1469 3326 1519 3380 οι
1573 3327 1675 3398 μὲν
1714 3343 1878 3400 στρα-

294 3418 486 3474 τιῶται
518 3417 832 3488 ὲχὲσθωσαν
863 3416 961 3485 τῆς
988 3414 1229 3481 διώξεως
1287 3416 1426 3485 μετά
1470 3416 1792 3484 ἀσφαλείας,
1825 3417 1876 3469 οἱ

295 3501 351 3566 δέ
382 3501 510 3582 περὶ
530 3513 595 3583 τῇ
628 3508 859 3580 συλλογῇ
925 3507 1026 3578 τῆς
1055 3507 1289 3579 πραίδας
1308 3508 1650 3577 τεταγμένοι,
1682 3507 1878 3572 οἵτινες

295 3605 392 3657 καλ⁸
423 3597 942 3671 τοὺςλτραυματίας
979 3597 1317 3670 στρατιώτας
1364 3599 1421 3652 ἐν
1451 3598 1587 3670 αὐτῇ
1625 3601 1692 3672 τῇ
1729 3599 1876 3670 μάχῃ

297 3691 650 3756 ἀναλέξονται
702 3690 798 3744 καὶ
834 3688 1287 3760 θεραπεύσουσιν,
1330 3690 1486 3746 αὐτοὶ
1529 3692 1624 3744 καὶ
1672 3691 1742 3744 τὰ
1767 3692 1878 3745 τῶν

297 3782 641 3854 τεθνηκότων
672 3781 950 3851 πολεμίων
983 3780 1155 3834 σκύλα
1205 3779 1577 3850 συλλέγοντες,
1632 3783 1727 3837 καὶ
1763 3784 1878 3846 τοῖς

1973 3140 2027 3194 in
2053 3139 2236 3209 prmda
2279 3139 2582 3209 colligenda
2613 3137 2870 3207 occupati
2916 3137 3059 3202 sint,
3110 3137 3294 3190 hostes
3327 3134 3434 3189 illis
3469 3134 3558 3186 iu-

1973 3229 2266 3295 sidientur,
2313 3237 2479 3300 atque
2529 3230 2874 3300 opprimant;
2933 3224 3025 3281 sed
3071 3223 3275 3278 milites
3338 3221 3460 3275 illos
3500 3221 3555 3274 in

1973 3325 2092 3380 acie
2113 3323 2374 3379 instructi
2406 3329 2527 3377 tulo
2560 3317 3068 3392 insequantur.Qui
3096 3316 3164 3372 ad
3191 3314 3555 3385 colligendam

1974 3415 2212 3486 praedam
2238 3415 2493 3469 instructi
2527 3424 2658 3468 sunt
2685 3413 2908 3477 milites,
2948 3412 3000 3466 iu
3059 3409 3247 3480 praelio
3279 3406 3558 3462 sauciatos

1984 3503 2267 3578 colligent,
2317 3513 2372 3560 et
2424 3504 2788 3570 accurabunt,
2875 3513 2930 3559 et
2998 3500 3324 3557 cadaverum
3382 3494 3555 3566 spolia

1985 3597 2215 3656 decanis
2247 3599 2486 3662 tradant,
2513 3598 2628 3670 qui,
2683 3596 3143 3668 quemadmodum
3197 3606 3362 3661 supra
3399 3604 3427 3642 a
3461 3603 3558 3643 no-

1985 3691 2073 3749 bis
2105 3692 2484 3763 prrescriptum
2515 3700 2622 3755 est,
2648 3690 2935 3760 diligenter
2961 3685 3356 3757 procurabunt,
3395 3689 3454 3736 ut
3489 3677 3556 3732 ad

1988 3781 2370 3856 supradict‘um
2395 3779 2614 3837 modum
2645 3779 2988 3850 mqnabiliter
3016 3778 3350 3833 tribuantur.

299 3881 592 3950 δεκάρχαις
619 3876 1027 3948 παραδιδόντες,
1069 3876 1146 3941 ὡς
1193 3876 1289 3931 καὶ
1319 3875 1378 3930 ἐν
1407 3875 1591 3942 ἄλλοις
1635 3873 1767 3949 ἡμῖν
1857 3878 2100 3952 εἴρηται,
2168 3878 2651 3953 παραφυλάξουσιν
2731 3875 2891 3942 αὐτὰ,
2931 3872 3071 3926 ὥστε
3145 3867 3561 3939 διαμερισθῆναι

300 3976 360 4045 ἐξ
387 3974 500 4027 ίσου
523 3970 665 4025 κατὰ
689 3969 778 4024 τὸν
804 3970 933 4041 περὶ
970 3969 1152 4024 αὐτῶν
1183 3969 1471 4041 ὁρισθέντα
1500 3963 1690 4025 τύπον.

372 4071 470 4133 ρεν.
507 4061 864 4117 ’Υποπτεύων
915 4060 1222 4133 στρατηγὸς
1274 4061 1598 4132 συχνότερον
1647 4061 1717 4116 τά
1768 4061 1880 4116 τῶν

301 4155 579 4226 πολεμίων
626 4153 1036 4227 ἐπιτηδεύματα
1088 4153 1338 4224 ἀσφαλής
1385 4171 1477 4226 μοι
1533 4149 1684 4208 δοκεῖ
1739 4154 1883 4208 κατά

2021 4071 2024 4073 ‘
2065 4062 2188 4118 105.
2223 4057 2327 4128 Qui
2365 4053 2568 4130 saepius
2625 4054 2852 4112 consilia
2911 4047 3187 4122 coniectat
3237 4047 3559 4116 imperator,

1989 4158 2036 4213 i‘s
2067 4155 2133 4211 ad
2180 4154 2381 4210 bellum
2422 4159 2477 4207 et
2520 4160 2844 4222 apparatum
2879 4145 3137 4202 bellicum
3173 4139 3408 4194 maxime
3439 4133 3559 4189 ido-

305 4264 366 4301 τε
392 4247 485 4301 τὸν
519 4247 756 4316 πόλεμον
786 4246 882 4302 καὶ
913 4244 1011 4319 τὴν
1039 4245 1208 4318 ἀλλην
1241 4246 1406 4302 αὐτοῦ
1437 4246 1715 4319 διαγωγὴν
1748 4248 1871 4301 ἀνα-

1991 4263 2125 4304 neus
2154 4261 2277 4303 esse
2304 4244 2548 4300 videtur.

303 4339 605 4416 δειχθῆναι.

377 4437 490 4502 PS...
528 4429 858 4502 οΑμάρτημα
892 4427 1204 4500 στρατηγοῦ
1238 4425 1496 4497 μέγιστον
1522 4423 1673 4492 οῖδα,
1697 4429 1760 4482 τὸ
1791 4430 1892 4499 μιᾷ

305 4527 456 4596 μάχῃ
497 4523 773 4594 φθαρῆναι
807 4521 870 4575 rb
922 4521 1056 4574 πολὺ
1111 4535 1208 4571 του
1261 4517 1694 4589 στρατεύματος.
1765 4521 1893 4574 Ἐάν

303 4619 410 4688 γὰρ
443 4613 712 4685 νουνεχῶς
748 4613 849 4683 τὴν
881 4612 1026 4666 κατά
1079 4608 1198 4662 τῶν
1261 4609 1546 4678 πολεμίων
1593 4613 1895 4683 ποιήσηται

305 4709 630 4780 παράταξιν,
660 4707 754 4759 καὶ
785 4705 925 4776 μετὰ
951 4704 1267 4774 φρονήσεως
1290 4704 1752 4774 περιπρέφηται,
1782 4705 1890 4758 κᾶν

307 4799 488 4869 συμϐῇ
519 4817 572 4851 τι
617 4797 867 4866 πταῖσμα
905 4797 1036 4866 περὶ
1067 4794 1159 4849 τὸν
1205 4795 1400 4849 ἐαυτοῦ
1433 4795 1686 4866 στρατὸν,
1721 4795 1754 4864 ἢ
1790 4795 1886 4849 εὔ-

312 4891 526 4952 τάκτως
573 4886 928 4957 ἀναχωρήσῃ,
961 4887 994 4954 ἢ
1026 4886 1237 4957 ταχέως
1278 4885 1379 4957 τὴν
1428 4881 1600 4958 ἦτταν
1660 4887 1882 4958 ἀναμα-

311 4979 566 5052 χέσηται.

383 5071 484 5143 ρξ’.
518 5070 767 5141 Λυπήσει
795 5070 924 5135 τοὺς
953 5070 1301 5142 πολεμίουςή
1337 5071 1476 5141 μετά
1505 5070 1762 5137 εὐταξίας
1793 5070 1888 5124 καὶ

309 5163 543 5235 ἁρμοδία
603 5153 755 5232 παρά
801 5160 895 5215 σοῦ
915 5161 1179 5231 γινομένη
1219 5160 1527 5230 παράταξις
1574 5161 1669 5214 καὶ
1718 5158 1892 5222 οὕτως

311 5254 688 5326 φυλαττομένη
719 5256 778 5310 ἐν
806 5255 914 5327 ὅλῳ
937 5253 1014 5325 τῷ
1038 5253 1137 5320 τῆς
1161 5253 1343 5324 μάχης
1375 5252 1572 5323 καιρῷ.
1615 5253 1889 5318 Μέγιστον

308 5346 418 5416 γὰρ
451 5347 510 5400 ἐν
552 5345 858 5416 παρατάξει
905 5343 1239 5415 κεφάλαιον,
1291 5345 1384 5398 καὶ
1427 5343 1563 5415 πρὸς
1612 5345 1888 5415 σωτηρίαν

310 5437 546 5510 βέϐαιον,
580 5440 643 5493 τδ
671 5439 966 5508 φυλάττειν
997 5439 1126 5502 τοὺς
1164 5437 1509 5508 μαχομένους
1528 5437 1624 5507 τήν
1647 5453 1706 5489 τε
1737 5435 1891 5502 τάξιν

311 5531 494 5586 αὐτῶν
533 5532 627 5586 καὶ
662 5531 801 5602 μετά
826 5529 962 5596 τάξυ
999 5530 1113 5602 (56)
1148 5528 1513 5600 διαστήματα.

2059 4419 2186 4475 106.
2218 4416 2514 4473 Maximum
2572 4409 2922 4484 imperatoris
2966 4410 3251 4477 peccatum
3297 4409 3404 4463 est,
3451 4411 3563 4453 uno

1991 4514 2180 4584 praelia
2217 4524 2411 4565 omnes
2437 4507 2628 4577 copias
2661 4500 3004 4571 superandas
3053 4495 3289 4550 tradere.
3327 4491 3384 4547 Si
3414 4491 3560 4546 cnim

1992 4583 2291 4675 prudenter
2313 4609 2374 4655 se
2405 4599 2696 4653 adversum
2728 4595 2914 4649 hostes
2933 4584 3276 4650 instruxerit,
3312 4583 3383 4638 ita
3408 4595 3563 4638 exer-

1997 4702 2169 4756 citum
2202 4694 2507 4767 apparebit,
2539 4702 2600 4746 ut
2643 4691 2686 4746 si
2719 4704 2840 4760 qum
2892 4685 3120 4741 oll‘cnsio
3169 4682 3216 4736 ei
3249 4678 3558 4746 contingat,

1991 4793 2074 4850 vel
2101 4790 2352 4847 ordinatae
2377 4785 2655 4853 discedat,
2682 4783 2765 4839 vel
2789 4781 2947 4836 facile
3017 4775 3379 4833 offensionem
3436 4768 3560 4824 belli

1991 4889 2302 4956 recuperet.

2067 5068 2190 5123 107.
2244 5065 2442 5120 Hostes
2478 5061 2713 5120 maxime
2751 5055 3037 5113 excruciat
3095 5049 3370 5114 ordinate,
3402 5052 3567 5114 atque

1995 5160 2337 5230 aequabiliter
2359 5157 2506 5210 aries
2533 5155 2826 5214 instructa,
2864 5162 2985 5218 quae
3024 5145 3106 5200 sic
3133 5149 3307 5196 totum
3349 5146 3567 5206 tempus

1994 5253 2165 5327 praelii
2191 5261 2494 5324 permanet.
2523 5249 2701 5319 Caput
2729 5245 2872 5299 enim
2913 5239 3155 5295 omnium
3225 5233 3279 5288 in
3317 5229 3432 5286 acie
3460 5234 3566 5327 est,

1992 5321 2049 5405 et
2111 5321 2460 5402 ad‘salutcm
2529 5339 2930 5402 ﬁrmissimum,
2995 5340 3054 5387 ut
3092 5329 3294 5385 milites
3330 5326 3385 5379 in
3425 5321 3568 5378 bello

1996 5447 2113 5495 tum
2138 5439 2334 5507 aciem,
2361 5446 2476 5492 tum
2507 5431 2796 5490 intervalla
2823 5430 3070 5485 locorum
3104 5423 3460 5479 conservent.

1825 5615 2033 5676 NOTAE}

385 5713 495 5781 (56)
519 5718 624 5772 Καὶ
656 5717 802 5788 μετὰ
827 5717 994 5784 τὰξυ.
1034 5716 1241 5783 Scribe,
1277 5715 1367 5770 καὶ
1399 5711 1465 5767 τὰ
1503 5707 1750 5780 μεταξύ.
