4036 6218
437 292 576 357 1M3

1660 291 1935 352 LEONIS
1989 286 2447 351 PHILOSOPHI

3561 283 3719 351 1044

506 406 633 461 108.
678 403 885 470 Solem,
940 412 997 460 et
1047 413 1295 470 ventum,
1349 414 1402 461 et
1456 406 1737 476 pulverem
1787 421 1817 459 a
1864 416 2018 475 tergo

2195 405 2299 469 ρη’.
2336 397 2528 451 Ἥλιον
2553 394 2648 450 καὶ
2670 394 2873 466 ἄνεμον
2903 394 3001 449 καὶ
3014 394 3303 466 ,κονιορτὸν
3339 396 3569 451 ὄπισθεν
3606 399 3712 467 μιν

430 505 653 553 tuorum
686 495 912 561 habeas,
940 505 995 550 et
1015 511 1081 552 ex
1114 496 1346 552 adverso
1373 496 1532 552 faciei
1575 496 1817 552 hostiqu
1845 516 1860 553 :
1908 497 2009 553 hoc

430 594 580 649 enim
607 594 661 647 in
688 591 883 662 primis
925 591 1060 646 utile
1080 599 1196 660 est;
1253 591 1525 662 siquidem
1576 591 1815 646 hostium
1865 591 2011 646 oculi

430 686 518 740 vel
549 683 945 749 solebebetati,
984 684 1066 740 vel
1105 684 1335 755 spiritus
1397 684 1619 755 pulvere
1665 683 2010 748 obstructus,

431 776 517 830 vel
556 788 789 843 corpora
823 784 988 829 vento
1014 776 1485 840 transverberata,
1514 774 1676 832 facile
1703 775 1803 831 tibi
1834 775 2011 831 victo-

431 866 570 919 riam
613 863 944 919 concedent.

509 1028 633 1085 109.
659 1028 1040 1086 Temerarium
1065 1032 1275 1089 hostem
1312 1041 1465 1089 tuum
1503 1036 1571 1091 ad
1619 1037 2010 1105 temeritatem,

431 1130 489 1176 et
545 1130 729 1176 motus
750 1126 1020 1192 quosdam
1056 1125 1247 1180 inanes
1275 1141 1444 1182 evoca
1472 1145 1484 1181 :
1518 1127 1604 1181 sin
1627 1128 1857 1184 timidus
1889 1128 2004 1185 fue-

434 1216 530 1279 rit,
564 1215 843 1271 coutinuis
868 1215 1302 1285 incursionibus,
1324 1226 1379 1275 et
1428 1234 1528 1274 nec
1562 1221 1806 1291 opinatis
1856 1222 2011 1276 illum

436 1306 731 1366 adoriaris.
783 1307 1109 1381 Imperatori
1158 1312 1304 1365 enim
1366 1312 1611 1368 hostium
1680 1323 1875 1369 natura
1919 1329 2020 1369 co-

435 1399 749 1469 gnoscenda
780 1412 885 1465 est,
922 1410 975 1455 et
1004 1416 1101 1470 pro
1133 1400 1255 1472 ejus
1295 1403 1512 1458 ratione
1556 1404 1791 1460 consilia
1844 1404 2016 1461 facta-

433 1507 543 1562 que
580 1501 669 1547 Iua
697 1494 881 1548 omnia
914 1494 1197 1551 institues.

510 1583 636 1639 110.
698 1584 804 1651 Qui
862 1584 930 1638 ad
1002 1585 1298 1640 dicendum
1350 1587 1660 1643 instructus
1719 1587 2019 1658 imperator

435 1686 542 1740 est,
565 1675 785 1732 timidos
813 1678 1107 1731 multorum
1132 1677 1349 1733 animos
1377 1677 1443 1732 ad
1468 1678 1709 1746 praelium
1741 1678 2015 1743 accendit,

2120 489 2263 541 ποίει
2297 487 2392 542 τοῦ
2424 486 2518 540 σοῦ
2542 485 2978 557 στρατεύματος,
3013 486 3157 540 κατὰ
3182 487 3475 556 πρόσωπον
3503 487 3563 540 δὲ
3593 487 3714 540 τῶν

2119 577 2395 648 πολεμίων
2418 592 2433 608 ⁶
2463 577 2625 630 τοῦτο
2649 576 2759 649 γὰρ
2807 576 2954 631 πάνυ
3002 576 3285 648 συμφέρον
3337 578 3624 649 εὑρήσειςο
3658 580 3713 631 οι

2119 669 2229 737 γὰρ
2289 667 2539 738 πολέμιοι
2592 667 2692 739 τὴν
2746 667 2937 737 ὅρασιν
2977 666 3350 737 συσχεθέντες,
3374 668 3409 739 ἢ
3438 669 3540 739 τὴν
3565 670 3712 724 ἀνα-

2120 758 2290 828 πνοήν
2346 757 2671 827 ὲπεχόμενοι
2710 757 2806 809 καὶ
2855 755 3243 825 κρατούμενοι,
3301 756 3335 825 ἥ
3397 756 3554 826 παρά
3608 754 3713 809 τοῦ

2118 850 2324 920 ἀνέμου
2360 849 2710 921 τυπτόμενοι,
2761 848 2983 919 ταχεῖάν
3024 864 3107 901 σοι
3166 848 3550 919 παραδώσουσι
3604 848 3716 919 τὴν

2121 941 2303 1012 νίκην.

2190 1035 2294 1104 pfl'.
2329 1034 2549 1106 Θρασὺν
2597 1034 2729 1089 ὄντα
2784 1032 2876 1087 τὸν
2910 1033 3210 1103 πολέμιον,
3267 1033 3564 1104 στρατηγὶ,
3628 1036 3716 1098 είς

2116 1124 2347 1197 ἄκαιρον
2377 1126 2709 1197 προπέτειαν
2739 1125 2969 1180 ἐκκάλει
3004 1125 3100 1179 καὶ
3130 1125 3367 1195 ματαίας
3418 1126 3674 1196 κινήσεις
3700 1142 3714 1154 ·

2122 1216 2217 1271 ἐὰν
2242 1216 2298 1270 δέ
2325 1218 2472 1270 ἐστιν
2499 1217 2692 1284 δειλὸς,
2712 1219 2770 1271 ὲν
2792 1216 3042 1288 ταχείαις
3072 1216 3237 1270 αὑτὸν
3266 1216 3587 1270 ὲπελεύσεσι
3617 1219 3717 1271 καὶ

2121 1308 2371 1380 συνεχέσι
2417 1308 2791 1379 κατάπληττε.
2845 1310 2937 1361 Δεῖ
2986 1308 3097 1379 γάρ
3145 1324 3205 1361 σε
3265 1307 3559 1375 γινώσκειν
3612 1307 3716 1361 τοῦ

2122 1400 2431 1472 στρατηγοῦ
2477 1401 2585 1455 τῶν
2640 1400 2919 1470 πολεμίων
2973 1400 3074 1471 τὴν
3124 1398 3391 1462 διάθεσιν,
3424 1399 3520 1452 καί⁵
3567 1398 3718 1469 πρὸς

2122 1490 2332 1562 ταύτην
2361 1491 2665 1562 κεχρῆσθαι
2694 1491 2808 1560 ¹τρίς
2838 1492 2953 1553 σοῖς
2984 1490 3460 1559 στρατηγήμασιν.

2195 1586 2286 1651 ρι’.
2335 1579 2535 1643 Ἱκανὸς
2586 1578 2661 1633 ὢν
2708 1581 2766 1633 ἑν
2799 1578 2878 1651 τῷ
2906 1579 3106 1645 λέγειν,
3156 1572 3201 1633 ὦ
3270 1579 3565 1650 στρατηγὲ,
3617 1580 3725 1634 καὶ

2121 1671 2248 1735 τοὺς
2287 1671 2602 1736 δειλιῶντας
2661 1670 2922 1735 πολλάκις
2977 1673 3059 1735 είς
3128 1672 3311 1742 μάχην
3357 1672 3721 1743 ἀναστήσεις,

436 1772 493 1819 et
523 1765 934 1822 calamitatibus
972 1767 1215 1838 acceptis
1270 1766 1430 1823 facile
1488 1784 1621 1825 suos
1673 1769 2012 1834 consolatur,

2146 1764 2216 1817 εαὶ
2273 1764 2368 1828 τὰς
2404 1766 2461 1818 ὲν
2511 1766 2621 1828 τοῖς
2672 1764 3057 1834 στρατοπέδοις
3111 1762 3399 1835 συμφορὰς
3474 1762 3726 1826 εὐκόλως

435 1865 492 1914 et
527 1867 787 1915 strenuos
817 1860 966 1914 viros
1002 1864 1177 1931 magis
1217 1860 1463 1921 roborat,
1488 1869 1541 1916 ct
1576 1862 1877 1917 multorum
1909 1862 2011 1918 bo-

438 1967 636 2008 norum
664 1952 926 2008 universo
953 1953 1227 2009 exercitui
1278 1965 1474 2019 auctor
1501 1962 1607 2010 est.

508 2148 636 2204 111.
660 2148 896 2206 Sobrius
940 2150 1018 2205 sis
1049 2157 1106 2205 et
1136 2150 1392 2220 vigilans,
1439 2158 1491 2206 et
1542 2152 1788 2206 omnium
1816 2153 2020 2208 milita-

438 2241 585 2295 rium
614 2241 863 2295 laborum
888 2242 1253 2312 perferentior
1283 2243 1498 2298 caeteris
1544 2244 1832 2299 militibus.
1863 2244 1910 2298 Α
1935 2246 2021 2299 lu-

440 2335 524 2389 cri
558 2334 863 2404 cupiditate
911 2336 1099 2402 absis;
1156 2336 1230 2389 ita
1261 2337 1407 2391 enim
1464 2336 1929 2402 benevolentiam,
1966 2346 2022 2391 et

440 2425 800 2495 cupiditatem
833 2426 1033 2481 bonam
1071 2425 1170 2481 tibi
1202 2426 1345 2497 apud
1389 2441 1586 2481 omnes
1647 2427 2019 2497 comparabis,

441 2521 499 2567 et
527 2528 651 2568 cum
689 2514 760 2569 ab
795 2514 904 2571 illis
934 2514 1204 2586 diligeris,
1235 2516 1476 2587 prompti
1516 2518 1584 2572 ad
1617 2532 1814 2574 omnes
1868 2518 2024 2574 labo-

442 2617 533 2659 res
556 2603 942 2675 suscipiendos
969 2613 1155 2661 erunt.

512 2721 640 2776 112.
677 2720 778 2777 Ubi
804 2723 1091 2779 victoriam
1126 2726 1225 2781 tibi
1278 2724 1425 2781 Deus
1484 2726 1721 2794 dederit,
1749 2738 1804 2782 et
1843 2727 2022 2784 hostis

446 2827 636 2882 pacem
682 2814 869 2868 utilem
918 2824 1166 2885 exoptat,
1221 2832 1290 2872 ne
1313 2818 1479 2873 nimis
1529 2818 1703 2874 durus
1758 2820 1859 2888 sis,
1927 2821 2023 2876 sed

446 2905 693 2959 concede
726 2904 829 2957 boc
853 2905 953 2969 illi,
987 2917 1042 2962 et
1074 2922 1260 2978 pacem
1318 2922 1445 2963 cum
1477 2909 1573 2964 illo
1626 2909 1817 2967 facias.
1867 2911 2031 2983 Cogi-

2124 1856 2525 1930 παραμυθήσῃ,
2551 1857 2645 1910 καὶ
2668 1858 2793 1920 τοὺς
2820 1855 3099 1927 ἀνδρείους
3126 1856 3329 1927 μᾶλλον
3352 1855 3722 1928 ἑπιρρώσειςο

2128 1950 2225 2001 καὶ
2269 1946 2483 2002 πολλῶν
2517 1948 2740 2015 ἀγαθῶν
2774 1947 2867 2002 διά
2902 1948 3004 2018 τῆς
3038 1949 3137 2019 σῆς
3171 1948 3443 2020 ἔμφρονος
3468 1948 3727 2019 δημηγο-

2132 2040 2255 2113 ρίας
2288 2042 2381 2094 τὸν
2411 2042 2653 2113 ὑπήκοον
2690 2039 2920 2112 στρατὸν
2948 2039 3309 2111 ἀναπλήσεις.

2206 2160 2332 2225 ρια¹.
2372 2154 2582 2225 Νήφειν
2608 2154 2847 2225 ὀφείλεις
2885 2154 2982 2208 καὶ
3029 2153 3152 2208 λίαν
3183 2153 3452 2225 ὑπάρχειν
3480 2154 3724 2224 ἐγρήγο-

2136 2261 2250 2316 ρος,
2286 2245 2382 2299 καὶ
2411 2246 2612 2315 μᾶλλον
2640 2245 2751 2300 τῶν
2777 2246 2955 2300 ἀλλων
2980 2246 3332 2316 στρατιωτῶν
3357 2245 3468 2299 τῶν
3488 2247 3731 2317 πολεμε-

2136 2334 2252 2389 κῶν
2305 2336 2557 2406 μετέχειν
2609 2337 2808 2403 πόνων,
2843 2331 2889 2391 ὦ
2930 2336 3224 2408 στρατηγὲ,
3273 2336 3457 2405 ὀλίγου
3509 2337 3567 2391 δὲ
3608 2338 3733 2391 τοῦ·

2137 2429 2385 2499 κέρδους.
2413 2430 2601 2494 Οὕτως
2623 2433 2733 2502 γὰρ
2764 2432 2858 2486 καὶ
2903 2431 3002 2502 τὴν
3033 2431 3187 2502 παρά
3229 2431 3449 2485 πάντων
3502 2430 3727 2484 εὔνοιαν

2138 2517 2279 2589 μετά
2309 2518 2467 2589 δόξης
2497 2521 2696 2591 κτήσῃ.
2749 2522 2844 2575 καὶ
2873 2520 3195 2591 φιλούμενος
3237 2520 3331 2573 ὑπ’
3363 2520 3543 2574 αὐτῶν
3591 2538 3725 2574 συν-ν

2135 2610 2577 2683 ἀγωνιζομένους
2601 2629 2683 2665 σοι
2708 2611 3007 2683 προθύμως
3037 2614 3096 2665 ὲν
3115 2614 3231 2675 τοῖς
3256 2612 3527 2676 κινδύνοις
3546 2611 3716 2677 ἕξεις.

2209 2723 2335 2793 ριβ’.
2369 2724 2538 2778 Ὅταν
2589 2724 2726 2794 μετά
2775 2725 2933 2794 νίκην
2964 2727 3031 2794 ἢν
3078 2727 3108 2779 δ
3139 2725 3272 2789 Θεός
3323 2742 3409 2779 σοι
3461 2726 3723 2797 παράσχῃ

2138 2811 2371 2884 ὲπιζητῇ
2430 2815 2458 2866 ὁ
2514 2812 2773 2884 πολέμιος
2824 2815 3048 2886 εἰρήνην
3099 2814 3378 2885 ἐπωφελῆ,
3436 2814 3510 2886 μὴ
3564 2815 3724 2883 γίνου

2138 2904 2425 2973 ἀκαμπὴς,
2458 2903 2573 2957 ἀλλ’
2597 2904 2839 2958 ὑπάκουε
2868 2903 3065 2972 τούτῳ,
3093 2904 3189 2957 καὶ
3218 2905 3493 2975 εἱρήνευε,
3522 2905 3726 2961 ἑννοιῖιν

449 3003 570 3049 tare
596 2994 742 3049 enim
779 2994 946 3051 debes
974 2998 1273 3067 ancipitem
1306 2998 1434 3053 belli
1476 3001 1707 3067 exitum,
1762 3011 1816 3057 et
1851 3001 2032 3071 quoti-

2146 2995 2199 3049 τὸ
2229 2996 2337 3050 τῶν
2373 2994 2627 3066 πολέμων
2659 2995 2753 3049 καὶ
2781 2984 2880 3066 τῆς
2908 2996 3080 3067 τύχης
3110 2995 3328 3066 ἄδηλον.

448 3084 670 3139 dianam
704 3100 886 3140 rerum
922 3086 1309 3153 mutationem,
1338 3096 1507 3160 atque
1552 3090 1993 3147 conversionem.
2060 3084 2105 3144 (Ζ

522 3196 648 3252 115.
702 3194 817 3254 Hoc
875 3208 1080 3264 autem,
1111 3178 1257 3271 quod
1291 3217 1437 3272 saepe
1489 3206 1941 3272 commemoravi,
1976 3205 2033 3261 in

449 3287 647 3358 primis
682 3289 945 3344 memoria
972 3299 1180 3359 teneas,
1230 3292 1494 3360 majorem
1544 3302 1598 3349 te
1644 3309 1836 3349 curam
1900 3310 2033 3369 pro-

450 3378 833 3449 visionemque
860 3384 1144 3436 armorum
1191 3382 1377 3438 facere
1410 3382 1654 3449 debere,.
1689 3400 1853 3453 quam
1900 3385 2036 3441 alio-

453 3483 600 3533 rum,
632 3484 753 3540 qua;
801 3470 867 3524 ad
927 3486 1077 3527 arma
1116 3474 1413 3544 pertinent.
1474 3473 1609 3529 Nam
1668 3485 2034 3544 commeatus,

453 3567 763 3630 czeteraque
795 3564 1133 3630 necessaria,
1187 3568 1274 3623 vel
1307 3582 1372 3622 ex
1405 3564 1653 3620 hostium
1717 3569 2037 3639 regionibus

455 3650 796 3720 suppeditari
835 3664 1070 3723 possunt
1103 3676 1116 3710 :
1150 3656 1271 3711 sine
1310 3658 1485 3712 armis
1508 3664 1714 3721 autem,
1750 3660 2033 3716 autetiam

457 3740 527 3797 lis
557 3740 967 3811 deficientibus,
996 3748 1185 3803 hostes
1243 3748 1540 3819 proﬂigare
1572 3764 1681 3803 non
1712 3758 1892 3820 potes.

536 4032 663 4088 1H.
714 4032 1035 4100 Clamosus,
1080 4045 1137 4091 et
1185 4036 1393 4093 vocalis
1420 4037 1718 4106 exercitus,
1771 4047 1934 4108 atque
1968 4038 2037 4093 ad

463 4125 739 4179 evandqu
773 4124 1028 4193 idoneus,
1056 4126 1300 4185 hostium
1333 4128 1509 4186 aciem
1546 4125 1880 4202 magnopere
1909 4146 2038 4202 per-

464 4219 731 4278 turbabit.

486 4348 489 4353 ‘
538 4335 667 4393 115.
709 4335 767 4394 Si
803 4312 1157 4395 multitudine
1196 4355 1429 4395 arcuum
1482 4340 1674 4396 hostes
1708 4339 1831 4395 freti
1892 4346 2043 4404 sunt,

2221 3203 2347 3269 ριγ¹.
2390 3197 2844 3269 ’Υπομιμνήσκου
2878 3196 2966 3251 ἀεὶ
2990 3198 3087 3252 καὶ
3114 3197 3224 3253 τῶν
3250 3197 3415 3254 πάλαι
3444 3215 3525 3252 σοι
3560 3198 3729 3269 clpa;-

2149 3287 2328 3360 μένων
2368 3287 2524 3358 παρά
2570 3288 2669 3357 τῆς
2711 3287 2870 3358 ἡμῶν
2905 3287 3206 3358 βασιλείας.
3239 3281 3283 3344 ὧ
3313 3288 3597 3360 στρατηγὲ,
3628 3290 3734 3343 ὅτι

2150 3379 2353 3451 μᾶλλον
2377 3381 2478 3451 τὴν
2527 3379 2848 3450 ἐπιμέλειαν
2881 3397 2941 3433 τε
2970 3381 3062 3434 καὶ
3104 3380 3356 3451 πρόνοιαν
3384 3378 3491 3432 τῶν
3529 3379 3723 3433 ὅπλων

2146 3473 2450 3543 χρεωστεῖς
2482 3471 2777 3538 ποιεῖσθαι,
2804 3472 2948 3542 ἥπερ
2982 3471 3092 3525 τῶν
3130 3471 3449 3541 ἐπιτηδείων
3484 3471 3613 3541 περὶ
3650 3470 3731 3524 τὰ

2146 3557 2309 3612 ὅπλα.
2340 3551 2507 3622 Οἶδας
2529 3557 2640 3629 γάρ
2659 3559 2740 3612 ὅτι
2758 3558 2825 3612 τά
2846 3559 3134 3630 ἐπιτήδεια
3152 3559 3251 3629 μὶν
3276 3554 3387 3612 οἷον
3406 3558 3731 3629 διατροφὰς,

2148 3647 2245 3702 καὶ
2273 3646 2343 3701 τά
2372 3646 2508 3702 ἄλλα
2559 3648 2668 3702 ἀπὸ
2696 3649 2796 3718 τῆς
2842 3647 3026 3719 χώρας
3057 3648 3166 3703 τῶν
3199 3649 3477 3719 πολεμίων
3505 3648 3735 3720 πορίζε-

2149 3741 2275 3796 σθαι
2308 3742 2531 3796 δυνατόν
2593 3744 2762 3797 ἐστιν.
2822 3743 3042 3796 Ὀπλων
3097 3742 3155 3797 δὲ
3228 3744 3418 3815 χωρὶς,
3452 3745 3485 3813 ἢ
3524 3746 3734 3799 τούτων

2150 3834 2532 3903 ἐπιλιπόντων,
2614 3837 2730 3899 τοϊς
2779 3835 3073 3907 χρῄζουσιν
3142 3835 3201 3890 οὐ
3261 3838 3557 3908 κρατήσεις
3618 3835 3739 3889 τῶν

2148 3924 2448 3997 δυσμενῶν.

2224 4040 2343 4111 ριδ’.
2380 4040 2708 4113 Θαρσαλέως
2736 4041 3104 4112 ἀναφωνῆσαν
3137 4040 3523 4112 μεγαλόφωνον
3560 4041 3735 4111 crpi-

2153 4150 2333 4204 τευμα
2372 4132 2468 4188 καὶ
2513 4133 2820 4203 ἐπιτήδειον
2854 4134 2992 4205 πρὸς
3020 4133 3361 4203 ἀλαλαγμὸν,
3393 4132 3735 4202 καταπλήξει

2154 4224 2375 4286 πάντως
2406 4222 2505 4295 τήν
2536 4223 2646 4277 τῶν
2678 4223 2953 4291 πολεμίων
2980 4222 3305 4295 παράταξιν.

2229 4342 2344 4405 ριεν.
2395 4335 2522 4390 Ἐἀν
2553 4337 2611 4389 ὲν
2628 4336 2822 4407 πλήθει
2844 4335 3079 4401 τοξοτῶν
3106 4336 3157 4389 oi
3184 4336 3437 4407 πολέμιοι
3468 4336 3736 4390 πεποίθα-

467 4428 749 4486 bmuidins
768 4431 967 4486 cmlum
991 4434 1336 4500 observabis,
1365 4442 1479 4489 tum
1533 4434 1680 4489 enim
1734 4432 2032 4504 languidio-

2151 4444 2255 4493 σιν,
2299 4427 2628 4499 ύγροτέρους
2679 4426 2851 4498 ἀέρας
2895 4427 3168 4498 ἐπιτήρει,
3208 4427 3296 4480 διά
3316 4426 3377 4479 τὸ
3404 4425 3739 4496 ἁπαλώτερα

466 4535 557 4575 res
592 4521 807 4576 illorum
836 4538 1000 4578 arcus
1031 4525 1181 4580 fient.
1211 4523 1367 4590 Quod
1400 4525 1447 4579 si
1492 4532 1607 4578 tmn
1638 4540 1763 4579 cum
1795 4522 2047 4578 hostibus

469 4612 810 4679 conﬂixeris,
858 4614 1046 4671 minus
1076 4616 1381 4671 deillorum
1411 4616 1631 4687 sagittis
1677 4615 1977 4671 laborabis.

544 4812 668 4868 116.
696 4813 801 4880 Qui
837 4813 956 4869 suis
999 4814 1169 4871 rebus
1198 4816 1390 4887 'gestis
1438 4832 1552 4888 prae
1576 4824 1724 4883 ucet,
1790 4832 1901 4873 non
1955 4817 2049 4887 qui

472 4904 691 4974 generis
723 4905 990 4975 dignitate
1021 4907 1473 4973 commendatur,
1520 4907 1759 4964 illustris
1811 4908 2053 4979 impera-

474 5011 565 5057 tor
594 5011 699 5067 cst,
722 5002 1186 5073 quemadmodum
1238 5019 1418 5073 neque
1462 5018 1631 5059 aurea
1691 5004 1849 5061 basta
1905 5005 2055 5061 utilis

476 5096 543 5149 ad
572 5094 796 5159 bellum,
828 5094 922 5150 sed
965 5094 1143 5151 ferrea
1193 5107 1245 5152 et
1264 5104 1425 5151 acuta
1451 5103 1560 5153 est.

555 5294 680 5353 117.
706 5297 903 5368 Magna
929 5298 1199 5366 gravitate
1223 5297 1497 5354 videberis
1522 5314 1667 5362 esse,
1690 5298 1911 5369 quando
1947 5314 2057 5354 non

480 5386 769 5455 praesentia
804 5388 982 5441 solum
1011 5395 1159 5443 recte
1212 5388 1507 5458 gubernas,
1556 5388 1650 5444 sed
1706 5405 1827 5458 qua:
1876 5387 2057 5444 futura

481 5478 646 5534 etiam
678 5487 809 5535 sunt
840 5480 1136 5551 prosnicis,
1172 5481 1376 5551 illaque
1433 5474 1631 5537 idonee
1680 5481 2057 5537 administras.

562 5676 684 5731 118.
716 5679 760 5731 Α
792 5679 1161 5750 voluptatibus
1220 5698 1277 5740 se
1308 5692 1635 5755 temperare,
1664 5682 1921 5741 omnibus
1978 5676 2079 5741 cst

2152 4519 2401 4589 γίνεσθαι
2438 4518 2509 4574 τά
2536 4518 2687 4583 τόξα.
2721 4518 2909 4581 Οὕτως
2942 4518 3052 4589 γὰρ
3087 4518 3194 4588 τήν
3227 4517 3365 4588 πρὸς
3415 4520 3542 4580 τοὺς
3573 4519 3738 4570 ὲναν-

2148 4615 2300 4677 τίους
2330 4611 2653 4683 ποιούμενος
2700 4610 3023 4681 συμπλοκὴν
3056 4610 3511 4686 εὐκαταφρόνητα
3552 4608 3737 4663 αὐτῶν

2151 4706 2515 4774 καταστήσεις
2541 4702 2611 4757 τὰ
2634 4702 2785 4774 βέλη.

2224 4826 2357 4890 ρις’.
2406 4818 2472 4871 Ὀ
2518 4820 2641 4881 ταῖς
2690 4816 2923 4879 οἰκείαις
2974 4813 3459 4884 καλλωπιζόμενος
3500 4812 3740 4881 πράξεσι

2158 4910 2492 4983 στρατηγὸς,
2536 4909 2746 4974 ἐκεῖνός
2794 4909 2943 4961 ἔστιν
2984 4906 3229 4978 ἀριστος,
3261 4906 3378 4960 ἀλλ’
3427 4906 3525 4974 οὐχ
3571 4906 3600 4957 ὁ
3628 4904 3743 4957 ἀπὸ

2154 5004 2250 5059 τοῦ
2305 5005 2497 5073 γένους
2550 5002 2825 5074 λαμπρὸς.
2876 5001 3068 5067 ῶσπερ
3127 5000 3251 5054 οὐδὲ
3313 4998 3519 5070 χρυσέα
3567 4997 3743 5067 λόγχη

2162 5096 2411 5167 χρησίμη
2447 5096 2585 5168 πρὸς
2631 5095 2905 5165 πόλεμον,
2939 5092 3079 5148 ἀλλά
3148 5090 3374 5164 σιδηρέα
3415 5090 3510 5144 καὶ
3553 5089 3745 5159 ἀκρως

2156 5188 2328 5258 ήκονη
2337 5188 2473 5259 μένη
2484 5226 2498 5241 .

2234 5298 2358 5369 ριξκ
2399 5298 2633 5370 ’Υψηλδς
2686 5296 2786 5369 τὴν
2815 5295 3057 5352 διάνοιαν
3113 5294 3440 5367 λογισυησῃ.
3498 5309 3628 5347 οταν
3678 5290 3745 5344 ού

2160 5390 2229 5445 τὰ
2266 5390 2508 5461 παρόντα
2538 5390 2698 5461 μόνον
2726 5389 2826 5443 καὶ
2852 5386 3269 5459 προσπίπτοντα
3300 5386 3513 5456 διοικῇς
3540 5384 3743 5455 ὀρθῶς,

2161 5480 2206 5537 ὦ
2252 5483 2549 5555 στρατηγὲ,
2581 5481 2696 5536 ἀλλ’
2744 5481 2872 5535 ὅταν
2901 5479 2997 5533 τοῦ
3032 5480 3318 5550 μέλλοντος
3365 5479 3466 5551 τὴν
3520 5476 3750 5532 δέουσαν

2165 5575 2368 5646 ποιήσῃ
2402 5574 2499 5628 καὶ
2528 5573 2786 5645 φροντίδα
2809 5574 2905 5626 καὶ
2934 5570 3215 5643 πρόνοιαν.

2241 5689 2369 5756 ριην.
2417 5684 2639 5757 Ἡδονῆς
2671 5686 2892 5759 κρατεῖν
2941 5683 3032 5738 καὶ
3065 5685 3123 5737 ἐν
3168 5684 3330 5740 παντὶ
3376 5680 3554 5754 καιρῷ
3597 5677 3752 5745 ἀόριο
