4036 6218
430 259 564 328 10ίῖ

1700 251 1981 315 LEONIS
2011 250 2477 317 PHILOSOPHI

3573 248 3730 319 ποις

505 376 630 433 ηδ.
662 376 872 431 Cautus
904 374 1201 443 imperator
1234 385 1345 426 non
1385 368 1550 426 modo
1578 382 1701 440 qua
1729 368 2017 425 verisimi-

2200 367 2353 440 ρκς⁹.
2400 367 2462 425 '0
2500 364 2749 436 ἀσφαλὴς
2783 362 3089 436 στρατηγὸς
3123 362 3184 418 οὑ
3231 361 3395 435 μόνον
3434 362 3507 418 τά
3530 363 3723 419 εἰκότα

428 467 557 520 liter
605 464 857 520 accidere
910 463 1147 532 possint,
1217 461 1312 516 sed
1379 458 1567 524 etiam,
1636 471 1762 526 qua:
1816 463 2017 538 praeter

2151 463 2384 518 νενέσθαι
2425 463 2487 516 ἑν
2534 463 2647 527 τοῖς
2679 459 2946 523 κινδύνοις
3003 457 3271 528 εὑδιάθη,
3300 456 3443 511 ἀλλά
3489 458 3588 511 καὶ
3648 457 3723 512 τὰ

428 553 746 624 opinionem
780 549 1051 613 incidunt,
1090 547 1504 619 prospicienda,
1537 554 1594 603 et
1639 544 2018 617 propulsanda

425 645 657 714 iudicat.

502 737 624 790 127.
660 734 718 789 Si
761 735 887 805 quis
916 750 984 791 ex
1024 733 1297 805 praefectis
1323 733 1436 788 tuis
1485 732 1541 788 in
1594 731 1763 787 rebus
1793 729 2023 799 majori-

2130 555 2416 626 παράδοξα
2469 553 2822 625 λογιζόμενος
2863 551 2966 621 τὴν
3025 550 3155 621 περὶ
3211 549 3392 605 αὑτῶν
3425 548 3727 621 ποιήσεται

2129 647 2415 717 πρόνοιαν.

2200 738 2341 810 ρκζκ
2373 738 2436 792 Et
2458 737 2516 792 δέ
2538 754 2623 799 τις
2649 737 2757 793 τῶν
2780 734 2910 807 περὶ
2942 734 3009 789 σὲ
3036 732 3318 804 ἀρχόντων
3348 730 3523 784 πολλά
3542 729 3725 803 πράτ-

430 832 554 895 bus,
574 841 628 887 et
656 831 1006 901 gravioribus
1047 832 1252 901 saepius
1282 829 1661 885 hallucinatus
1708 828 1901 895 fuerit,
1942 827 2021 881 illi

2151 848 2238 885 :tov
2275 830 2471 895 ἀνάξια
2528 830 2627 884 καὶ
2685 828 2869 898 φαῦλα
2930 825 3131 897 εὑρεθῇ
3157 864 3171 887 ,
3238 822 3375 894 μηδὲ
3436 823 3567 892 περὶ
3625 821 3727 875 καὶ

433 937 500 977 ne
562 922 917 978 minimarum
963 925 1187 994 quidem
1246 937 1431 979 rerum
1479 922 2020 978 administrationem

432 1021 553 1069 tuto
574 1017 911 1072 committes.

504 1107 632 1164 128.
669 1106 830 1164 Tales
859 1108 1069 1178 deliges
1112 1106 1422 1176 prazl'ectos,
1458 1106 1552 1176 qui
1603 1105 1872 1175 subjectis
1905 1104 2028 1160 suis

434 1198 858 1266 prmstantiores
886 1198 1016 1253 sint.
1046 1196 1196 1252 Solet
1244 1198 1394 1252 enim
1447 1196 1795 1251 subditorum
1828 1194 2026 1264 vulgus

437 1303 655 1358 semper
686 1303 747 1344 se
774 1288 1294 1359 ad,magistratumn
1345 1302 1570 1343 suorum
1607 1300 1787 1341 mores
1812 1299 2029 1341 accom-

439 1377 704 1434 modare:
738 1389 897 1434 vetus
928 1380 1075 1434 enim
1133 1379 1362 1433 verbum
1411 1378 1485 1431 ita
1513 1392 1705 1432 verum
1763 1377 1878 1443 (let,
1913 1390 2027 1431 non

438 1484 632 1527 cervos
665 1470 917 1528 leonibus
946 1473 1237 1541 imperare,
1265 1468 1363 1527 sed
1393 1470 1582 1525 leones
1606 1469 1811 1525 cervis.

512 1655 636 1710 129.
670 1653 976 1708 Robustum
1036 1648 1237 1705 ellieies
1272 1648 1604 1713 exercitum,
1662 1651 1709 1704 si
1744 1665 1909 1706 omne
1942 1650 2003 1706 in

2138 923 2355 994 μικρῶν
2386 922 2495 981 τῶν
2528 922 2806 993 τυχόντων
2850 920 3211 992 πραγμάτων
3257 916 3410 988 αὑτῷ
3475 930 3726 972 καταπι-

2142 1016 2398 1085 στεὺσῃς.

2206 1104 2347 1176 ρκη’.
2381 1106 2525 1160 Ἰσθι
2577 1104 2688 1177 γάρ
2729 1106 2815 1160 ὅτι
2860 1104 3139 1167 τοιούτους
3185 1099 3422 1170 ὀφείλεις
3469 1101 3719 1172 προϐάλ-

2132 1197 2323 1251 λεσθαι
2388 1197 2675 1268 ἄρχοντας,
2720 1196 2919 1258 οἵτινες
2965 1195 3077 1248 τῶν
3140 1192 3472 1263 ὑποχειρίων
3531 1191 3719 1246 αὐτῶν

2132 1287 2444 1359 κρείττονες
2488 1288 2729 1342 ἔσονται-
2761 1285 2976 1357 φιλοῦσι
3026 1285 3134 1356 γάρ
3164 1285 3253 1340 ἀεὶ
3281 1284 3352 1339 τὰ
3398 1285 3726 1357 φρονήματα

2133 1378 2241 1432 τῶν
2259 1380 2581 1451 ἀρχομένων
2613 1378 3052 1434 συνδιατίθεσθαι
3075 1382 3189 1442 τοῖς
3214 1379 3497 1451 ἄρχουσιν.
3532 1378 3725 1441 Οὑτως

2134 1468 2243 1540 γὰρ
2290 1470 2318 1521 ὁ
2368 1471 2597 1540 ἀρχαῖος
2652 1469 3079 1542 πληρωθήσεται
3124 1470 3305 1540 λόγος,
3350 1471 3427 1541 μὴ
3483 1470 3725 1541 ὶλάφους

2136 1562 2326 1635 ἄρχειν
2350 1563 2605 1625 λεόντων,
2636 1563 2774 1618 ἀλλά
2806 1562 3028 1627 λέοντας
3053 1562 3292 1632 ἐλάφων.

2210 1654 2347 1725 ρκθ’.
2384 1655 2696 1725 Ῥωμαλέον
2717 1656 3151 1719 κατασκευάσεις
3178 1654 3241 1711 τὸ
3268 1654 3608 1727 στράτευμα,
3629 1655 3733 1711 ἐὰν

442 1745 811 1802 termissionis
850 1741 975 1797 belli
1009 1750 1227 1810 tempus
1255 1740 1323 1793 ad
1354 1741 1835 1805 exercitationem,
1860 1752 1916 1797 et
1946 1742 2028 1797 la-

2151 1744 2229 1800 ιὺν
2261 1747 2361 1816 τῆς
2386 1747 2588 1817 ἀνοχῆς
2614 1748 2707 1803 τοῦ
2734 1747 2978 1818 πολέμου
3011 1746 3205 1818 καιρὸν
3234 1749 3315 1810 εἰς
3356 1746 3596 1816 ἄσκησιν
3629 1747 3730 1800 καὶ

442 1840 634 1893 horem
690 1838 982 1892 militarem
1041 1834 1404 1899 assuefaeias,
1458 1850 1581 1887 nam
1622 1835 1747 1889 belli
1788 1845 2031 1905 tempore

441 1946 553 1986 non
592 1929 856 1996 studium,
899 1928 997 1984 sed
1038 1928 1293 1998 peritiam
1324 1926 1620 1981 militarem
1673 1927 2028 1983 demonstra-

441 2025 597 2079 bunt.

514 2198 636 2253 150.
662 2196 796 2250 Dum
823 2195 1071 2251 cubitum
1102 2198 1169 2261 is,
1190 2211 1370 2251 rerum
1399 2195 1837 2252 necessariarum
1877 2196 2026 2267 cogi-

441 2290 575 2345 tatio
602 2290 845 2343 animum
877 2297 1030 2343 tuum
1062 2289 1279 2344 subeat.
1306 2287 1493 2358 Neque
1518 2288 1671 2358 prius
1696 2288 1750 2343 in
1772 2303 2030 2343 somnum

445 2394 499 2439 te
543 2382 753 2451 tradas,
785 2398 948 2453 quam
988 2382 1276 2452 repetieris
1336 2382 1523 2434 animo
1575 2380 1711 2450 quid
1761 2380 1856 2445 sit,
1884 2380 2031 2449 quod

444 2474 758 2530 iaciendum
808 2474 935 2541 fuit,
989 2482 1044 2530 et
1079 2490 1108 2528 a
1142 2481 1195 2529 te
1229 2482 1412 2529 tamen
1446 2473 1880 2544 praatermissum
1921 2480 2027 2538 est,

442 2576 537 2621 aut
560 2568 691 2637 quid
720 2567 968 2622 crastino
992 2565 1081 2623 die
1101 2564 1373 2637 agendum
1399 2565 1496 2630 sit,
1533 2573 1590 2620 et
1618 2564 1721 2620 hoc
1743 2564 2033 2635 diligenter

445 2657 639 2713 facias.

516 2750 637 2803 131.
662 2746 1015 2818 Contemptui
1044 2745 1357 2809 habeberis,
1383 2746 1430 2801 si
1469 2745 1648 2800 cuivis
1693 2744 2031 2815 promittenti

446 2838 605 2892 ﬁdem
647 2839 925 2902 habueris,
960 2845 1015 2892 et
1059 2836 1228 2892 surdo
1263 2836 1504 2891 deterior
1552 2850 1674 2891 esse
1731 2834 2031 2906 putabor-is.

447 2927 543 2981 Sin
571 2929 871 2998 expendas,
925 2934 1092 2999 atque
1124 2927 1410 2996 exquiras,
1461 2942 1584 2997 qua:
1624 2934 2029 2997 proponuntur,

445 3018 569 3075 vilis
623 3020 1011 3090 unusquisque
1056 3034 1121 3075 ac
1170 3019 1416 3090 plebeius
1446 3020 1531 3073 vir
1580 3026 1731 3072 tuam
1791 3018 2034 3089 pruden-

446 3111 598 3175 tiam,
646 3125 710 3166 ac
749 3112 1031 3167 solertiam
1087 3114 1322 3177 veritus,
1362 3111 1503 3166 nihil
1547 3111 1613 3165 ad
1658 3110 1844 3166 delum
1886 3111 2035 3181 loqui

444 3201 691 3267 audebit,
726 3204 821 3258 sed
844 3210 898 3259 et
945 3203 1117 3259 animi
1168 3204 1249 3259 tui
1278 3202 1654 3258 constantiam
1691 3201 1923 3273 subjecti
1962 3200 2038 3255 tui

447 3293 897 3351 admirabuntur.

520 3466 644 3523 152.
685 3466 905 3524 Bellica;
954 3469 1341 3536 incursiones,‘
1358 3468 1723 3540 qumjudicio
1766 3480 2042 3539 suscepta:

450 3565 603 3623 sunt,
653 3559 828 3613 bonos
858 3561 1039 3615 exitus
1082 3560 1287 3615 habere
1347 3562 1552 3616 solent.
1588 3560 1900 3616 Temerarii
1954 3576 2043 3621 an.

451 3656 582 3716 tem,
613 3658 666 3704 et
698 3650 1007 3720 praecipites
1040 3653 1421 3720 imperatores,
1452 3651 1913 3722 quemadmodum
1949 3667 2043 3705 ex-

450 3743 718 3812 perientia
755 3746 871 3814 ipsa
920 3745 1152 3810 indicat,
1198 3760 1427 3817 magnas
1496 3759 1642 3814 saepe
1709 3744 2042 3799 oﬂ‘ensiones

453 3831 677 3888 habent.

526 3920 649 3974 135.
688 3920 746 3974 Si
780 3923 1014 3977 consilia
1058 3933 1149 3977 tua
1185 3924 1326 3978 clam
1389 3923 1579 3979 hostes
1625 3934 1752 3982 tuos
1790 3939 1916 3981 esse
1946 3941 2043 3981 vo-

454 4010 643 4072 lneris.
679 4024 749 4066 ne
776 4012 1144 4068 familiaribus
1169 4014 1390 4083 quidem
1422 4013 1611 4069 multis
1645 4031 1709 4069 ea
1735 4017 2044 4070 communi-

454 4099 632 4156 cabis.
660 4099 829 4172 IEgrc
860 4104 1008 4157 enim
1044 4106 1381 4173 occultatur,
1432 4105 1579 4174 quod
1608 4106 1906 4163 multorum
1944 4108 2043 4163 llO-

456 4193 663 4249 mitium
698 4195 858 4251 labiis
887 4195 1310 4255 custodiendum
1340 4200 1608 4256 creditur.

524 4438 648 4493 154.
685 4434 1138 4505 Uniuscujusque
1188 4433 1469 4499 affectum,
1516 4442 1837 4505 motumque
1866 4435 2031 4489 animi
2061 4441 2115 4500 1)

451 4545 778 4603 cognoscas,
812 4540 868 4584 et
904 4529 973 4583 ad
1008 4528 1141 4597 quid
1195 4529 1576 4598 unusquisque
1627 4530 1864 4583 maxime
1914 4530 2034 4584 ido-

452 4637 590 4680 neus
613 4624 708 4687 sit,
734 4630 793 4676 ιιι
820 4637 1266 4692 unumquemque
1293 4622 1489 4675 ordine
1514 4621 1787 4676 instruere
1808 4622 1992 4690 possis
2019 4640 2033 4678 :

452 4716 650 4772 horum
697 4706 843 4769 enim
891 4713 1164 4783 ignoratio
1198 4712 1459 4768 confusas
1509 4721 1674 4783 atque
1737 4712 2037 4783 inaequales

452 4806 583 4860 facit
607 4806 773 4860 acies.

525 4898 652 4955 155.
686 4898 988 4965 Imperator
1014 4894 1215 4957 bonus,
1242 4908 1308 4947 ac
1337 4894 1593 4949 similiter
1624 4894 2038 4960 malus,exem-

452 4991 601 5061 plum
655 4988 919 5057 subjectis
974 4988 1091 5043 suis
1151 5001 1335 5042 rerum
1390 4987 1753 5057 gerendarum
1808 4998 1911 5043 est.
1957 4988 2036 5045 Te

451 5085 619 5155 igitur
670 5083 1028 5137 cohortamur
1088 5090 1149 5135 ut
1220 5080 1491 5135 militibus
1557 5080 1670 5136 tuis
1720 5081 1924 5135 bonum
1982 5090 2035 5138 te

451 5176 763 5246 exemplum
795 5174 1058 5245 praebeas,
1082 5184 1211 5227 tum
1233 5172 1300 5226 ad
1331 5174 1534 5243 optima
1561 5183 1614 5227 te
1636 5172 2033 5242 assuefaciens,

452 5278 573 5321 tum
604 5282 726 5337 qua:
756 5249 1005 5321 facienda
1028 5273 1160 5321 sunt
1182 5264 1514 5336 suscipiens,
1545 5273 1602 5321 et
1620 5266 1687 5320 iis
1710 5266 1874 5321 rebus
1895 5266 2023 5323 abs—

459 5359 664 5426 tinens,
702 5374 733 5414 a
785 5360 987 5431 quibus
1034 5359 1236 5415 milites
1271 5359 1348 5413 tui
1400 5374 1590 5415 omnes
1619 5360 1900 5415 abstinere
1936 5360 2032 5415 de-

454 5446 607 5503 bent.

2137 1838 2445 1909 γυμνασίαν
2469 1841 2580 1892 τῶν
2608 1840 2753 1894 κατὰ
2782 1839 3022 1909 πόλεμον
3049 1840 3228 1910 ἔργων
3260 1838 3565 1910 ἀφοσιώσῃ.
3588 1840 3729 1893 Τότε

2137 1930 2247 2001 γὰρ
2276 1933 2335 1984 ὲν
2366 1930 2544 2002 καιρῷ
2569 1931 2889 2003 πολεμικῶν
2910 1930 3136 2000 ἀγώνων
3164 1931 3265 1985 οὑκ
3294 1930 3375 1984 ἔτι
3408 1929 3524 2001 (40)
3562 1930 3728 2000 μελέ-

2138 2041 2238 2094 την
2300 2023 2416 2077 ἀλλ’
2474 2024 2739 2087 ἐπίδειξιν
2786 2023 2889 2095 τῆς
2953 2023 3321 2095 ἀνδραγαθίας
3372 2023 3729 2094 παρασκευά-

2142 2132 2255 2180 σεις
2293 2116 2430 2186 (Η).

2212 2211 2312 2282 ρλν.
2367 2212 2433 2265 Ἡ
2479 2212 2676 2283 μελέτη
2742 2228 2826 2265 σοι
2851 2212 2962 2265 τῶν
3020 2210 3335 2279 ἀναγκαίων
3381 2210 3741 2282 πραγμάτων

2138 2303 2443 2374 ἠρεμοῦντι
2472 2305 2730 2374 γινέσθω,
2764 2306 2861 2361 καὶ
2892 2304 2967 2375 μὴ
2994 2304 3260 2376 πρότερον
3283 2305 3363 2367 είς
3397 2302 3566 2357 ὕπνον
3597 2304 3731 2375 τρέ-

2139 2413 2242 2449 που
2279 2398 2412 2467 πρὶν
2440 2397 2506 2451 ἂν
2535 2398 2887 2468 κατανοήσῃς
2909 2397 2962 2449 τί
2993 2396 3093 2467 μὲν
3130 2395 3238 2449 εδει
3267 2395 3602 2467 πραχθῆναι,
3625 2396 3732 2448 καὶ⁵

2138 2486 2298 2540 τοῦτο
2347 2486 2649 2559 παρέλιπες
2677 2504 2691 2521 ο
2725 2488 2779 2541 τί
2822 2489 2880 2542 δὲ
2922 2489 3002 2551 είς
3038 2488 3140 2557 τὴν
3183 2486 3373 2559 αὔριον
3409 2486 3722 2557 πραχθῆναι

2139 2579 2326 2647 καλὸν,
2368 2583 2464 2635 καὶ
2492 2582 2690 2635 τούτου
2719 2581 2931 2653 ταχέως
2957 2580 3203 2652 ἀπάρξῃ.

2216 2758 2352 2827 ρλαν.
2392 2758 2718 2832 Νομισθήσῃ
2742 2758 2947 2830 κοῦφος
2975 2759 3069 2813 καὶ
3095 2758 3571 2829 εὐκαταφρόνητος
3608 2760 3737 2820 τοῖς

2144 2849 2586 2920 ἐντυγχάνουσιν,
2615 2850 2711 2903 ὲάν
2733 2849 3043 2921 προχείρως
3066 2849 3336 2920 πιστεύῃς
3366 2853 3479 2914 τοῖς
3504 2850 3735 2922 ὑποσχο-

2147 2940 2338 3010 μένοις
2371 2940 2455 2994 σοί
2486 2957 2541 2993 τι
2573 2940 2827 3009 πράξειν.
2864 2940 2993 2995 Ἐὰν
3022 2941 3079 2994 δὲ
3108 2938 3378 3005 ἐξετάζων
3400 2940 3499 2995 καὶ
3517 2942 3730 3011 γυμνά-

2151 3032 2260 3095 ζων
2282 3032 2342 3085 τδ
2366 3034 2599 3102 πρᾶγμα
2625 3035 2821 3102 φανῇς,
2847 3032 3162 3102 αἰδούμενος
3190 3031 3422 3095 ἕκαστος
3454 3030 3563 3085 τῶν
3594 3032 3732 3101 (pati-

2150 3123 2256 3175 λων
2290 3122 2390 3193 τὴν
2411 3123 2509 3188 σὴν
2536 3122 2825 3192 ἀκρίϐειαν
2847 3123 2942 3177 καὶ
2965 3122 3268 3192 ἀγχίνοιαν,
3298 3120 3449 3174 οὐδέν
3477 3136 3560 3173 σοι
3587 3120 3733 3190 πρὸς

2141 3215 2363 3282 ἀπάτην
2394 3213 2568 3267 εἰπεῖν
2609 3216 2893 3287 τολμήσει,
2929 3214 3067 3268 ἀλλὰ
3100 3214 3199 3275 καὶ
3231 3211 3596 3283 θαυμάσονταί
3623 3228 3730 3264 σου

2141 3304 2242 3373 τῆς
2294 3305 2655 3376 στερρότητος
2705 3307 2756 3359 oi
2791 3306 3117 3377 ὑποχείριοι,
3173 3304 3266 3359 καὶ
3314 3306 3409 3374 τῆς
3456 3300 3741 3372 ἀληθείας

2143 3399 2244 3454 οὑκ
2275 3399 2618 3470 ἀστοχήσεις.

2219 3487 2355 3559 ρλβ’.
2400 3489 2541 3542 ἰσθι
2591 3491 2676 3544 ὃτι
2726 3491 2761 3559 ἡ
2816 3488 2956 3558 μετά
2999 3486 3268 3558 λογισμοῦ
3317 3483 3460 3540 κατὰ
3491 3483 3749 3554 πόλεμον,

2146 3581 2337 3652 ἔφοδος
2376 3580 2680 3649 ἀσφάλειαν
2727 3580 2839 3652 ἔχει
2890 3579 3121 3649 πολλήν.
3168 3580 3231 3633 Οί
3279 3578 3391 3649 γάρ
3449 3574 3589 3642 ὀξεῖς
3633 3576 3737 3629 καὶ

2145 3676 2447 3744 προπετεῖς
2496 3675 2822 3744 στρατηγοὶ,
2844 3673 2919 3738 ὡς
2964 3675 2998 3743 ἡ
3035 3673 3202 3744 πεῖρα
3231 3670 3458 3738 ἔδειξεν,
3496 3668 3734 3724 πλεῖστα

2145 3764 2598 3838 διαμαρτάνουσι.

2217 3994 2355 4066 ρλγν.
2397 3993 2599 4059 Καλῶς
2661 3994 2932 4066 ποιήσεις,
2968 3994 3094 4049 ὅταν
3140 3993 3211 4048 τά
3264 3993 3336 4048 σά
3382 3992 3730 4065 βουλεύματα

2147 4087 2431 4141 Λανθάνειν
2456 4084 2630 4149 θέλεις
2672 4085 2800 4149 τοὺς
2834 4087 3151 4158 πολεμίους,
3183 4087 3283 4143 tam
3303 4086 3427 4140 οὐδὲ
3454 4090 3568 4151 τοῖς
3602 4087 3733 4140 πολ-

2144 4178 2256 4242 λοῖς
2305 4179 2413 4232 τῶν
2455 4178 2673 4231 οἰκείων
2717 4176 2891 4233 ταῦτα
2946 4178 3250 4252 Θαρρήσης.
3306 4178 3575 4235 Δύσκολον
3619 4179 3732 4248 γάρ

2144 4270 2418 4343 κρυϐῆναι
2464 4269 2729 4341 λαθραίαν
2785 4269 2986 4341 βουλὴν
3039 4270 3258 4334 πολλοῖς
3295 4270 3501 4340 χείλεσι
3559 4286 3731 4322 πεπι-

2144 4378 2269 4416 στευ
2279 4360 2448 4432 μένην
2481 4361 2614 4434 (42).
3195 4395 3215 4410 -

2215 4451 2346 4521 ρλδθ.
2402 4450 2609 4522 Ὀρμὴν
2658 4449 2892 4504 ἑκάστου
2938 4450 3032 4505 καὶ
3075 4448 3291 4520 κίνησιν
3333 4449 3429 4502 καὶ
3459 4449 3719 4521 ἄρχοντος

2142 4543 2239 4597 καὶ
2266 4542 2599 4613 στρατιώτου
2628 4542 2708 4595 δεῖ
2756 4558 2815 4595 σε
2842 4540 3158 4611 γινώσκειν,
3204 4535 3250 4595 ὦ
3286 4540 3579 4612 στρατηγὲ,
3621 4541 3716 4592 καὶ

2143 4638 2224 4702 είς
2255 4636 2449 4689 ὁποίαν
2483 4634 2712 4700 ἕκαστος
2748 4634 2950 4706 πρᾶξιν
2973 4634 3231 4706 ἀρμὸδιός
3270 4635 3439 4698 ἐστιν,
3471 4634 3557 4687 ἴνα
3589 4633 3717 4685 ἕκα-

2145 4743 2272 4779 στον
2314 4724 2540 4789 δεόντως
2590 4724 2847 4798 ὲκτάξῃς.
2896 4724 2982 4789 Ὠς
3032 4724 3178 4777 ἔοικε
3231 4723 3367 4794 γάρ,
3415 4723 3474 4776 τὸ
3516 4722 3725 4791 ἀγνοεῖν

2140 4818 2317 4873 ταῦτα
2349 4817 2671 4888 ἀνωμάλους
2707 4819 2941 4871 ποιεῖται
2968 4815 3069 4880 τὰς
3104 4814 3462 4886 παρατάξεις.

2219 4912 2346 4983 ρλε⁹.
2385 4911 2699 4984 Στρατηγὸς
2754 4909 2957 4974 ἀγαθὸς
2987 4908 3153 4962 εἰκὼν
3204 4908 3419 4976 γίνεται
3452 4905 3561 4960 τῶν
3589 4922 3724 4975 πρα-

2146 5005 2323 5060 κτέων
2352 5006 2466 5068 τοῖς
2497 4988 2833 5073 ὑποχειρίοις
2865 5001 3053 5065 αὑτοῦ,
3087 5001 3183 5054 καὶ
3213 5003 3241 5055 ὁ
3269 5000 3475 5070 φαῦλος
3504 4998 3718 5067 ὁμοίως.

2147 5097 2221 5149 Σὺ
2255 5088 2348 5149 οὖν
2377 5095 2476 5165 τῆς
2509 5094 2783 5165 ἡμετέρας
2821 5091 3099 5162 βασιλείας
3130 5090 3419 5162 δεχόμενος
3449 5090 3548 5162 τὴν
3582 5106 3723 5160 παρ-

2147 5187 2376 5251 αίνεσιν,
2436 5179 2481 5239 ὧ
2529 5183 2825 5255 στρατηγὲ,
2876 5184 3057 5253 ἀγαθὴ
3099 5183 3258 5253 γενοῦ
3302 5184 3414 5246 τοῖς
3467 5181 3722 5253 ὑπηκόοις

2147 5279 2333 5343 εἰκὼν,
2363 5274 2458 5332 καί.
2500 5278 2700 5349 ἄριστα
2731 5276 3165 5348 γυμναζόμενος,
3220 5275 3315 5329 καὶ
3368 5274 3539 5328 ποιῶν
3584 5274 3721 5343 ἆπερ

2145 5372 2271 5437 δεῖ.,
2308 5370 2647 5442 ἀπεχόμενος
2697 5369 2775 5433 δὲ,
2810 5370 2912 5423 ὃσα
2965 5368 3059 5421 καὶ
3098 5368 3227 5431 τοὺς
3268 5364 3605 5438 στρατιώτας
3633 5365 3724 5417 καὶ

2148 5467 2360 5528 πάντας
2410 5465 2539 5528 τοὺς
2590 5462 2697 5517 ὑπὸ
2748 5463 2809 5515 σὲ
2856 5461 3224 5532 τεταγμένους
3265 5457 3567 5529 ἀπέχεσθαι
3595 5456 3725 5526 χρή-

2150 5575 2333 5629 σιμον.

1974 5657 2207 5715 NOTAE.

559 5746 649 5813 40)
681 5747 806 5799 Οὐκ
841 5748 949 5799 ἐτι.
992 5747 1370 5813 Seribcbalur,
1394 5753 1494 5804 οὐκ
1522 5754 1656 5806 ἔστι.

559 5746 626 5800 40
681 5747 806 5799 Οὐκ
841 5748 949 5799 ἐτι.
992 5747 1370 5813 Seribcbalur,
1394 5753 1494 5804 οὐκ
1522 5754 1656 5806 ἔστι.

533 5746 651 5886 ἒυέ
682 5817 1197 5883 Παρασκευάσεις.
1231 5820 1605 5888 Scribebatur,
1633 5823 2031 5893 παραπῖήσεις.

2233 5730 2347 5821 (ιε)
2383 5745 2897 5816 Πεπιστευμένην.
2932 5743 3326 5812 Scribebatur,
3358 5738 3728 5809 πεπιστευμέ-

2146 5840 2276 5885 νοις.
