3964 6206
220 366 360 440 ιθιθ

1342 361 2260 425 TACTICA.—CONSTITUTIO
2303 363 2431 424 ΧΧ.

3336 361 3474 430 1050

293 487 440 562 ρλς’.
480 483 729 548 Ἐνδοξὸν
749 499 802 536 τι
831 481 1064 553 πρᾶγμα
1081 479 1177 534 καὶ
1205 479 1326 534 λίαν
1349 481 1608 552 ὀνήσιμον
1646 481 1794 533 ἐστιν

1973 480 2097 536 1⁵56.
2167 480 2380 534 Nobilis
2407 493 2518 544 res,
2551 487 2714 547 atque
2759 477 2814 532 in
2845 476 3040 548 primis
3080 478 3250 546 utilis,
3277 480 3480 536 milita»

222 585 256 650 ἡ
287 573 631 650 στρατηγικὴ
665 573 944 642 ἐπιστήμη
975 589 989 602 ο
1024 571 1116 624 καὶ
1144 571 1253 641 γὰρ
1283 571 1411 625 ἄνευ
1448 571 1628 642 μάχης
1659 569 1792 623 πολ-

225 670 379 730 λάκις
411 666 540 736 νικᾷ
561 665 690 726 τοὺς
717 662 1032 733 πολεμίους.
1060 660 1278 732 Ταύτης
1307 659 1399 714 οὖν
1420 658 1797 731 ἐπιμελεῖσθαί

217 775 283 811 σε
324 757 450 828 χρὴ,
485 756 580 809 καὶ
606 752 698 808 διὰ
721 752 928 822 ταύτης
949 753 1049 815 τὰς
1080 751 1430 822 ἐγχειρήσας
1469 751 1596 805 ἄνευ
1631 767 1799 820 φανε-

217 849 321 920 ροῦ
343 847 584 918 πολέμου
615 847 758 900 κατὰ
789 845 901 900 τῶν
930 845 1190 899 ἐναντίων
1221 844 1518 898 ποιεῖσθαι.
1552 844 1721 897 Ὅταν
1741 843 1799 897 δέ

219 939 440 1009 ἀνάγκη
468 937 675 1008 ταύτην
713 936 791 1007 μὴ
845 938 1116 1006 ἐνεργεῖν,
1153 935 1272 988 τότε
1313 935 1403 988 διὰ
1425 936 1526 1005 τῆς
1552 936 1661 990 τῶν
1692 953 1799 988 σ-ω·

217 1031 411 1101 μάτων
439 1028 630 1101 ῥώμης
663 1029 1148 1100 παρακινδυνεύειν
1175 1029 1499 1095 ἀναγκαῖον,
1529 1026 1622 1080 καὶ
1652 1027 1800 1099 μάχῃ

214 1119 359 1189 ’πρὸς
391 1119 517 1183 τοὺς
543 1116 837 1188 πολεμίους
859 1116 1300 1185 διαγωνίζεσθαι.

293 1209 427 1282 ρλζ’.
473 1209 706 1274 Νεάζειν
737 1208 942 1278 ὀφείλει
975 1209 1004 1261 ὁ
1037 1209 1346 1280 στρατηγὸς
1401 1209 1498 1263 καὶ
1525 1210 1592 1279 τῇ
1638 1207 1802 1282 ῥώμῃ

210 1302 315 1358 Ἰ1τοῦ
354 1301 605 1373 σώματος
635 1301 724 1355 διὰ
756 1301 858 1370 τῆς
910 1301 1290 1370 στρατηγικῆς
1339 1301 1536 1372 τέχνης
1589 1300 1801 1370 ὀφείλει

216 1393 622 1464 θαυμάζεσθαι,
653 1393 820 1464 ήγουν
848 1392 958 1446 τῶν
991 1392 1440 1462 ἐπιτηδευμάτων
1467 1393 1639 1462 αὐτῆς
1665 1391 1798 1461 (45).

229 1482 391 1546 Ἐθος
415 1485 527 1552 γάρ
554 1485 670 1538 ἐστι
698 1483 950 1549 παλαιὸν,
968 1483 1114 1538 ὥστε
1143 1485 1270 1548 τοὺς
1291 1482 1586 1555 μέλλοντας
1603 1499 1801 1554 στρατ-

222 1577 397 1647 ηγεῖν,
438 1577 501 1629 ού
539 1575 701 1646 μόνον
755 1576 865 1630 ἀπὸ
914 1575 1102 1638 ἔθνους
1135 1575 1231 1629 καὶ
1262 1575 1457 1644 γένους
1489 1574 1670 1628 ἕλκειν
1702 1575 1802 1646 τὴν

224 1666 548 1740 συγγένειαν
573 1666 638 1719 ἐν
667 1669 788 1729 ταῖς
819 1667 997 1731 νίκαις
1028 1666 1509 1736 λαμπρυνομένου,
1542 1665 1678 1721 ἀλλά
1706 1667 1802 1720 καὶ

221 1757 334 1817 τοῖς
367 1756 501 1807 πᾶσι
549 1753 868 1826 πράγμασιν
917 1755 1048 1824 ἄχρι
1080 1754 1176 1808 καὶ
1203 1753 1370 1808 αὐτοῦ
1401 1753 1494 1808 τοῦ
1533 1755 1802 1826 ὀνόματος
1845 1798 1847 1800 .

225 1840 362 1882 at...
388 1847 488 1882 0:“-
512 1847 671 1882 νινε...-
696 1850 1038 1882 “nmmos...
1079 1859 1084 1862 -
1828 1823 1872 1882 Β

1901 1845 2056 1900 bant.

220 1840 366 1901 εἶναι
388 1847 488 1916 τῆς
512 1847 671 1916 νίκης
693 1850 1084 1918 σημαντι-κήν.·

291 1935 428 2008 ρλη’.
464 1939 753 2010 Χρήσιμόν
780 1955 832 1991 τι
878 1938 1247 2010 στρατήγημα
1291 1937 1648 2007 διηγήσομαι,
1704 1937 1800 1992 καὶ

212 2029 378 2082 ’τοῦτο
425 2031 560 2101 ὅπερ
589 2030 856 2099 ἀναγνοὺς
885 2029 1158 2100 άνέμαθον
1199 2027 1310 2099 (44)
1341 2043 1357 2059 θ
1405 2029 1494 2081 ἴνα
1527 2029 1622 2082 ἐάν
1666 2044 1798 2082 ποτε

222 2121 405 2192 συμϐῇ
439 2138 522 2174 σοι
547 2120 769 2191 μέλλειν
799 2120 938 2191 πρὸς
979 2120 1268 2190 πολεμίους
1303 2119 1528 2174 πλείονά
1569 2137 1664 2174 σου
1708 2120 1800 2174 δύ-

221 2228 384 2280 ναμιν
415 2210 642 2280 ἔχοντας
673 2208 1116 2278 διαγωνίζεσθαι,
1151 2209 1247 2263 καὶ
1295 2208 1477 2278 βούλει
1511 2211 1652 2282 πρὸς
1701 2211 1802 2264 αὐ-

221 2305 346 2365 τοὺς
405 2303 482 2374 μὴ
536 2301 774 2370 συνάψαι
837 2301 1094 2372 πόλεμον,
1144 2300 1283 2356 ἀλλὰ
1354 2301 1651 2366 ἀκινδύνως
1707 2304 1804 2355 ἐπ-

218 2392 484 2459 εξελθεῖν,
523 2394 862 2464 ἐπιτήρησον
893 2393 990 2447 ἐὰν
1020 2393 1356 2463 παράκειται
1402 2393 1671 2464 ποταμὸς,
1708 2394 1802 2447 καὶ

220 2482 410 2536 τοῦτον
439 2484 778 2554 ἐπιστρέψας
803 2483 1051 2552 ἐπάγαγε
1078 2486 1191 2546 τοῖς
1222 2483 1507 2552 πολεμίοις
1532 2482 1676 2538 κατὰ
1706 2483 1802 2538 τοῦ

217 2575 404 2628 πεδίου
433 2577 492 2629 ἐν
517 2571 562 2644 ᾧ
593 2577 628 2645 ή
666 2575 976 2644 παράταξις
1025 2575 1338 2644 πρόκειται,
1379 2574 1477 2626 καὶ
1513 2574 1687 2640 οὓτως
1711 2575 1804 2629 τὸν

221 2666 487 2736 μέλλοντα
512 2666 748 2737 πόλεμον
778 2667 1139 2736 ἁνενέργητον
1169 2667 1436 2736 ποιήσεις.

293 2758 425 2828 ρλθ’.
451 2757 679 2828 Ῥᾳδίως
694 2756 988 2828 ἀναστείλῃ
1014 2755 1210 2828 βουλήν
1246 2756 1523 2828 πολεμίων
1545 2761 1573 2814 ὁ
1601 2777 1803 2833 στρατ-

221 2847 352 2919 ηγὸς
407 2848 503 2901 ἐὰν
537 2848 632 2903 καὶ
683 2847 869 2913 αὐτὸς,
927 2847 1025 2900 καὶ
1069 2846 1217 2900 κατὰ
1243 2847 1350 2917 γῆν
1397 2849 1665 2904 καὶκατὰ
1710 2848 1804 2904 θά-

221 2941 424 2995 λασσαν
469 2941 649 3010 κρατῇ
691 2937 1022 3008 ὑποχειρίων
1053 2938 1214 2992 τινῶν
1237 2955 1250 2968 ·
1279 2939 1446 2992 καὶ-σί
1469 2941 1722 3010 πολέμιοι
1743 2941 1802 2994 δὲ

221 3032 322 3102 γῆς
362 3030 596 3101 ἠπείρου
644 3028 979 3100 κρατοῦντες
1039 3027 1182 3083 κατά
1228 3028 1336 3083 τῶν
1379 3028 1546 3084 αὑτοῦ
1599 3029 1745 3100 νηῶν
1769 3030 1802 3098 ἢ

215 3121 431 3190 ἐτέρων
457 3118 744 3189 παραλίων
763 3118 944 3173 τόπων
979 3117 1371 3189 ἐκστρατεύειν
1405 3117 1798 3188 βουλεύωνται.

220 3213 358 3267 Ἒὰν
384 3212 493 3284 γὰρ
532 3214 750 3285 φημίσῃ
789 3214 872 3267 ὅτι
911 3213 1073 3277 αὐτὸς
1098 3213 1196 3268 διὰ
1224 3215 1323 3284 τῆς
1353 3215 1587 3286 ἠπείρου
1617 3215 1804 3286 βούλε-

217 3323 306 3360 ται
333 3307 456 3360 κατ’
485 3306 669 3359 αὐτῶν
692 3304 1051 3376 στρατεῦσαι,
1085 3305 1427 3377 καταπλήξει
1459 3307 1678 3373 αὐτοὺς,
1705 3308 1801 3362 καὶ

207 3397 518 3466 ἀναστείλῃ
546 3397 647 3465 τῆς
683 3395 824 3448 κατὰ
852 3395 1128 3450 θάλασσαν
1153 3397 1545 3466 ἐγχειρήσεως.

293 3496 402 3560 pp’.
437 3488 578 3541 Ἰσθι
625 3488 844 3550 εὐσεϐὲς
875 3483 1018 3543 εἶναι
1088 3490 1356 3557 πρᾶγμα,
1406 3482 1451 3542 ὧ
1504 3489 1798 3560 στρατηγέ,

219 3581 316 3635 καὶ
347 3578 469 3632 λίαν
495 3578 755 3648 ὀνήσιμον
785 3578 846 3630 τὸ
878 3579 936 3631 ἐν
959 3578 1080 3640 ταῖς
1111 3578 1440 3646 ἀναγκαίαις
1472 3579 1569 3634 καὶ
1594 3582 1802 3644 κοιναῖς

212 3672 435 3743 χρείαις
466 3670 741 3742 μηδέποτε
783 3669 929 3733 ίδίως
962 3670 1371 3740 μιμνήσκεσθαι
1395 3671 1621 3742 ἔχθρας,
1669 3671 1802 3742 μηδὲ

216 3763 294 3815 δι’
322 3762 581 3816 ὑπόνοιαν
616 3761 752 3814 ἰδίαν
775 3759 1170 3831 ἐμποδίζεσθαι
1213 3761 1282 3815 τὰ
1311 3762 1499 3816 δέοντα
1531 3763 1800 3831 γίνεσθαι,

217 3854 359 3908 ἀλλὰ
378 3855 437 3908 ἐν
463 3857 582 3919 ταῖς
608 3853 717 3909 τῶν
747 3851 942 3906 κοινῶν
973 3852 1253 3923 προνοίαις
1278 3853 1350 3908 τὰ
1376 3854 1602 3909 τοιαῦτα
1624 3855 1803 3910 πάντα

221 3945 615 4000 κατατίθεσθαι
658 3944 756 3999 καὶ¹
799 3944 929 4014 περὶ
955 3944 1268 4013 προσώπων
1291 3946 1388 3999 καὶ
1435 3947 1798 4018 πραγμάτων,

216 4036 479 4109 καὶπρὸς
512 4039 674 4108 μόνον
696 4037 758 4090 τὺ
795 4039 1068 4109 χρήσιμον
1116 4037 1469 4104 ἀποϐλέπειν,
1521 4039 1616 4091 καὶ
1645 4039 1803 4092 τοῦτο

220 4129 510 4196 πράττειν’
543 4130 576 4198 ή
611 4128 722 4200 γὰρ
750 4128 975 4200 τοιαύτη
995 4128 1145 4182 αἰτία
1176 4129 1393 4193 πολλοῖς
1437 4129 1802 4202 παρορωμένη

221 4218 470 4286 μεγάλας
505 4217 709 4288 βλάδας
747 4221 1011 4285 πολλάκις
1037 4222 1316 4292 ἐποίησεν.

293 4318 446 4383 ρμα’.
499 4310 892 4382 Σοφιζόμενος,
948 4307 994 4367 ὦ
1057 4314 1367 4384 στρατηγέ,
1427 4314 1614 4383 χρείας
1663 4311 1803 4366 οὕτω

217 4403 514 4474 καλούσης,
540 4403 844 4476 ὠφελήσεις
869 4405 935 4458 τὰ
956 4403 1210 4475 μέγιστα.
1251 4405 1375 4457 Ἐὰν
1402 4406 1513 4474 γὰρ
1539 4404 1627 4458 διά
1659 4421 1803 4468 τινος

1899 571 1976 629 ris
2006 580 2090 628 est
2113 569 2381 637 scientia;
2417 584 2542 624 nam
2579 572 2698 627 sine
2740 569 2886 624 bello
2938 569 3098 626 facile
3136 571 3324 627 hostes
3354 572 3482 626 vin-

1899 665 1994 720 cit.
2029 663 2183 719 Hanc
2222 663 2391 734 igitur
2421 664 2570 718 omni
2622 662 2808 718 studio
2857 677 3196 733 cognoscere
3237 672 3479 733 oportet.

1901 755 2076 824 Hujus
2117 755 2410 824 disciplina
2445 754 2631 808 multa:
2664 755 3044 825 aggressiones
3079 754 3320 808 hostium
3352 769 3481 810 sus-

1900 849 2167 919 cipienda:
2224 855 2377 902 sunt.
2412 845 2517 901 Ubi
2560 861 2690 902 vero
2750 847 2867 901 haec
2922 845 3060 900 nihil
3116 845 3329 901 edicere
3359 862 3482 900 am-

1899 939 2044 1009 plius
2074 947 2278 1008 potest,
2309 947 2426 993 tum
2481 939 2668 994 labore
2713 938 2967 1008 corporis
3016 953 3081 992 ac
3123 935 3482 1004 dimicatione

1901 1030 2318 1100 periclitandum
2348 1040 2452 1097 est,
2478 1038 2532 1083 et
2565 1045 2690 1083 cum
2716 1030 2969 1085 hosti-bus
3000 1029 3411 1084 decertandum.

1971 1207 2095 1261 {57.
2139 1206 2256 1269 Non
2305 1208 2466 1262 modo
2509 1207 2744 1263 scientia
2786 1208 3163 1277 imperatoria,
3194 1207 3289 1262 sed
3320 1208 3484 1262 etiam

1903 1299 2214 1354 actionibus
2265 1300 2440 1363 illius,
2473 1299 2782 1370 roboreque
2803 1301 3052 1370 corporis
3090 1300 3283 1356 ﬂorere
3315 1301 3488 1372 impe-

1900 1397 2053 1444 rator
2087 1391 2271 1445 debet.
2321 1389 2501 1446 Veteri
2534 1390 2681 1444 enim
2713 1391 3140 1458 consuetudine,
3180 1393 3272 1462 qui
3307 1393 3488 1462 impc-

1906 1490 2117 1536 ratores
2147 1481 2317 1537 futuri
2350 1483 2585 1548 fuerant,
2619 1497 2727 1536 non
2780 1482 2945 1539 modo
2990 1500 3165 1554 genus
3215 1485 3491 1541 ducebant

1903 1573 1971 1628 ab
2011 1573 2124 1629 illis
2177 1575 2435 1644 gentibus
2483 1581 2538 1629 et
2589 1575 2833 1641 familiis,
2887 1591 3008 1646 qua:
3052 1578 3382 1632 strenuitate
3432 1588 3486 1632 et

1903 1664 2140 1720 rebusin
2189 1664 2332 1720 bello
2372 1667 2542 1734 gestis
2565 1666 2728 1721 clarae
2763 1676 2976 1730 essent,
3015 1666 3110 1722 sed
3140 1669 3327 1723 omnia
3356 1669 3485 1735 alia,

1905 1763 2070 1826 atque
2129 1755 2268 1812 adeo
2320 1772 2523 1813 nomen
2574 1758 2756 1828 ipsum
2805 1757 3053 1814 victoria:
3111 1775 3272 1816 omen
3328 1761 3491 1816 habe-

1975 1938 2098 1992 158.
2139 1938 2446 1994 Consilium
2481 1940 2718 2009 perutile
2752 1940 2849 1997 tibi
2885 1943 3149 2010 narrabo,
3181 1943 3325 2014 quod
3356 1942 3484 1998 olim

1901 2030 2166 2099 legeram.
2201 2031 2262 2086 Si
2303 2033 2524 2102 quando
2577 2049 2704 2090 eum
2760 2035 3007 2091 hostibus
3047 2036 3141 2090 tibi
3211 2051 3296 2091 res
3323 2035 3487 2091 fuerit

1902 2124 2062 2192 longe
2116 2139 2346 2180 numero
2393 2126 2666 2196 pluribus,
2707 2143 2884 2197 neque
2933 2143 3056 2183 cum
3109 2128 3218 2184 illis
3267 2136 3490 2198 prepter

1903 2217 2308 2273 multitudinem
2342 2219 2679 2275 contendere
2699 2221 2927 2284 audeas,
2953 2221 3049 2275 sed
3075 2236 3271 2275 secure
3305 2221 3488 2275 disce-

1904 2307 2031 2361 dere
2061 2306 2166 2369 vis,
2187 2305 2422 2361 observa
2443 2308 2493 2362 si
2513 2307 2717 2363 ﬂuvius
2741 2307 2950 2377 aliquis
2981 2308 3194 2362 vicinus
3218 2306 3312 2373 sit,
3340 2307 3487 2362 hunc

1903 2407 1959 2452 tu
2011 2400 2122 2453 alio
2167 2399 2511 2454 transferens
2552 2400 2606 2454 in
2658 2400 2849 2456 hostes
2898 2400 3200 2464 derivabis,
3234 2414 3331 2469 per
3359 2413 3486 2454 eum

1903 2504 2157 2560 campum
2229 2491 2326 2546 ubi
2374 2491 2711 2547 conﬂictatio
2759 2492 2942 2546 futura
2990 2503 3095 2560 est,
3136 2501 3305 2562 atque
3349 2492 3494 2547 adeo

1903 2580 2106 2636 bellum
2136 2596 2300 2636 omne
2328 2581 2549 2636 irritum
2585 2581 2779 2637 facies.

1975 2757 2098 2812 159.
2133 2757 2318 2812 Facile
2345 2760 2612 2825 reprimet
2640 2758 2882 2812 hostium
2918 2759 3212 2815 consilium
3256 2763 3500 2834 impera~

1904 2849 2010 2908 tor,
2044 2853 2099 2898 et
2128 2845 2175 2898 si
2212 2843 2332 2914 ipse
2363 2852 2480 2898 tum
2505 2855 2680 2909 terra,
2714 2854 2828 2900 tum
2869 2849 3006 2902 mari
3037 2848 3238 2904 habeat
3261 2867 3365 2906 suo
3393 2854 3498 2908 im-

1903 2931 2399 3000 perioaobedientes
2426 2933 2694 3000 quosdam
2727 2949 2744 2986 ς
2777 2943 2835 2987 et
2861 2935 3073 3002 hostes,
3109 2939 3200 3006 qui
3229 2938 3286 2993 in
3317 2942 3500 2996 conti-

1906 3032 2068 3075 nente
2113 3022 2367 3076 habitant
2421 3023 2638 3076 insulas
2702 3025 2998 3093 quasdam,
3059 3040 3154 3082 aut
3215 3033 3496 3088 maritima

1904 3111 2153 3182 quaedam
2188 3114 2306 3167 loca
2327 3127 2649 3184 oppugnare
2685 3131 2744 3170 se
2785 3117 2923 3170 velle
2968 3117 3179 3172 dicant.
3234 3119 3294 3174 Si
3342 3123 3502 3176 enim

1909 3205 2293 3275 percrebescat
2323 3213 2378 3260 te
2417 3206 2556 3262 velle
2595 3206 2719 3262 illos
2752 3207 2806 3262 in
2861 3208 3176 3264 continente
3206 3218 3353 3267 terra
3392 3228 3496 3282 ope

1908 3311 2176 3367 pugnare,
2208 3296 2632 3366 perterrefacies
2677 3311 2796 3361 eos,
2827 3307 2881 3351 ct
2927 3297 3195 3367 reprimes
3237 3315 3268 3353 a
3309 3303 3500 3358 navali

1908 3387 2090 3441 classe
2116 3385 2479 3441 instituenda.

1986 3476 2110 3531 MO.
2159 3476 2315 3531 Pium
2364 3477 2682 3542 admodum,
2715 3479 3153 3552 religiosumque
3191 3491 3295 3546 est.
3339 3497 3496 3540 cem-

1911 3568 2172 3623 munibus
2197 3571 2252 3624 in
2284 3571 2524 3640 negotiis
2555 3571 2898 3640 privatarum
2938 3573 3362 3631 inimicitiarum
3401 3591 3500 3632 re-

1909 3658 2290 3714 cordationem
2351 3663 2649 3728 deponere,
2715 3678 2895 3734 neque
2947 3675 3173 3735 propter
3223 3667 3496 3736 privatam

1909 3752 2149 3822 aliquam
2177 3755 2639 3824 malevolentiam,
2665 3773 2778 3812 rem
2815 3773 3164 3815 communem
3199 3759 3494 3830 impedire.

1911 3844 2017 3897 Sed
2080 3845 2134 3898 in
2196 3846 2476 3916 republica
2531 3848 2907 3918 procuranda,
2939 3849 3126 3906 omnia
3179 3851 3498 3922 hujusmodi

1909 3935 2216 4006 abjicienda
2250 3947 2402 4002 sunt,
2432 3945 2547 3993 tum
2576 3939 2727 4010 quod
2765 3938 2835 3996 ad
2881 3956 3175 4012 personas,
3201 3951 3317 3998 tum
3343 3944 3494 4015 quod

1910 4029 1976 4082 ad
2007 4044 2096 4084 res
2136 4031 2393 4100 pertinet,
2425 4040 2481 4085 et
2507 4033 2687 4087 solum
2717 4031 2777 4087 id
2799 4034 2948 4103 quod
2983 4033 3122 4091 utile
3144 4043 3229 4090 est
3269 4035 3494 4091 intuen-

1908 4121 2060 4188 dum,
2093 4131 2258 4193 atque
2303 4123 2357 4178 id
2417 4123 2689 4193 agendum
2724 4133 2808 4181 est
2837 4139 2854 4179 :
2891 4127 2994 4186 hoc
3041 4127 3189 4182 enim
3221 4142 3366 4198 saepe
3397 4143 3494 4182 ne~

1909 4211 2169 4281 glectum,
2205 4228 2531 4285 permagnus
2566 4214 2902 4270 offensiones
2933 4216 3141 4270 attulit.

1980 4303 2106 4360 ill.
2140 4303 2239 4360 Ubi
2263 4320 2403 4375 opus
2435 4305 2626 4370 fuerit,
2661 4307 2705 4360 si
2730 4307 2966 4362 artificio
2998 4308 3195 4373 utaris,
3234 4321 3496 4378 magnum

1909 4395 2288 4465 adjumentum
2318 4412 2381 4451 ex
2405 4412 2470 4452 eo
2506 4397 2756 4452 habebis.
2777 4396 2832 4451 Si
2862 4397 3009 4453 enim
3035 4398 3256 4453 solertia
3283 4399 3494 4468 aliqua,

214 4497 464 4562 ἐπινοίας
508 4498 823 4572 προνοήσῃς
852 4497 922 4550 τὰ
956 4495 1220 4567 μέλλοντα
1267 4495 1534 4563 γίνεσθαι,
1569 4497 1664 4550 καὶ
1701 4498 1800 4567 μά-

1914 4501 2034 4557 qua:
2078 4485 2264 4542 futura
2314 4496 2441 4543 sunt
2513 4489 2841 4557 provideris,
2899 4490 3136 4545 maxime
3189 4501 3372 4545 autem
3426 4507 3496 4556 ex,

214 4586 377 4640 λιστα
419 4586 511 4638 ἐπὶ
555 4587 806 4656 ἀστέρων
856 4582 1133 4654 ἐπιτολῆς,
1179 4582 1477 4640 καὶταῦτα
1509 4585 1802 4656 προείπῃς,

214 4677 302 4728 ὃτι
333 4677 422 4729 ἐπ’
479 4677 661 4749 ἀγαθῇ
729 4677 976 4747 σημασίᾳ
1033 4673 1286 4746 μέλλουσι
1331 4675 1602 4744 γίνεσθαι,
1653 4678 1794 4748 ὑπὲρ

213 4768 329 4821 τῶν
361 4770 514 4838 παρὰ
549 4770 644 4822 σοῦ
688 4767 1126 4840 ἐγχειρουμένων
1175 4768 1516 4840 πραγμάτων
1557 4770 1801 4840 ἐπιρρω-

216 4856 518 4927 σθήσονται
552 4859 602 4909 οί
633 4857 745 4910 ὑπὸ
779 4858 838 4909 σὲ
869 4856 1223 4926 στρατιῶται,
1261 4856 1593 4928 ὦσπεράπὸ
1633 4857 1799 4927 ούραο

214 4947 312 5002 νοῦ
343 4946 601 5018 ἐπιτολήν
647 4965 769 5003 τινα
803 4949 1177 5019 σημαίνουσαν
1219 4950 1405 5012 αὐτοῖς
1437 4947 1620 5017 ἀγαθά
1664 4949 1794 5002 ύποο

212 5038 521 5109 δεχόμενοι,
572 5038 668 5091 καὶ
707 5037 1004 5110 θαρραλέοι
1059 5039 1276 5094 ἔσονται
1330 5039 1474 5092 κατὰ
1532 5038 1642 5093 τῶν
1705 5056 1804 5092 πο-

214 5131 275 5180 λε
283 5129 443 5198 μίων.

292 5219 441 5292 ρμβ’.
477 5222 614 5286 Τοὺς
642 5221 796 5293 παρὰ
825 5217 920 5275 σοῦ
969 5223 1027 5274 ὲν
1068 5219 1257 5290 ὁμαλῷ
1289 5219 1385 5272 καὶ
1432 5216 1629 5287 πεδινῴ
1653 5217 1802 5288 τόπῳ

211 5319 352 5372 ποτέ
395 5319 917 5389 παρατασσομένους
967 5317 1166 5379 πεζοὺς
1217 5313 1475 5378 ἐνόπλους
1525 5312 1662 5384 πρὸς
1696 5329 1798 5367 κα-

1907 4580 2154 4635 siderum
2188 4590 2338 4643 ortu,
2367 4581 2593 4651 haecque
2619 4583 2942 4652 praedixeris
2969 4583 3172 4638 bonum
3205 4599 3365 4638 omen
3399 4599 3496 4639 vo-

1912 4673 1997 4728 bis
2031 4672 2376 4742 portendere,
2419 4674 2472 4728 in
2530 4675 2696 4730 rebus
2737 4677 2940 4731 vestris
2994 4676 3220 4748 agendis
3269 4693 3495 4746 inagna.

1905 4780 2035 4836 pere
2054 4767 2265 4821 milites
2312 4765 2728 4832 animabuntnr,
2781 4770 2938 4838 quasi
2997 4769 3062 4824 de
3097 4769 3240 4824 caelo
3289 4767 3494 4821 bonum

1906 4858 2126 4928 aliquod
2159 4858 2266 4914 illis
2310 4859 2756 4928 portenderetur,
2793 4859 2938 4930 quod
2975 4861 3050 4914 illi
3095 4861 3492 4930 approbantes,

1906 4948 2272 5006 an-imosiores
2303 4949 2598 5007 adversum
2626 4951 2815 5007 hostes
2841 4950 3254 5021 ferocioresque
3306 4957 3494 5006 erunt.

1978 5219 2098 5273 142.
2137 5216 2357 5274 Pedites
2393 5225 2517 5273 tuos
2544 5227 2808 5282 armatos,
2833 5228 2884 5272 et
2908 5217 3199 5273 adversum
3250 5218 3490 5274 hostium

1909 5313 2214 5384 equitatum
2241 5313 2298 5367 in
2330 5313 2494 5383 plano
2525 5311 2932 5381 campestrique
2968 5312 3089 5366 loco
3124 5321 3387 5380 structos,
3423 5327 3493 5366 ne

213 5407 546 5480 ϐαλλαρίους
597 5412 809 5481 ἐχθρῶν
864 5409 1135 5481 μηδέποτε
1195 5408 1386 5478 ἐάσῃς,
1439 5407 1543 5459 κΞιν
1595 5403 1798 5474 πολλὴν

1914 5404 2214 5474 permittas,
2241 5417 2557 5473 quanquam
2597 5417 2820 5472 niagnas
2872 5401 3316 5466 perturbationes
3368 5416 3492 5455 sus-

210 5504 465 5574 ἀνάγκην
520 5503 848 5568 ὑποστῶσιν,
904 5499 1302 5563 καταλιπόντας
1345 5499 1442 5572 τὴν
1491 5497 1795 5570 παράταξιν

1914 5497 2140 5564 lincunt,
2163 5496 2336 5550 aciem
2387 5496 2700 5551 deserentes
2751 5497 2934 5565 fugere
2981 5513 2993 5548 :
3036 5495 3281 5565 quandiu
3339 5495 3484 5548 enim

214 5589 499 5662 ἐκφυγεῖν.
548 5593 834 5649 Μενόντων
885 5594 994 5665 γὰρ
1048 5593 1228 5648 αὐτῶν
1283 5590 1476 5646 πολλαὶ
1511 5589 1602 5644 τοῦ
1637 5590 1793 5660 νικᾷν

1914 5596 2246 5657 permanent,
2275 5585 2456 5656 aliqua
2504 5584 2743 5640 victoriae
2766 5598 2890 5654 spes
2923 5594 3028 5648 est,
3062 5581 3152 5635 ubi
3180 5581 3490 5652 aufugerim

579 5703 588 5710 ’
1733 5681 1966 5738 NOTAE.

291 5783 403 5854 (ιδ)
428 5786 646 5853 Αὐτηςο
685 5784 1061 5854 δοῐίῦυὶθθιιπ,
1088 5784 1165 5837 ο’ν
1196 5783 1312 5854 τῆς·
1986 5779 2097 5849 (Η)
2144 5778 2476 5848 Ἀνέμαθωι.
2520 5773 2896 5834 Seribebalur,
2928 5772 3122 5842 ἀνέμα.
