3964 6206
535 361 670 429 1051

1797 366 2075 428 LEONIS
2110 365 2572 428 PHILOSOHII

3704 363 3852 429 1053

523 474 708 529 nullus
728 471 921 528 salutis
959 474 1111 529 locus
1153 473 1398 545 reliquus
1425 483 1531 538 est,
1564 476 1848 550 dissipatis
1873 480 1987 551 jam
2014 498 2106 552 pt-

2231 480 2440 545 λπίδες,
2472 479 2784 551 φευγόντων
2808 478 2852 532 δ’
2882 476 3111 549 οὐδεμία
3162 478 3441 551 σωτηρίας
3488 475 3700 543 ἐλπὶς,
3740 497 3841 533 περ

522 566 753 632 ditibus,
785 574 839 621 ct
866 567 1143 636 equitibus
1172 568 1615 638 insequentibus.

594 730 717 791 H3.
748 737 1220 802 Quemadmodum
1251 740 1361 795 vita
1396 740 1643 811 jucunda
1672 745 1971 816 expetenda
1997 756 2102 813 est,

524 827 603 884 sic
638 829 829 883 bellica
867 832 1110 898 pericula
1132 832 1367 889 libenter
1400 850 1431 889 a
1457 836 1724 892 militibus
1743 840 2096 909 suscipienda

523 930 687 975 sunt:
722 935 786 975 ea
831 922 977 975 enim
1028 927 1375 995 tranquillam
1410 944 1743 999 suavemque
1776 930 1945 985 vitam
1976 932 2105 988 affe-

522 1020 669 1066 runt.
735 1011 874 1067 Tum
938 1016 1082 1071 enim
1146 1016 1333 1074 felices
1381 1020 1511 1075 belli
1557 1022 1740 1078 exitus
1780 1032 2095 1093 sperantur,

521 1104 736 1174 quando
769 1106 1037 1174 patientes
1068 1123 1132 1162 ac
1160 1111 1458 1166 tolerantes
1488 1112 1736 1168 laborum
1771 1124 1899 1169 sunt
1932 1134 1945 1171 :
1991 1117 2105 1171 hac

518 1196 662 1250 enim
689 1196 849 1252 nobis
876 1198 1179 1267 jucundam
1203 1202 1368 1256 vitam
1396 1219 1696 1275 pacemque
1729 1208 2099 1277 suppeditant.

590 1375 716 1431 1M.
752 1376 961 1433 Miuure
986 1394 1112 1432 cum
1141 1379 1329 1435 labore
1359 1390 1558 1448 castra,
1594 1384 1826 1455 locaque
1864 1386 2105 1441 hostium

518 1466 931 1524 incursionibus
980 1481 1125 1524 terra
1176 1473 1549 1541 populaberis,
1602 1476 1647 1530 si
1715 1476 1919 1532 milites
1982 1487 2108 1531 tuos

520 1560 792 1628 indigenis
834 1562 1050 1615 illorum
1086 1562 1330 1616 locorum
1363 1566 1597 1630 similes,
1634 1580 1690 1623 ttt
1723 1571 1834 1623 sint
1876 1585 2109 1640 appara-

522 1651 689 1706 veris.
734 1649 869 1704 Mari
906 1658 1113 1715 autem,
1147 1651 1192 1705 si
1250 1654 1443 1706 navale
1478 1655 1723 1723 prmlium
1754 1656 1983 1722 faciens,
2019 1657 2106 1712 vel

520 1759 689 1799 naves
721 1744 957 1799 hostium
986 1758 1297 1812 compares,
1354 1744 1437 1798 vel
1486 1746 1626 1800 alias
1661 1760 1829 1800 naves
1887 1746 1953 1802 iis
1983 1763 2106 1817 per-

2206 572 2316 637 ζῶν
2341 571 2873 645 διαηορπισθέντων
2908 573 3004 627 καὶ
3038 571 3146 625 ὑπὸ
3191 570 3599 643 καόαλλαρίων
3633 570 3843 627 διωκο-

2211 660 2411 730 μένων.

2276 758 2424 823 ρμγ’.
2463 753 2675 824 Ὥσπερ
2721 752 2784 806 τὺ
2835 754 2936 825 ζῇν
2980 753 3152 824 ἡδέως
3196 754 3550 825 ἐπιθυμητδν
3578 796 3598 818 ,
3656 754 3843 819 οὓτως

2204 844 2300 895 καὶ
2334 844 2443 896 τῶν
2477 845 2619 898 κατὰ
2675 844 2913 915 πόλεμον
2974 844 3237 899 κινδύνων
3282 846 3408 909 τοὺς
3468 846 3841 916 στρατω

2206 936 2502 1007 προθύμως
2536 937 2881 1009 ἀπάρχεσθαι
2912 940 3074 1009 χρέος
3104 939 3254 992 ἐστίν
3275 955 3290 969 ·
3321 942 3529 992 ἐκεῖνοι
3572 940 3697 1009 γάρ
3724 943 3837 992 εἱσι

2204 1027 2299 1081 τοῦ
2332 1028 2432 1099 ζῇν
2460 1030 2630 1099 ἡδέως
2670 1032 2719 1085 oi
2756 1030 2945 1086 αἴτιοι.
2978 1033 3113 1085 Τότε
3155 1034 3264 1103 γάρ
3302 1034 3370 1086 τὰ
3401 1032 3839 1103 κατορθώματα

2218 1120 2329 1172 τῶν
2362 1121 2641 1193 πολεμίων
2684 1123 2900 1194 άληθῶς
2927 1123 3280 1192 γινώσκεται,
3315 1126 3491 1194 ἡνίκα
3514 1128 3588 1195 τῇ
3621 1142 3837 1195 καρτε-

2210 1214 2299 1285 ρίᾳ
2323 1215 2430 1268 τῶν
2468 1217 2647 1269 πόνων
2688 1218 3028 1288 ἐμμένωσινο
3063 1218 3235 1272 ταῦτα
3280 1220 3337 1272 δὲ
3385 1218 3452 1271 τὸ
3502 1219 3604 1289 ζῇν

2208 1307 2302 1357 καὶ
2332 1306 2632 1377 εἰρηνεύειν
2661 1307 2771 1360 ἀπὸ
2796 1307 2920 1360 τῶν
2953 1307 3228 1377 πολεμίων
3252 1307 3611 1377 πορίζουσιν.

2281 1397 2423 1466 ρμδ.
2468 1398 2836 1469 Ἀπονώτερον
2873 1398 2962 1452 διὰ
3005 1399 3211 1468 ἐφόδων
3243 1397 3547 1469 ἀγρεύσεις
3588 1396 3696 1451 καὶ
3729 1398 3837 1450 κᾶ-

2211 1503 2346 1557 στρι
2387 1487 2517 1539 ποτὲ
2562 1488 2658 1540 καὶ
2710 1488 2885 1558 χωρία
2942 1488 3053 1541 τῶν
3100 1488 3379 1557 πολεμίων
3412 1488 3509 1541 διὰ
3561 1486 3677 1556 μὲν
3734 1485 3835 1555 τῆς

2210 1578 2404 1649 ξηρᾶς,
2437 1579 2532 1632 ἐὰν
2557 1581 2905 1652 σχηματίσῃς
2934 1582 3062 1643 τοὺς
3096 1581 3220 1644 σοὺς
3246 1580 3602 1650 στρατιώτας
3626 1579 3836 1647 ὁμοίως

2210 1673 2323 1733 τοῖς
2352 1671 2638 1741 ἐγχωρίοις
2670 1686 2685 1701 ο
2734 1672 2824 1725 διὰ
2873 1672 2930 1724 δὲ
2972 1670 3268 1742 θαλάσσης,
3302 1672 3399 1725 ἐάν
3435 1686 3582 1723 ποτε
3613 1686 3835 1740 ναυμσο

2213 1762 2327 1831 χῶν
2382 1762 2598 1833 φθάσῃς
2633 1762 2701 1815 τὰ
2748 1762 2909 1815 πλοῖα
2964 1763 3074 1817 τῶν
3122 1762 3398 1833 πολεμίων
3448 1763 3835 1833 κρατῆσαι,ἢ

522 1836 729 1890 similes
764 1834 956 1898 facias,
987 1843 1040 1890 et
1070 1835 1124 1888 in
1158 1835 1225 1890 iis
1267 1836 1469 1891 milites
1501 1844 1625 1890 tuos
1666 1836 1939 1907 imponas,
1964 1846 2020 1892 et
2044 1838 2111 1893 ad

2231 1855 2384 1924 ἕτερα
2405 1856 2567 1925 ὃμοια
2596 1854 2821 1908 ἐκείνων
2852 1855 3289 1918 κατασκευάσαι,
3319 1856 3413 1909 καὶ
3444 1854 3686 1918 τούτοις
3710 1855 3834 1918 τοὺς

524 1934 726 1980 terram
772 1924 1011 1979 hostium
1053 1940 1179 1979 cum
1229 1924 1338 1983 illis
1376 1928 1743 1996 navigaveris.
1771 1927 1848 1982 lta
1883 1927 2006 1994 fiet,
2057 1939 2119 1983 ut

524 2015 590 2068 ad
619 2031 711 2069 eas
740 2016 898 2086 quasi
930 2018 992 2069 ad
1044 2016 1278 2073 sociales
1311 2034 1478 2075 naves
1518 2019 1706 2076 hostes
1741 2019 2031 2086 accedant,
2057 2031 2112 2078 et

528 2108 746 2163 facilius
773 2110 1087 2180 capiantur.

592 2312 716 2365 Hii.
756 2310 1038 2365 M..teriaut
1066 2312 1164 2367 tibi
1194 2327 1363 2377 nunc,
1389 2321 1445 2368 ct
1482 2313 1641 2383 quasi
1684 2313 1879 2369 silvam
1911 2328 2121 2384 prame-

522 2412 742 2475 ptorum
775 2404 1091 2468 ostendam,
1145 2405 1347 2475 quibus
1388 2414 1647 2459 accurate
1667 2407 1853 2458 omnia
1891 2407 2038 2459 circa
2070 2414 2122 2461 ιο

522 2506 804 2567 gerantur.
840 2496 1113 2550 Accurata
1140 2497 1243 2551 erit
1276 2505 1546 2551 nocturna
1576 2497 1850 2562 custodia,
1875 2506 1930 2551 ct
1955 2512 2123 2551 excu-

524 2590 646 2649 bim,
681 2605 802 2658 quae
852 2588 1120 2643 fossatum
1169 2589 1469 2643 defendunt
1494 2627 1508 2652 ,
1543 2591 1588 2644 si
1638 2590 1865 2651 diseris,
1901 2591 2038 2644 velle
2069 2598 2123 2644 te

522 2680 690 2733 certis
724 2686 779 2733 et
831 2678 1067 2733 diversis
1120 2680 1460 2747 temporibus
1520 2679 1667 2732 faces
1711 2678 2015 2733 accendere
2059 2679 2113 2732 in

524 2774 744 2825 excelso
775 2770 1014 2837 quodam
1042 2777 1097 2821 et
1129 2768 1434 2821 constituto
1466 2769 1610 2832 loco,
1668 2777 1729 2822 ut
1762 2770 2023 2825 custodes
2054 2769 2123 2824 ad

524 2875 973 2929 unamquamque
1005 2858 1179 2912 facem
1225 2867 1596 2924 tuam,contra
1641 2874 1774 2914 suas
1815 2859 1959 2915 faces
1995 2876 2124 2915 sus-

526 2953 722 3006 tollant
776 2963 832 3007 et
882 2951 1305 3006 demonstrent:
1340 2951 1414 3004 ita
1447 2952 1592 3007 enim
1645 2951 1759 3015 fiet,
1808 2959 1867 3005 ιιι
1912 2962 2125 3023 tempus

524 3060 638 3117 quo
691 3045 864 3099 facem
930 3052 1257 3099 ostensurus
1291 3058 1351 3099 es
1399 3044 1740 3114 ignorantes,
1789 3053 1844 3100 et
1886 3046 2111 3101 assidue

522 3144 934 3206 exspectantes,
979 3134 1206 3206 vigilent
1262 3146 1317 3191 et
1350 3134 1643 3205 diligenter
1677 3137 1940 3191 excubias
1990 3152 2121 3193 suas

523 3234 834 3285 observent.
872 3227 969 3283 Sin
1020 3226 1246 3298 quidam
1303 3228 1544 3294 tradent,
1573 3228 1759 3284 statim
1810 3227 2118 3299 deprehen-

524 3326 742 3379 dentur.

597 3416 721 3471 146.
777 3414 1202 3484 Desperatorum
1267 3413 1553 3470 hominum
1596 3430 1809 3487 pugnas
1855 3414 2117 3482 devitarc,

525 3506 813 3578 prudentis
852 3507 1203 3577 imperatoris
1242 3518 1346 3562 est.
1382 3505 1699 3577 Desperatio
1746 3507 1890 3562 enim
1924 3524 2120 3565 neces-

526 3601 692 3654 sitate
743 3598 981 3669 quadam
1043 3598 1378 3669 impellente,
1430 3599 1833 3655 audacissimos
1879 3598 2119 3656 fortissi-

526 3706 758 3763 mosque
787 3692 987 3747 milites
1021 3689 1172 3747 facit.
1212 3689 1532 3763 Desperatio
1562 3700 1746 3745 autem
1778 3691 2123 3757 est,quando

526 3787 651 3856 quis
690 3786 887 3840 salutis
940 3785 1120 3838 locum
1183 3785 1396 3837 nullmn
1445 3783 1754 3845 inveniens.
1788 3784 1839 3836 in
1901 3784 2112 3837 hostem

526 3879 659 3942 ruit,
693 3889 746 3931 et
768 3877 851 3931 vel
887 3878 1109 3932 vincere
1137 3877 1365 3946 cogitat,
1402 3876 1484 3929 vel
1520 3875 1679 3929 tnori.
1718 3874 1774 3928 Si
1808 3886 1986 3930 castra
2019 3890 2116 3944 po-

528 3969 707 4025 sueris
740 3979 931 4022 contra
966 3968 1177 4030 hostes,
1207 3975 1262 4020 et
1294 3974 1492 4021 ventus
1526 3966 1747 4021 illorum
1788 3977 1968 4022 castra
1996 3982 2121 4021 verr-

529 4074 626 4115 sus
650 4060 843 4130 spirat,
899 4056 1253 4112 incendendae
1292 4064 1505 4125 segetes
1561 4070 1818 4126 agrorum
1868 4064 2021 4122 sunt,
2054 4065 2118 4110 ιιι

526 4150 744 4207 ﬂamma
779 4148 844 4204 ad
878 4148 1003 4205 illos
1048 4147 1282 4218 perlata,
1312 4146 1366 4200 in
1405 4146 1589 4216 fugam
1621 4146 2014 4216 conjiciantur.

599 4335 723 4390 H7.
780 4331 1013 4401 Quando
1066 4331 1120 4387 iu
1160 4330 1436 4402 regionem
1474 4328 1715 4384 hostium
1749 4326 2120 4382 incursionem

529 4428 781 4483 facturus
808 4429 904 4489 sis,
930 4426 1075 4481 circa
1116 4425 1298 4479 lunteu
1339 4423 1572 4479 insidias
1596 4422 1846 4477 diversas
1891 4422 2122 4479 diversis

2225 1944 2352 2007 σοὺς
2384 1945 2725 2015 στρατιώτας
2747 1947 3070 2016 ἐμϐιϐάσαι,
3093 1949 3190 2001 καὶ
3212 1950 3279 2018 τῇ
3309 1951 3381 2018 γῇ
3402 1948 3521 2001 τῶν
3539 1948 3835 2017 πολεμίοιν

2224 2037 2322 2089 σὺν
2356 2032 2546 2102 αὑταῖς
2569 2038 2972 2094 καταπλεῦσαι.
3003 2040 3195 2104 Οὕτως
3223 2041 3329 2111 γὰρ
3355 2040 3431 2103 ὼς
3457 2040 3688 2108 φιλίαις
3714 2040 3837 2101 ταῖς

2223 2128 2386 2181 ναυσὶ
2417 2130 2753 2199 προσχόντες
2797 2133 2845 2183 oi
2893 2131 3126 2184 ἐναντίοι
3159 2131 3220 2184 οῦ
3252 2130 3571 2200 φεύξονται,
3608 2135 3712 2185 καὶ
3741 2133 3834 2182 εὖ·

2223 2220 2350 2292 χερέ
2360 2237 2549 2291 στερον
2583 2222 2986 2293 άλωθήσονται.

2298 2309 2438 2381 ρμε’.
2468 2311 2643 2383 ”Υλην
2681 2314 2998 2384 ἀγρυπνίας
3036 2332 3118 2368 σοι
3151 2316 3509 2387 διηγήσομαι.
3561 2316 3836 2387 Ἀκριῦὴς

2224 2404 2331 2471 γὰρ
2359 2404 2425 2456 ἂν
2442 2405 2650 2473 γένοιτο
2684 2408 2777 2458 καὶ
2806 2407 3080 2478 πάννυχος
3109 2408 3507 2479 παραφυλακή,
3554 2408 3677 2461 εἴτε
3712 2424 3837 2477 qua

2226 2492 2391 2545 σάτου
2421 2493 2525 2545 ὑπὸ
2555 2493 2747 2564 βίγλας
2773 2496 3201 2566 φυλαττομένου,
3227 2496 3469 2568 ὲάνεῐπῃ
3482 2516 3527 2563 :,
3552 2499 3646 2551 ὅτι
3684 2498 3836 2553 Μέλ-

2225 2584 2302 2637 λω
2329 2585 2469 2639 κατά
2498 2586 2788 2657 διαφόρους
2822 2586 2916 2651 οὓς
2948 2588 3085 2642 οὲλω
3121 2591 3349 2661 καιροὺς
3378 2590 3659 2643 ἀνάπτειν
3687 2591 3831 2660 lay.-

2230 2677 2449 2747 πτῆρας
2484 2680 2564 2742 είς
2596 2679 2747 2732 τόνδε
2795 2680 2889 2733 τὸν
2938 2681 3232 2750 περίοπτον
3280 2682 3467 2744 τόπον,
3514 2684 3605 2735 ἵνα
3637 2684 3731 2735 καὶ
3777 2686 3831 2737 οἱ

2228 2766 2469 2836 φύλακες
2502 2770 2637 2840 πρὸς
2666 2770 2899 2825 ἕκαστον
2948 2772 3061 2827 τῶν
3113 2773 3265 2844 παρά
3328 2773 3426 2827 σοῦ
3478 2775 3832 2847 λαμπτήρων

2227 2860 2559 2930 ἀντανέχωσι
2584 2864 2677 2916 καὶ
2704 2863 3023 2918 δεικνύωσιν
3054 2865 3216 2929 ίδίους
3256 2866 3615 2936 λαμπτῆραςο
3646 2868 3827 2931 οὕτως

2228 2951 2335 3024 γὰρ
2361 2952 2460 3023 τὴν
2487 2953 2639 3025 ὥραν
2679 2956 2781 3025 τῆς
2817 2957 2917 3026 σῆς
2951 2956 3319 3026 ἀναλάμψεως
3349 2958 3686 3027 ἀγνοοῦντες
3734 2962 3831 3012 καὶ

2228 3041 2570 3114 ἐκδεχόμενοι
2587 3044 2684 3099 διά
2716 3046 2916 3109 παντὸς
2956 3048 3411 3118 ἐγρηγορήσουσι,
3441 3049 3537 3101 καὶ
3571 3050 3829 3102 ἀποσκοο

2229 3136 2339 3207 πὴν
2369 3137 2466 3201 τάς
2501 3136 2691 3207 βίγλας
2719 3137 2898 3191 αὐτῶν
2931 3138 3465 3208 παρασκευάσουσιν.
3494 3140 3638 3209 ξΕὶδέ
3676 3157 3831 3204 τινες

2227 3228 2617 3299 ὑστερήσουσιν
2648 3230 2760 3300 (45)
2794 3229 3000 3294 εὐθέως
3028 3230 3446 3302 γνωσθήσονται.

2303 3418 2461 3483 ρμς’.
2488 3412 2562 3467 Tb
2590 3412 2959 3483 φυλάσσεσθαι
2988 3413 3086 3478 τὰς
3134 3412 3193 3481 ἐξ
3218 3411 3456 3476 άπονοὶας
3485 3412 3671 3483 μάχας
3698 3410 3831 3470 τῶν

2224 3504 2500 3576 πολεμίων
2533 3506 2823 3578 ὲχέφρονός
2849 3508 2966 3559 ἐστι
2989 3506 3323 3577 στρατηγοῦ.
3359 3505 3423 3559 Ἦ
3450 3508 3558 3577 γάρ
3582 3509 3833 3563 ἀπόνοια

2221 3597 2325 3667 τὴν
2357 3598 2606 3667 ἀνάγκην
2670 3597 2869 3667 ἔχουσα
2932 3598 3406 3670 παροτρύνουσαν,
3442 3598 3833 3668 Θρασυτάτους

2222 3689 2317 3741 καὶ
2356 3688 2639 3759 ἀνδρείους
2685 3690 2813 3753 τοὺς
2856 3690 3198 3760 μαχομένους
3255 3693 3420 3744 ποιεῖ.
3465 3691 3733 3745 Ἀπόνοια
3773 3693 3831 3745 δέ

2222 3781 2396 3845 ἐστιν,
2430 3783 2559 3835 ὅταν
2585 3799 2669 3844 τις
2695 3783 2971 3855 σωτηρίας
2990 3782 3182 3836 ἐλπίδα
3215 3784 3398 3855 εὑρεῖν
3424 3783 3500 3854 μὴ
3524 3784 3830 3855 δυνάμενος

2222 3873 2383 3943 ἐνστῇ
2417 3873 2553 3945 πρὸς
2595 3873 2688 3926 τὸν
2728 3874 2993 3937 ἐναντίον,
3038 3874 3178 3928 ὥστε
3222 3876 3256 3946 ἦ
3288 3875 3513 3945 νικῆσαι
3543 3878 3577 3949 ἢ
3613 3878 3826 3932 ἀποθα-

2224 3966 2358 4017 νεῖν.
2408 3964 2537 4018 Ἐὰν
2584 3965 2642 4019 δὲ
2686 3966 3125 4041 στρατοπεδεύῃς
3174 3969 3461 4022 κατέναντι
3524 3969 3825 4040 πολεμίων,

2223 4056 2317 4110 καὶ
2369 4059 2398 4110 ό
2444 4057 2644 4127 ἄνεμός
2696 4061 2813 4111 ἐστι
2877 4059 3014 4130 πρὸς
3054 4061 3254 4124 αὐτοὺς
3288 4061 3695 4132 ἐπερχόμενος,
3727 4064 3823 4133 ἐμ-

2223 4147 2420 4219 πύριζε
2452 4150 2542 4203 τὸν
2568 4150 2677 4203 ἀπὸ
2712 4150 2811 4220 τῆς
2844 4150 2949 4219 γῆς
2979 4151 3287 4219 ἀναφυέντα
3315 4152 3533 4221 χόρτον,
3578 4154 3670 4206 ἴνα
3695 4154 3826 4224 πρὸς

2222 4237 2422 4301 αὐτοὺς
2451 4240 2820 4311 ἐπερχόμενον
2849 4241 2911 4293 τὸ
2944 4240 3054 4311 πῦρ
3095 4242 3304 4312 τροπῆς
3352 4240 3532 4295 αἴτιον
3570 4244 3825 4312 γένηται.

2300 4330 2451 4403 ρμζὀ
2486 4332 2658 4385 Ὅταν
2686 4333 2888 4404 μέλλῃς
2920 4334 3063 4387 κατὰ
3092 4334 3295 4404 χωρίου
3327 4333 3473 4397 τινὸς
3508 4334 3624 4387 τῶν
3663 4336 3824 4388 πολε-

2229 4426 2371 4495 μίων
2407 4424 2598 4493 ἔφοδον
2631 4427 2925 4492 ποιεῖσθαι,
2964 4427 3093 4497 περὶ
3135 4427 3196 4480 τὸ
3245 4426 3413 4494 αὒγος
3448 4427 3828 4499 ἐγκρύμματα

529 4521 586 4574 in
614 4521 752 4575 locis
797 4519 1067 4574 collocato
1114 4535 1127 4572 :
1166 4517 1239 4571 ita
1288 4516 1432 4571 enim
1462 4514 1697 4570 divorsis
1735 4514 1871 4569 locis
1917 4514 1971 4567 itt
2004 4514 2113 4569 illos

2234 4518 2469 4589 διάφορα
2499 4517 2634 4573 ἄλλα
2665 4518 2900 4589 ἀλλαχοῦ
2953 4520 3297 4590 κατάστησον
3343 4519 3432 4573 διὰ
3474 4520 3577 4590 τῆς
3602 4522 3822 4585 νυκτός·

529 4614 745 4669 irruens
773 4611 1148 4668 vehementius
1201 4608 1579 4674 conturbabis,
1626 4617 1679 4663 et
1726 4607 2006 4677 dispersos
2037 4622 2113 4662 co:

2233 4610 2406 4675 οὕτως
2438 4612 2547 4683 γὰρ
2571 4611 2845 4683 διαφόρως
2892 4612 3235 4683 προσϐαλὼν,
3265 4615 3356 4666 καὶ
3383 4612 3549 4665 πλέον
3586 4613 3826 4683 00906:}-

530 4708 747 4765 facilius
767 4709 973 4778 capies.
998 4705 1111 4760 Hoc
1134 4712 1402 4774 prmterea
1432 4702 1530 4756 tibi
1564 4700 1992 4773 prmcipiendum
2023 4708 2127 4762 cst,

530 4812 588 4857 ut
625 4799 941 4872 hujusmodi
996 4813 1097 4854 nec
1129 4796 1370 4867 opinatis
1425 4796 1845 4850 incursionibus
1890 4792 2129 4849 tribulos

529 4895 740 4952 ferreos
765 4903 927 4949 noctu
992 4891 1201 4945 circum
1252 4887 1522 4956 eonjicies
1552 4926 1567 4951 ,
1615 4894 1670 4941 et
1696 4885 1910 4955 pedites
1940 4884 2025 4938 tui
2057 4884 2127 4938 li-

530 5004 699 5059 gneos
733 5001 925 5041 saccos
958 4984 1077 5038 vice
1111 4981 1247 5037 corii
1278 4980 1588 5035 calceorum
1623 4977 1879 5031 habeant.
1928 4974 2002 5029 Ita
2034 4975 2127 5031 fiet

533 5088 615 5144 ut,
642 5080 689 5136 si
717 5079 809 5151 qui
844 5097 910 5133 cx
940 5076 1195 5134 hostibus
1235 5072 1474 5143 pedites,
1507 5079 1599 5125 aut
1624 5070 1861 5139 equites,
1894 5067 2125 5138 rejiccre

529 5170 764 5227 tribulos
796 5170 1090 5235 voluerint,
1119 5166 1280 5221 facile
1335 5163 1755 5236 prohibeantur,
1796 5167 1852 5216 et
1912 5160 2125 5231 pedites

529 5266 605 5318 tui
638 5263 872 5319 oliieium
900 5278 1057 5319 stttttn
1089 5260 1311 5315 faciant.

2237 4716 2360 4774 σῃς,
2384 4702 2481 4754 καὶ
2509 4700 2944 4773 διεσπαρμένους
3003 4701 3345 4765 ἐπισυνάξεις
3371 4702 3498 4764 τοὺς
3528 4701 3827 4771 ἁλισκομέ-

2231 4810 2378 4857 νους.
2430 4792 2542 4845 Καὶ
2594 4792 2753 4846 τοῦτο
2793 4793 2849 4845 δέ
2901 4809 2983 4845 σοι
3034 4791 3390 4863 προστίθημι,
3447 4792 3535 4844 ενα
3590 4794 3654 4846 ἐν
3710 4796 3825 4855 ταῖς

2231 4885 2511 4947 τοιαύταις
2550 4883 2694 4937 κατὰ
2728 4882 2912 4956 χώρας
2953 4884 3241 4956 ἀδοκήτοις
3285 4882 3609 4937 ἐπελεύσεσι
3639 4884 3825 4956 τριὸόο

2232 4972 2357 5037 λους
2389 4972 2646 5043 σιδηροῦς
2683 4973 2877 5036 νυκτὸς
2931 4972 3222 5045 διαρίπτῃς
3263 4975 3322 5026 ἐν
3360 4973 3568 5040 κύκλῳ,
3602 4973 3736 5036 τοὺς
3772 4974 3825 5025 δέ

2234 5065 2438 5130 πεζοὺς
2483 5063 2578 5118 τοῦ
2634 5063 2727 5117 σοῦ
2781 5064 3194 5134 στρατεύματος
3243 5065 3576 5135 προστάξεις
3626 5066 3827 5134 στερεά

2234 5160 2356 5230 ἦτοι
2383 5157 2572 5225 ξύλινα
2610 5157 2732 5227 ἴχνη
2779 5158 2902 5211 ἀντὶ
2942 5159 3309 5229 κασσυμάτων
3340 5158 3485 5228 ἐχειν
3514 5158 3588 5211 τὰ
3620 5158 3829 5228 ὑποδή-

2236 5268 2402 5321 ματα.
2438 5248 2625 5312 Οῦτως
2646 5248 2777 5319 γάρ,
2808 5248 2905 5303 ἐὰν
2932 5248 3025 5302 καί
3046 5266 3191 5312 τινες
3224 5249 3614 5322 βουληθῶσινῆ
3652 5249 3825 5314 πεζοὶ,

530 5358 945 5429 ἢκασαλλάριοι
976 5358 1287 5431 ἀμύνασθαι
1315 5358 1427 5420 τοῖς
1463 5353 1732 5428 τριϐόλοις
1778 5351 2113 5424 ἐμπεσόντες
2156 5351 2590 5421 κωλυθήσονται,
2638 5348 2689 5400 oi
2728 5347 2785 5401 δὲ
2820 5348 2977 5412 πεζοὶ
3008 5348 3069 5402 τὸ
3098 5351 3299 5402 οἰκεῖον
3365 5348 3531 5418 ἔργον
3589 5348 3826 5403 ἀνύσσαι-

532 5465 639 5507 σιν.

606 5545 729 5600 148.
759 5546 1006 5603 Pretiosa
1054 5562 1145 5601 res
1183 5555 1269 5601 est
1314 5542 1676 5616 temperantia
1708 5549 1823 5597 tum
1883 5542 2119 5612 impera-

536 5634 663 5698 tori,
696 5645 812 5692 tum
843 5639 1111 5695 exercitui
1140 5679 1155 5703 ,
1192 5647 1444 5711 stuprum
1493 5646 1684 5693 contra
1732 5635 2106 5707 perniciosum

2303 5535 2452 5610 ρμη’.
2493 5535 2698 5605 Κτῆμα
2744 5531 2925 5602 τίμιον
2962 5532 2994 5601 ἠ
3032 5529 3352 5601 σωφροσύνη
3385 5530 3481 5584 καὶ
3528 5530 3831 5601 στρατηγῷ

2222 5631 2314 5686 καὶ
2370 5625 2766 5702 στρατεύματι,
2823 5622 3013 5695 ὥσπερ
3062 5624 3094 5696 ἠ
3149 5622 3373 5693 πορνεία
3433 5620 3686 5677 ἐναντίον
3735 5626 3829 5675 καὶ

2037 5726 2272 5785 NOTAE.

601 5822 715 5901 (L5)
768 5819 1258 5892 Ὑστερήσουσιν.
1297 5823 1679 5894 Scribebatur,
1711 5820 2121 5895 ὑστερήσουσ...
