3964 6206
202 395 225 460 1
238 395 346 461 053

1325 389 1654 451 ΤΑΟΤΙΟΑ.
1690 418 1755 428 —-
1796 392 2298 456 CONSTITUTIO
2346 394 2472 458 XX.

3324 398 3459 463 105i

198 505 463 577 ὀλέθριον.
497 500 608 555 Καὶ
642 498 871 571 μάλιστα
906 499 963 552 ἐν
998 498 1357 570 αἰχμαλωτίσι
1398 499 1616 568 γψαιξὶ
1648 515 1789 568 γινο-

1905 510 1947 557 at
2004 500 2252 570 fomlam,
2317 504 2656 574 captivarum
2717 504 3083 574 potissimum.
3147 504 3324 575 Hujus
3380 510 3461 564 rei

201 597 365 668 μένη,
393 595 488 647 καὶ
511 594 780 665 μαρτυρεῖ
794 592 861 645 τά
884 591 1023 645 κατά
1043 593 1136 644 τὸν
1153 590 1339 654 Φινεὶς
1361 592 1440 652 είς
1458 590 1556 660 τὴν
1572 590 1782 644 Μαδια-

199 684 375 738 νίτιδα
404 686 640 752 γυναῖκα
685 683 780 737 καὶ
808 684 898 737 τδν
927 682 1158 752 Ζαμῦρῆ
1188 681 1470 750 γεγονότα.
1498 682 1645 745 Mla;
1674 680 1785 750 γὰρ

198 777 462 845 γυναικὸς
491 776 837 847 αἰχμαλώτου
894 775 1123 847 πορνεία
1170 773 1291 828 ὅλον
1331 774 1392 827 τὸ
1423 774 1783 841 στρατόπεδον

199 870 309 922 τῶν
330 870 693 938 νενικηκότων
714 868 910 938 μικροῦ
933 867 1311 939 διέφθειρεν,εί
1342 866 1416 935 μὴ
1446 864 1575 935 ἔστη
1600 866 1782 927 Φινεὲς

200 960 299 1014 καὶ
327 962 660 1029 ὲκκεντήσας
710 960 838 1022 τοὺς
873 959 1285 1029 ἁμαρτάνοντας
1319 956 1416 1009 καὶ
1462 956 1781 1019 θανατώσας

202 1051 506 1115 ὲξιλάσατο.
550 1051 659 1103 Καὶ
708 1049 975 1103 ἐκόπασεν
1020 1052 1053 1121 ή
1089 1047 1337 1119 θραῦσις,
1380 1046 1476 1100 καὶ
1520 1046 1776 1116 ἐλογίσθη

202 1142 354 1213 αὐτῷ
381 1144 462 1206 εἰς
497 1140 864 1211 δικαιοσύνην.

279 1234 421 1306 ρμθ’.
474 1235 692 1304 Ῥώμην
722 1234 971 1303 ἐνθήσεις
997 1234 1110 1295 τοῖς
1142 1233 1501 1304 στρατιώταις
1543 1232 1601 1285 ὲν
1638 1232 1782 1303 ήμέ-

208 1343 278 1397 ρα
317 1326 582 1395 πολέμου,
632 1325 727 1378 ἐὰν
761 1325 1063 1391 ἐξαναστάς
1093 1325 1262 1379 ἕωθεν
1292 1324 1370 1387 ὡς
1399 1325 1508 1378 ἀπὸ
1536 1323 1671 1376 Θεοῦ
1700 1341 1783 1377 σοι

204 1417 439 1486 ὀφθέντα
469 1416 675 1487 ὄνειρον
716 1415 1077 1487 ἐπιφημίσῃς,
1119 1416 1152 1490 ἢ
1194 1416 1269 1479 ὼς
1307 1416 1415 1469 ἀπό
1449 1432 1594 1478 τινος
1622 1414 1785 1483 ἁγίας

205 1507 490 1576 δυνάμεως
517 1505 930 1577 προτρεπούσης
950 1506 1197 1559 ἐπελθεῖν
1217 1506 1358 1560 κατὰ
1378 1504 1488 1562 τῶν
1511 1506 1787 1576 πολεμίων

207 1598 305 1652 καὶ
339 1597 693 1667 ἐπιφανείσης
719 1615 800 1651 σοι
825 1598 962 1667 πρὸς
993 1599 1327 1669 συμμαχίαν.

280 1697 378 1761 ρνν.
422 1690 557 1742 Ἀπὸ
608 1689 907 1759 χρημάτων
961 1689 1216 1753 πολλάκις
1245 1690 1340 1741 καὶ
1382 1689 1511 1742 ἄνευ
1545 1684 1786 1756 πολέμου

208 1772 582 1843 κατορθώσεις
609 1774 751 1828 κατά
783 1774 1057 1845 πολεμίων
1088 1791 1181 1827 σου
1210 1776 1387 1842 νίκην,
1424 1776 1552 1827 ὅταν
1585 1774 1789 1843 ἐτέρων

209 1867 491 1938 πολεμίων
533 1868 716 1930 αὐτοῖς
767 1884 871 1921 που
933 1865 1359 1938 παρακειμένων
1387 1864 1613 1927 τούτους
1653 1865 1791 1935 χρή-

213 1973 349 2025 μασι
385 1955 578 2019 πείσας
606 1955 865 2026 πολεμεῖν
893 1955 1007 2019 τοῖς
1061 1956 1174 2017 σοῖς
1218 1952 1484 2016 ἔναντίοις
1517 1953 1787 2022 ποιήσεις.

214 2048 283 2099 Ἦ
324 2047 436 2117 γάρ
464 2046 726 2116 ἀλλήλους
765 2046 1079 2116 φθεροῠσιν,
1118 2048 1151 2120 ᾖ
1197 2047 1258 2099 τὸ
1286 2045 1343 2097 ἓν
1375 2043 1538 2116 μέρος
1568 2044 1793 2113 ἐπικρα-

208 2136 385 2206 τήσει,
420 2136 647 2198 πολλοὺς
678 2135 933 2206 ἀρίστους
962 2135 1234 2189 ἀποσαλον
1289 2135 1348 2187 ὲν
1402 2131 1481 2202 τῷ
1521 2132 1662 2185 κατὰ
1692 2130 1792 2203 τὴν

215 2224 396 2293 μάχην
422 2222 614 2291 ἀγῶνι.
650 2224 758 2276 Καὶ
791 2225 900 2293 γάρ
944 2223 1053 2275 τῶν
1086 2223 1255 2293 ἄμφω
1303 2220 1578 2291 πολεμίων
1620 2221 1792 2286 οὕτως

211 2313 617 2384 ἡλασσωμένων
662 2312 798 2385 ὁμοῦ
838 2312 1053 2387 ἀπαθὴς
1100 2314 1265 2378 αὐτὸς
1306 2314 1401 2367 καὶ
1444 2311 1794 2384 ἰσχυρότερος

212 2405 442 2460 ἐκείνων
469 2406 857 2477 άναδειχθήσῃ.

284 2494 421 2566 ρνα’.
456 2495 581 2561 Τοίς
636 2497 980 2567 βουλομένοις
1015 2498 1208 2569 βιαίως
1257 2500 1315 2552 ὲν
1344 2498 1523 2569 καιρῷ
1553 2499 1791 2569 πολέμου

212 2588 314 2658 τὴν
364 2587 461 2659 σὴν
509 2587 816 2658 παράταξιν
868 2588 1177 2660 διαρρῆξαι,
1217 2590 1309 2642 καὶ
1342 2589 1601 2653 διεκθεῖν,
1627 2591 1794 2645 δίοδον

214 2679 477 2743 ἑκουσίως
522 2678 750 2749 πάρεχε,
785 2679 878 2731 καὶ
911 2679 1050 2747 μετὰ
1075 2679 1247 2734 ταῦτα
1300 2680 1650 2750 ὲπίστρεψον,
1699 2683 1795 2735 καὶ

217 2771 405 2841 ὥσπερ
433 2770 691 2839 φεύγουσι
749 2770 891 2823 κατὰ
922 2768 1088 2823 νώτου
1137 2770 1417 2835 ἐπιτεθεὶς
1449 2772 1651 2842 ῥᾳδίως
1696 2789 1795 2825 κα-

218 2862 439 2928 σαδιώξε
449 2880 495 2922 ις
531 2860 748 2924 αὐτούς.

280 2952 425 3024 λρνβκ
453 2953 615 3005 ’Ὥστε
644 2951 719 3021 μὴ
746 2950 911 3019 φόϐον
944 2949 1260 3016 εἰσάγεσθαι
1288 2951 1368 3015 εἰς
1394 2954 1457 3004 τὸ
1489 2954 1794 3022 στρατόπε-

219 3046 308 3098 δον
334 3044 423 3097 διά
460 3043 585 3105 τοὺς
642 3040 885 3112 ἀκαίρως
928 3039 1409 3104 λιποτακτοῦντας,
1439 3040 1653 3109 ταχέως
1690 3041 1795 3092 αὐ-

1862 596 2267 650 .testitnonium
2320 596 2416 651 dat
2452 595 2691 652 Phincos
2739 596 2963 661 factum,
2992 596 3140 667 quod
3176 598 3229 651 in
3260 599 3467 655 Madia«

1889 685 2114 740 nitidem
2140 696 2193 742 et
2245 685 2477 742 Zambre
2527 689 2820 757 suscepit:
2858 688 3019 742 unius
3055 690 3201 743 enim
3253 689 3468 746 l'eininaa

1888 784 2113 851 captivae
2172 782 2554 851 constupratio
2626 782 2888 836 victorem
2977 782 3276 836 exercitum
3332 798 3468 852 pene

1888 874 2201 939 delevisset,
2243 875 2351 928 nisi
2382 876 2625 929 stetisset
2662 873 2915 941 Phinees,
2952 882 3005 928 et
3032 884 3323 943 utrumque
3348 888 3469 943 pce-

1887 974 2127 1021 catorem
2153 966 2559 1033 transfodisset,
2584 975 2640 1021 et
2666 967 2887 1021 illorum
2929 976 3102 1021 morte
3160 966 3325 1020 Deum
3351 966 3469 1034 pla-

1884 1064 2084 1113 casset.
2114 1055 2300 1127 Itaque
2327 1057 2566 1113 cessavit
2593 1058 2771 1129 plaga,
2807 1066 2862 1112 et
2893 1056 3140 1111 habitum
3193 1064 3277 1112 est
3308 1056 3358 1111 ei
3401 1057 3469 1112 ad

1877 1145 2175 1216 justitiam.

1953 1234 2078 1290 M9.
2112 1236 2464 1293 Alacritatem
2493 1239 2560 1293 ad
2609 1254 2845 1310 pugnam
2887 1240 3158 1297 militibus
3195 1245 3469 1311 attuleris,

1884 1325 1928 1379 si
1953 1325 2073 1396 ipso
2100 1327 2223 1381 belli
2244 1328 2335 1381 die
2367 1344 2523 1383 mane
2546 1344 2905 1409 consurgens,
2936 1331 3271 1387 insomnium
3297 1338 3473 1404 quod-

1884 1415 2010 1469 dam
2050 1417 2320 1475 divinitus
2354 1420 2453 1474 tibi
2504 1422 2810 1477 immissum
2853 1439 2976 1479 esse
3029 1425 3206 1492 dicas,
3242 1429 3387 1501 quod
3421 1439 3474 1486 te

1886 1507 1951 1560 ad
1982 1508 2317 1565 invadendos
2351 1511 2538 1566 hostes
2563 1514 2754 1567 incitet
2778 1552 2794 1579 ,
2829 1523 2882 1568 et
2905 1516 3168 1571 auxilium
3199 1520 3471 1589 quoddam

1893 1596 1960 1650 ad
1994 1601 2347 1670 pugnandum
2378 1603 2473 1657 tibi
2509 1615 2795 1660 monstret.

1967 1689 2089 1743 150.
2143 1689 2383 1746 Pecunia
2437 1709 2601 1763 smpe,
2647 1696 2767 1751 sine
2814 1697 3023 1767 przelio,
3076 1702 3360 1761 victoriam
3406 1707 3476 1763 de

1897 1779 2147 1836 hostibus
2171 1784 2499 1851 reportabis.
2522 1783 2623 1839 Ubi
2646 1786 2735 1840 alii
2771 1787 2957 1843 hostes
2982 1790 3087 1846 illis
3129 1794 3472 1862 immineant,

1890 1883 1984 1924 eos
2018 1872 2247 1940 pecunia
2286 1880 2377 1927 tua
2414 1875 2677 1939 adduces,
2721 1885 2777 1931 ut
2815 1878 3016 1935 bellum
3055 1883 3161 1939 illis
3187 1885 3426 1941 inferant
3457 1929 3473 1949 .

1891 1959 1977 2014 vel
2009 1960 2155 2014 enim
2185 1977 2246 2017 se
2272 1970 2464 2018 mutuo
2492 1966 2806 2033 vasmbunt,
2836 1968 2921 2022 vel
2949 1971 3120 2026 altera
3156 1989 3282 2042 pars
3306 1990 3475 2046 supe-

1892 2050 2069 2105 riores
2128 2052 2352 2107 habebit
2387 2093 2402 2115 .
2442 2055 2627 2123 praelio
2684 2052 2808 2111 cum
2854 2060 3025 2116 altera
3077 2062 3370 2130 dimicans,
3423 2074 3478 2122 et

1893 2138 2097 2194 multos
2123 2147 2304 2195 tamen
2327 2157 2394 2197 ex
2458 2143 2574 2199 suis
2624 2145 2853 2201 amittet.
2890 2147 3146 2220 Utrisque
3200 2152 3366 2220 igitur
3393 2155 3477 2210 sic

1894 2228 2224 2295 inuninutis,
2259 2242 2315 2287 tu
2360 2236 2608 2291 omnium
2662 2237 2935 2293 malorum
2963 2255 3191 2307 vacuus,
3225 2244 3334 2298 illis
3363 2244 3479 2300 for-

1894 2320 2003 2374 tior
2032 2322 2423 2396 robustiorque
2452 2327 2581 2382 eris.

1968 2492 2088 2546 151.
2120 2490 2177 2547 Si
2208 2493 2302 2564 qui
2334 2495 2513 2559 aciem
2544 2505 2691 2554 tuam
2724 2508 2969 2572 tempore
3014 2504 3186 2574 praelii
3233 2523 3483 2578 perrum.

1895 2597 2022 2652 pere
2054 2585 2266 2652 volunt,
2327 2590 2621 2645 transitum
2673 2592 2780 2647 illis
2833 2595 3068 2650 liberum
3099 2598 3250 2664 dato,
3292 2610 3346 2655 et
3384 2601 3479 2656 ubi

1898 2674 2240 2742 transierint,
2286 2687 2496 2749 alergo
2550 2683 2708 2750 quasi
2768 2684 3029 2755 fugitivos
3058 2690 3368 2759 adoriaris,
3424 2700 3480 2748 ει

1894 2762 2057 2820 facile
2089 2767 2274 2835 capies
2300 2783 2415 2822 eos.

1967 2943 2090 2998 152.
2133 2942 2202 2998 Ut
2247 2948 2431 3003 nullus
2484 2948 2648 3003 timor
2671 2953 2966 3008 exercitum
3020 2965 3169 3011 tuum
3225 2962 3484 3029 pervadat

1848 3048 1851 3055 ‘
1898 3047 1994 3100 per
2024 3049 2120 3087 eos
2154 3037 2246 3104 qui
2288 3039 2461 3092 aciem
2486 3039 2766 3106 deserunt,
2807 3046 3060 3100 celeriter
3097 3049 3219 3103 illos
3248 3068 3314 3106 ex
3364 3057 3483 3111 acie

220 3137 347 3199 τοὺς
375 3135 471 3188 καὶ
502 3134 781 3204 συντόμως
814 3130 1164 3202 ἀποχωρίσας
1194 3130 1293 3199 τῆς
1342 3131 1707 3201 παρατάξεως
1739 3132 1792 3184 ὲν

1905 3133 1996 3183 tua
2036 3141 2312 3193 amoveas,
2344 3138 2510 3199 atque
2534 3130 2601 3185 ad
2634 3132 2772 3186 alios
2804 3148 2940 3189 usus
2980 3139 3300 3198 transferas.

221 3226 437 3297 ἑτέραις
468 3224 677 3297 χρείαις
706 3223 1073 3294 κατάστησον.

294 3315 432 3389 ρνγ’.
470 3315 655 3386 Ῥώμη
690 3313 999 3386 στρατηγοῦ
1026 3314 1184 3385 χερσὶ
1217 3313 1319 3383 μὲν
1352 3312 1802 3384 συμπλεκομένου

222 3408 483 3468 πολλάκις
525 3407 677 3458 οὐδὲν
719 3407 862 3474 μέγα
900 3405 1205 3474 ὠφέλησεν,
1250 3404 1299 3454 εί
1351 3403 1426 3472 μὴ
1465 3404 1574 3471 ἄρα
1603 3402 1804 3473 μικρὸν

223 3502 284 3553 ὲν
333 3496 505 3567 δειλίᾳ
554 3494 785 3566 στρατοῦ
843 3496 1153 3565 ἐπιρρῶσαι
1201 3492 1425 3555 τούτους
1478 3492 1803 3562 βουλομένου

212 3588 311 3643 διὰ
350 3586 452 3656 τῆς
480 3584 771 3647 κοινωνίας
792 3585 902 3637 τῶν
931 3583 1213 3637 κινδύνωνυ
1249 3582 1507 3645 πεσόντος
1528 3582 1585 3635 δὲ
1612 3582 1679 3634 τά
1714 3580 1806 3651 μέ-

222 3697 386 3748 γιστα
432 3677 685 3747 ἔϐλαψεν.
737 3676 1074 3747 Στρατηγίαι
1118 3675 1177 3728 δὲ
1226 3676 1323 3727 καὶ
1366 3672 1800 3743 ἐπιτηδεύματα,

223 3773 352 3825 ὃταν
388 3767 629 3839 σώζηται
683 3768 775 3820 καὶ
802 3764 1227 3835 διαφυλάττηται
1255 3766 1283 3818 ὁ
1313 3764 1639 3835 στρατηγὸς,
1673 3762 1802 3833 παρ’

222 3858 390 3912 αὐτοῦ
416 3858 698 3927 γινόμενα,
731 3855 974 3926 μεγάλας
1020 3853 1290 3923 ὠφελείας
1345 3857 1405 3907 ὲν
1441 3856 1562 3916 ταῖς
1599 3852 1804 3922 μάχαις

226 3948 605 4003 ἀποτελοῦσιν.

295 4042 426 4112 ρνδ’.
468 4041 714 4113 Πλήθους
750 4040 1051 4111 φαντασίαν
1103 4038 1196 4093 τοῦ
1247 4037 1341 4091 σοῦ
1400 4035 1804 4108 στρατεύματος

229 4135 499 4203 ποιήσεις,
517 4133 630 4201 εῐγε
650 4133 806 4187 τοῦτο
822 4132 1108 4203 βουληθῇς,
1130 4132 1226 4185 ἐὰν
1241 4130 1332 4184 καὶ⁸
1356 4131 1468 4191 τοῖς
1494 4127 1804 4198 ὑποζυγίοις

222 4208 324 4277 ⁵καὶ.
351 4227 461 4288 τοῖς
492 4223 633 4289 δνοις
676 4226 766 4279 καὶ
794 4228 913 4288 ταῖς
953 4224 1136 4295 βουσὶν
1166 4218 1482 4291 ἐποχεῖσθαί
1517 4235 1670 4281 τινας
1702 4234 1804 4272 κα-

230 4318 553 4391 θαλλαρίους
580 4320 827 4390 ποιήσῃς
864 4318 1033 4371 ἐνίοτε
1054 4317 1161 4387 γάρ
1192 4318 1285 4369 καὶ
1312 4314 1468 4367 τοῦτο
1496 4309 1800 4367 ἐπιδεικνύ-

229 4426 389 4483 μενον
426 4413 716 4480 χρήσιμον.
808 4476 813 4481 ἑ

1981 3303 2104 3357 155.
2129 3300 2321 3356 Robur
2350 3300 2697 3370 imperatoris
2727 3316 2924 3358 manus
2964 3304 3018 3358 in
3065 3306 3251 3375 praelia
3282 3325 3480 3367 conse-

1905 3392 2078 3447 rentis
2109 3391 2243 3444 nihil
2272 3399 2363 3442 aut
2403 3404 2596 3458 parum
2636 3389 2876 3459 adjuvat,
2909 3392 3014 3446 nisi
3059 3395 3149 3447 ubi
3180 3399 3480 3454 exercitum

1906 3482 2410 3549 relanguescentem
2440 3479 2685 3535 excitare
2711 3480 2933 3543 iterum,
2962 3490 3017 3538 et
3046 3485 3309 3543 societate
3332 3491 3481 3557 peri-

1906 3573 2158 3627 culorum
2216 3573 2465 3626 animare
2514 3569 2716 3626 studet.
2762 3570 2859 3626 Sin
2918 3573 2975 3627 in
3049 3577 3236 3644 pradio
3292 3580 3478 3647 cadat,

1907 3678 2102 3734 magna
2138 3661 2485 3718 incommoda
2544 3662 2798 3718 universo
2851 3666 3117 3719 exercitui
3157 3668 3477 3729 aﬂeruntur.

1905 3756 2148 3811 Consilia
2178 3764 2382 3821 autem,
2405 3761 2460 3810 et
2487 3755 2627 3808 facta
2657 3753 3033 3823 imperatoria,
3068 3759 3115 3812 si
3171 3771 3480 3829 opportune

1906 3849 2292 3913 adhibeantur,
2333 3846 2569 3899 maxima
2626 3843 2882 3914 praesidia
2912 3846 3167 3903 universo
3213 3852 3478 3907 exercitui

1907 3948 2216 4013 apportant.

1977 4033 2101 4088 154.
2128 4034 2379 4105 Magnum
2421 4051 2710 4092 numerum
2736 4045 2791 4093 et
2816 4038 3221 4094 multitudinem
3243 4039 3477 4095 militum

1904 4142 2016 4199 pra:
2045 4137 2096 4182 te
2123 4125 2289 4193 feres,
2316 4132 2537 4199 quando
2561 4131 2657 4186 tibi
2682 4132 2785 4187 hoc
2810 4133 3157 4188 commodum
3182 4131 3478 4197 videbitur,

1898 4219 2191 4289 jumeutis,
2220 4220 2415 4286 asinis,
2442 4228 2496 4275 et
2544 4222 2724 4276 bobus
2753 4223 3024 4278 vehantur
3074 4223 3291 4292 quidam
3321 4224 3477 4294 cqui-

1907 4318 2010 4377 tes,
2045 4325 2171 4364 nam
2202 4310 2307 4365 hoc
2338 4310 2395 4365 in
2420 4311 2541 4367 loco
2570 4312 2804 4381 perutile
2834 4321 2939 4368 est.

297 4500 426 4575 ρνε’.
469 4502 694 4565 Ἰκανῶς
733 4498 1099 4569 καταπλήξεις
1124 4497 1251 4559 τοὺς
1286 4494 1579 4565 πολεμίους
1606 4493 1662 4547 ὲν
1693 4511 1792 4548 πα-

1970 4492 2094 4547 155.
2128 4491 2491 4551 Vehementer
2517 4492 2810 4549 admodum
2864 4494 3103 4550 hostium
3166 4496 3333 4551 aciem
3362 4511 3478 4566 per-

229 4597 472 4667 ρατάξει,
519 4596 649 4648 ὅταν
683 4595 811 4655 τοὺς
862 4591 1089 4652 ὁπλίτας
1118 4588 1213 4641 τοῦ
1255 4587 1351 4640 σοῦ
1370 4587 1783 4658 στρατεύματος

226 4686 419 4758 πρῶτα
458 4686 556 4754 μὲν
599 4682 741 4736 κατὰ
778 4682 927 4753 βῆμα
974 4680 1112 4750 μετά
1166 4678 1418 4744 εὐταξίας
1473 4680 1795 4750 προσάγῃς,

226 4777 353 4830 ὃταν
406 4776 464 4828 δὲ
515 4775 716 4828 ἔσωθεν
769 4772 1151 4841 σαγιττοὸόλου
1186 4771 1472 4840 γένωνται,
1514 4772 1637 4823 τότε
1673 4770 1801 4842 δρο-

230 4865 401 4936 μαίως
460 4867 611 4935 μετὰ
658 4864 920 4935 ὀξύτητος
969 4863 1377 4934 συμπλέκεσθαι
1435 4864 1686 4934 ποιήσῃς.
1721 4861 1797 4915 Οὐ

226 4962 334 5031 γὰρ
366 4958 722 5029 βλαϐήσονται
768 4956 872 5010 ὑπὸ
914 4957 1023 5011 τῶν
1052 4958 1422 5028 τοξευομένων
1456 4955 1652 5026 βελῶν,
1703 4953 1799 5007 καὶ

226 5051 452 5114 ἀπαθεῖς
505 5050 618 5120 (46)
686 5048 1085 5119 προσϐαλόντες
1143 5048 1403 5120 τρίψουσι
1454 5048 1578 5109 τοὺς
1643 5048 1799 5099 ἐνανο

225 5141 395 5206 τίους.

294 5232 439 5304 ρνς·’.
500 5235 673 5305 Σοροῦ
730 5234 1038 5307 στρατηγοῦ
1101 5233 1262 5305 ἔργον
1307 5250 1389 5287 σοι
1434 5232 1787 5303 διηγήσομαι⁶

226 5328 353 5381 ποτὲ
409 5326 519 5399 γὰρ
572 5329 1059 5398 παρατασσομένου
1118 5326 1286 5380 αὑτοῦ
1347 5324 1543 5397 βροντὴ
1600 5325 1793 5394 γέγονε

227 5417 438 5489 βαρεῖα,
469 5422 560 5473 καὶ
583 5420 676 5474 τοῦ
713 5421 944 5489 στρατοῦ
970 5418 1134 5473 αὐτοῦ
1161 5420 1216 5473 δὲ
1252 5419 1619 5481 δειλιάσαντος
1651 5418 1790 5489 (47),

226 5507 297 5570 ιίις
338 5511 429 5563 ἐπὶ
459 5510 613 5581 κακῷ
643 5511 824 5572 αὐτοῖς
857 5509 1130 5581 συμϐόλῳ,
1167 5509 1573 5579 άντεπήνεγκεν
1599 5507 1790 5561 εἰπών·

1898 4582 2171 4647 turbabis,
2194 4581 2239 4637 si
2268 4583 2455 4651 copias
2475 4590 2600 4638 tuas
2626 4582 2803 4651 primo
2828 4580 3155 4651 pedetentim
3179 4597 3303 4637 cum
3326 4582 3477 4636 ordi-

1900 4675 1987 4730 nis
2046 4673 2281 4745 quadam
2342 4674 2766 4729 conservatione
2822 4673 3079 4745 progredi
3128 4672 3343 4738 iacias,
3382 4673 3473 4727 ubi

1901 4783 2031 4825 vero
2060 4768 2205 4823 intra
2232 4767 2443 4839 sagittae
2464 4766 2668 4822 factum
2700 4767 2871 4825 fueris
2899 4783 3025 4824 cum
3046 4784 3239 4835 cursu,
3261 4776 3316 4824 et
3339 4768 3472 4823 cele-

1906 4861 2065 4917 ritate
2093 4861 2161 4916 ad
2220 4861 2343 4917 illos
2404 4859 2728 4916 contendas.
2772 4860 2849 4915 lta
2883 4861 2994 4924 ﬂet,
3023 4868 3081 4915 ut
3110 4860 3181 4916 ab
3234 4859 3470 4916 hostiqu

1914 4954 2060 5020 telis,
2087 4962 2142 5009 et
2172 4954 2388 5024 sagittis
2417 4968 2524 5008 non
2573 4953 2810 5019 laedaris,
2840 4961 2893 5008 et
2926 4966 3121 5009 secure
3166 4951 3471 5023 irruptione

1907 5046 2051 5101 facta
2082 5061 2207 5102 eum
2240 5045 2491 5102 hostibus
2513 5045 2797 5117 conﬂigas.

1892 5284 1896 5288 ,
1972 5227 2093 5280 156.
2142 5225 2431 5281 Prudentis
2484 5225 2583 5278 hoc
2609 5230 2695 5277 est
2751 5221 3116 5292 imperatoris,
3150 5222 3194 5279 si
3228 5222 3470 5293 quando,

1902 5317 2048 5388 quod
2079 5333 2223 5387 saepe
2271 5316 2383 5379 ﬁet,
2412 5316 2617 5369 tonitru
2659 5329 2918 5384 magnum
2950 5312 3042 5367 liat
3062 5354 3076 5379 ,
3108 5321 3162 5368 et
3194 5314 3365 5385 copia:
3403 5314 3470 5370 ad

1902 5412 2023 5481 ejus
2046 5410 2292 5464 auditum
2349 5414 2735 5477 expavescant,
2771 5407 2931 5477 quasi
2956 5403 3156 5458 malum
3188 5421 3347 5461 omen
3376 5408 3469 5472 sit,

1902 5513 2094 5560 contra
2128 5500 2324 5557 aﬂ'erre
2356 5500 2595 5556 hostium
2636 5515 2803 5555 causa
2840 5501 2943 5554 hoc
2987 5498 3125 5565 ﬁeri,
3157 5514 3298 5571 quos
3331 5499 3472 5556 Deus

1735 5682 1941 5740 NOTxE
1953 5723 1965 5737 .

298 5782 413 5851 (46)
449 5782 776 5847 Ἀπαθεηάςκ
800 5781 853 5837 ὃς
876 5782 1013 5850 ῐίιηι,
1046 5780 1295 5845 ἀπαθεῖς.

1971 5776 2082 5847 (47)
2115 5775 2564 5842 Δειλιάσαντος.
2599 5772 2976 5838 Scribebatur,
3004 5768 3386 5833 δε...άσαντος.
