3964 6206
206 331 343 394 105⁸7

1294 327 1627 390 TACTICA.
1666 350 1735 362 -
1765 323 2268 387 CONSTITUTIO
2295 326 2421 385 XX.

3335 330 3471 397 1058

198 447 302 499 οὐκ
343 442 602 515 ἔφθασεν,
634 442 666 512 ἢ
699 438 880 493 λαϐὼν
932 438 1238 511 ἠθέτησεν,
1273 438 1473 494 ἐκεῖνοι
1525 439 1581 493 δέ
1629 436 1781 507 φύσει

1895 437 2091 491 iterum
2121 434 2347 505 rejecit;
2377 433 2457 489 illi
2486 442 2667 491 autem
2692 444 2888 491 natura
2911 436 3141 503 inimici,
3171 443 3226 495 et
3250 445 3475 499 omnino

199 539 471 609 πολέμιοι,
506 536 600 588 καὶ
633 533 721 588 διά
768 533 989 586 πάντων
1028 532 1321 604 ἀλλότριοι.

274 627 403 699 ρξε’.
445 626 509 681 'li
542 624 713 679 δειλία
746 623 853 677 τῶν
894 621 1244 695 στρατιωτῶν
1266 624 1330 675 ἐκ
1356 620 1450 675 τοῦ
1481 620 1643 675 ὄκνου
1693 619 1787 673 καὶ

196 718 300 789 τῆς
318 718 640 789 ὠχριάσεως
678 716 969 770 δείκνυται.
1006 715 1148 780 Τοὺς
1181 713 1276 769 οὖν
1300 713 1575 776 τοιούτους
1606 714 1785 783 ἀσυμ-

199 809 386 881 φανῶς
420 808 625 881 χὼριζε
661 807 754 862 τοῦ
797 804 1053 878 στρατοῦ,
1092 808 1188 861 καὶ
1234 807 1555 873 ἀπόστελλε,
1592 805 1669 869 ὡς
1695 803 1793 875 6t",-

200 904 293 957 θεν
320 902 665 971 κομίσοντας
688 899 725 953 ά
750 900 1075 953 ἐπελάθοντο
1094 916 1110 932 ⁸
1145 898 1303 952 τοῦτο
1319 899 1374 952 δὲ
1400 898 1631 967 ποιήσας
1652 912 1792 966 παρ-

198 1011 262 1066 ορ
272 994 450 1063 μήσης
465 990 650 1061 λόγοις
675 991 802 1054 τοὺς
826 991 1187 1062 στρατιώτας,
1215 992 1290 1053 ὡς
1312 988 1420 1043 τῶν
1445 987 1789 1059 ἀνδραπόδων

199 1086 427 1140 ἐκείνων
461 1083 559 1156 ἤδη
591 1084 1049 1156 ἀπηλλαγμένους
1073 1083 1269 1156 μόνους
1296 1082 1395 1151 τῆς
1424 1080 1792 1152 ἀνδραγαθίας

200 1172 440 1247 ἔχεσθαι,
470 1175 565 1228 καὶ
592 1173 701 1227 τῶν
725 1175 822 1244 τῆς
852 1174 1009 1243 νίκης
1029 1171 1247 1244 δωρεῶν
1276 1171 1595 1243 ἀξιωθῆναι.

276 1266 421 1337 ρξς¹.
480 1263 839 1336 Στρατιωτῶν
872 1263 1076 1327 δειλίας
1127 1263 1403 1335 διάκρισιν
1443 1261 1541 1317 καὶ
1587 1261 1791 1333 ἑτέρως

204 1377 288 1412 σοι
318 1358 605 1423 ὑποδείξω.
636 1356 743 1409 Τοῦ
773 1356 882 1427 γάρ
927 1354 1159 1427 στρατοῦ
1204 1355 1404 1419 παντὸς
1448 1354 1583 1425 ὁμοῦ
1616 1353 1790 1419 ὄντος,

201 1450 298 1503 ἐὰν
350 1452 576 1519 κινήσῃς
616 1447 914 1517 σάλπιγγα,
946 1449 1020 1511 ὡς
1047 1449 1128 1502 ὅτι
1165 1448 1213 1500 oi
1248 1445 1498 1517 πολέμιοι
1541 1445 1789 1515 συμπλέ-

201 1558 387 1595 κονται
420 1542 552 1611 πρὸς
581 1541 781 1611 μάχην,
805 1538 1049 1610 ταραχῆς
1073 1532 1397 1609 γενομένης,
1421 1537 1469 1589 οῖ
1501 1537 1600 1607 μὲν
1627 1535 1792 1590 δειλοὶ

203 1632 516 1703 φεύξονται,
556 1633 604 1684 oi
633 1630 688 1684 δέ
727 1630 961 1703 ἀνδρεῖοι
995 1629 1428 1702 παρατάξονται.

272 1723 406 1795 ρξζη
453 1722 580 1777 Ἐάν
630 1722 769 1793 πρὸς
817 1721 1206 1793 ἀγυμνάστους
1255 1722 1436 1793 μάχης
1496 1719 1789 1791 πολεμίους

200 1815 568 1887 παρατάσσῃ,
625 1812 789 1876 αὐτὸς
843 1811 902 1866 δὲ
976 1812 1072 1866 καὶ
1117 1810 1606 1882 γεγυμνασμένους
1652 1809 1785 1882 ἔχῃς

202 1905 563 1977 στρατιώτας,
599 1906 660 1959 ού
712 1903 957 1976 παρευθὺ
991 1905 1103 1976 (50)
1135 1903 1237 1974 τὴν
1273 1903 1456 1975 μάχην
1502 1902 1781 1972 συνάψεις,

199 1998 338 2051 άλλά
372 1997 659 2068 συντηρεῖν
692 2013 751 2050 σε
794 1997 876 2050 δεῖ
922 1998 1014 2050 τὸν
1064 1996 1259 2068 χρόνον
1304 1996 1362 2049 ἐν
1396 1996 1461 2066 τῇ
1500 1995 1781 2061 συστάσει,

200 2091 295 2143 καὶ
338 2090 667 2161 προεκλύειν
684 2090 811 2154 τοὺς
847 2088 1140 2161 πολεμίους
1164 2088 1241 2152 ὡς
1268 2087 1355 2141 ἐπ’
1381 2088 1562 2155 ὀλίγον
1597 2089 1786 2141 πονεῖν

197 2179 557 2250 είθισμένους,
587 2180 684 2233 καὶ
714 2180 835 2233 τότε
888 2179 1152 2250 ἐπιτεθῇς
1201 2178 1404 2241 αὐτοῖς.
1450 2176 1597 2232 Eia!
1645 2176 1785 2249 πρὸς

198 2271 325 2333 τοὺς
362 2270 707 2339 γυμναστοὺς
761 2271 924 2334 αὐτὸς
972 2272 1111 2341 ἔχων
1141 2270 1627 2341 γεγυμνασμένους
1675 2268 1783 2340 μά-

200 2378 303 2432 χης
341 2361 635 2431 πολεμίους
669 2361 938 2432 μάχεσθαι
971 2360 1172 2433 μέλλῃς
1200 2360 1539 2432 στρατιώτας
1585 2363 1651 2416 ἐκ
1687 2360 1781 2416 τοῦ

197 2450 405 2515 εὐθέως
435 2453 531 2505 καὶ
568 2451 912 2523 παραχρῆμα
942 2452 1042 2521 τὴν
1071 2451 1252 2522 μάχην
1277 2450 1577 2521 σύμϐαλλεο
1612 2454 1646 2522 ἡ
1671 2453 1781 2523 γὰρ

196 2541 353 2612 ἀκμὴ
383 2542 493 2595 τῶν
537 2543 648 2597 σῶν
679 2543 1031 2615 στρατιωτῶν
1060 2541 1326 2611 γενναίως
1362 2543 1783 2615 άπομαχήσεται

197 2635 333 2703 πρὸς
362 2633 489 2696 τοὺς
522 2633 821 2695 ἐναντίους.

293 2723 429 2795 ρξη¹.
498 2723 788 2777 ’Υπόνοιαν
846 2723 1115 2793 ἐπιμονῆς
1191 2723 1251 2776 ἐν
1311 2722 1537 2796 τοιαύτῃ
1585 2724 1780 2795 καιροῦ

197 2816 355 2886 χρείᾳ
379 2815 575 2881 δείξεις
603 2818 717 2879 τοῖς
753 2814 1055 2884 πολεμίοις,
1091 2815 1139 2867 εί
1175 2814 1286 2886 ἄρα
1317 2816 1533 2886 μέλλεις
1562 2816 1779 2886 ὑποχω-

200 2908 308 2981 ρῶν
347 2909 422 2970 ὼς
470 2909 651 2979 μένων
684 2908 1027 2976 ἐξαπατῆσαι
1074 2906 1291 2971 αὐτοὺς,
1333 2908 1429 2961 ἐὰν
1453 2908 1647 2979 δένδρα
1681 2925 1781 2962 πε-

202 3000 447 3069 ρικόψας,
478 3000 513 3071 ἢ
544 2998 747 3052 τούτων
779 3000 854 3070 μὴ
893 2996 1063 3049 ὄντων
1110 2996 1276 3068 ἐτερά
1305 3014 1429 3051 τινα
1464 2996 1600 3063 ξύλα
1650 2999 1783 3067 στήο

1890 528 2053 582 alieni
2081 529 2150 582 ab
2176 527 2293 583 illis
2328 534 2479 582 sunt.

1961 617 2085 673 163.
2136 615 2432 672 Timiditas
2473 616 2709 672 militum
2756 630 2822 673 ex
2859 618 3093 689 pallore,
3136 629 3189 675 et
3222 622 3478 678 tarditate

1888 710 2262 780 cognoscitur.
2296 707 2459 765 Tales
2515 709 2684 780 igitur
2737 711 2951 765 occulte
2992 711 3061 764 ab
3112 713 3357 767 exercitu
3394 728 3479 770 sea

1890 817 2045 873 para.
2098 808 2154 856 et
2196 801 2383 871 aliquo
2438 800 2671 856 amanda
2692 845 2706 869 ,
2738 809 2799 856 ut
2832 802 2981 856 illinc
3008 812 3321 871 reportent,
3356 821 3477 874 qum

1889 895 2166 949 oblivione
2205 894 2395 951 relicta
2444 904 2621 963 sunt;
2675 896 2776 950 hoc
2826 895 2917 949 ubi
2971 893 3187 961 feceris,
3236 894 3475 965 reliquos

1892 986 2094 1043 milites
2150 986 2574 1053 cohortaberis,
2630 992 2689 1041 ut
2751 986 2860 1057 jam
2917 986 3125 1056 ignavis
3183 988 3474 1057 mancipiis

1891 1080 2000 1136 illis
2019 1080 2200 1151 aliquo
2223 1080 2490 1151 ablegatis
2510 1080 2585 1135 illi
2617 1090 2837 1136 strenue
2860 1097 2916 1136 se
2942 1091 3155 1152 gerant,
3174 1089 3227 1136 et
3253 1086 3473 1152 praemia

1892 1172 2054 1244 digna
2083 1175 2429 1229 strenuitatis
2453 1190 2566 1229 suae
2588 1185 2893 1243 reportent.

1968 1262 2092 1317 166.
2122 1262 2459 1320 Timiditatis
2497 1265 2732 1318 militum
2764 1273 2981 1319 tuorum
3024 1274 3343 1335 argumenta
3366 1265 3471 1320 alia

1891 1355 1993 1410 tibi
2045 1358 2393 1412 monstrabo.
2450 1358 2719 1413 Universo
2756 1338 2999 1411 exercitu
3056 1366 3151 1411 tuo
3198 1374 3363 1412 unum
3416 1360 3473 1414 in
3554 1336 3565 1349 ’

1896 1446 2075 1502 locum
2125 1456 2352 1515 coacto,
2403 1446 2450 1502 si
2496 1450 2626 1502 tuba
2665 1448 3022 1517 personucris
3085 1450 3242 1518 quasi
3290 1451 3473 1506 hostes

1897 1536 2240 1603 immineant,
2265 1539 2321 1592 in
2342 1537 2521 1593 media
2535 1538 2637 1593 hac
2658 1539 2819 1594 turba
2837 1540 3012 1595 timidi
3041 1544 3224 1597 statim
3239 1542 3469 1612 fugient,

1897 1628 2107 1685 strenui
2140 1645 2200 1685 se
2230 1630 2283 1683 in
2315 1632 2433 1685 acie
2458 1630 2749 1685 instruent.

1971 1720 2096 1775 167.
2140 1721 2199 1775 Si
2228 1735 2354 1776 cum
2400 1722 2670 1792 imperitis
2712 1725 2778 1777 ad
2811 1738 3048 1796 pugnam
3085 1725 3335 1783 hostibus
3372 1729 3470 1784 tibi

1887 1810 2167 1867 dimicatio
2210 1822 2327 1879 est,
2370 1815 2488 1885 ipse
2530 1816 2734 1871 milites
2786 1818 2992 1873 habens
3038 1821 3349 1886 exercitus,
3402 1836 3471 1877 ne

1886 1905 2073 1959 statim
2094 1905 2277 1961 subito
2301 1906 2427 1962 illos
2451 1908 2746 1972 adoriaris,
2772 1910 2865 1964 sed
2895 1911 3300 1965 observandum
3330 1920 3471 1967 tem-

1884 2009 1989 2065 pus
2012 1998 2080 2050 ad
2124 1996 2529 2069 conﬂigendum
2561 2009 2666 2066 est,
2709 2014 2873 2073 atque
2915 2002 3246 2073 delaligandi
3281 2003 3470 2060 hostes

1886 2096 2038 2153 sunt,
2072 2090 2165 2161 qui
2215 2102 2406 2160 parum
2460 2092 2527 2146 ad
2570 2094 2789 2150 labores
2826 2093 3121 2150 assuefacti
3150 2106 3329 2151 erant.
3368 2095 3466 2151 Sin

1885 2178 2170 2233 exercitati
2218 2180 2409 2236 hostes
2455 2181 2681 2248 fuerint,
2734 2183 2813 2237 tui
2863 2192 3045 2238 autem
3086 2183 3290 2238 milites
3338 2183 3466 2237 belli

1886 2269 2146 2340 imperiti,
2174 2270 2360 2326 subito
2391 2282 2446 2328 et
2486 2276 2607 2329 sine
2631 2274 3029 2329 deliberatione
3061 2273 3464 2345 confligendum

1884 2372 2009 2413 cum
2045 2360 2297 2416 hostibus
2330 2367 2457 2418 est:
2508 2358 2743 2442 impetus
2786 2364 2931 2419 enim
2978 2363 3195 2419 illorum
3243 2362 3311 2417 ad
3365 2379 3466 2434 pu»

1884 2450 2161 2520 gnandum
2188 2457 2445 2508 strenuos
2461 2466 2556 2509 eos
2575 2454 2785 2510 reddet.

1955 2714 2077 2770 168.
2107 2715 2303 2785 Opinio
2323 2717 2570 2786 quaedam
2616 2727 2720 2773 tuae
2747 2719 2800 2771 in
2831 2719 3016 2789 aliquo
3053 2721 3175 2775 loco
3212 2736 3466 2791 perman-

1881 2804 2059 2860 sionis
2111 2804 2363 2861 hostibus
2409 2802 2691 2871 sileretur,
2737 2807 2787 2861 si
2830 2807 3181 2864 discessurus
3221 2810 3465 2882 decipias

1882 2898 2069 2953 hostes
2108 2896 2267 2967 quasi
2315 2911 2589 2953 maneres.
2639 2898 2883 2955 Arbores
2914 2900 3114 2966 caedes,
3164 2902 3247 2957 vel
3286 2904 3334 2957 si
3389 2904 3467 2959 ibi

1882 2990 2108 3044 arbores
2140 3004 2246 3042 non
2293 2998 2443 3054 sunt,
2486 2989 2593 3043 alia
2639 2992 2888 3059 quaedam
2939 2992 3085 3063 ligna
3138 2995 3461 3062 collocabis,

199 3105 293 3152 σας
342 3088 573 3162 ἐνδύσῃς
607 3088 747 3143 αὐτὰ
780 3088 868 3142 διὰ
900 3088 1259 3158 σκουταρίων,
1294 3087 1369 3152 ὡς
1415 3088 1642 3159 μίμημα
1687 3088 1780 3142 άν-

1895 3078 2104 3147 tlllsque
2152 3087 2309 3133 scuta
2355 3080 2515 3149 quasi
2557 3081 2789 3135 armatis
2828 3082 2959 3137 viris
3005 3086 3239 3155 aptabis,
3285 3090 3370 3143 vel
3415 3092 3462 3145 si

196 3178 339 3249 δρῶν
389 3179 651 3245 ἐνόπλων,
684 3181 741 3252 ἢ,
782 3179 880 3232 ἐὰν
915 3177 1155 3248 τοσαύτη
1202 3178 1344 3252 τύχη
1398 3179 1636 3250 ἀνάγκη,
1684 3177 1782 3232 καὶ

198 3271 401 3342 ἐτέρων
447 3272 628 3326 ὃπλων
663 3268 957 3342 λαμπρῶν.
1008 3270 1198 3334 Οὕτως
1224 3270 1335 3343 γὰρ
1363 3270 1651 3344 κρείττονα
1680 3270 1782 3340 τῆς

197 3361 303 3417 τῶν
351 3362 531 3417 ὃπλων
583 3363 863 3427 ἀπωλείας
910 3361 1011 3433 τὴν
1068 3361 1163 3415 τοῦ
1222 3362 1453 3433 στρατοῦ
1506 3362 1782 3432 σωτηρίαν

195 3453 546 3525 ἡγησάμενος
601 3453 691 3506 διά
745 3451 846 3522 τὴν
915 3451 1353 3519 κατεπείγουσαν
1406 3452 1535 3516 ἴσως
1590 3452 1781 3522 χρείαν

196 3546 495 3607 ἀκινδύνως
530 3544 935 3614 ὑποχωρήσεις.

269 3635 402 3708 ρξθ’.
430 3636 680 3690 Μάλιστα
712 3636 810 3705 μὲν
842 3634 983 3705 μετά
1005 3634 1357 3703 δικαιοσύνης
1384 3632 1586 3698 παντὸς
1612 3632 1777 3704 ἔργου

197 3728 546 3801 ἀπάρχεσθαι
582 3728 720 3799 χρή.
770 3727 938 3780 Πλέον
988 3726 1048 3781 δὲ
1085 3725 1194 3780 τῶν
1242 3725 1419 3780 ἄλλων
1469 3725 1568 3787 τάς
1602 3724 1779 3796 άρχάς

197 3824 305 3895 χρὴ
345 3821 439 3875 τοῦ
488 3822 727 3891 πολέμου
767 3816 982 3883 δικαίας
1047 3814 1210 3883 εἷναι,
1272 3819 1368 3872 καὶ
1400 3818 1477 3889 μὴ
1509 3818 1668 3889 μόνον
1694 3818 1777 3871 δι-

202 3917 384 3979 καίας,
414 3915 549 3968 ἀλλά
581 3914 675 3967 καὶ⁵
702 3914 981 3985 φρονίμως
1015 3910 1355 3983 προάγεσθαι
1384 3912 1474 3962 τὸν
1518 3908 1773 3979 πόλεμον.

199 4005 309 4059 Καὶ
335 4004 443 4074 γάρ
482 4005 605 4058 τότε
653 4004 747 4057 καὶ
771 4003 905 4067 Θεὸς
931 4004 1355 4072 συναγωνιεῖται
1385 4002 1499 4064 τοῖς
1524 4000 1779 4071 στρατεύ-

207 4110 375 4166 μασιν
404 4095 640 4164 εὑμενὴς
670 4094 981 4164 γινόμενος,
1036 4093 1135 4147 καὶ
1180 4092 1233 4147 οι
1269 4091 1546 4162 ἄνθρωποι
1574 4088 1777 4160 προθυ-

207 4186 427 4256 μότεροι
456 4184 697 4252 γίνονται
742 4184 838 4238 τοῦ
890 4184 1105 4240 δικαίου
1162 4184 1623 4257 προασπίζοντες,
1679 4180 1777 4235 καὶ

1884 3179 2035 3225 tanta
2066 3170 2209 3227 forte
2242 3174 2569 3238 necessitas,
2593 3172 2699 3228 alia
2732 3173 3016 3245 splendida
3038 3191 3209 3232 arma.
3240 3181 3315 3235 Ita
3347 3183 3461 3248 tiet,

1882 3269 1943 3316 ut
1989 3262 2232 3317 virorum
2297 3273 2517 3319 tuorum
2578 3266 2812 3348 salutem
2875 3267 3239 3339 antiquiorem
3295 3277 3463 3334 armis

1881 3353 2112 3423 habens,
2143 3358 2482 3427 temporibus
2512 3358 2845 3417 necessariis
2889 3362 2970 3418 sic
2996 3364 3229 3421 evadere
3256 3371 3462 3441 possis.

1951 3620 2075 3675 169.
2135 3619 2364 3678 Omnem
2410 3640 2526 3681 rem
2577 3642 2742 3699 quam
2788 3636 3123 3705 susceperis,
3172 3653 3283 3694 non
3341 3642 3462 3699 sine

1874 3708 2024 3780 justa
2060 3726 2227 3769 causa
2264 3713 2507 3785 incipere
2529 3727 2744 3788 oportet
2775 3737 2790 3775 ε
2818 3724 2912 3779 sed
2962 3726 3087 3781 belli
3119 3743 3342 3785 causam
3369 3732 3462 3801 ju-

1878 3810 2020 3857 stam
2076 3818 2294 3875 semper
2344 3822 2465 3863 esse
2512 3820 2752 3879 oportet,
2787 3829 2967 3885 neque
2999 3817 3207 3888 justam
3254 3825 3457 3890 solum.

1879 3897 1975 3952 sed
2024 3898 2185 3952 etiam
2221 3900 2515 3967 prudenter
2544 3912 2879 3974 susceptam.
2906 3907 3042 3964 Tum
3085 3912 3231 3966 enim
3268 3918 3458 3987 propi-

1878 3990 1989 4045 tius
2014 3989 2153 4047 Deus
2187 4006 2385 4063 magno
2418 3994 2674 4064 praesidio
2716 3998 2771 4051 in
2799 3999 2943 4055 bello
2965 4003 3093 4070 erit,
3120 4014 3174 4059 et
3208 4007 3457 4065 homines

1878 4084 2172 4139 alacriores
2203 4094 2407 4149 erunt,
2450 4088 2544 4157 qui
2599 4088 2811 4158 justam
2856 4106 3082 4149 causam
3135 4095 3456 4167 defendunt,

1876 4190 2001 4231 cum
2041 4177 2219 4231 sciant
2255 4192 2315 4232 se
2360 4178 2575 4249 injuria:
2623 4191 2881 4239 auctores
2904 4200 3014 4241 non
3047 4202 3192 4254 esse,
3246 4192 3342 4247 sed
3379 4192 3460 4248 in-

201 4276 400 4339 ειδότες
441 4275 517 4339 ὡς
557 4276 658 4329 οὐκ
699 4277 961 4349 ἄρχουσιν
1018 4278 1254 4343 ἀδικίας,
1309 4276 1448 4331 ἀλλά
1480 4274 1776 4344 ἀμύνονται

1900 4268 2053 4325 urios
2080 4268 2332 4327 homines
2373 4270 2587 4328 ulcisci.

202 4369 341 4422 κατά
369 4368 480 4423 τῶν
507 4367 859 4424 ἀδικούντων.

274 4460 371 4532 ρο’.
416 4460 585 4515 Ἐπάν
634 4461 695 4515 δὲ
740 4460 964 4523 δικαίως
1016 4458 1365 4530 ἀπάρχεσθαι
1409 4456 1504 4511 τοῦ
1536 4456 1774 4528 ¹ιοολᾶμου

1950 4452 2073 4507 170.
2118 4453 2175 4507 Si
2216 4453 2366 4523 juate
2420 4454 2625 4510 bellum
2683 4455 3095 4527 ineeptaveris,
3149 4463 3455 4520 exercitum

202 4552 423 4625 μέλλῃς,
443 4540 498 4605 ai
520 4552 814 4622 πρατηγέ,
835 4552 939 4623 χρή
978 4567 1039 4603 σε
1066 4550 1167 4621 τὴν
1196 4548 1455 4621 στρατιὰν
1492 4550 1776 4605 διασκευά-

201 4662 294 4698 σαι
322 4645 591 4717 ἀκριϐῶς,
617 4647 714 4699 καὶ
744 4645 882 4716 μετὰ
911 4643 1211 4713 ἀσφαλείας
1236 4643 1442 4714 ταύτην
1461 4642 1773 4712 ἐξαγαγεῖν.

214 4736 342 4790 Ἐάν
392 4738 503 4807 γὰρ
551 4737 802 4801 ἀσθενεῖς
856 4737 997 4790 εἰσιν
1052 4736 1113 4788 αι
1158 4735 1455 4805 πολεμικαὶ
1507 4737 1773 4806 κινήσεις,

201 4827 329 4880 ὅταν
357 4827 417 4879 τὸ
448 4826 610 4897 βάρος
636 4826 943 4881 ἀναλάϐωσι
970 4824 1066 4879 τοῦ
1110 4824 1373 4895 πολέμου,
1405 4825 1541 4895 ταχὺ
1571 4823 1778 4878 θλίϐονο

202 4934 295 4972 ται
316 4920 411 4970 καὶ
432 4917 777 4987 ὑστεροῦσιν.
802 4916 966 4972 Ὅθεν
994 4916 1185 4985 ῶσπερ
1209 4916 1410 4985 ἀγαθὸς
1434 4916 1775 4987 κυϐερνήτης

202 5011 311 5065 ἀπὸ
339 5009 557 5079 λιμένος
607 5009 915 5081 ἐξαρτήσας
961 5009 1022 5063 τὸ
1070 5008 1301 5077 σκάφος,
1336 5008 1432 5062 καὶ
1484 5008 1661 5062 πάντα
1707 5005 1777 5059 τὰ

202 5103 476 5173 ἀναγκαῖα
508 5103 638 5173 περὶ
669 5102 803 5157 αὐτὸ
830 5102 1083 5174 ποιήσας,
1105 5103 1229 5155 τότε
1253 5101 1518 5171 ἐπίτρεπε
1547 5098 1625 5169 τῷ
1655 5097 1774 5167 Θεῷ

201 5197 267 5251 τὸ
298 5196 507 5267 πάντης
542 5195 652 5268 (Si)
692 5195 994 5258 ἐκϐάσεως.

277 5293 410 5358 ροα⁸.
464 5288 647 5357 Νόμον
682 5286 871 5351 ἐπίθες
924 5284 1137 5357 σεαυτῷ
1172 5285 1309 5353 πρὸς
1340 5283 1403 5337 τὸ
1432 5281 1608 5352 πέρας
1640 5281 1775 5335 ἀπο·

204 5380 427 5434 ϐλέπειν
451 5379 553 5449 τῆς
579 5377 672 5433 τοῦ
700 5378 941 5449 πολέμου
972 5378 1261 5448 κινήσεως,
1307 5377 1404 5429 καὶ
1462 5373 1605 5428 οὕτω
1642 5372 1775 5427 ταύ-

204 5488 301 5541 της
328 5469 689 5543 άπάρχεσθαι.
729 5470 933 5523 Φαῦλον
984 5468 1091 5539 γὰρ
1126 5468 1220 5523 καὶ
1264 5465 1526 5538 σφαλερὸν
1557 5464 1770 5535 κίνησιν

1878 4554 2035 4600 tuum
2084 4556 2338 4600 accurate
2384 4546 2646 4612 instrues,
2680 4557 2736 4603 et
2770 4551 2959 4619 copias
3001 4561 3127 4608 tuas
3158 4569 3320 4624 quam
3368 4567 3454 4613 tu-

1877 4641 2091 4697 tissime
2145 4641 2351 4710 poteris
2388 4641 2612 4705 educes,
2644 4650 2699 4697 et
2741 4643 2950 4713 aliquid
2988 4644 3055 4701 de
3086 4648 3313 4702 victoria
3340 4666 3455 4706 me-

1877 4733 1986 4789 lius
2012 4748 2234 4804 sperare
2268 4734 2475 4803 poteris
2508 4754 2519 4788 :
2550 4735 3017 4805 quemadmodum
3047 4739 3401 4821 gubernator.
3422 4759 3452 4798 a

1879 4837 2038 4897 portu
2093 4828 2313 4882 solvens
2357 4828 2541 4883 omnia
2589 4845 2712 4902 quae
2759 4829 2905 4886 facto
2962 4846 3101 4902 Opus
3146 4844 3274 4889 sunt
3326 4850 3451 4890 cum

1878 4930 2122 4989 praestat,
2170 4923 2491 4977 universum
2544 4924 2915 4993 navigationis
2962 4940 3073 4980 sua:
3103 4927 3307 4981 exitum
3340 4927 3453 4984 Deo

1877 5013 2246 5069 commendat.

1954 5271 2077 5326 l7l.
2112 5268 2264 5326 Hanc
2314 5268 2485 5339 legem
2534 5269 2631 5325 tibi
2671 5269 2853 5338 ipsum
2900 5269 3243 5339 praescribas,
3297 5278 3357 5325 ut
3398 5272 3450 5327 in

1885 5367 2044 5420 tinem
2081 5375 2263 5419 motus
2292 5365 2369 5419 tui
2399 5363 2579 5420 bellici
2604 5364 3074 5433 intuearis,atque
3093 5364 3227 5419 adeo
3251 5364 3451 5420 bellum

1876 5460 2122 5516 inchoes.
2151 5456 2334 5529 Turpe
2361 5458 2507 5513 enim
2543 5465 2597 5514 et
2627 5456 2944 5514 indecorum
2976 5465 3061 5513 est
3100 5455 3300 5512 bellum
3343 5456 3450 5511 ini-

1709 5574 1943 5633 ΝΟΤΕ.

271 5672 384 5742 (50)
418 5671 806 5740 Στρατιώτας,
840 5675 911 5727 οὐ
952 5674 1243 5739 παρευθύ.
1309 5671 1651 5730 scribebatur
1702 5686 1717 5724 :
1748 5686 1777 5722 σ

1895 5669 2087 5732 τιὼτας
2120 5683 2213 5721 σου
2243 5663 2509 5737 παρευθύ.

278 5744 390 5816 (51)
420 5744 680 5810 Πάν-της.
716 5742 927 5807 Scribe,
963 5746 1072 5795 πᾶν
1102 5744 1221 5813 τῆς.

517 5838 792 5901 Peraea.
824 5838 939 5899 Gn.
973 5836 1164 5901 Cl’ll.
