4036 6218
524 308 666 373 10.39

1791 244 2068 349 LEUNIS
2106 283 2567 345 rmwsorm

3666 268 3822 334 106i)

523 425 603 477 tio
654 431 895 479 movere,
948 412 1147 469 deinde
1183 422 1404 463 rursum
1444 405 1667 459 domum
1716 400 2017 456 exercitum
2057 411 2156 454 re,

2266 394 2323 449 ὲν
2354 391 2685 463 ποιήσασθαι
2740 386 3003 460 πολέμου,
3035 383 3188 449 αὖθις
3218 384 3274 438 δὲ
3310 381 3736 454 ἐπιστραφῆναι
3762 385 3828 437 τὸ

528 517 731 573 infecta
765 513 945 569 statim
978 506 1238 562 reducere
1269 521 1281 555 :
1308 498 1693 567 unusquisque
1718 493 1865 548 enim
1891 490 2115 545 temeri-

529 619 696 667 tatem
729 616 875 661 tuam
907 596 1179 662 irridebit,
1219 594 1407 649 hostes
1435 598 1616 645 autem
1649 583 2116 643 inconsideratam

532 702 936 771 simplicitatem
972 702 1120 747 tuam
1168 693 1542 749 contemnent,
1580 698 1689 737 non
1720 680 1880 751 quasi
1925 677 2119 741 nolles,

534 791 627 847 sed
644 766 813 857 ἠυαεί
851 799 959 838 non
1002 794 1195 851 posses
1235 790 1361 831 cum
1394 775 1595 829 decoro
1625 778 1680 827 et
1706 766 1997 841 prudentia
2035 781 2123 821 res

536 893 668 938 tuas
699 888 953 933 ιηειιηρ.

606 972 732 1026 ΓΗ.
786 966 1016 1034 Quando
1056 963 1243 1033 copias
1280 969 1402 1015 tuas
1436 956 1503 1012 ad
1557 955 1762 1012 bellum
1826 952 2128 1008 educturus

538 1083 620 1133 es,
653 1070 871 1134 oportet
894 1060 1096 1112 liberas
1128 1064 1179 1109 et
1209 1057 1421 1109 solutas
1450 1064 1479 1103 a
1510 1056 1737 1119 peccato
1767 1060 1911 1109 esse,
1946 1052 1998 1099 et
2042 1044 2127 1113 pia

535 1163 794 1230 justaan
822 1163 999 1208 mente
1032 1151 1199 1205 Deum
1228 1148 1433 1209 colere,
1467 1152 1631 1214 atque
1653 1139 1787 1194 adeo
1818 1139 1885 1193 ad
1925 1136 2127 1192 bellum

543 1253 860 1323 procedere.

619 1434 747 1489 175.
802 1430 938 1485 Cum
984 1425 1134 1481 omni
1193 1421 1330 1477 aciei
1369 1425 1658 1489 apparatu,
1688 1414 1901 1475 ordine,
1941 1409 2133 1465 bellica

549 1527 802 1587 scientia,
837 1523 941 1576 iter
968 1518 1134 1572 faciat
1165 1514 1444 1569 exercitus
1472 1520 1619 1575 tuus,
1650 1518 1967 1578 quanquam
1999 1515 2135 1556 non-

550 1618 681 1671 dum
737 1629 862 1669 cum
913 1609 1165 1665 hostibus
1202 1603 1603 1667 conﬂicturus,
1652 1600 1748 1655 sed
1803 1598 1982 1652 solum
2036 1594 2138 1649 iter

553 1712 929 1781 ingressurus,
966 1711 1021 1756 et
1069 1700 1367 1753 multorum
1417 1696 1631 1749 dierum
1674 1692 1814 1745 viam
1852 1687 2137 1744 confectu-

2228 487 2568 557 στράτευμα’
2593 484 2822 563 ἕκαστος
2857 481 2955 550 μὲν
2984 477 3094 546 γὰρ
3126 474 3565 545 καταγελάσεται
3593 491 3699 527 σου
3724 477 3826 545 τῆς

2227 572 2577 643 προπετείας,
2624 572 2672 624 οἱ
2718 569 2777 623 δὲ
2829 566 3019 638 ἔχθρα).
3065 564 3549 634 καταφρονήσουσί
3588 580 3694 615 σου
3725 568 3826 634 τῆς

2227 664 2551 733 ἀσφαλείας,
2584 662 2659 727 ὡς
2688 661 2810 732 οὐχὶ
2860 660 2934 730 μὴ
2977 658 3304 729 βουλομένου
3336 656 3450 711 ἀλλ’
3486 657 3553 709 ού
3583 656 3822 726 δυναμέο

2230 774 2322 811 νου
2348 756 2569 819 δικαίως
2593 754 2690 809 καὶ
2738 752 3060 824 πρεπόντως
3087 748 3353 803 διαθεῖναι
3380 750 3452 803 τὰ
3486 748 3826 820 πράγματα.

2326 941 2457 1017 ροβ’.
2507 940 2704 997 Ἠνίκα
2754 940 2811 993 δὲ
2862 939 2963 1003 τὰς
3007 938 3266 1008 δυνάμεις
3322 935 3546 1004 ἐξάγειν
3604 933 3831 1005 μέλλεις

2235 1038 2373 1108 πρὸς
2416 1034 2675 1105 πόλεμον,
2704 1031 2787 1085 δεῖ
2818 1031 2914 1102 μὲν
2946 1030 3194 1100 καθαρὰς
3222 1029 3395 1093 αὐτὰς
3424 1024 3829 1097 ἐξαμαρτημά-

2234 1147 2343 1182 των
2390 1121 2552 1187 εἶναι,
2586 1123 2898 1196 φροντίσεις
2930 1121 3040 1194 (52)
3075 1122 3132 1175 δὲ
3163 1120 3252 1175 διὰ
3300 1120 3409 1174 τῶν
3454 1120 3663 1190 ἱερέων
3703 1120 3832 1171 καθ-

2239 1218 2462 1289 αγνίσαι
2495 1218 2666 1280 αὐτὰς
2700 1216 2767 1270 δι’
2798 1214 3071 1282 εὐλογίας,
3102 1212 3196 1268 καὶ
3220 1211 3393 1274 οὓτως
3424 1210 3565 1281 μετά
3589 1208 3829 1277 θάρσους

2240 1311 2331 1365 ἐπὶ
2364 1311 2464 1379 τῆς
2500 1310 2679 1379 μάχης
2702 1307 3053 1376 ἀποκινῆσαι.

2314 1400 2450 1475 ρογ’.
2484 1403 2590 1454 Σὺν
2610 1400 2757 1469 πάσῃ
2791 1398 2848 1451 δὲ
2881 1396 3031 1464 τάξει
3054 1395 3148 1449 καὶ
3179 1393 3447 1464 εὐκοσμίᾳ
3473 1392 3569 1446 καὶ
3590 1395 3674 1463 τῇ
3702 1392 3831 1446 κατά

2243 1495 2479 1565 πόλεμον
2517 1492 2785 1562 ἐμπειρίᾳ
2840 1490 2923 1543 δεῖ
2974 1490 3068 1541 τὸν
3120 1488 3319 1557 σρατὸν
3364 1487 3704 1555 ὁδοιπορεῖν,
3736 1485 3832 1537 κᾶν

2248 1591 2415 1660 μήπω
2464 1586 2634 1657 μέλλῃ
2672 1583 2993 1655 συμϐαλεῖν,
3023 1580 3160 1635 ἀλλά
3192 1580 3283 1633 διὰ
3317 1580 3537 1648 μακρᾶς
3574 1576 3714 1631 ὁδοῦ
3744 1594 3831 1631 ποι

2250 1680 2542 1753 ρεύεσθαι,
2591 1678 2697 1732 κᾶν
2750 1674 2961 1729 πολλῶν
3000 1672 3226 1743 ἡμερῶν
3269 1670 3455 1724 ἀνύειν
3491 1669 3686 1740 μέλλῃ
3728 1668 3835 1720 ὁδον

553 1758 825 1781 mw---"
917 1758 928 1768 _

553 1821 650 1863 rus
677 1818 760 1867 es,
816 1801 933 1854 sive
966 1797 1019 1849 in
1052 1804 1165 1858 tua,
1218 1792 1331 1847 sive
1380 1790 1433 1842 in
1484 1785 1669 1841 hostili
1702 1791 1849 1839 terra
1898 1779 2069 1835 fueris
2125 1798 2137 1834 :

2266 1777 2344 1827 ια).
2386 1776 2445 1827 ὲν
2477 1775 2543 1843 τῇ
2579 1770 2684 1842 ἰδίᾳ
2716 1766 2871 1839 χώρᾳ
2898 1766 2992 1821 καὶ
3020 1766 3078 1817 ὲν
3107 1766 3173 1835 τῇ
3219 1762 3476 1833 πολεμίᾳ.
3508 1762 3715 1824 Οὕτως
3740 1762 3835 1831 γὰρ

556 1900 631 1951 ita
669 1895 813 1949 enim
846 1886 1104 1944 assueﬁet
1132 1882 1412 1941 exercitus
1435 1882 1489 1934 in
1517 1879 1636 1933 acie
1673 1889 1918 1939 manere,
1952 1880 2007 1928 et
2059 1872 2140 1926 lo-

556 2005 682 2046 cum
721 1999 882 2041 suum
925 1991 1281 2041 conservare,
1310 1983 1363 2030 et
1394 1972 1681 2044 praefectos
1707 1982 1839 2024 suos
1875 1964 2057 2035 sequi,
2091 1971 2149 2017 et

559 2078 627 2133 ad
656 2090 850 2132 omnes
885 2086 988 2127 nec
1023 2069 1285 2140 opinatas
1332 2063 1680 2120 incursiones
1718 2057 1965 2154 hostium
1994 2068 2149 2126 para-

559 2178 649 2225 tus
678 2181 801 2222 esse
815 2204 829 2218 .

634 2345 757 2400 174.
804 2341 1003 2398 Tutius
1041 2342 1144 2394 iter
1177 2336 1341 2392 faciet
1378 2333 1658 2390 exercitus
1692 2338 1843 2394 tuus,
1873 2328 1922 2383 si
1962 2327 2152 2398 paucis

564 2434 894 2507 quibusdam
919 2430 1219 2502 praemissis
1251 2428 1351 2482 viae
1372 2427 1747 2495 explorentur,
1776 2430 1869 2475 aut
1904 2435 1999 2489 per
2031 2433 2151 2484 eos,

566 2542 706 2599 quos
730 2524 961 2580 Romani
994 2528 1408 2577 mensuratores
1435 2525 1488 2571 et
1520 2515 1899 2569 anticensores
1935 2517 2150 2574 vocant,

568 2620 926 2692 indagentur.

645 2798 768 2855 175.
810 2795 869 2851 Si
901 2801 1205 2850 exerettum
1233 2797 1384 2843 tuum
1414 2787 1480 2840 ad
1520 2785 1763 2840 laborem
1797 2781 2158 2845 assuefacias,

573 2898 797 2962 paratos
845 2896 897 2942 et
944 2883 1267 2940 obedientes
1296 2895 1393 2936 eos
1423 2878 1524 2933 tibi
1569 2891 1786 2946 semper
1818 2874 2067 2938 habebis,
2105 2880 2162 2927 et

578 2985 751 3039 aciem
789 2987 1097 3043 servantes,
1124 2983 1178 3030 et
1206 2988 1436 3043 corpore
1462 2971 1742 3027 robustos.
1800 2968 1983 3023 Otium
2012 2966 2161 3021 enim

2246 1865 2595 1934 ὲθισθήσεται
2650 1861 2720 1916 τά
2779 1858 3167 1931 στρατεύματα
3207 1856 3391 1926 μένειν
3426 1854 3484 1906 ὲν
3528 1853 3720 1921 τάξει,
3755 1859 3838 1907 καὶ

2249 1957 2655 2029 συμφυλάττειν
2688 1953 2756 2008 τὰ
2785 1952 2893 2007 ἴδια
2934 1951 3193 2021 τάγματα
3221 1948 3357 2018 (53),
3396 1947 3492 2000 καί
3519 1946 3838 2000 ἀκολουθεῖν

2247 2054 2361 2115 τοῖς
2401 2050 2660 2121 ἄρχουσιν
2688 2046 2893 2112 αὐτῶν,
2932 2042 3068 2098 ἀλλὰ
3118 2040 3213 2095 καὶ
3249 2041 3388 2111 πρὸς
3419 2039 3521 2102 τὰς
3575 2038 3839 2109 ἐξαίφνης

2250 2141 2548 2213 γινομένας
2576 2136 2871 2200 επιϐουλὰς
2899 2137 2956 2188 ὲν
3005 2135 3073 2204 τῇ
3136 2131 3374 2203 πολεμίᾳ
3428 2130 3505 2202 μὴ
3560 2129 3629 2184 ὲν
3671 2130 3840 2200 ἀθρόῳ

2250 2234 2429 2306 καιρῷ
2461 2232 2831 2305 Θορυϐεῖσθαι.
3244 2238 3247 2239 ⁷

2327 2329 2451 2400 ροδθ.
2502 2326 2935 2396 Ἀσφαλέστερον
2965 2323 3021 2376 δὲ
3064 2322 3124 2376 τὸ
3158 2320 3475 2391 στράτευμα
3516 2316 3843 2388 διαϐήσεται

2254 2423 2352 2486 τὰς
2394 2419 2763 2493 προκειμένας
2806 2418 2960 2480 ὁδοὺς
2980 2456 2995 2481 ,
3049 2415 3143 2468 ἐὰν
3172 2413 3260 2467 διά
3286 2428 3450 2464 τινων
3476 2411 3688 2478 ὀλίγων
3717 2426 3842 2480 προ-

2256 2513 2581 2576 αποστείλας
2634 2512 2861 2582 ἐρευνᾷς
2893 2510 2990 2572 τὰς
3032 2505 3341 2577 ἔμπροσθεν
3383 2503 3634 2575 τρίϐους,
3686 2504 3844 2574 ἤγουν

2256 2607 2347 2660 διὰ
2368 2606 2475 2659 τῶν
2500 2603 2854 2674 καλουμένων
2876 2604 2941 2672 τῇ
2971 2598 3217 2669 Ῥωμαίᾳ
3242 2596 3466 2667 γλώσσῃ
3496 2593 3842 2665 μινσωρατώ-

2260 2717 2371 2772 ρων
2402 2698 2497 2753 καὶ
2524 2693 2957 2765 ἁντικινσώρων.
3577 2688 3588 2701 ’

2334 2797 2460 2863 pos’.
2514 2789 2640 2842 Ἐὰν
2686 2787 2975 2857 γυμνάσῃς
3018 2783 3339 2855 στράτευμα
3382 2780 3658 2850 συνεχῶς,
3708 2778 3840 2843 ἕξεις

2262 2883 2460 2944 αὐτοὺς
2510 2880 2645 2950 πρὸς
2694 2881 2823 2941 τοὺς
2866 2878 3061 2939 πόνους
3102 2875 3358 2945 ἑτοίμους
3385 2915 3397 2936 ,
3451 2874 3547 2926 καὶ
3571 2872 3673 2943 τὴν
3700 2871 3840 2935 τάξιν

2265 2976 2634 3047 φυλάττοντας
2654 3014 2670 3039 ,
2721 2973 2817 3026 καὶ
2865 2968 3180 3041 ῥωμαλέους
3210 2966 3271 3020 τὸ
3295 2966 3477 3036 σῶμα.
3518 2964 3580 3019 Ἦ
3617 2966 3716 3035 μὲν
3740 2964 3840 3031 γάρ

580 3070 838 3142 languida
869 3079 923 3124 et
975 3066 1192 3123 infirma
1232 3063 1363 3119 facit
1397 3075 1651 3130 corpora,
1696 3059 1921 3114 timidas
1953 3057 2156 3112 effemi-

2266 3068 2595 3138 ἀνάνδρους,
2651 3064 2746 3118 καὶ
2790 3062 2974 3124 δειλὰς
3018 3060 3118 3122 τὰς
3160 3057 3376 3129 ψυχάς·
3417 3058 3450 3128 ἡ
3483 3056 3540 3109 δὲ
3572 3055 3841 3125 γυμνασία

588 3177 860 3233 natasque
896 3166 1108 3214 mentes
1166 3155 1343 3211 reddit
1382 3171 1395 3207 :
1428 3151 1752 3207 exercitatio
1798 3157 1981 3204 autem
2012 3159 2065 3203 et
2094 3149 2166 3201 la-

580 3257 765 3320 bores,
795 3266 1029 3323 corpnra
1059 3258 1286 3305 strenua
1326 3260 1391 3301 ac
1429 3244 1681 3308 robusta,
1731 3247 1943 3297 mentes
1980 3239 2167 3293 viriles

583 3360 745 3420 atque
800 3347 1011 3401 alacres
1045 3341 1197 3397 facit.
1230 3337 1377 3394 Ante
1416 3344 1635 3405 tempus
1670 3333 1838 3403 igitur
1886 3330 2072 3384 omnia
2099 3330 2167 3385 ad

583 3457 675 3497 res
728 3437 967 3511 agendas
1032 3434 1229 3489 idonea
1279 3436 1675 3503 praeparentur,
1732 3435 1793 3479 ut
1839 3422 2169 3479 necessariis

585 3532 929 3603 temporibus
981 3527 1168 3582 omnia
1226 3525 1282 3579 in
1340 3529 1599 3594 promptu
1641 3521 1774 3575 sint.

658 3624 784 3679 176.
807 3622 1067 3678 Audaces
1088 3633 1233 3687 saepe
1256 3616 1458 3671 milites
1486 3613 1719 3683 periisse
1739 3611 2014 3675 novimus,
2042 3607 2171 3678 quia

589 3715 863 3786 praefectis
903 3712 1021 3769 suis
1075 3711 1259 3764 minus
1290 3706 1612 3762 obedientes
1653 3702 1882 3757 fuerint.
1915 3704 2097 3767 Quare
2125 3699 2171 3754 si

589 3809 682 3881 qui
732 3808 935 3861 milites
972 3805 1093 3860 sine
1139 3811 1237 3856 tuo
1265 3809 1363 3854 aut
1391 3798 1774 3868 praefectorum
1804 3809 2033 3850 suorum
2066 3794 2173 3848 im-

594 3900 748 3970 perio
786 3899 893 3964 vel,
924 3896 994 3951 ad
1044 3893 1405 3964 pradandum
1454 3896 1681 3953 exeunt,
1714 3888 1819 3942 vel
1876 3886 1942 3940 ad
1998 3885 2173 3940 aciem

596 4006 752 4048 suam
799 3989 852 4042 in
883 4002 991 4057 qua
1022 3992 1150 4039 sunt
1183 3980 1491 4051 transgredi
1536 3979 1762 4042 audent,
1794 3975 1982 4048 ﬂagris
2019 3989 2176 4029 coer.

595 4087 849 4144 ceantur,
884 4085 939 4133 et
990 4075 1294 4147 puniantur
1327 4074 1427 4129 abs
1470 4082 1545 4139 te,
1582 4072 1743 4143 quasi
1790 4085 1903 4126 sua:
1929 4070 2174 4140 ipsorum

596 4172 770 4231 cladis
821 4176 1077 4223 auctores
1115 4181 1241 4223 esse
1287 4168 1504 4222 vellent.
1572 4210 1573 4217 η

674 4263 797 4318 177.
831 4261 1084 4316 Prudens
1134 4260 1182 4314 is
1223 4260 1523 4330 imperator
1564 4266 1651 4313 est
1698 4257 1792 4327 qui
1833 4257 2017 4312 omnia
2046 4272 2179 4313 con-

601 4358 721 4413 silia
775 4357 1029 4425 factaque
1060 4353 1412 4424 imperatoria
1463 4366 1585 4422 quae
1623 4350 1808 4405 hostes
1855 4350 2175 4417 moliuntur,

2268 3161 2362 3215 καὶ
2404 3161 2452 3213 oi.
2492 3159 2644 3211 πόνοι
2695 3156 2793 3210 καὶ
2835 3155 2905 3209 τά
2949 3152 3178 3223 σώματα
3215 3150 3465 3223 εὖρωστα
3488 3149 3599 3220 (54)
3634 3149 3729 3203 καὶ
3752 3148 3842 3210 τὰς

2267 3253 2446 3327 ψυχὰς
2494 3252 2748 3324 ἀνδρείας
2796 3246 3319 3312 κατασκευάζουσιν.
3366 3244 3554 3315 Χρεών
3604 3261 3665 3296 σε
3719 3242 3843 3306 οὖν,

2270 3341 2314 3400 ὦ
2343 3346 2619 3417 στρατηγὲ
2644 3385 2659 3409 ,
2710 3343 2817 3416 πρὸ
2850 3340 3045 3414 καιροῦ
3077 3338 3246 3405 ὀξέως
3276 3337 3360 3391 τοῦ
3386 3335 3575 3406 καιροῦ
3603 3334 3846 3404 μελετᾷν

2272 3439 2526 3513 ἁρμόδια,
2561 3438 2657 3492 καὶ
2684 3435 2754 3491 τά
2780 3437 3027 3508 χρήσιμα
3054 3433 3177 3487 τότε
3207 3428 3502 3493 σκευάζειν,
3524 3427 3611 3481 ὅτε
3630 3426 3692 3480 ού
3714 3442 3849 3479 κατ-

2271 3531 2483 3599 επείγει
2512 3529 2613 3599 τῆς
2638 3526 2999 3599 παρατάξεως
3030 3526 3064 3596 ἡ
3096 3524 3334 3593 ἀνάγκη.

2349 3621 2490 3696 ρος’.
2510 3624 2712 3692 Δ’Ἰσμεν
2742 3620 3002 3682 πολλάκις
3027 3619 3152 3680 τοὺς
3175 3614 3547 3686 θρασυτέρους
3569 3612 3677 3666 τῶν
3701 3628 3847 3681 στρα-

2273 3714 2484 3769 τιωτῶν
2537 3715 2601 3766 ὲκ
2647 3711 2742 3765 τοῦ
2794 3711 2868 3780 μὴ
2914 3707 3198 3761 πείθεσθαι
3240 3707 3349 3768 τοῖς
3394 3706 3656 3775 ἄρχουσιν
3695 3701 3845 3755 άπολ·

2276 3805 2564 3877 λυμένους.
2620 3802 2711 3855 Διὸ
2758 3800 2886 3864 τοὺς
2929 3797 3286 3869 βουλομένους
3324 3794 3418 3849 τοῦ
3456 3793 3695 3863 στρατοῦ
3732 3794 3842 3847 ἀνευ

2275 3898 2376 3968 τῆς
2404 3897 2503 3967 σῆς
2532 3897 2566 3968 ἢ
2596 3894 2689 3948 τοῦ
2717 3894 2976 3964 ἄρχοντος
3006 3889 3187 3944 αὐτῶν
3216 3887 3439 3956 ἐντολῆς
3469 3886 3502 3955 ἡ
3530 3886 3673 3956 πρὸς
3702 3887 3841 3955 πραῖ-

2276 3991 2371 4043 δαν
2405 3989 2657 4050 ἀπιέναι,
2694 3985 2728 4056 ἦ
2758 3985 2857 4055 τῆς
2888 3983 3248 4054 παρατάξεως
3276 3977 3738 4049 παρεξέρχεσθαι,
3764 3978 3843 4028 κό-

2277 4083 2408 4147 λαζε
2439 4081 2661 4143 τούτους
2690 4079 2779 4133 διὰ
2811 4076 3111 4150 μαστίγων,
3138 4074 3231 4129 καὶ
3253 4071 3571 4143 ἀναχαίτιζε
3604 4074 3698 4143 τῆς
3724 4072 3843 4123 ἀτα-

2279 4176 2419 4244 ξίας,
2452 4174 2528 4238 ὡς
2557 4172 2757 4235 αἰτίους
2782 4169 2883 4241 τῆς
2913 4168 3122 4223 ἑαυτῶν
3150 4166 3446 4229 ἀπωλείας.
3530 4217 3533 4219 .

2353 4270 2487 4340 poC’.
2546 4265 2719 4334 Σοφὸς
2767 4263 2918 4317 ἔσται
2967 4259 3268 4333 στρατηγὸς
3305 4258 3719 4329 φυλαττόμενος
3759 4254 3848 4309 ἀπὸ

2282 4359 2502 4414 πάντων
2529 4355 2639 4409 τῶν
2673 4353 2975 4425 μελλόντων
3009 4349 3160 4421 παρὰ
3185 4348 3293 4403 τῶν
3318 4347 3595 4416 πολεμίων
3618 4344 3848 4414 γίνεσθαι

602 4448 865 4507 declinat.
924 4445 1051 4502 Haec
1097 4454 1397 4515 cognoscet
1428 4459 1497 4498 ex
1557 4443 1626 4499 iis
1663 4457 1785 4513 qua;
1834 4442 1953 4512 ipse
1987 4442 2153 4496 adver

2286 4449 2779 4522 στρατηγημάτων.
2812 4445 3086 4500 Γνῶσεται
3114 4443 3172 4498 δὲ
3200 4441 3373 4497 ταῦτα
3402 4440 3462 4505 ἔξ
3481 4432 3557 4493 ῶν
3586 4442 3688 4492 καὶ
3709 4435 3851 4496 αὐτὸς

605 4559 702 4599 sus
756 4544 945 4597 hostes
997 4538 1183 4594 facere
1221 4539 1445 4607 cegitat,
1480 4537 1595 4590 haec
1644 4535 1927 4607 provideat
1953 4534 2185 4605 diligen-

606 4645 711 4699 ter,
756 4649 826 4688 ne
884 4632 955 4686 ab
1007 4630 1260 4684 hostibus
1311 4628 1579 4697 patiatur.
1628 4626 1992 4695 bxperientiae
2036 4627 2185 4681 enim

608 4725 950 4797 singulorum
1022 4721 1291 4775 adversus
1352 4720 1491 4774 alios
1560 4718 1878 4783 intentalae,
1949 4718 2185 4772 aliorum

610 4806 896 4871 hominum
942 4811 1159 4883 ingenia
1219 4808 1289 4863 ad
1338 4808 1615 4863 contraria
1666 4807 1773 4863 illis
1827 4807 2187 4877 excogitanda

611 4908 870 4963 incitant.

682 4997 873 5054 1⁸78.Βί
895 4995 1025 5068 quid
1042 4995 1182 5050 clam
1207 4995 1391 5049 hostes
1424 4992 1602 5048 facere
1624 4993 1883 5058 volueris,
1907 4994 1989 5048 vel
2014 5001 2193 5049 castra

611 5108 853 5161 movere,
903 5091 987 5147 vel
1018 5089 1222 5160 aliquid
1253 5088 1396 5141 aliud
1429 5101 1627 5156 genere
1650 5128 1664 5153 ,
1716 5086 1852 5141 nulli
1885 5085 1987 5140 hoc
2016 5086 2199 5143 consi-

615 5192 747 5245 lium
797 5188 903 5243 nisi
951 5185 1044 5240 uni
1090 5184 1254 5239 alicui
1312 5198 1376 5237 ex
1422 5180 1692 5252 praefectis
1727 5180 1922 5238 credas
1952 5199 1963 5235 :
1994 5181 2196 5237 talibus

615 5285 761 5339 enim
799 5276 1135 5349 temporibus
1170 5275 1425 5347 permulti
1469 5280 1619 5337 sunt,
1670 5274 1762 5343 qui
1801 5275 2191 5335 remunerandi

616 5376 913 5449 cupiditate
959 5371 1187 5428 consilia
1222 5378 1314 5423 tua
1347 5368 1596 5423 hostibus
1626 5368 1894 5437 prodituri
1921 5381 2067 5427 sunt.

2284 4544 2757 4615 καταστρατηγεῖν
2786 4540 2912 4603 τοὺς
2938 4538 3169 4610 ἐχθροὺς
3200 4535 3421 4607 μελετᾷο
3456 4527 3540 4596 οἷς
3565 4533 3684 4603 γὰρ
3711 4530 3852 4591 αὐτὸς

2284 4638 2545 4707 γινώσκει
2588 4634 2641 4689 τί
2670 4635 2789 4688 δέον
2818 4632 2961 4685 κατά
2984 4630 3097 4683 τῶν
3124 4626 3397 4699 πολεμίων
3426 4626 3624 4689 ποιεῖν,
3662 4623 3857 4680 τούτοις

2285 4729 2557 4799 γνώσεται
2593 4729 2687 4780 καὶ
2716 4731 2769 4779 τί
2796 4725 2903 4796 χρὴ
2934 4721 3084 4795 παρά
3110 4721 3220 4774 τῶν
3247 4718 3519 4790 πολεμίων
3550 4716 3630 4787 μὴ
3656 4715 3855 4769 παθεῖν.

2286 4824 2352 4877 Αἱ
2375 4822 2485 4892 γὰρ
2520 4821 2648 4875 ἴδιαι
2680 4819 2814 4890 πρὸς
2842 4819 2903 4870 τὸ
2931 4817 3120 4869 λυπεῖν
3142 4814 3335 4878 ἄλλους
3354 4810 3640 4882 ἐμπειρίαι
3662 4808 3761 4863 καὶ
3777 4808 3859 4869 τὰς

2292 4912 2400 4966 τῶν
2451 4910 2706 4965 ἐναντίων
2763 4906 3006 4968 ἐπινοίας
3058 4904 3181 4959 καθ’
3207 4904 3412 4957 ἑαυτῶν
3458 4902 3857 4971 τεκμαίρονται.

2367 5011 2500 5077 porr.
2550 5004 2676 5056 Ἐάν
2718 5018 2850 5055 ποτε
2888 4999 3076 5053 λαθεῖν
3106 4999 3232 5062 τοὺς
3262 4995 3553 5066 πολεμίους
3580 4991 3859 5063 βουληθῇς»

2295 5101 2406 5153 εἴτε
2451 5098 2661 5168 κίνημα
2698 5095 2807 5150 ἀπὸ
2840 5093 3130 5155 ἀπλίκτου,
3167 5092 3277 5144 εἴτε
3309 5090 3475 5159 ἄλλην
3499 5087 3627 5140 τινά
3654 5087 3863 5157 πρᾶξιν.

2301 5192 2490 5265 μηδενὶ
2530 5191 2721 5263 θάρρει
2756 5189 2928 5259 ἑτέρῳ
2973 5185 3112 5257 πλὴν
3158 5183 3239 5237 ἑνί
3278 5199 3386 5235 τινι
3428 5179 3537 5234 τῶν
3576 5179 3861 5251 ἀρχόντων.

2300 5289 2364 5342 Ei
2396 5287 2505 5356 γὰρ
2554 5287 2633 5348 εἰς
2672 5281 2898 5343 πολλοὺς
2927 5279 3219 5350 διαδραμεῖ
3242 5274 3303 5330 τὸ
3330 5273 3631 5347 βούλευμα,
3666 5270 3865 5327 πάντως

2302 5383 2411 5438 ἀπὸ
2475 5379 2584 5434 τῶν
2637 5378 2913 5447 ἀρχόντων
2959 5375 3071 5437 τοῖς
3115 5370 3449 5442 ὑποχειρίοις
3498 5364 3865 5436 παραδίδοται.

2108 5493 2338 5557 NOTAE.

694 5584 807 5655 (52)
846 5583 1382 5655 Ἐξαμαρτημάτων
1429 5578 1613 5645 εἶναι,
1640 5586 2002 5655 φροντίσας.
2039 5588 2187 5648 Scri.

626 5652 859 5772 begatqr
887 5653 946 5717 εξ
977 5654 1310 5772 ἀμαρτὲτων
1332 5655 1379 5705 εἰ
1404 5657 1498 5707 καὶ
1530 5654 1979 5736 φρρντίσεις,θιο.

720 5718 810 5772 o5)
843 5719 1129 5772 Tdruata.
1203 5724 1534 5772 crtbcbatur-
1562 5739 1801 5772 ταματα-

697 5718 810 5787 (55)
843 5719 1129 5786 Τάηιατιι.
1165 5718 1801 5793 Ξει·ιί›υι);ιιιιι·,’τὰματα.

2377 5596 2488 5668 (Si)
2519 5593 2639 5668 Καὶ.
2668 5592 2743 5668 τά
2762 5590 3008 5661 σώματα
3039 5590 3331 5658 εὕρωστα.
3358 5584 3757 5647 Scribebatur,
3788 5575 3870 5632 καὶ

2307 5663 2535 5739 σώματα
2586 5664 2654 5719 τὰ
2688 5663 2857 5735 εὕρ...
