3964 6206
239 277 368 341 1061

1322 276 1657 339 TACTICA.
1698 302 1742 311 -π
1787 275 2290 337 CONSTITUTIO
2324 275 2451 339 XX;

3348 273 3484 337 1062
3508 358 3511 359 ί

235 392 296 441 υἱ
340 389 395 442 δὲ
445 387 678 442 τοιοῦτοι
722 387 907 459 καιροὶ
952 386 1178 451 πολλοὺς
1221 385 1535 459 εὑρίσκουσι
1582 387 1705 450 τοὺς
1754 385 1822 439 δι’
1878 386 2073 442 ἐλπίδα
2121 385 2310 458 δώρων
2357 385 2626 457 προδότας
2680 383 2993 456 γινομένους
3034 385 3143 441 τῶν
3186 386 3295 439 σῶν
3360 387 3476 458 βου.

236 481 520 547 λευμάτων
552 480 662 541 τοῖς
688 477 991 547 πολεμίοις.

309 569 439 639 ροθ’.
482 567 705 622 Βέῦαιον
750 568 848 637 μὲν
895 566 1045 621 οὐδέν
1095 584 1185 638 μοι
1226 566 1376 620 δοκεῖ
1413 566 1522 621 τῶν
1555 563 1805 636 ὀνείρωνο

1990 561 2112 616 179.
2152 557 2374 613 Nullum
2428 556 2559 612 mihi
2604 556 2938 613 insomnium
2973 559 3191 614 videtur
3233 576 3354 619 esse
3395 562 3490 618 fir-

238 661 564 715 πλάττεσθαι
605 661 662 714 δὲ
711 660 806 713 καὶ
852 660 1058 713 πείθειν
1104 660 1230 723 τοὺς
1271 661 1637 731 στρατιώτας,
1673 657 1813 711 ὥστε

238 754 521 807 πιστεύειν
545 755 672 813 τοὺς
697 754 821 816 σοὺς
846 752 1087 823 ὀνείρους
1110 753 1265 822 νίκην
1288 750 1811 821 ἐπαγγελλομένους,

238 847 294 899 ὲν
325 845 502 915 καιρῷ
530 844 765 915 μάλιστα
793 843 1029 913 πολέμου
1057 843 1328 914 χρήσιμόν
1356 844 1502 895 ἐστιν
1532 842 1625 894 καὶ
1650 842 1814 907 ἀναγ-

239 939 413 989 καῖον.
471 934 733 1000 Δόξαντες
782 934 891 1005 γάρ
938 934 1013 997 ὡς
1064 935 1171 988 άπὸ
1213 933 1674 1004 Θεοῦ’χρήσιμον
1724 932 1817 985 τὸν

239 1024 390 1094 παρά
437 1023 530 1076 σοῦ
573 1021 954 1093 ἀφηγούμενον
990 1022 1217 1093 ὄνειρον,
1256 1020 1569 1092 θαρσαλέως
1599 1017 1694 1071 καὶ⁵
1721 1017 1817 1070 άν-

242 1116 587 1187 επιστρόφως
621 1115 763 1168 κατὰ
796 1115 903 1167 τῶν
933 1112 1210 1183 πολεμίων
1241 1112 1684 1182 ἐπιχειρήσουσι,
1722 1106 1819 1162 καὶ

240 1212 307 1279 τῇ
338 1206 619 1278 προθυμία
651 1205 750 1274 τὴν
780 1204 1031 1275 ἀνδρείαν
1062 1202 1534 1256 διπλασιάσουσιν.

317 1301 427 1372 ρπ’.
495 1298 901 1370 ’Δπειροκάλως
959 1296 1344 1350 ἐπακολουθεῖν
1390 1298 1509 1359 ταῖς
1560 1293 1668 1349 τῶν
1717 1306 1850 1346 που

243 1394 450 1463 λεμίων
494 1392 878 1461 ὑποχωρήσεσι
913 1388 1181 1459 σφαλερὸν
1214 1386 1455 1457 ἡγοῦμαι
1488 1382 1820 1454 κα“ι,βλά6ης

244 1486 414 1540 αἴτιον
464 1481 742 1545 πολλάκις.
785 1479 1130 1549 Ἐξεπίτηδες
1168 1477 1276 1548 γὰρ
1326 1478 1484 1533 τοῦτο
1518 1476 1818 1538 ποιοῦντες,

246 1576 414 1631 ἐνίοτε
444 1576 511 1629 δι’
538 1573 963 1644 ὲγκρυμμάτων,
997 1570 1030 1641 ἢ
1061 1571 1127 1624 δι’
1154 1569 1525 1640 ὑποστροφῆς,
1545 1568 1638 1620 καὶ
1663 1568 1820 1620 ἀσυν-

245 1669 464 1730 τάκτοις
510 1666 605 1719 καὶ
642 1661 1114 1733 διεσκεδασμένοις
1152 1661 1519 1731 ἐμπίπτοντες
1555 1660 1668 1719 τοῖς
1695 1655 1821 1709 διώ-

247 1777 402 1815 κουσι
455 1758 700 1830 μεγάλας
742 1755 1029 1827 ποιήσουσι
1061 1754 1160 1816 τὰς
1184 1752 1419 1824 βλάϐας.
1450 1753 1616 1806 Ὀταν
1644 1749 1822 1803 τοίνυν

1917 666 2113 705 mum:
2150 646 2521 720 persuadendi
2576 654 2758 702 tamen
2816 648 3017 703 milites
3073 660 3220 717 sunt,
3276 661 3333 706 ut
3383 659 3491 709 tuis

1918 741 2141 796 credant
2176 739 2494 801 insomniis,
2527 754 2649 808 qua:
2678 739 2915 808 aliquam
2946 740 3191 795 victoria:
3222 758 3369 813 spem
3397 754 3493 799 aut

1917 816 2231 902 Opinionem
2260 829 2455 886 afferre
2482 840 2715 901 possunt
2750 850 2763 886 :
2798 831 3130 886 videbuntur
3159 833 3302 888 enim
3334 838 3491 905 quasi

1918 924 2144 978 oracula
2184 936 2214 976 a
2256 921 2366 977 Deo
2417 923 2665 979 immissa
2697 922 2931 977 militum
2970 925 3183 980 animos
3221 926 3273 978 in
3305 926 3491 983 hostes

1920 1012 2221 1083 impellere,
2245 1019 2299 1068 et
2323 1010 2696 1068 fortitudinem
2731 1012 2978 1083 corporis
3002 1014 3285 1070 alacritate
3311 1032 3490 1072 rerum

1920 1102 2281 1174 gerendarum
2322 1116 2612 1158 exacuere.

1994 1309 2117 1365 £80.
2156 1307 2406 1365 Hostium
2463 1315 2696 1362 conatus
2754 1306 2950 1363 inscite
3005 1308 3278 1378 persequi,
3328 1307 3496 1362 lubri-

1921 1418 2044 1459 cum
2090 1403 2249 1458 valde
2278 1410 2333 1458 et
2380 1401 2752 1473 periculosum
2781 1410 2866 1455 est
2902 1418 2917 1455 :
2955 1416 3097 1470 saepe
3131 1401 3276 1455 enim
3308 1400 3493 1456 hostes

1921 1496 2106 1552 dedita
2165 1510 2332 1567 opera
2381 1494 2551 1549 multa
2604 1500 2898 1559 conantur,
2927 1494 3012 1549 vel
3048 1503 3107 1548 ut
3140 1494 3378 1556 insidiis,
3410 1495 3493 1548 vel

1923 1602 1981 1649 ut
2032 1585 2457 1649 reversionibus,
2509 1584 2564 1639 in
2611 1591 2736 1638 tuos
2774 1583 3035 1638 confusos
3091 1584 3496 1654 dissipatosque

1922 1685 2158 1748 irruant,
2195 1689 2251 1736 et
2296 1679 2647 1733 vehementer
2686 1674 2981 1729 admodum
3041 1684 3093 1729 te
3138 1675 3358 1732 laedant.
3391 1674 3495 1731 Ubi

1922 1775 2090 1847 igitur
2112 1766 2379 1839 fugientes
2400 1768 2586 1823 hostes
2604 1766 2930 1836 insequeris,
2948 1780 3015 1821 ne
3035 1766 3303 1822 dissolvas
3326 1767 3495 1823 aciem

247 1850 663 1919 ὑποφευγόντων
704 1846 812 1901 τῶν
851 1845 1060 1916 ἐχθρῶν
1100 1844 1314 1905 διώκειν
1357 1843 1576 1914 μέλλῃς,
1628 1840 1702 1912 μὴ
1727 1840 1822 1893 λύε

1939 1840 2102 1922 ionee
2148 1862 2389 1934 perfecte
2446 1858 2770 1932 cognoveris
2817 1858 3006 1915 hostes
3055 1859 3122 1915 de
3174 1859 3352 1915 salute
3400 1875 3495 1915 sua

242 1942 340 2012 τὴν
363 1942 515 2005 τάξιν
538 1942 637 2010 τῆς
667 1938 1044 2008 παρατάξεως,
1088 1935 1281 2006 μέχρις
1314 1935 1380 1988 ἂν
1412 1933 1622 1987 τελείαν
1654 1930 1823 2001 λάϐῃς

244 2030 616 2102 πληροφορίαν
639 2030 737 2100 τῆς
765 2028 872 2082 τῶν
898 2025 1251 2098 διωκομένων
1281 2025 1607 2081 ἀνελπίστου
1644 2039 1825 2092 σωτη-

249 2123 372 2193 ρίας
409 2122 543 2191 (55).

320 2221 466 2285 ρπα’.
517 2208 874 2283 Στρατιωτῶν
903 2213 1230 2284 φρονήματα
1260 2212 1397 2284 πρὸς
1422 2209 1623 2264 δειλίαν
1651 2215 1822 2264 κατά-

249 2306 484 2361 πεσόντα
532 2306 783 2377 ὲχέφρων
826 2306 1131 2376 στρατηγὸς
1176 2304 1400 2358 δύναται
1438 2304 1700 2374 διεγεῖραι
1740 2300 1827 2355 διὰ

247 2398 345 2463 τῆς
382 2397 587 2459 οἰκείας
628 2397 825 2465 ὂψεως,
863 2395 1158 2466 θαρσαλέος
1189 2398 1375 2458 αὐτοῖς
1406 2395 1501 2448 καὶ
1527 2392 1829 2464 περιχαρὴς

248 2480 607 2550 φαινόμενος,
657 2485 753 2535 καὶ
785 2483 920 2553 πρὸς
949 2482 1160 2547 τούτοις
1204 2484 1299 2536 καὶ
1337 2486 1450 2545 τοῖς
1480 2482 1657 2550 λόγοις
1683 2481 1831 2535 ἀλεί-

247 2587 362 2637 φων
394 2571 488 2623 κα.)⁸
516 2572 884 2642 πιθανώτερος
914 2573 1218 2640 γινόμενος,
1248 2562 1390 2626 ὥστε
1421 2571 1827 2643 συσχηματίσαι

245 2656 354 2708 τῶν
386 2659 731 2726 στρατιωτῶν
775 2659 843 2711 τά
881 2660 1208 2733 φρονήματα
1256 2660 1392 2731 πρὸς
1417 2661 1477 2714 τὸ
1506 2660 1601 2714 τοῦ
1633 2678 1831 2732 στρατ-

246 2746 381 2816 ηγοῦ
413 2748 737 2817 φαινόμενον
766 2748 985 2819 θάρσος.

320 2837 464 2908 ρπβ’.
502 2838 667 2903 Τάξις
696 2841 756 2891 οὐ
789 2841 884 2910 μία
911 2841 1024 2893 ἐστὶ
1054 2841 1315 2910 πολέμου,
1351 2841 1487 2896 ἀλλὰ
1513 2840 1705 2895 πολλαὶ
1733 2828 1827 2895 καὶ

247 2931 522 3001 διάφοροι,
576 2933 671 2984 καὶ
712 2933 866 3010 εταρά
892 2927 1017 2994 τοὺς
1045 2934 1366 3001 ὁπλισμοὺς,
1405 2934 1500 2987 καὶ
1531 2936 1681 3003 παρὰ
1706 2935 1832 2997 τοὺς

1927 1957 2144 2030 penitus
2199 1953 2514 2024 desperare.

2000 2220 2123 2277 181.
2183 2216 2414 2273 Militum
2471 2216 2686 2271 animos
2727 2215 3002 2272 demissos
3046 2224 3100 2270 et
3157 2221 3212 2272 In
3251 2215 3501 2271 timorem

1927 2311 2214 2380 prolapsos
2264 2302 2506 2378 prudens
2558 2307 2855 2375 imperator
2902 2320 3005 2362 suo
3058 2313 3282 2377 aspectu
3353 2305 3496 2361 hila-
3536 2366 3547 2373 _

1928 2402 2093 2465 rabit,
2127 2408 2181 2456 et
2210 2400 2362 2455 vultu
2398 2400 2543 2463 lreto,
2579 2399 2761 2455 verbis
2785 2398 2948 2455 etiam
2979 2399 3243 2454 suavibus
3278 2398 3498 2453 illorum

1930 2494 2146 2550 animos
2189 2493 2375 2556 leniet,
2419 2501 2480 2547 ut
2526 2492 2759 2548 militum
2809 2490 2978 2547 animi
3031 2491 3098 2546 ad
3152 2492 3503 2562 imperatoris

1931 2587 2216 2643 audaciam
2258 2585 2478 2641 excitet.

2004 2836 2126 2906 l82.
2163 2851 2281 2907 Una
2310 2851 2446 2906 aciei
2476 2850 2687 2906 bellicae
2718 2850 2893 2906 forma
2926 2864 3035 2905 non
3068 2858 3173 2915 est,
3196 2850 3291 2906 sed
3323 2851 3508 2906 multa:

1933 2956 1987 2998 et
2027 2945 2279 3006 diversae,
2322 2959 2421 3012 pro
2450 2945 2715 2997 varietate
2757 2957 3057 3009 armorum,
3105 2945 3360 3008 militum,
3408 2944 3508 2999 ho-

252 3023 711 3093 στρατευομένους
734 3061 750 3086 ,
812 3022 905 3076 καὶ
933 3023 1083 3092 παρὰ
1112 3025 1237 3086 τοὺς
1264 3023 1700 3092 ἀντιπολεμίους,
1741 3023 1826 3075 καὶ

1939 3032 2122 3097 stium,
2159 3032 2430 3095 locorum,
2466 3038 2797 3099 temporum.
2841 3029 3048 3085 Horum
3079 3031 3415 3088 dili‘ercntias
3440 3047 3510 3087 ex

251 3117 400 3185 παρὰ
429 3117 554 3178 τοὺς
576 3116 796 3178 τόπους,
821 3116 912 3168 καὶ
943 3115 1095 3185 παρά
1120 3113 1246 3178 τοὺς
1272 3114 1514 3185 καιρούς.
1540 3112 1757 3168 Τούτων
1778 3114 1826 3167 δὲ

1939 3121 2075 3192 ipsis
2104 3122 2267 3178 rebus
2305 3122 2513 3192 optime
2552 3135 2873 3192 cognosces.
2912 3119 3033 3175 Non
3070 3124 3214 3176 enim
3245 3122 3511 3193 quemad-

251 3180 351 3269 τὰς
369 3208 644 3278 διαφορὰς,
660 3201 703 3261 ὦ
727 3180 1133 3279 στρατηγὲξέπὶ
1162 3202 1339 3261 αὐτῶν
1367 3180 1475 3261 τῶν
1496 3207 1826 3280 πραγμάτων

1939 3210 2161 3267 modum
2217 3211 2481 3274 volueris,
2545 3210 2642 3266 sed
2689 3211 3148 3280 quemadmodum
3211 3214 3511 3269 necessitas

255 3299 495 3372 μαθήσῃ.
516 3299 588 3351 Οὐ
614 3300 742 3370 γάρ,
777 3300 851 3363 ῶς
881 3297 1086 3368 βούλει,
1119 3287 1476 3373 παρατάξεις,
1495 3297 1609 3351 ἀλλ’
1643 3297 1717 3360 ῶς
1743 3297 1835 3350 άν-

251 3389 481 3459 αγκάζει
533 3391 779 3460 ποιήσεις
827 3390 927 3458 τὴν
963 3388 1181 3452 ἔκταξιν
1220 3388 1315 3439 καὶ
1353 3388 1447 3439 τοῦ
1476 3388 1707 3458 στρατοῦ
1739 3387 1834 3440 καὶ

250 3476 350 3544 τῆς
381 3474 648 3535 ὁπλίσεως
667 3513 682 3536 ,
717 3475 813 3526 καὶ
842 3474 986 3527 κατὰ
1012 3475 1324 3542 πρόσωπον,
1361 3475 1456 3527 καὶ
1484 3477 1549 3528 ὲκ
1574 3474 1832 3542 πλαγίου,

252 3568 347 3620 καὶ
356 3564 597 3629 ὄπισθεν,
612 3566 706 3617 καὶ
722 3564 795 3627 ῶς
813 3567 844 3634 ἡ
869 3565 1026 3635 χρεία
1044 3565 1151 3619 τῶν
1165 3566 1505 3636 πραγμάτων
1516 3566 1832 3635 ἀπαιτήσει.

328 3664 474 3727 ρπγν.
506 3652 687 3709 Ὅταν
705 3656 937 3727 πεζικὴν
967 3657 1257 3727 στρατείαν
1282 3656 1599 3729 παρατάξῃς
1624 3656 1659 3727 ἢ
1675 3657 1836 3710 ὁπλο-

253 3751 435 3820 φόρων
487 3748 694 3819 ἀνδρῶν
738 3738 849 3801 τῶν
889 3749 1197 3819 λεγομένων
1247 3750 1560 3803 σκουτάτων
1582 3788 1599 3814 ,
1653 3750 1686 3821 ἢ
1723 3749 1833 3802 τῶν

250 3840 463 3909 ψιλῶν,
519 3841 685 3910 ἧγουν
732 3839 965 3905 τοξοτῶν
1016 3841 1110 3894 καὶ
1159 3840 1551 3912 σφενδονητῶν,
1608 3842 1832 3895 ἀντιπο-

252 3931 545 4001 λεμοῦντες
574 3933 630 3987 δὲ
663 3933 845 3997 αὐτοῐς
877 3949 1021 3996 τινες
1055 3931 1291 4002 βάλωσιν
1322 3932 1441 3987 κατ’
1471 3933 1649 3988 αὐτῶν
1680 3934 1714 4004 ἢ
1747 3936 1831 4005 ῥι-

254 4023 477 4095 κτάρια,
511 4024 544 4094 ἢ
572 4024 1025 4079 διασσενδοὸόλων
1051 4024 1163 4097 (56)
1195 4027 1290 4079 καὶ
1314 4026 1504 4092 τόξων,
1530 4026 1612 4081 δεῖ
1637 4026 1833 4090 αὐτοὺς

258 4115 364 4167 ὑπὸ
391 4116 728 4185 σκουταρίων
755 4115 1118 4187 τετραγώνων
1145 4116 1436 4187 ὲπιμηκῶν
1469 4116 1577 4171 τῶν
1602 4117 1831 4187 λεγομέ-

258 4223 365 4260 νων
410 4206 618 4276 θυρεῶν
659 4204 802 4279 (57),
858 4209 891 4279 ἢ
945 4210 1148 4280 ἑτέρων
1194 4211 1533 4280 σκουταρίων
1575 4210 1826 4279 μεγάλων

257 4298 579 4368 κεραμῶσαι
608 4299 833 4363 ἑαυτοὺς
860 4300 1087 4364 ἄνωθεν,
1120 4301 1216 4353 καὶ
1244 4300 1415 4364 οὕτως
1442 4300 1823 4371 προσϐάλλειν

254 4390 348 4444 καὶ
376 4389 485 4460 γάρ
515 4391 927 4461 κεραμωθέντες
955 4393 1049 4445 καὶ
1080 4391 1406 4461 σκεπόμενοι
1435 4393 1587 4445 οὐδὲν
1614 4391 1828 4447 πάθωσι

252 4482 421 4536 κακὸν
454 4483 556 4537 ὑπὸ
586 4483 697 4537 τῶν
723 4484 1092 4553 πεμπομένων
1123 4481 1293 4552 βελῶν
1322 4485 1444 4537 κατ’
1472 4484 1670 4538 αὐτῶν.

238 4548 253 4599 θ
325 4575 463 4645 ρπδ’.
505 4576 729 4647 Στρατῷ
758 4548 871 4646 (έ8)
904 4548 1178 4645 πολεμίων
1222 4575 1517 4647 μηνοειδῶς
1545 4594 1828 4648 παρατατ-

252 4670 463 4739 τομένῳ
507 4670 687 4741 (αὕτη
736 4669 844 4740 γάρ
890 4671 925 4740 ἠ
970 4666 1274 4739 παράταξις
1321 4670 1471 4723 δοκεῖ
1505 4669 1659 4735 τάξιν
1692 4673 1826 4742 ἡμι-

254 4761 475 4814 κυκλίου
504 4764 763 4833 γινομένη
796 4762 1044 4829 ἀσφαλὴς
1065 4757 1204 4815 εἶναι
1238 4761 1330 4815 καὶ
1354 4763 1650 4833 ἄτρεπτοςο
1704 4767 1831 4829 τοὺς

257 4850 366 4921 γὰρ
399 4852 772 4920 ἐμπίπτοντας
800 4853 1215 4925 ἀντιπολεμίους
1247 4856 1306 4909 ὲν
1330 4854 1409 4926 τῷ
1440 4854 1534 4909 τοῦ
1566 4856 1834 4927 σίγματος

254 4944 554 5014 κοιλώματι
610 4947 674 4999 ὲκ
720 4948 830 5002 τῶν
878 4947 1030 5002 ἐνθεν
1077 4950 1173 5003 καὶ
1218 4949 1430 5004 ἐκεῖθεν
1471 4951 1569 5015 τὰς
1603 4952 1833 5023 κεραίας

258 5035 552 5099 ἀπλοῦντες
601 5039 696 5090 καὶ⁸
741 5040 1201 5109 περικυκλοῦντες
1252 5042 1691 5106 ὲναποκλείουσι,
1740 5044 1836 5095 καὶ

255 5123 428 5189 οὕτως
478 5127 910 5202 δραστικώτερον
962 5132 1099 5184 κατ’
1136 5124 1329 5185 ἀὐτῶν
1382 5133 1829 5203 άπομάχονται),

255 5216 393 5284 πρὸς
422 5218 627 5291 ταύτην
654 5217 749 5275 οὖν
780 5222 1382 5293 ἁντιπαραταττόμενος
1423 5222 1521 5293 τὴν
1572 5224 1827 5295 μηνοειδῆ

254 5306 406 5373 τάξιν
452 5310 534 5372 είς
575 5309 703 5381 τρία
741 5312 882 5383 μέρη
915 5310 1014 5382 τὴν
1045 5312 1145 5381 σὴν
1172 5309 1472 5380 παράταξιν
1498 5310 1820 5384 διαιρήσεις.

1938 3304 2317 3379 postulaverit,
2359 3304 2531 3361 aciem
2584 3305 2826 3361 instrues
2878 3311 3041 3374 atque
3082 3306 3342 3370 armabis,
3391 3310 3509 3360 tum

1938 3405 2083 3459 ante,
2125 3405 2240 3451 tum
2275 3406 2443 3460 retro,
2495 3406 2607 3450 tum
2644 3396 2713 3451 ad
2744 3396 2918 3465 latus;
2961 3403 3015 3452 et
3050 3398 3507 3468 quemadmodum

1939 3502 2073 3541 usus
2126 3486 2333 3553 tulerit,
2372 3489 2453 3542 sic
2498 3486 2681 3542 omnia
2729 3487 2812 3543 vel
2864 3488 3173 3543 constitues
3220 3488 3306 3543 vel
3357 3502 3508 3544 com-

1937 3578 2193 3632 mutabis.

2003 3667 2128 3723 18⁸5.
2169 3666 2273 3723 Ubi
2319 3666 2627 3738 pedestrem
2665 3668 2836 3724 aciem
2877 3670 3226 3736 instruxeris,
3259 3671 3345 3726 vel
3382 3684 3510 3741 gra-

1936 3760 2107 3824 vium,
2141 3760 2236 3829 qui
2295 3761 2494 3816 scutati
2531 3770 2681 3830 sunt,
2723 3763 2806 3817 vel
2842 3762 3065 3830 levium,
3099 3763 3259 3833 cujus
3292 3764 3507 3833 generis

1935 3850 2204 3920 sagittarii
2257 3859 2312 3905 et
2361 3850 2669 3908 funditores
2718 3862 2869 3918 sunt,
2926 3862 2981 3907 et
3038 3854 3246 3920 hostes,
3300 3853 3394 3924 qui
3440 3866 3506 3907 ex

1935 3944 2166 3998 adverso
2196 3951 2463 4013 pugnant,
2495 3944 2581 3999 vel
2610 3943 2796 4001 fundis
2826 3946 2909 4001 vel
2956 3946 3195 4000 arcubus
3240 3946 3342 4000 tela
3373 3960 3510 4000 cou-

1929 4032 2152 4102 jieiunt,
2189 4032 2273 4087 vel
2298 4034 2469 4090 scutis
2496 4032 2800 4103 majoribus
2830 4035 3114 4106 quadratis
3145 4044 3199 4090 et
3235 4035 3505 4105 oblongis.

1933 4126 2027 4195 qui
2082 4124 2256 4195 thyrei
2302 4133 2450 4192 sunt,
2491 4133 2586 4182 aut
2631 4128 2936 4184 minoribus
2981 4131 3192 4198 seipsos
3238 4136 3291 4183 et
3328 4130 3511 4198 capita

1934 4224 2122 4287 tegant
2174 4225 2229 4272 et
2269 4220 2427 4289 quasi
2482 4220 2813 4282 incrustent,
2848 4222 2924 4275 ita
2971 4222 3061 4276 fiet
3107 4229 3164 4274 ut
3207 4220 3345 4275 nihil
3378 4220 3507 4272 mall

1935 4307 2207 4378 accipiant
2259 4319 2614 4380 quotcunque
2644 4311 2699 4365 in
2755 4311 2879 4367 illos
2933 4312 3038 4365 tela
3072 4310 3468 4381 conjiciuntur.

2008 4573 2133 4629 184.
2176 4571 2431 4628 Exercitu
2472 4573 2715 4630 hostium
2754 4575 2962 4639 lunato,
2993 4574 3049 4629 id
3084 4582 3190 4639 est,
3248 4574 3317 4630 ad
3343 4575 3509 4630 semio

1939 4665 2133 4720 circuli
2163 4666 2399 4735 speciem
2436 4665 2709 4721 instructo
2737 4666 2885 4737 (nam
2940 4668 3054 4723 haec
3083 4668 3255 4723 forma
3309 4676 3423 4724 tuta
3452 4677 3509 4724 et

1938 4758 2092 4813 firma
2133 4756 2347 4811 videtur
2379 4772 2522 4823 esse,
2556 4765 2612 4811 et
2639 4758 2825 4814 hostes
2857 4759 2981 4814 hinc
3014 4767 3180 4830 atque
3203 4760 3356 4815 illine
3386 4774 3508 4815 cor-

1935 4866 2044 4906 nua
2090 4851 2390 4907 extendens
2442 4851 2495 4904 iu
2544 4851 2781 4906 mediam
2834 4852 2970 4907 aciei
3016 4853 3172 4921 quasi
3230 4852 3271 4907 C
3302 4852 3509 4907 littera

1934 4945 2226 4999 cavitatem
2283 4942 2564 5011 excipiens
2612 4943 3018 5008 circumcludit,
3065 4952 3118 4997 et
3169 4944 3371 4999 milites
3419 4958 3508 5011 ve:

1934 5036 2244 5091 hementius
2277 5050 2341 5090 ac
2378 5037 2660 5091 robustius
2690 5035 2758 5090 ad
2820 5037 3171 5106 pugnandum
3220 5051 3347 5090 eum
3397 5035 3505 5090 illis

1934 5127 2148 5197 incitat)
2183 5127 2228 5182 si
2275 5128 2540 5181 adversus
2568 5140 2691 5181 eum
2727 5127 2916 5196 copias
2963 5136 3084 5181 tuas
3130 5126 3503 5197 apparaveris,

1935 5221 1991 5276 in
2033 5227 2146 5273 tres
2184 5226 2366 5288 partes
2407 5218 2697 5274 adversum
2725 5216 2836 5273 duo
2868 5231 3072 5273 cornua
3110 5219 3347 5289 hostium
3387 5217 3502 5273 col-

1935 5309 2143 5381 locabis
2175 5324 2190 5362 :
2237 5308 2468 5364 mediam
2500 5318 2708 5380 partem
2740 5325 2849 5366 non
2888 5310 3178 5367 adversum
3213 5310 3500 5367 cavitatem

1747 5472 1977 5530 ΝΟΤΕ.

327 5608 439 5682 (ᾗὸ)
472 5612 787 5680 nemp/ac.
828 5613 1201 5677 Scribebalur,
1231 5613 1454 5682 σωρίας.

331 5678 444 5745 (56)
477 5678 1019 5741 Atao6£r606ci.lwr.
1053 5685 1265 5753 Scribe,
1310 5678 1396 5738 διὰ
1431 5681 1816 5752 σφενδοόόλων.

2000 5610 2110 5679 (57)
2145 5607 2400 5679 Θιῳεῶξο.
2430 5607 2780 5664 Scribebattlr
2803 5647 2817 5671 ,
2849 5606 3049 5676 θυρῶν.

2000 5674 2111 5750 (58)
2150 5674 2405 5749 Στρατῷ.
2434 5678 2810 5745 Scribebatur,
2848 5674 3128 5748 ’Λτραπῴ.
