3964 6206
472 296 621 362 1063

1655 292 1933 356 LEONIS
1972 294 2069 355 PII
2085 296 2103 355 Ι
2119 294 2441 356 LOSOPHI

3620 299 3775 367 1064

471 412 716 469 hostium
751 411 1015 474 instrues,
1051 407 1148 465 sed
1195 407 1262 461 ad
1311 405 1623 463 subsidium
1656 408 1891 464 duarum
1924 423 2048 479 par-

2168 407 2264 460 Kai
2300 408 2411 471 τοῖς
2440 407 2539 477 μὲν
2562 404 2682 460 δυσὶ
2713 406 2905 477 μέρεσι
2937 406 3017 479 τῷ
3041 425 3101 462 τε
3127 406 3286 479 δεξιῷ
3315 407 3410 463 καὶ
3541 412 3774 467 εὐωνὺ-

472 506 610 559 tium
666 503 1025 575 pugnantium
1068 501 1395 555 constitues.
1462 499 1651 569 Itaque
1699 501 1783 554 vel
1841 501 2058 555 illorum

472 597 699 650 lunatus
754 593 1028 649 exercitus
1088 592 1283 647 irritus
1315 592 1443 653 erit,
1480 592 1564 647 vel
1624 591 1801 647 hostis
1833 599 2061 661 cogetur

471 688 607 741 aciei
666 685 895 740 formam
957 691 1322 740 commutare.
1378 681 1478 738 Sin
1527 691 1583 737 tu
1635 683 1947 739 discessum
2005 690 2060 737 ct

472 778 653 848 fugam
700 776 892 832 mediae
926 778 1097 847 partis
1143 776 1521 841 simulaveris,
1578 782 1633 830 et
1683 773 1870 831 lmstes
1905 775 1970 831 ad
2008 782 2059 830 te

472 870 869 940 insequendum
905 870 1315 940 provocaveris,
1338 886 1445 923 non
1473 868 1633 924 modo
1658 867 1805 923 acies
1837 868 2054 922 illorum

471 962 825 1022 dissolvetur,
873 959 971 1014 sed
1026 958 1195 1013 etiam
1250 957 1481 1013 confuse
1514 963 1662 1010 tuam
1712 956 2051 1026 inseqnctur.

469 1056 656 1121 itaque
681 1052 989 1108 instructus
1010 1053 1288 1106 exercitus
1321 1058 1449 1105 tuus
1476 1049 1792 1104 reversione
1818 1048 2054 1118 quadam

468 1145 647 1198 subita
682 1153 737 1199 et
769 1143 1017 1198 conferta
1050 1144 1174 1199 illos
1208 1142 1489 1206 adoriens,
1526 1140 1882 1210 insequentes
1915 1148 1966 1196 te
2000 1140 2056 1195 in

470 1240 653 1308 fugam
699 1236 981 1304 conjiciet.

2161 517 2248 569 μῳ
2300 499 2549 569 ποιήσεις
2597 501 2700 571 τὴν
2735 499 3045 572 προσϐολὴν
3076 497 3219 554 κατά
3244 499 3356 555 τῶν
3380 500 3476 555 δύο
3502 506 3775 572 κεράτων

2155 579 2267 645 τῶν
2298 591 2575 661 πολεμίων
2596 633 2609 657 ,
2644 591 2704 645 τὸ
2733 591 2793 645 δὲ
2826 590 2992 662 μέσον
3026 592 3194 663 μέρος
3218 593 3435 663 στήσεις
3470 594 3546 665 μὴ
3582 613 3773 667 προσ-

2156 682 2338 737 ϐαλὼν
2385 686 2451 755 τῇ
2501 684 2806 756 κοιλότητι,
2848 683 2966 739 ἀλλ’
2996 685 3057 737 ὲν
3081 684 3413 758 ὁποσοηθεία
3445 687 3555 740 τῶν
3589 705 3774 759 προσε-

2157 776 2430 830 6αλόντων
2462 775 2555 830 δύο
2585 778 2769 849 μερῶν
2803 777 3112 847 ἱστάμενον.
3152 777 3341 841 Οὕτως
3369 778 3479 849 γάρ
3511 779 3543 851 ἢ
3576 780 3770 849 ἀπραο

2159 885 2286 931 κτος
2319 868 2347 922 ὁ
2380 867 2437 921 ὲν
2466 866 2649 939 κύκλῳ
2681 866 2790 921 τῶν
2824 868 3101 939 πολεμίων
3134 868 3362 939 στρατὸς
3389 871 3764 943 ὲνατοομεένῃ,

2158 959 2192 1029 ἢ
2245 960 2496 1025 κάκεῖνος
2527 959 2852 1031 προσϐαλὼν
2883 960 2982 1031 τὴν
3014 959 3272 1032 μηνοειδῆ
3299 962 3451 1028 τάξιν
3475 963 3763 1017 διαλύσει⁹

2160 1048 2209 1102 εἰ
2235 1048 2290 1102 δὲ
2317 1050 2665 1120 πλασάμενος
2689 1051 2850 1113 αὐτὸς
2874 1051 3223 1123 ὑποχώρησιν
3246 1052 3341 1107 τοῦ
3367 1053 3535 1124 μέσου
3558 1057 3766 1126 μέρους

2160 1141 2406 1209 κινήσεις
2439 1143 2567 1206 τοὺς
2596 1144 2871 1207 ἐναντίους
2905 1144 3041 1213 πρὸς
3069 1143 3273 1210 δίωξιν,
3308 1143 3371 1197 ού
3401 1146 3564 1215 μόνον
3591 1147 3756 1217 λυθή-

2161 1249 2312 1285 σεται
2349 1235 2383 1303 ἡ
2415 1233 2741 1300 παράταξις,
2775 1234 2909 1288 ἀλλά
2939 1235 3035 1289 καὶ
3065 1235 3422 1300 ἀσυντάκτως
3449 1236 3745 1291 διώκουσαν

463 1305 552 1378 τὸ⁷
582 1328 672 1381 σὺν
722 1328 1037 1399 στράτευμα
1081 1324 1514 1395 συντεταγμένον
1564 1324 1639 1379 δι’
1687 1318 2037 1394 ὑποστροφῆς
2074 1305 2279 1392 ἀθρόας
2314 1324 2571 1393 ὲπιτεθῆς
2596 1325 2800 1389 αὐτοῖς,
2839 1325 2934 1379 καὶ
2962 1325 3350 1398 εὑρεθήσονται
3412 1327 3637 1391 πάντως
3697 1334 3748 1383 οἱ

467 1414 527 1466 σε
562 1416 851 1481 διώκοντες
884 1417 1205 1487 διωκόμενοι
1235 1416 1389 1485 παρὰ
1416 1415 1533 1473 σοῦ.

539 1510 665 1566 183.
707 1512 933 1568 Insidias
981 1525 1173 1566 omnes
1221 1510 1663 1565 vehementiores
1704 1510 1907 1565 habent
1937 1507 2047 1562 im—

470 1611 631 1673 petus
685 1618 849 1674 quam
904 1611 1107 1659 exterae
1156 1603 1540 1658 incursiones:
1571 1616 1647 1657 eae
1695 1610 1875 1657 tamen
1926 1612 2051 1671 quae

469 1713 499 1752 a
543 1708 695 1770 tergo
741 1698 896 1762 fiunt,
927 1697 1085 1767 longe
1122 1696 1645 1751 vehementissima.
1677 1695 1811 1748 Nam
1859 1695 2053 1761 hujus-

2230 1509 2369 1575 ρπε’.
2419 1503 2672 1559 Ἀπασαν
2721 1502 2819 1576 μὲν
2868 1504 3091 1577 ἐνέδραν
3114 1547 3129 1571 ,
3164 1506 3283 1578 ἦτοι
3315 1505 3624 1580 ἔγκρυμμα
3653 1510 3755 1562 έπ-

2158 1598 2448 1667 ερχόμενον
2496 1600 2607 1659 τοῖς
2654 1596 2967 1667 πολεμίοις,
3021 1599 3380 1672 ἰσχυροτέραν
3422 1602 3534 1654 τῶν
3580 1601 3768 1656 ἄλλων

2159 1687 2426 1741 ἐπιϐολῶν
2457 1690 2692 1742 ποιεῖται
2719 1686 2819 1758 τὴν
2843 1687 2964 1740 κατ’
2991 1688 3170 1741 αὐτῶν
3200 1689 3478 1743 ἐπίθεσινο
3519 1692 3771 1763 μάλιστα

471 1788 622 1842 modi
702 1787 941 1843 insidias
980 1787 1276 1857 aliquando
1324 1787 1369 1841 si
1418 1786 1847 1858 comparaveris,
1897 1786 2054 1856 longe

2168 1779 2216 1832 δὲ
2250 1780 2284 1851 ἡ
2321 1779 2462 1833 κατά
2494 1777 2665 1833 νώτου
2707 1780 2815 1833 τῶν
2847 1778 3143 1850 πολεμίων.
3197 1780 3471 1853 Τοιαύτην
3498 1782 3600 1837 οὖν
3632 1803 3769 1839 ποτε

473 1878 727 1932 meliores
778 1877 1225 1949 eﬂicaciorcsquo
1277 1876 1493 1933 videbis
1560 1891 1683 1933 esse
1728 1877 1797 1931 iis
1848 1888 1973 1947 quae
2026 1890 2054 1928 a

2168 1870 2393 1937 ποιήσας
2427 1867 2524 1922 καὶ
2553 1870 2717 1932 αὐτὸς
2746 1870 2969 1941 ἐνέδραν
2990 1911 3004 1936 ,
3041 1871 3136 1924 καὶ
3162 1872 3388 1925 δπισθεν
3416 1874 3608 1929 αὐτῶν
3641 1878 3770 1930 ἑπι-

473 1971 646 2027 latere
682 1972 839 2026 fiunt.

545 2148 670 2204 186.
708 2148 984 2212 Mandata,
1022 2155 1316 2220 praecepta,
1367 2156 1614 2213 tesserae,
1662 2164 1727 2203 ac
1758 2148 1863 2204 alia
1892 2147 2057 2218 hujus

471 2242 713 2313 generis.
758 2256 855 2311 per
903 2238 1196 2310 praefectos
1269 2248 1417 2301 tuos.
1460 2250 1513 2295 et
1565 2255 1672 2295 non
1724 2255 1821 2310 per
1855 2248 1907 2295 te
1943 2250 2057 2294 tra-

470 2333 649 2388 denda
682 2334 951 2389 militibus
980 2342 1130 2389 sunt.
1163 2333 1265 2389 Per
1287 2340 1339 2388 te
1370 2333 1515 2388 enim
1547 2332 1653 2388 hoc
1684 2334 1821 2388 velle
1853 2332 2053 2398 facere,

472 2423 708 2492 imperiti
758 2424 997 2479 hominis
1049 2431 1214 2493 atque
1271 2423 1566 2477 admodum
1609 2420 1789 2477 insciti
1856 2433 2051 2478 esset:

471 2529 597 2569 nam
635 2522 690 2570 et
721 2524 938 2584 tempus
988 2516 1220 2569 multum
1266 2514 1322 2569 in
1360 2515 1731 2586 praecipiendo
1759 2529 2055 2571 consume-

471 2614 584 2667 tur,
634 2614 689 2660 et
743 2621 976 2675 magnus
1032 2607 1301 2661 tumultus
1352 2609 1455 2661 erit
1494 2608 1728 2662 militum
1762 2624 1821 2663 se
1864 2616 2056 2661 mutuo

474 2697 952 2767 interrogantium,
1006 2707 1061 2751 et
1118 2697 1374 2750 fortassis
1431 2699 1486 2751 in
1558 2701 2055 2755 commemorandis

473 2789 583 2843 illis
639 2789 780 2843 alius
843 2786 1118 2841 interdum
1176 2785 1387 2856 aliquid
1451 2787 1711 2858 adjiciet,
1767 2789 1910 2845 alius
1956 2790 2056 2846 de-

476 2880 677 2933 trahet.

544 3082 670 3137 187.
702 3078 835 3136 Boni
866 3079 1215 3150 imperatoris
1251 3086 1305 3135 et
1335 3076 1705 3136 admiratione
1756 3076 1907 3151 digni
1945 3087 2052 3144 est,

2159 1957 2338 2022 τεθεὶς
2361 2000 2373 2021 ,
2410 1958 2855 2030 δραστικωτέραν
2888 1962 2983 2014 καὶ
3014 1962 3406 2035 ὲνεργεστέραν
3430 1965 3614 2038 αὐτὴν

2160 2052 2452 2123 γινομένην
2483 2051 2591 2105 τῶν
2617 2052 2682 2105 ὲκ
2705 2050 2938 2121 πλαγίου
2971 2054 3407 2125 ὲγκρυμμάτων.

2233 2151 2386 2214 ρπςα
2436 2143 2576 2197 Ὑπὸ
2623 2144 2734 2197 τῶν
2778 2145 2953 2200 ἀλλων
2997 2146 3276 2217 ἀρχόντων
3320 2150 3390 2202 τά
3432 2152 3771 2221 παραγγέλ-

2162 2252 2308 2306 ματα
2347 2234 2481 2307 πρδς
2510 2237 2601 2290 τὸν
2629 2238 2861 2309 στρατὸν
2895 2238 2979 2292 δεῖ
3005 2239 3250 2307 γίνεσθαι
3272 2281 3287 2303 ,
3334 2242 3427 2295 καὶ
3461 2245 3533 2296 τὰ
3562 2245 3763 2301 διατά-

2158 2342 2377 2395 γματα,
2414 2324 2506 2380 καὶ
2539 2328 2606 2381 τὰ
2641 2328 2977 2399 συνθήματα,
3017 2328 3156 2383 ἀλλά
3194 2330 3267 2401 μή
3298 2329 3387 2384 διά
3411 2332 3515 2402 τῆς
3542 2334 3647 2403 σῆς
3673 2337 3763 2388 ὲνο

2157 2416 2464 2487 δοξότητος,
2497 2410 2542 2471 ὧ
2574 2420 2870 2490 στρατηγέ.
2921 2420 2996 2473 Τδ
3021 2420 3131 2489 γὰρ
3162 2421 3455 2492 κηρύττειν
3487 2442 3545 2477 σε
3577 2423 3762 2481 ταῦτα

2157 2509 2227 2561 δι’
2261 2508 2455 2563 ἑαυτοῦ
2491 2511 2549 2564 ὲν
2575 2509 2796 2582 ὀξύτητι
2828 2511 3023 2582 καιροῦ
3054 2513 3264 2568 ἰδιώτου
3291 2516 3428 2581 ἐστὶ,
3468 2506 3563 2570 καὶ
3594 2519 3760 2572 άπεξ.

2159 2617 2251 2671 ρου
2307 2600 2428 2654 λίαν
2477 2600 2585 2655 τῶν
2630 2602 2897 2657 δεόντων·
2956 2606 3050 2657 καὶ
3095 2608 3205 2679 γάρ
3237 2607 3330 2660 καὶ
3364 2609 3555 2678 χρόνος
3582 2611 3751 2674 πολὺς

2159 2691 2217 2743 έν
2253 2690 2329 2761 τῷ
2357 2693 2755 2762 παραγγέλλειν
2784 2692 3211 2766 ἀναλωθήσεται,
3236 2698 3333 2751 καὶ
3358 2699 3584 2769 θόρυὸος
3605 2703 3742 2772 ὁμοῦ

2156 2782 2374 2835 πάντων
2420 2783 2685 2854 ἀλλήλους
2736 2784 3068 2858 ἐρωτώντων
3095 2828 3110 2851 ,
3158 2786 3301 2860 τάχα
3342 2791 3402 2845 δὲ
3443 2793 3535 2846 καὶ
3576 2795 3606 2847 ό
3648 2795 3753 2865 μὲν

2156 2872 2454 2943 προσθήσει
2500 2889 2553 2928 τι
2599 2875 2762 2931 πλέον
2805 2876 2902 2931 τοῦ
2946 2879 3446 2953 παραγγέλματος,
3492 2886 3522 2939 ό
3560 2885 3618 2940 δὲ
3651 2888 3753 2942 καὶ

2156 2965 2503 3037 παραλείψει.

2231 3079 2374 3151 pm”.
2415 3062 2720 3153 Γνώρισμα
2756 3083 2982 3155 γνησίου
3034 3088 3347 3159 στρατηγοῦ
3390 3090 3483 3144 καὶ
3527 3090 3751 3162 θαυμάο

474 3189 641 3245 posse
675 3173 854 3244 potius
902 3170 1159 3226 celeriter
1189 3170 1373 3242 aliqua
1406 3168 1735 3225 necessitate
1776 3176 2054 3238 premente

2168 3165 2344 3234 ἵεσθαι
2369 3170 2520 3237 ἀξίου
2550 3172 2611 3226 τὺ
2634 3173 2735 3245 τῆς
2756 3175 3007 3248 ἀνάγκης
3033 3155 3390 3252 ἐπικειμένης
3410 3182 3574 3248 ὀξέως
3599 3155 3753 3238 νοεῖν

473 3266 605 3339 quid
658 3265 894 3321 maxime
923 3277 1062 3335 Opus
1091 3260 1240 3317 facto
1275 3261 1348 3317 sit
1376 3260 1707 3325 deliberare,
1731 3275 1894 3330 quam
1928 3268 2054 3315 ante

2168 3261 2221 3314 ιὰ
2264 3259 2452 3315 δέοντα
2504 3263 2740 3332 μᾶλλον,
2792 3266 2939 3340 ἤπερ
2982 3267 3043 3321 τὸ
3088 3269 3195 3340 πρὸ
3222 3270 3315 3340 τῆς
3333 3270 3570 3341 ἀνάγκης
3603 3275 3748 3343 περὶ

474 3360 861 3419 necessitatem
882 3358 1294 3428 contingentem
1322 3355 1390 3411 de
1411 3370 1474 3411 ea
1507 3353 1833 3410 deliberare.
1866 3351 2056 3425 Neque

472 3452 619 3509 enim
651 3451 953 3508 deliberare
981 3460 1107 3504 ante
1140 3456 1322 3519 potest
1355 3446 1483 3520 quis
1512 3447 1580 3503 de
1609 3446 1892 3507 omnibus,
1927 3460 2049 3518 qua!

472 3544 599 3601 belli
651 3544 945 3599 imminens
996 3557 1160 3598 casus
1205 3539 1399 3597 atl‘orre
1434 3541 1595 3598 solet.

543 3656 669 3715 188.
710 3657 943 3724 Quando
982 3657 1035 3712 in
1068 3658 1212 3724 acie,
1262 3656 1380 3711 sole
1426 3666 1621 3712 contra
1652 3656 1893 3724 lucente,
1929 3670 2055 3712 cum

475 3747 726 3803 hostibus
748 3746 1140 3804 ‘conflicturus
1170 3763 1232 3803 es
1267 3747 1587 3818 priusquam
1624 3749 1870 3819 prtelium
1907 3765 2058 3806 com-

476 3840 727 3893 mittatur
770 3839 903 3907 jube
958 3839 1163 3894 milites
1206 3854 1431 3894 sursum
1488 3854 1664 3904 arma,
1712 3840 1892 3896 nudos
1944 3843 2059 3913 gla-

476 3927 620 3991 dios,
649 3927 824 3983 ferrea
856 3937 1012 3984 scuta
1050 3938 1105 3985 et
1134 3931 1392 3993 illustria,
1416 3937 1469 3984 et
1494 3930 1774 3986 hastarum
1802 3933 2057 4003 cuspides

477 4021 671 4075 tollere
696 4038 711 4074 :
734 4019 849 4075 hate
873 4019 1017 4076 enim
1046 4021 1091 4076 si
1121 4021 1412 4074 admodum
1446 4021 1707 4092 fulgeant,
1738 4023 1792 4079 in
1817 4024 2055 4094 aliquam

478 4109 944 4180 perturbationem
969 4109 1155 4165 hostes
1181 4109 1505 4177 conjiciunt.
1534 4111 1765 4176 Quando
1790 4128 1919 4167 vero
1942 4113 2056 4181 jam

478 4216 679 4257 manus
702 4211 1061 4259 conserturns
1092 4219 1174 4266 es,
1219 4218 1418 4273 magno
1449 4218 1576 4259 cum
1605 4204 1847 4259 clamore
1878 4206 2055 4271 vocis,

475 4302 528 4346 et
549 4306 831 4351 armorum
867 4300 1061 4349 contra
1095 4293 1284 4349 hostes
1316 4292 1678 4360 contendant,
1706 4293 1887 4365 itaque
1917 4309 2055 4367 prae-

478 4384 611 4439 lium
650 4400 775 4440 cum
817 4384 1065 4443 hostibus
1105 4387 1315 4442 ineant.

538 4585 664 4641 I89.
708 4584 1060 4641 Multitudine
1115 4587 1363 4655 equitum
1423 4586 1678 4644 hostibus
1733 4588 1781 4643 si
1828 4588 2057 4645 inferior

477 4676 670 4743 fueris,
718 4692 911 4748 aspera
961 4679 1104 4741 loca,
1143 4685 1197 4734 et
1228 4686 1481 4749 angusta,
1511 4689 1565 4735 et
1610 4690 1860 4736 montosa
1893 4681 2054 4752 elige,

478 4784 576 4840 per
615 4784 729 4840 quae
758 4770 877 4826 loca
906 4769 1149 4825 hostium
1178 4771 1305 4839 equi
1340 4772 1531 4840 copias
1564 4780 1776 4827 vestras
1801 4773 2055 4843 persequi

478 4872 756 4933 nequeant
798 4864 949 4919 :lioc
976 4862 1119 4919 enim
1164 4864 1218 4917 in
1271 4862 1531 4918 adversos
1578 4879 1741 4920 casus
1789 4866 2055 4921 intuendo

477 4954 833 5009 considerare
886 4954 1180 5025 diligenter
1229 4954 1526 5023 Oportebit,
1562 4954 1707 5024 quod
1765 4956 2052 5026 prudentis

480 5043 831 5117 imperatoris
874 5047 1112 5103 maxime
1130 5047 1412 5118 proprium
1450 5057 1554 5102 est.

553 5246 679 5303 190.
724 5244 896 5319 Magis
933 5246 1068 5303 utile
1105 5254 1265 5318 putes
1312 5262 1455 5312 esse,
1490 5254 1550 5302 ut
1585 5245 1734 5302 acies
1767 5247 1819 5301 in
1866 5248 2053 5317 praelia

485 5343 592 5393 stet
638 5348 692 5395 et
732 5340 1092 5411 periclitetur,
1135 5353 1298 5410 quam
1335 5346 1394 5393 ut
1440 5337 1613 5409 fugiat
1638 5346 1692 5394 et
1724 5342 2051 5409 exagitetur.

486 5427 623 5485 Nam
669 5431 800 5488 dum
848 5440 976 5501 stat,
1000 5433 1227 5489 victoria
1259 5433 1444 5503 potius
1472 5431 1742 5502 speranda
1774 5441 1891 5494 est;
1924 5430 2055 5487 dum

2155 3350 2358 3404 τούτων
2389 3349 2782 3422 βουλεύσασθαι
2806 3373 2819 3386 °
2873 3354 2934 3412 ού
2977 3357 3087 3429 γάρ
3115 3358 3330 3413 δυνατὸν
3362 3357 3738 3431 προϐουλεύε-

2158 3441 2313 3507 σθαι,
2362 3444 2411 3497 εί
2458 3446 2555 3501 καλ⁸
2599 3446 2668 3501 τά
2712 3448 2945 3518 μάλιστα
2990 3451 3143 3517 δέον,
3196 3452 3298 3506 ὅσα
3331 3450 3503 3522 μέλλει
3530 3455 3739 3527 γεννᾷν

2157 3534 2193 3607 η
2225 3535 2319 3589 τοῦ
2350 3537 2590 3610 πολέμου
2623 3540 2945 3612 ἐπικειμένη
2976 3541 3323 3613 περίστασις.

2228 3649 2377 3724 pit-vf.
2402 3652 2569 3707 Ὅταν
2586 3654 2642 3706 ἐν
2672 3654 2977 3725 παρατάξει
3007 3655 3264 3727 μάλιστα,
3294 3656 3447 3728 ἡλίου
3470 3659 3756 3727 άνταυγά.

2162 3738 2367 3806 ζοντος,
2392 3742 2707 3815 προσϐάλῃς
2728 3744 2838 3815 πρὸ
2866 3746 2960 3799 τοῦ
2993 3747 3386 3819 συμπλακῆναι
3412 3747 3513 3819 τὴν
3542 3749 3751 3819 μάχην,

2159 3833 2347 3887 κέλευε
2382 3835 2512 3898 τοὺς
2540 3835 2879 3907 στρατιώτας
2906 3837 3021 3893 ἀνω
3045 3837 3192 3909 ἔχειν
3219 3839 3287 3894 τὰ
3313 3840 3455 3894 ὅπλα
3483 3841 3586 3893 καὶ
3610 3841 3756 3895 ἀκά-

2157 3924 2331 3978 λυπτα
2355 3967 2370 3990 ,
2409 3925 2536 3997 ξίφη
2570 3944 2630 3980 τε
2666 3928 2763 3981 καὶ
2786 3927 2855 3987 τά
2882 3929 3079 4000 σιδηρᾶ
3110 3930 3410 4000 σκουτάρια
3438 3930 3750 3995 πίλὸοντα,

2157 4017 2253 4072 καὶ
2285 4018 2395 4071 τῶν
2445 4020 2750 4090 κονταρίων
2783 4020 2882 4084 τὰς
2909 4021 3131 4091 λόγχας.
3164 4020 3352 4085 Οὕτως
3377 4022 3490 4092 γάρ
3516 4022 3749 4092 λαμπρὰ

2160 4110 2312 4179 παρά
2338 4112 2450 4173 τοῖς
2478 4110 2757 4180 πολεμίοις
2784 4112 3110 4181 φαινόμενα,
3138 4113 3480 4182 κατάπληξιν
3505 4116 3738 4185 ποιήσει.

2158 4198 2327 4253 Ὅταν
2355 4199 2412 4253 δὲ
2445 4202 2524 4263 είς
2550 4203 2739 4272 χεῖρας
2782 4202 2885 4273 ήδη
2916 4203 3328 4273 συμπλέκεσθαι
3358 4203 3580 4274 μέλλεις
3609 4206 3751 4275 μετὰ

2156 4292 2477 4361 ἀλαλαγμοῦ
2507 4292 2738 4364 σφοδροῦ
2782 4295 2949 4363 ἡγουν
2986 4295 3228 4366 μεγάλης
3257 4295 3444 4364 φωνῆς
3490 4297 3591 4350 καὶ
3623 4294 3757 4365 δρό-

2161 4402 2262 4455 μου
2299 4385 2676 4449 πατάσσοντας
2707 4385 2777 4439 τὰ
2802 4385 2943 4440 ὅπλα
2976 4385 3120 4441 οὕτω
3148 4385 3246 4459 τὴν
3271 4386 3583 4460 προσδολὴν
3609 4388 3757 4459 πρὸς

2081 4498 2127 4557 ι)
2154 4476 2283 4539 τοὺς
2310 4478 2600 4546 πολεμίους
2629 4478 2997 4548 ἀπάρχεσθαι.

2226 4591 2371 4661 μεθ’.
2388 4592 2523 4646 Ὑπὸ
2549 4592 2659 4647 τῶν
2682 4593 2958 4663 πολεμίων
2986 4594 3077 4647 διὰ
3100 4592 3306 4664 πλῆθος
3332 4588 3511 4645 αὐτῶν
3532 4588 3759 4643 καθαλ-

2152 4684 2357 4757 λαρίων
2388 4684 2884 4757 πλεονεκτούμενος
2916 4687 3125 4757 τραχέα
3153 4685 3330 4758 χωρία
3362 4682 3619 4749 ἀκλέγου,
3653 4684 3761 4735 καὶ

2156 4777 2349 4841 στενὰ,
2401 4776 2495 4829 καὶ
2540 4776 2804 4846 παρόρια,
2838 4778 2897 4831 ιν
2924 4772 3007 4841 οἷς
3035 4780 3097 4831 ού
3127 4776 3353 4830 δυνατὸν
3380 4775 3505 4835 τοὺς
3532 4773 3763 4837 ἵππους

2156 4868 2264 4923 τῶν
2287 4867 2543 4922 δναντίων
2573 4868 2789 4924 διώκειν
2833 4870 2978 4926 κατά
3020 4868 3283 4937 δύναμιν
3315 4867 3449 4935 ὅπερ
3478 4864 3579 4916 καὶ
3607 4882 3761 4934 προ-

2160 4961 2388 5015 σκοπεῖν
2415 4959 2555 5031 (59)
2587 4976 2646 5012 σε
2678 4960 2784 5032 χρὴ
2824 4960 2962 5030 πρὸς
2994 4959 3252 5030 δευτέραν
3283 4954 3453 5025 τύχην
3489 4952 3583 5007 ἀεὶ
3622 4952 3763 5023 βλέ-

2160 5068 2334 5107 ποντα
2355 5068 2371 5084 ·
2404 5052 2563 5106 τοῦτο
2608 5053 2721 5123 γάρ
2745 5055 2892 5107 ἐστιν
2936 5051 3230 5122 ἑχέφρονος
3263 5046 3496 5119 μάλιστα
3532 5061 3761 5115 στρατ-

2159 5142 2315 5213 ηγοῦ-

2232 5256 2339 5322 ριε.
2398 5252 2687 5323 Συμφέρον
2720 5252 2921 5323 μᾶλλον
2966 5250 3204 5319 γίνωσκε
3244 5242 3404 5312 εῖναι,
3438 5246 3502 5300 τὸ
3534 5246 3599 5299 ἔν
3624 5249 3766 5310 ταῖς

2164 5342 2367 5413 μάχαις
2414 5342 2763 5409 ἐνίστασθαι,
2817 5343 2913 5397 καὶ
2956 5339 3290 5396 κινδυνεύειν
3328 5336 3601 5408 ἀνδρείως
3647 5335 3765 5408 τὴν

2163 5436 2470 5507 παράταξιν
2524 5437 2857 5507 μαχομένην,
2909 5435 2942 5507 ἢ
2993 5432 3264 5505 φυγόντας
3298 5428 3633 5486 διώκεσθαι·
3686 5430 3760 5483 ιν

1970 5611 2200 5670 ΝΟΤΑε..

559 5697 673 5772 (59)
702 5703 1094 5770 Προσκοπεῒν.
1132 5703 1502 5774 Scribebatur,
1537 5709 1850 5778 προκοπείν.
