3964 6206
282 343 425 408 10:35

1284 376 1285 379 η
1348 344 1683 404 TACTICA.
1717 366 1786 380 -
1817 338 2324 402 CONSTITUTIO
2349 342 2477 400 XX.

3410 341 3550 408 I066

275 461 387 528 γὰρ
454 458 520 527 τῇ
574 455 822 509 ὲνστάσει
878 455 1080 525 μᾶλλον
1135 457 1237 527 τὴν
1285 457 1560 528 σωτηρίαν
1612 453 1855 519 ἐλπίζειν

1970 458 2115 518 terga
2169 450 2354 516 vertit,
2416 464 2485 504 ne
2528 465 2655 520 spes
2715 450 2939 521 quidem
3001 454 3110 508 ulla
3168 455 3378 526 reliqua
3431 474 3553 513 esse

276 548 453 620 χρεὼν
474 589 492 613 ,
538 548 674 601 ἀλλὰ
725 547 800 618 μὴ
844 550 955 612 τοῖς
986 549 1202 622 ἐχθροῖς
1232 548 1302 603 τὰ
1329 549 1476 606 νῶτα
1497 548 1735 615 διδόντας
1772 566 1864 620 πρ-

280 637 490 693 στεύειν
519 638 579 690 τὸ
607 636 899 703 σώζεσθαι.

350 735 495 801 ριιακ
529 730 641 799 Τῆς
672 730 854 801 μάχης
883 730 982 785 σὺν
1006 729 1124 801 Θεῷ
1152 730 1251 800 τὴν
1272 729 1431 800 νίκην
1460 746 1544 784 σοι
1568 729 1864 801 χαρισαμέ-

276 839 393 892 νης.
418 816 463 876 ὦ
499 823 804 892 στρατηγὲ,
845 822 961 877 δέον
991 840 1050 875 σε
1076 821 1513 893 φιλοφρονεῖσθαι
1550 823 1676 886 τοῦς
1708 839 1865 893 στρα-

276 913 476 977 τιώτας
505 916 616 978 τοῖς
642 914 753 968 τῶν
777 913 1053 984 πολεμίων
1081 914 1369 986 λαφύροις,
1400 916 1510 969 εἴτε
1538 914 1675 968 ὅπλα
1701 913 1859 979 είσὶν,

278 1004 387 1058 εἴτε
425 1007 615 1070 ἵπποι,
668 1004 777 1060 εἴτε
827 1004 991 1074 ἕτερά
1027 1023 1150 1061 τινα
1182 1006 1295 1077 εἴδη
1317 1046 1333 1071 ,
1378 1006 1472 1059 καὶ
1505 1007 1739 1078 εὐωχίας
1767 1006 1863 1062 καὶ

278 1097 556 1168 τραπέζας
599 1098 783 1161 αὐτοῖς
828 1098 1301 1168 παρασκευάζειν,
1352 1099 1603 1162 καὶτοὺς
1636 1099 1736 1169 μὲν
1764 1100 1861 1154 ἀν·-

279 1191 472 1261 δρείως
515 1191 964 1261 ἀγωνισαμένους
1003 1190 1147 1245 κατὰ
1174 1192 1326 1256 τάξιν
1368 1172 1733 1264 προδιδάσαι,
1768 1193 1864 1247 καὶ

279 1279 473 1348 δώροις
502 1283 754 1351 τιμῆσαι.
790 1281 929 1345 Τοὺς
953 1280 1011 1335 δὲ
1040 1281 1247 1346 δειλοὺς
1278 1283 1374 1337 καὶ
1399 1284 1709 1354 ἀχρήστους
1732 1286 1863 1339 ἀνα-

280 1373 579 1440 φανέντας,
614 1372 646 1444 ἢ
676 1372 1023 1438 λειποταξίας
1051 1375 1451 1443 πεποιηκότας,
1482 1377 1609 1439 τοὺς
1643 1378 1740 1447 μὲν
1768 1377 1865 1431 κό-

278 1462 408 1529 λαζε
440 1464 685 1529 δεόντως,
720 1465 849 1527 τοὺς
872 1465 929 1519 δὲ
956 1466 1182 1530 ὀνείδιζε
1217 1467 1412 1539 μέχρις
1437 1468 1722 1539 αἰσχύνης.
1753 1469 1862 1523 Οὑ-

278 1572 385 1618 τως
413 1556 519 1625 γὰρ
554 1557 649 1610 καὶ
677 1558 802 1620 τοὺς
829 1556 1040 1622 δειλοὺς
1062 1559 1405 1630 ἁναρρὡεις
1436 1561 1530 1614 καὶ
1573 1561 1861 1631 διεγερεῖς,

277 1644 373 1697 καὶ
420 1644 550 1709 τοὺς
628 1645 907 1717 ἀνδρείους
955 1647 1378 1719 εὑτολμοτέρους
1439 1648 1533 1703 καὶ
1577 1647 1864 1719 εὐθαρσεῖς

278 1736 415 1806 πρὸς
442 1737 539 1801 τὰς
568 1738 830 1802 ἐπιούσας
863 1739 1043 1809 μάχας
1073 1742 1540 1811 παρασκευάσεις.

1969 550 2172 613 potest.

2036 726 2161 782 191.
2186 725 2297 782 Deo
2320 726 2417 781 tibi
2441 727 2726 782 victoriam
2754 727 3044 795 largiente,
3068 727 3311 782 hostium
3336 730 3554 799 spoliis,

1966 820 2082 876 sive
2124 821 2253 890 equi
2304 821 2421 876 sive
2465 836 2615 875 arma
2673 822 2805 885 sint,
2865 828 2961 874 aut
3009 821 3115 873 alia
3158 821 3279 890 ejus
3314 825 3551 892 generis,

1967 913 2172 968 milites
2223 915 2552 969 munerandi
2607 923 2760 978 sunt,
2825 921 2883 968 et
2941 912 3215 967 conviviis
3265 914 3554 984 epulisque

1964 1006 2319 1075 accipiendi:
2368 1006 2537 1076 iique,
2578 1008 2670 1077 qui
2721 1016 2946 1062 strenue
2998 1020 3058 1059 se
3094 1013 3406 1077 gesserunt,
3454 1023 3556 1077 pro

1964 1096 2233 1169 dignitate
2281 1114 2381 1154 sua
2435 1100 2794 1170 proveliendi,
2844 1109 2899 1156 et
2940 1100 3105 1155 donis
3151 1099 3551 1154 cobonestandi

1965 1199 2096 1245 sunt
2132 1209 2146 1245 :
2185 1191 2361 1246 timidi
2397 1202 2578 1246 autem
2610 1200 2665 1245 et
2701 1192 2877 1258 ignavi
2917 1199 2969 1245 ct
3000 1191 3172 1245 aciem
3208 1190 3552 1255 deserentes,

1967 1284 2052 1339 vel
2101 1285 2255 1353 gravi
2309 1298 2471 1353 poma
2503 1283 2817 1350 coercendi,
2849 1284 2931 1337 vel
2983 1297 3199 1345 summa
3244 1298 3365 1335 cum
3395 1281 3553 1357 igno-

1964 1377 2134 1431 ntinia
2171 1377 2491 1447 repellendi.
2537 1379 2715 1446 Atque
2761 1376 2898 1431 adeo
2932 1376 3140 1431 fractos
3170 1376 3358 1431 animo
3387 1382 3553 1444 atque

1964 1468 2283 1523 debilitatos
2350 1470 2528 1538 eriges
2584 1477 2638 1523 et
2687 1468 2980 1532 excitabis,
3033 1470 3203 1522 fortes
3255 1476 3435 1521 autem
3490 1474 3546 1521 et

1968 1569 2227 1616 strenuos
2268 1560 2335 1614 ad
2382 1561 2671 1615 subeunda
2707 1559 2955 1630 pericula
3007 1560 3301 1615 animabis.

350 1794 490 1896 ρίιρκ
521 1794 702 1882 γὍταν
750 1794 894 1883 κατα
935 1794 1210 1900 πολεμίων
1252 1794 1785 1904 τρόπαιονήστήσῃς,
1819 1826 1855 1887 ἆ

2044 1831 2165 1887 192.
2202 1831 2435 1898 Quando
2466 1831 2534 1886 de
2565 1829 2822 1886 hostibus
2870 1836 3137 1899 tropaeum
3191 1829 3452 1894 collocas,
3486 1843 3551 1883 ex

278 1917 553 1987 στρατηγέ
573 1957 588 1981 ,
644 1918 765 1972 τότε
814 1923 957 1975 κατὰ
993 1922 1119 1985 τοὺς
1150 1923 1253 1993 ἥδη
1286 1924 1432 1994 παρὰ
1461 1925 1557 1996 τῆς
1589 1924 1867 1995 βασιλείας

272 2006 531 2073 τεθέντας
558 2010 755 2080 νόμους
781 2012 910 2079 τῶν,
936 2014 1011 2076 ὡς
1034 2014 1203 2081 εἰκὸς,
1228 2015 1632 2087 εὑρισκομένων
1656 2017 1866 2071 σκύλων

270 2102 367 2153 τὸν
406 2101 769 2172 διαμερισμὸν
811 2103 987 2168 οὑτως
1024 2106 1277 2175 ποιήσεις
1303 2148 1317 2173 ,
1353 2108 1494 2165 ὥστε
1524 2108 1585 2162 τὸ
1614 2110 1867 2179 πέμπτον

277 2188 443 2257 μέρος
472 2191 739 2263 ἁφορίσης
765 2193 845 2263 τῷ
872 2196 1031 2266 μέρει
1075 2198 1168 2251 τοῦ
1194 2198 1478 2268 δημοσίω,
1510 2200 1570 2255 τὸ
1593 2200 1650 2254 δὲ
1678 2200 1866 2257 λοιπὸν

275 2278 336 2343 ἐξ
363 2279 485 2350 ίσης
513 2283 728 2353 μοίρας.
762 2284 831 2339 Οἵ
854 2304 911 2345 τε
938 2288 1201 2359 ἄρχοντες
1233 2292 1328 2344 καὶ
1359 2294 1408 2345 οἱ
1436 2292 1731 2363 ἀρχόμενοι
1765 2311 1865 2364 με·

276 2372 646 2440 ριζέσθωσαν,
702 2378 939 2447 ἐπείπερ
988 2381 1204 2447 κοινοὺς
1259 2385 1358 2438 καὶ
1390 2386 1520 2446 τοὺς
1548 2385 1769 2455 ἀγῶνας
1806 2387 1865 2441 ἐν

272 2466 388 2528 τοῖς
436 2466 705 2533 κινδύνοις
758 2471 1131 2540 ἀναδέχονται,
1183 2474 1245 2530 Et
1280 2476 1339 2532 δέ
1383 2494 1530 2549 τινες
1564 2479 1864 2550 εὑρεθῶσιν

271 2555 338 2606 ἐκ
386 2556 495 2609 τῶν
532 2559 843 2628 ἀρχόντων,
882 2563 913 2633 ἢ
948 2565 1253 2635 προμάχων
1284 2567 1384 2636 τῆς
1412 2571 1795 2640 παρατάξεως,
1829 2572 1863 2643 ἦ

269 2661 355 2707 τις
388 2647 575 2717 ἔτερος
613 2650 721 2702 τῶν
755 2656 1107 2720 στρατιωτῶν
1147 2656 1423 2727 διαφόρως
1451 2661 1859 2731 ἀνδρισάμενοι,

269 2735 393 2789 τότε
439 2737 504 2792 ὲκ
538 2737 632 2792 τοῦ
671 2740 963 2812 εἰρημένου
1008 2744 1208 2816 μέρους
1245 2745 1339 2800 τοῦ
1377 2747 1637 2819 δημοσίου
1677 2752 1863 2805 ἄδειαν

271 2828 416 2893 ἕξεις
440 2831 843 2902 φιλοτιμεῖσθαι
872 2837 1068 2902 αὑτοὺς
1092 2838 1180 2907 ἐφ’
1205 2839 1331 2894 ὅσον
1358 2842 1391 2911 ἡ
1417 2841 1575 2912 χρεία
1592 2842 1772 2897 καὶτὸ
1790 2844 1864 2899 δε

274 2939 433 2975 καιον
463 2925 711 2979 ἀπαιτεῖ·
746 2927 891 2981 κατὰ
912 2928 969 2981 δὲ
986 2928 1082 2999 τὴν
1103 2932 1299 3001 μερίδα
1327 2932 1422 2985 τοῦ
1452 2935 1510 2988 ιν
1538 2934 1617 3003 τῷ
1640 2937 1863 3007 πολέμῳ

271 3012 663 3084 εὑρισκομένου
712 3018 808 3071 καὶ
852 3019 904 3072 οἱ
948 3022 1007 3073 ὲν
1044 3020 1124 3093 τῷ
1157 3022 1364 3094 τούλδῳ
1407 3025 1862 3097 καταλειπόμενοι

271 3105 535 3175 λήψονται
566 3109 829 3177 φύλακες.

347 3202 492 3268 ριιγ’.
530 3200 775 3271 Στρατοῦ
803 3202 1115 3274 συμμίκτου
1147 3204 1331 3270 πεζῶν
1358 3208 1447 3260 καὶ
1476 3209 1861 3283 καῦαλλαρίων

271 3290 583 3357 παράταξις
632 3287 745 3347 οἷον
793 3293 1004 3365 θώρακι
1050 3295 1228 3350 ἔοικεν
1256 3337 1272 3361 ,
1331 3298 1452 3352 ἀντὶ
1507 3300 1608 3370 μὲν
1658 3302 1860 3371 χειρῶν

271 3381 474 3451 ἔχουσα
523 3384 651 3447 τοὺς
695 3384 886 3453 ψιλοὺς
930 3388 1103 3455 ἤγουν
1138 3389 1360 3454 τοξότας
1404 3392 1500 3443 καὶ
1535 3396 1858 3460 ἀκοντιστὰς

274 3475 369 3527 atati.
402 3476 796 3544 σφενδονήτας,
833 3478 956 3529 ἀντὶ
985 3478 1041 3530 δὲ
1075 3480 1250 3532 ποδῶν
1281 3481 1408 3544 τοὺς
1438 3485 1855 3555 καὸαλλαρίους,

272 3569 395 3621 ἀντὶ
429 3568 486 3621 δὲ
521 3567 765 3637 κεφαλῆς
797 3570 856 3620 ἐν
903 3569 1053 3640 μέσῳ
1084 3571 1193 3625 τῶν
1227 3575 1426 3644 χειρῶν
1456 3577 1515 3629 σὲ
1542 3577 1633 3630 τὸν
1662 3594 1859 3650 στρατ-

273 3659 430 3728 ηγόν.
491 3661 636 3713 Ἀντὶ
686 3660 743 3713 δὲ
807 3660 902 3713 τοῦ
941 3662 1101 3716 ἄλλου
1153 3664 1405 3735 σώματος
1458 3671 1587 3733 τοὺς
1631 3672 1857 3738 ὁπλίτας

274 3756 447 3824 ῆγουν
476 3756 604 3819 τοὺς
637 3757 984 3821 σκουτάτους,
1018 3760 1143 3821 τοὺς
1178 3760 1272 3813 καὶ
1300 3759 1399 3831 τὴν
1422 3764 1726 3819 πανοπλίαν
1758 3785 1857 3837 φο-

277 3848 521 3918 ροῦντας.
554 3849 653 3901 Διὰ
674 3850 833 3903 τοῦτο
856 3852 913 3904 ὲν
939 3855 1071 3906 πᾶσι
1110 3859 1401 3925 χρεωστεῖς
1431 3858 1525 3911 καὶ
1548 3859 1707 3924 αὐτὸς
1728 3881 1858 3933 προ-

273 3944 414 3995 νοεῖν
457 3944 555 4012 τῆς
586 3943 778 3996 ἑαυτοῦ
809 3945 1109 4015 ἀσφαλείας
1153 3948 1247 4002 καὶ
1277 3949 1372 4002 τοῦ
1406 3954 1638 4022 στρατοῦ
1667 3954 1857 4028 ὥσπερ

272 4035 507 4103 κεφαλὴ,
543 4036 785 4089 κάκεῖνοι
812 4036 915 4107 τῆς
943 4037 1045 4104 σῆς
1071 4037 1318 4108 φυλακῆς
1348 4041 1444 4093 καὶ
1469 4043 1763 4113 σωτηρίας.

350 4125 483 4192 ρῑιδθ.
523 4127 631 4179 Καὶ
657 4128 835 4182 ταῦτα
858 4128 914 4182 δὲ
942 4130 1175 4201 χρειώδη
1204 4133 1262 4183 ὲν
1286 4133 1464 4204 καιρῷ
1487 4136 1685 4196 αὐτῶν.
1713 4136 1853 4191 ὥστε

270 4219 371 4272 ἐὰν
423 4221 652 4290 στρατὸν
700 4223 838 4293 ἔχων
900 4223 1120 4278 πλείονα
1169 4225 1332 4298 βούλῃ
1371 4228 1535 4281 αὑτὸν
1604 4228 1694 4281 διά
1736 4248 1855 4284 τινα

273 4315 463 4386 χρείαν
489 4316 675 4385 ὀλίγον
698 4318 978 4383 ὑποδεῖξαι
1008 4321 1119 4381 τοῖς
1142 4320 1445 4391 πολεμίοις,
1472 4326 1853 4397 κοινοποιήσῃς

271 4408 339 4461 τὰ
389 4409 797 4478 κοντουϐἑρνια,
834 4410 932 4462 καὶ
964 4412 1044 4473 είς
1079 4410 1207 4477 μίαν
1235 4412 1525 4479 καμάρδαν
1550 4412 1854 4485 λεγομένην

1971 1926 2181 1996 legibus
2228 1926 2434 1980 nostris
2466 1923 2642 1994 spolia
2688 1922 2757 1978 ad
2786 1923 2932 1977 hunc
2969 1922 3191 1975 modum
3227 1920 3551 1976 distribues.

1967 2019 2225 2086 Quintam
2266 2026 2474 2088 partem
2532 2032 2632 2088 pro
2676 2017 2954 2071 communi
2990 2015 3189 2069 aerario
3227 2013 3548 2083 separabis:

1969 2112 2193 2183 reliqum
2216 2119 2451 2183 quatuor
2472 2119 2656 2180 partes
2691 2110 2833 2165 inter
2858 2111 3145 2180 praefectos
3171 2118 3228 2163 et
3247 2108 3550 2175 subjectos,

1967 2206 2228 2276 quoniam
2278 2204 2521 2276 aequales
2574 2204 2795 2261 labores
2845 2205 2899 2259 in
2950 2204 3093 2259 bello
3144 2192 3428 2271 ceperunt,
3485 2218 3551 2258 ex

1966 2316 2125 2371 αισιιο
2157 2299 2493 2354 dividantur.
2525 2296 2681 2364 Quod
2715 2298 2762 2353 si
2792 2297 3013 2367 quidam
3040 2312 3109 2351 ex
3146 2295 3420 2366 praefectis
3458 2304 3556 2350 aut

1967 2391 2324 2463 praestitibus,
2367 2398 2461 2444 aut
2492 2389 2635 2446 alius
2694 2389 2823 2459 quis
2884 2403 2947 2445 ex
3001 2387 3271 2442 militibus
3328 2395 3556 2443 strenue

1967 2492 2167 2554 praeter
2207 2493 2436 2539 caeteros
2471 2497 2531 2538 se
2574 2481 2809 2551 gesserit
2840 2480 2893 2534 in
2923 2480 3129 2550 pmlio,
3164 2487 3279 2533 tum
3342 2490 3408 2534 ex
3452 2478 3556 2532 hac

1967 2589 2142 2646 parte,
2177 2589 2300 2646 quae
2347 2572 2626 2629 communi
2663 2573 2861 2627 aerario
2908 2572 3191 2633 tribuitur.
3245 2585 3441 2626 secure
3474 2570 3551 2624 illi

1965 2665 2185 2735 aliquod
2216 2680 2415 2718 tnunus
2454 2662 2630 2726 defer,
2666 2663 2814 2731 quod
2861 2659 3075 2731 justum
3104 2660 3199 2715 tibi
3229 2674 3555 2729 aequumque

1965 2755 2267 2809 videbitur.
2321 2754 2574 2807 Similem
2605 2752 2771 2807 etiam
2803 2753 2897 2821 qui
2933 2751 3003 2806 ad
3038 2751 3423 2821 impedimenta
3456 2767 3529 2819 cu
3644 2814 3655 2819 η

1965 2845 2253 2902 stodienda
2299 2844 2540 2915 separati
2566 2852 2699 2898 sunt
2736 2844 3044 2913 portionem
3092 2844 3350 2912 habeant,
3383 2861 3447 2902 ac
3477 2845 3555 2901 itii

1960 2937 2059 3008 qui
2107 2938 2161 2992 in
2214 2938 2422 3007 reliqua
2477 2936 2677 2993 militia
2740 2937 2987 2993 fuerunt.

2045 3206 2166 3261 195.
2209 3204 2499 3261 Exercitus
2551 3220 2617 3260 ex
2667 3204 2912 3275 equitatu
2954 3212 3012 3260 et
3062 3205 3305 3276 peditatu
3356 3208 3553 3265 tnistus

1967 3300 2188 3371 corpori
2231 3300 2430 3355 similis
2470 3309 2574 3363 est,
2613 3297 2706 3367 qui
2745 3312 3007 3352 manuum
3035 3298 3155 3353 vice
3186 3298 3349 3354 habet
3381 3299 3550 3366 leves,

1970 3395 2021 3448 id
2070 3400 2172 3455 est.
2217 3391 2553 3461 sagittarios,
2600 3391 2959 3460 iaculatores,
2997 3400 3051 3447 et
3084 3391 3412 3448 funditores.
3446 3394 3552 3449 Pe-

1968 3483 2094 3535 dum
2136 3481 2332 3543 instar,
2379 3483 2618 3548 equites.
2672 3480 2881 3550 Capitis
2922 3491 3128 3548 autem,
3174 3489 3247 3545 te,
3288 3482 3379 3552 qui
3415 3498 3553 3551 prte-

1966 3573 2163 3642 eipuus
2208 3588 2272 3627 ex
2321 3572 2578 3627 omnibus
2618 3587 2701 3627 es.
2754 3572 3113 3643 Reliquorum
3168 3574 3543 3629 membrorum

1967 3665 2160 3725 instar,
2211 3677 2431 3733 graves,
2471 3661 2524 3716 id
2566 3669 2673 3727 est,
2725 3670 2995 3726 scutatos,
3030 3662 3123 3733 qui
3163 3663 3427 3733 integram
3461 3679 3551 3717 ar-

1968 3764 2236 3808 maturam
2269 3762 2505 3824 gestant.
2535 3754 2721 3824 Itaque
2751 3761 2833 3819 tu,
2874 3755 3033 3823 quasi
3063 3767 3248 3823 caput,
3295 3770 3548 3825 magnam

1966 3860 2155 3901 curam
2214 3846 2418 3927 habere
2467 3846 2659 3909 debes,
2713 3858 2825 3902 tum
2865 3847 2940 3901 ttti
2975 3846 3170 3915 ipsius,
3207 3854 3321 3900 tum
3379 3847 3548 3901 totius

1964 3940 2131 3993 etiam
2157 3941 2405 4009 corporis
2441 3958 2454 3994 :
2490 3940 2680 4010 illique
2718 3939 2977 3996 similiter
3010 3948 3123 3995 tum
3161 3939 3261 4006 tui,
3302 3948 3417 3994 tum
3454 3940 3543 3996 sui

1966 4035 2213 4105 ipsorum
2256 4050 2478 4105 quoque
2528 4049 2717 4089 curam
2774 4043 2991 4107 gerant.

2037 4131 2157 4186 194.
2202 4127 2346 4185 Utile
2386 4138 2567 4185 autem
2614 4129 2717 4184 hoc
2771 4130 2824 4184 in
2890 4130 3084 4200 primis
3142 4129 3285 4184 bello
3328 4138 3435 4194 est,
3468 4129 3544 4183 si

1960 4224 2266 4277 exercitum
2320 4238 2578 4292 maguum
2617 4223 2785 4277 certis
2820 4222 2887 4277 de
2915 4222 3101 4275 causis
3157 4222 3421 4276 minorem
3466 4221 3546 4274 vi-

1963 4315 2082 4371 deri
2135 4317 2313 4386 cupis,
2348 4326 2409 4369 ut
2436 4316 2797 4371 contubernia
2841 4318 2985 4370 inter
3025 4332 3083 4370 se
3115 4315 3339 4384 jungas,
3393 4325 3447 4370 et
3489 4317 3542 4370 in

1965 4423 2130 4461 unam
2185 4407 2522 4471 camardam,
2557 4422 2719 4475 quam
2755 4415 2974 4469 vocant,
3028 4406 3138 4459 duo
3181 4405 3542 4460 contubernia

272 4501 523 4569 ποιήσεις
552 4500 952 4565 ἀναπαύεσθαι,
980 4501 1076 4553 καλ⁵
1105 4500 1174 4553 τὰ
1196 4496 1335 4554 ὅπλα
1361 4502 1419 4555 δὲ
1448 4481 1725 4577 ἐπάλληλα
1746 4481 1855 4561 θεῖ-

1970 4497 2239 4562 conferas,
2289 4506 2343 4551 et
2398 4512 2549 4550 arma
2606 4510 2774 4566 prope
2814 4496 2957 4550 inter
3019 4511 3078 4551 se
3148 4497 3274 4567 poni
3324 4496 3540 4565 jubeas.

273 4609 359 4645 ναι
411 4592 712 4655 κελεύσεις.
761 4590 933 4647 Ὅταν
961 4592 1017 4646 δὲ
1047 4592 1228 4660 ὀλίγον
1252 4593 1384 4665 ἔχῃς
1412 4599 1671 4667 στρατὸν,
1706 4601 1767 4654 τὸ
1797 4602 1855 4653 ἓν

273 4681 681 4753 κοντουεὲρνιον
702 4683 1039 4754 διαμερίσεις
1070 4684 1149 4747 εἰς
1175 4685 1267 4740 δύο
1293 4687 1325 4758 ἢ
1350 4689 1445 4741 καὶ
1472 4690 1686 4745 πλείονα
1709 4694 1853 4747 κατὰ

275 4774 616 4843 στρατιώτην
645 4813 660 4837 ,
716 4776 811 4828 καὶ
860 4774 1035 4838 οὕτως
1084 4775 1288 4847 π)ἦοος
1334 4783 1613 4848 φανεῖται,
1654 4784 1739 4836 ἵνα
1775 4786 1849 4854 μὴ

272 4860 361 4914 διὰ
405 4863 507 4932 τὴν
553 4865 845 4935 ὀλιγότητα
894 4867 1365 4937 καταφρονηθεὶς,
1421 4873 1629 4943 ταχέως
1660 4876 1716 4928 δὲ
1761 4875 1857 4929 τοῦ

274 4952 538 5006 ἀπλίκτου
573 4956 869 5024 μεταστὰς,
902 4959 983 5021 είς
1006 4957 1194 5029 ἓτερον
1222 4961 1523 5036 ἁπελεύσῃο
1561 4968 1654 5020 καὶ
1683 4966 1855 5031 οὑτως

270 5048 398 5110 τοὺς
428 5046 723 5116 πολεμίους
752 5049 1086 5119 καταμαθὼν
1115 5054 1206 5105 τὸν
1232 5054 1469 5123 πόλεμον
1500 5058 1768 5128 συνάψῃς.

344 5231 479 5298 ριιεθ.
498 5227 633 5282 Ἀπὸ
655 5228 764 5283 τῶν
786 5229 1188 5301 πεπλασμένως
1213 5236 1513 5305 γινομένων
1534 5238 1656 5291 κατ’
1672 5237 1856 5294 αὐτῶν

273 5310 592 5387 προσϐολῶν
638 5321 689 5373 οἱ
728 5320 1062 5392 στρατιῶται
1104 5323 1407 5394 ἐθιζόμενοι
1439 5328 1852 5401 ἀκατάπληκτοι

271 5411 512 5479 γίνονται
547 5413 685 5482 πρὸς
709 5415 779 5468 τὰ
801 5413 976 5485 ἀληθῆ
1000 5455 1014 5479 ,
1056 5409 1166 5468 οἷον
1198 5416 1618 5489 ψευδοόοηθείας
1654 5421 1854 5493 μέρους

270 5504 413 5567 τινὸς
443 5505 771 5578 ἐπελθούσης
803 5508 943 5562 κατὰ
970 5508 1155 5579 ἐτέρου
1184 5510 1346 5562 πάλιν
1378 5510 1853 5583 ψευδοπροδοσίας,

272 5594 304 5663 ἢ
340 5594 877 5668 ψευδοεγκρύμματα
902 5640 916 5663 ,
975 5601 1006 5671 ἦ
1041 5600 1430 5669 ψευδοκτύπων
1469 5604 1561 5656 καὶ
1595 5605 1771 5675 ἤχων,
1816 5608 1848 5680 ἦ

269 5684 773 5756 ψευδοαυτομόλων,
810 5689 842 5758 ἢ
871 5688 1266 5759 ψευδοεφόδωνο
1299 5690 1472 5754 οὕτως
1499 5692 1607 5763 γὰρ
1634 5694 1852 5766 ἐθισθή-

275 5793 478 5843 σονται,
516 5780 610 5832 καὶ
640 5781 741 5834 οὑκ
764 5782 1206 5854 ἐκπλαγήσονται
1236 5783 1493 5857 ἐξαίφνης
1524 5785 1726 5842 τούτων
1757 5790 1849 5843 καὶ

273 5869 486 5941 ἀληθῶς
512 5872 827 5944 γινομένων.

1962 4588 2195 4655 Quando
2259 4603 2487 4658 parvum
2539 4588 2707 4643 habes
2760 4590 3089 4653 exercitum,
3134 4604 3300 4647 unum
3342 4596 3541 4643 contn-

1960 4682 2212 4737 bcrnium
2268 4683 2318 4735 in
2367 4682 2479 4736 duo
2522 4680 2756 4747 divides,
2794 4690 2889 4735 aut
2929 4681 3093 4736 etiam
3149 4682 3326 4751 plura,
3370 4683 3413 4736 si
3467 4683 3539 4737 ita

1959 4778 2095 4828 usus
2153 4772 2313 4836 ferat,
2352 4782 2517 4842 atque
2566 4772 2702 4827 adeo
2757 4772 2934 4842 major
2993 4790 3256 4829 numerus
3285 4791 3408 4830 esse
3460 4778 3541 4830 vi-

1960 4866 2198 4931 deberis,
2235 4874 2293 4919 ut
2332 4881 2401 4919 ne
2429 4873 2653 4935 prepter
2685 4866 3020 4935 paucitatem
3065 4868 3402 4937 contemptui
3444 4868 3542 4923 ho-

1962 4960 2141 5015 stibus
2178 4960 2278 5013 sis.
2325 4958 2596 5014 Celeriter
2626 4965 2806 5012 autem
2845 4957 2913 5011 ab
2957 4972 3067 5011 uno
3112 4958 3235 5013 loco
3288 4960 3341 5013 in
3370 4960 3537 5014 alium

1960 5060 2143 5106 castra
2204 5051 2469 5117 movebis,
2502 5062 2562 5105 ut
2617 5050 2859 5105 hostium
2908 5050 3018 5104 vim
3076 5051 3149 5104 ita
3196 5066 3538 5123 cognoscens

1958 5131 2085 5197 eum
2141 5145 2251 5197 illis
2291 5143 2481 5212 prtelio
2525 5142 2775 5198 dimices.
3366 5130 3370 5135 ’

2033 5235 2153 5290 195.
2186 5234 2357 5289 Fictis
2385 5245 2439 5290 et
2469 5234 2743 5290 simulatis
2779 5233 3179 5305 irruptionibus
3214 5234 3413 5292 milites
3445 5251 3536 5292 as-

1962 5327 2216 5401 suefacti,
2269 5326 2484 5381 facilius
2524 5335 2578 5381 et
2613 5325 2893 5382 strenuius
2950 5342 3108 5382 veras
3151 5327 3533 5395 sustinebunt;

1961 5426 2020 5473 ιιι
2073 5417 2312 5487 praesidii
2368 5424 2525 5486 parte
2575 5416 2744 5471 altera
2820 5424 3011 5470 contra
3070 5416 3294 5471 alteram
3353 5416 3532 5472 dedita

1961 5526 1990 5565 a
2036 5511 2197 5566 nobis
2232 5524 2397 5580 opera
2424 5508 2757 5571 constituta,
2798 5516 2893 5562 aut
2925 5507 3255 5577 proditione,
3294 5508 3531 5578 insidiis,

1959 5603 2312 5667 clamoribus,
2366 5601 2624 5670 strepitu,
2660 5597 2982 5669 transfugis,
3015 5600 3441 5665 incursionibus,
3476 5609 3533 5655 et

1961 5696 2083 5751 aliis
2110 5693 2422 5765 huiusmodi
2450 5690 2721 5750 simulatis
2746 5702 2800 5748 et
2826 5691 2969 5746 ﬁctis
2988 5691 3299 5752 exercitati,
3324 5703 3353 5743 a
3388 5690 3531 5743 veris

1958 5787 2376 5855 ccrtatttinibus,
2434 5785 2483 5873 si
2538 5783 2757 5856 quando
2800 5783 3067 5851 incidant,
3127 5797 3234 5839 non
3267 5780 3531 5835 abhorre-

1956 5882 2109 5937 bunt.
