4036 6218
471 318 608 386 1067

1713 325 1989 389 LEONIS
2026 329 2489 394 PHILOSOPHI

3584 343 3757 409 1068

536 433 662 488 196.
703 428 925 485 Navalis
963 429 1159 486 classis
1211 428 1315 488 hoc
1351 430 1709 487 memorabile
1741 435 2035 489 consilium

2214 444 2361 510 ριιςν.
2421 442 2712 515 Ἰστορήσω
2744 462 2825 500 σοι
2869 447 2964 501 καὶ
2996 450 3253 506 ναυτικοῦ
3295 453 3486 508 στόλου
3526 472 3761 527 στρατ-

466 524 646 594 putari
700 522 878 577 debet.
914 521 1143 587 Quando
1195 520 1261 574 ad
1299 521 1415 575 loca
1467 537 1699 579 arenosa
1725 532 1780 579 et
1814 526 2039 581 minime

466 628 726 687 portuosa
779 616 1008 669 classem
1083 624 1231 669 tuam
1290 616 1502 671 navalis
1571 617 1742 687 praelii
1792 627 2039 689 tempore

463 710 837 780 applicaturus
890 722 971 770 es,
1009 722 1202 765 saccos
1249 707 1448 762 mullos
1498 722 1665 763 arena
1713 712 2036 781 complebis,

460 811 513 856 ct
555 800 777 856 [niuibus
806 814 903 854 eos
931 810 1067 869 quot
1098 799 1235 855 satis
1270 814 1392 855 esse
1423 799 1758 855 videbuntur
1813 818 1876 857 ex
1909 819 2039 857 nna-

459 908 678 962 quaque
733 891 942 946 triremi
982 890 1327 962 propendere
1379 891 1611 959 faciens,
1644 895 1805 964 quasi
1849 896 2040 951 ferrem

458 985 710 1039 anchorae
766 993 972 1049 essent,
1006 993 1059 1039 et
1111 986 1201 1040 ubi
1251 985 1399 1039 hunc
1442 987 1596 1055 quasi
1650 997 1865 1056 portum
1933 990 2036 1044 tibi

456 1077 781 1143 cmtleceris,
836 1094 901 1135 ex
939 1092 1005 1133 eo
1034 1077 1156 1132 loco
1216 1087 1379 1133 noctu
1422 1093 1769 1148 progressus,
1826 1082 2041 1140 consti-

460 1177 632 1223 tutam
669 1168 1041 1226 incursionem
1081 1167 1261 1223 facere
1310 1171 1537 1238 poteris.

528 1259 651 1315 197.
708 1259 851 1318 Loca
907 1260 1052 1318 siCCa
1085 1269 1248 1329 atque
1276 1261 1424 1317 arida
1459 1265 1814 1330 transiturus,
1842 1280 2038 1334 aquam

456 1361 716 1418 quantam
750 1359 902 1419 potes
934 1362 1115 1403 tecum
1176 1350 1388 1421 perfer;
1425 1364 1698 1420 noctuque
1736 1370 1764 1407 a
1803 1369 2032 1423 vespera

366 1472 371 1477 -
457 1442 525 1496 ad
576 1458 733 1501 mane
783 1442 885 1497 iter
942 1441 1128 1508 facito,
1171 1443 1315 1499 diem
1364 1451 1555 1503 autem
1620 1455 1789 1500 totum
1848 1460 2041 1502 somno

461 1536 797 1606 requietique
859 1536 987 1591 dato
1042 1554 1054 1590 :
1093 1537 1165 1590 ita
1220 1537 1329 1601 tiet,
1366 1546 1426 1592 ut
1474 1539 1657 1593 minus
1689 1539 1935 1607 jumenta
1967 1538 2042 1593 si-

460 1629 618 1692 tiant,
666 1639 719 1691 et
769 1630 903 1697 satis
960 1627 1159 1684 idonea
1218 1630 1316 1684 tibi
1373 1646 1529 1701 aquae
1574 1632 1731 1702 copia
1782 1632 1873 1687 sit.

528 1812 650 1869 198.
695 1812 971 1883 Auspiciis
1009 1814 1283 1869 exercitus
1308 1814 1437 1869 olim
1480 1815 1806 1885 creterisqne
1843 1814 2037 1883 unjus-

458 1905 605 1959 modi
645 1904 1078 1963 divinatiouibus
1110 1907 1352 1961 animum
1398 1915 1454 1961 et
1490 1907 1650 1961 ﬁdem
1698 1906 2032 1962 adhibebat:

459 2006 801 2057 sternutante
831 2004 1014 2052 autem
1047 1998 1306 2068 quodam,
1346 1999 1546 2054 milites
1581 1999 1764 2053 statim
1792 1998 2035 2057 demisso

459 2088 644 2149 animo
673 2098 863 2153 erant,
901 2089 1056 2159 quasi
1103 2090 1245 2144 malo
1288 2090 1474 2145 omine
1507 2092 1745 2160 quodam
1778 2090 2033 2159 obiecto;

456 2179 603 2248 quod
655 2180 956 2251 imperator
995 2182 1441 2238 animadvertens
1474 2198 1489 2236 :
1530 2182 1749 2236 Minime
1793 2182 2032 2243 mirum,

456 2271 655 2340 inquit,
680 2281 786 2333 est.
820 2272 866 2339 si
897 2288 964 2331 ex
996 2281 1076 2327 tot
1107 2273 1603 2329 circumstantibus
1641 2290 1781 2328 unus
1815 2281 2032 2328 sternu-

456 2371 551 2418 tet.
587 2360 700 2417 lloc
728 2362 937 2421 dictum
965 2378 1093 2419 cum
1130 2362 1245 2419 risu
1273 2379 1464 2419 omnes
1486 2372 1846 2435 exceperunt.
1870 2364 2035 2419 Risus

455 2460 637 2507 autem
672 2453 915 2515 victoriae
950 2455 1167 2525 signum
1199 2464 1306 2511 est.
1344 2456 1535 2525 itaque
1580 2456 1820 2526 prudens
1864 2456 2037 2526 impe-

455 2553 605 2600 rator
635 2546 739 2601 huc
781 2562 940 2602 omen
989 2558 1353 2613 convertens,
1392 2550 1625 2605 militum
1664 2550 1877 2607 animos
1920 2563 2036 2603 ma-

454 2652 698 2706 gnopere
728 2640 1011 2701 excitavit.

526 2728 650 2782 199.
692 2725 828 2784 Vide
860 2744 968 2797 quo
991 2729 1078 2784 die
1107 2729 1236 2785 anni
1265 2741 1355 2783 aut
1390 2728 1597 2785 mensis
1633 2729 1916 2785 victoriam
1942 2727 2036 2785 ali.

454 2836 617 2887 quam
662 2822 981 2888 reportasti,
1022 2830 1077 2876 et
1106 2823 1297 2877 eodem
1326 2820 1415 2876 die
1443 2822 1638 2874 iterum
1666 2861 1682 2886 ,
1715 2822 1761 2877 si
1792 2822 1867 2875 ita
1900 2837 2035 2879 usus

466 2912 626 2974 ferat,
656 2910 855 2964 bellum
889 2912 1193 2981 suscipias,
1230 2919 1288 2966 ut
1322 2911 1618 2968 alacriores
1663 2912 1865 2969 milites
1900 2913 2033 2976 sint,

454 3012 509 3056 et
537 3003 762 3057 meliore
791 3018 914 3055 cum
942 3018 1039 3072 spe
1070 3004 1328 3081 praelium
1352 3003 1557 3065 ineant,
1598 3012 1651 3057 et
1692 3012 1883 3073 pu!ent
1925 3004 2034 3060 Deo

2141 531 2355 602 ήγημα.
2388 533 2557 587 Ὅταν
2586 534 2698 607 γὰρ
2736 538 2814 601 είς
2843 538 3133 608 ἀλιμένους
3170 545 3264 596 καὶ⁵
3288 544 3621 615 ψαμμώδεις
3645 549 3762 602 τό·

2141 642 2276 690 πους
2308 627 2403 698 τὴν
2432 628 2697 681 ἀπόϐασιν
2729 629 2928 703 μέλλῃς
2958 632 3014 684 ὲν
3039 634 3217 704 καιρῷ
3238 638 3502 707 ναυτικῆς
3528 656 3761 710 στρατ-

2142 717 2304 787 ηγίας
2325 758 2340 779 ,
2393 718 2614 772 εἰόῦτω
2643 720 2817 791 τύχοι,
2848 723 3196 793 ποιήσασθαι,
3230 728 3469 791 σάκκους
3495 722 3754 796 πολλοὺς

2142 810 2437 880 πληρώσας
2463 814 2646 882 άμμου
2673 856 2687 879 ,
2721 816 2813 868 καὶ
2847 818 2956 879 τοῖς
2989 820 3244 887 σχοινίοις
3275 823 3591 893 προσδήσας
3622 826 3751 879 ἀπὸ

2140 904 2374 957 ἑκάστου
2407 906 2684 975 δρόμωνος
2720 909 3087 979 ὲκκρεμάσεις
3119 911 3247 975 τοὺς
3274 914 3587 983 ἀρκοῦντας
3617 921 3747 979 οἱο-

2141 996 2223 1048 νεὶ
2258 996 2484 1067 σιδηρᾶς
2517 999 2765 1067 ἀγκύρας
2788 1037 2802 1061 ,
2853 1001 2947 1053 καὶ
2982 1001 3158 1069 οὕτως
3186 1004 3281 1057 τὸν
3305 1005 3602 1074 λεγόμενον
3632 1028 3750 1062 κε-

2142 1088 2468 1158 λαγολιμὲνα
2495 1091 2728 1159 ποιήσας
2758 1093 2997 1156 εὐκόλως
3026 1095 3169 1147 κατὰ
3198 1097 3306 1149 τῶν
3329 1099 3510 1152 τόπων
3533 1103 3747 1165 νυκτὸς

2142 1180 2375 1244 ἐξελθὼν
2395 1182 2494 1249 τὴν
2519 1180 2777 1249 βεϐουλευ
2786 1184 2955 1254 μένην
2980 1201 3062 1238 σοι
3084 1186 3438 1256 καταδρομὴν
3455 1192 3729 1259 ποιήσεις.

2217 1274 2355 1343 ρίπζκ
2413 1274 2626 1336 Τόπους
2673 1275 2927 1347 ἐνύδρους
2976 1276 3187 1345 μέλλων
3227 1278 3358 1331 ποτὲ
3400 1280 3732 1346 διαϐαίνειν,

2144 1365 2288 1435 ῦδωρ
2320 1364 2418 1435 μὲν
2445 1365 2567 1418 ὅσον
2593 1365 2814 1418 δυνατὸν
2846 1367 3152 1435 συνεπάγου
3179 1385 3194 1401 ο
3233 1369 3451 1440 νύκτωρ
3482 1372 3535 1423 δὲ
3571 1373 3739 1425 ποιοῦ

2141 1457 2239 1528 τὴν
2269 1457 2578 1526 ὁδοιπορίαν
2611 1456 2718 1510 άπὸ
2748 1457 2985 1527 ἑσπέρας
3014 1458 3119 1519 ἕως
3148 1459 3294 1531 πρωϊ
3316 1461 3466 1531 ,τὴν
3495 1462 3551 1515 δὲ
3584 1464 3739 1531 ἠμέ-

2147 1567 2243 1621 ραν
2266 1548 2547 1603 καθεύδειν
2568 1550 2877 1619 προτρέπου
2904 1550 3024 1602 ἀντὶ
3045 1550 3142 1620 τῆς
3164 1553 3376 1616 νυκτός.
3407 1553 3597 1617 υῦτως
3618 1556 3697 1623 γά
3706 1573 3745 1624 ρ

2141 1626 2311 1715 ἧττον
2354 1639 2638 1709 διψήσουσι
2691 1640 2758 1694 τά
2802 1639 2951 1705 ζῶα,
2993 1641 3089 1694 καὶ
3122 1642 3404 1714 αὐτάρκης
3444 1661 3526 1696 σοι
3563 1648 3747 1716 γενή-

2146 1752 2298 1788 σεται
2331 1735 2364 1804 ἡ
2399 1733 2492 1787 τοῦ
2515 1733 2708 1797 ὕδατος
2734 1732 2915 1803 χρεία.

2213 1831 2357 1898 ρθηη
2397 1826 2771 1886 υἱωνιστικοῖς
2803 1825 2984 1899 λόγοις
3016 1823 3339 1894 προσᾶκειτο
3369 1830 3604 1897 στρατὸς
3633 1830 3748 1883 καὶ

2138 1919 2411 1990 σημείοις.
2438 1917 2699 1987 Πταρμθῦ
2727 1917 2783 1971 δὲ
2812 1917 3106 1987 γενομένου
3135 1918 3288 1986 παρά
3308 1905 3455 1982 τινος
3480 1919 3747 1987 ἠθύμουν

2135 2014 2185 2065 οί
2214 2010 2540 2082 στρατιῶται
2573 2008 2647 2070 ὡς
2677 2008 2769 2061 ἐπὶ
2795 2006 3018 2077 χαλεπῷ
3041 2006 3385 2076 οἱωνίσματι,
3420 2002 3539 2060 εἶτα
3575 2004 3746 2082 εἶπεν

2134 2107 2165 2159 ὁ
2192 2102 2517 2175 στρατηγὸς,
2573 2102 2647 2153 Οὐ
2682 2099 2994 2169 θαυμαστὸν
3043 2100 3091 2151 εἰ
3130 2098 3401 2152 τοσούτων
3428 2102 3747 2171 πιριεστὼ-

2134 2213 2242 2250 των
2276 2192 2357 2257 εἷς
2384 2194 2641 2264 ἔπταρεν.
2682 2190 2793 2245 Καὶ
2824 2189 3015 2244 τούτου
3037 2182 3351 2259 λεχθέντος,
3399 2186 3578 2258 γέλως
3610 2194 3748 2262 ἐγέ-

2135 2303 2256 2339 νετο
2283 2325 2296 2347 .
2350 2283 2464 2337 ἐστι
2498 2283 2556 2336 δὲ
2597 2284 2625 2336 ὁ
2658 2282 2833 2350 γέλως
2867 2281 3144 2351 σωτηρίας
3174 2280 3475 2351 δηλωτικὸς
3509 2300 3742 2351 σημαν-

2133 2381 2325 2433 τικόν
2384 2379 2481 2432 καὶ
2528 2377 2703 2441 οὓτως
2750 2376 2998 2446 ἐχέφρων
3036 2375 3342 2445 στρατηγὸς
3369 2376 3431 2428 τὸ
3454 2376 3749 2447 οἰώνισμα

2137 2467 2433 2533 ἐναλλάξας
2478 2467 2704 2539 θαρρεῖν
2747 2466 2873 2529 τοὺς
2909 2465 3250 2537 στρατιώτας
3280 2466 3737 2536 παρεσκεύασεν.

2210 2734 2351 2805 ριιθ’.
2375 2733 2519 2805 Ὅρα
2540 2733 2629 2799 σὺ,
2655 2732 2741 2786 ἵνα
2778 2732 2871 2786 ἐὰν
2902 2732 2960 2785 ἐν
2992 2732 3176 2803 ἡμέρᾳ
3206 2732 3316 2784 τινὶ
3347 2730 3443 2784 τοῦ
3473 2730 3733 2785 ἐνιαυτοῦ

2135 2828 2169 2898 ἢ
2204 2825 2372 2896 μηνὸς
2398 2826 2590 2894 γέγονε
2615 2824 2739 2893 νίκη
2763 2863 2779 2888 ,
2817 2822 3031 2892 μέλλεις
3056 2821 3113 2874 δὲ
3147 2820 3285 2892 πρὸς
3312 2821 3549 2891 πόλεμον
3578 2814 3735 2891 ςυμ-

2137 2919 2378 2981 6άλλειν,
2416 2916 2533 2985 εἴγε
2558 2916 2779 2969 δυνατόν
2815 2932 2895 2968 σοι
2928 2916 2986 2967 ὲν
3012 2914 3148 2983 αὐτῇ
3176 2916 3240 2984 τῇ
3267 2913 3470 2984 ἡμέρᾳ·
3506 2914 3607 2966 καὶ
3628 2910 3742 2968 αὗ-

2136 3010 2220 3073 θις
2270 3011 2373 3079 τῆς
2423 3007 2603 3077 μάχης
2649 3003 3002 3073 ἀπάρξασθαι
3047 3003 3425 3073 ὲπιτήδευσον,
3458 3002 3601 3056 ὥστε
3635 3004 3735 3056 εὑ-

456 3094 692 3164 propitio
718 3094 906 3149 hostes
935 3094 1125 3150 eodem
1149 3095 1238 3150 die
1269 3111 1328 3150 se
1363 3095 1414 3149 in
1454 3095 1635 3167 fugam
1679 3098 1875 3151 iterum
1912 3113 2032 3151 ver-

2146 3101 2360 3170 5αρσεῖς
2410 3093 2551 3150 εἶναι
2600 3097 2727 3158 τοὺς
2772 3094 3128 3165 στρατιώτας.
3184 3094 3294 3147 Καὶ
3336 3094 3469 3163 μετὰ
3505 3094 3730 3163 ἀγαθῆς

454 3201 637 3242 suros.
672 3188 737 3242 Et
762 3188 829 3243 de
864 3189 985 3244 loco
1027 3190 1081 3242 in
1127 3204 1236 3259 quo
1270 3188 1394 3258 quis
1438 3189 1590 3254 vicit,
1635 3190 1891 3244 similiter
1916 3200 2031 3246 sta-

455 3280 717 3341 tuendum
742 3290 848 3355 est.

520 3550 650 3606 200.
692 3548 839 3610 Nihil
890 3560 943 3606 te
989 3566 1137 3620 quoe
1172 3566 1317 3607 nunc
1362 3551 1487 3607 dico
1519 3552 1820 3622 perturbet.
1862 3551 2033 3608 Verus

453 3649 509 3697 et
544 3649 807 3699 strenuus
853 3642 1155 3713 imperator
1215 3644 1605 3713 cognoscitur,
1655 3646 1875 3714 quando
1924 3662 2031 3699 non

453 3733 599 3802 quod
624 3734 676 3791 in
716 3749 827 3788 rem
852 3750 1008 3793 suam
1035 3744 1118 3791 est
1149 3738 1368 3805 quaerit,
1403 3736 1498 3791 sed
1532 3738 1675 3806 quod
1706 3753 1771 3792 ex
1802 3754 1901 3793 usu
1936 3755 2035 3807 pu-

454 3826 611 3884 inco,’
639 3825 872 3884 militum
910 3834 995 3897 est
1044 3827 1176 3884 illud
1224 3838 1437 3898 spectat
1468 3847 1480 3883 :
1520 3845 1645 3883 nam
1683 3845 1806 3883 cum
1856 3831 2033 3885 salute

454 3917 674 3984 publica
713 3932 868 3976 suam
901 3933 1122 3986 quoque
1159 3920 1393 3979 salutem
1438 3930 1716 3988 procurat.
1750 3922 1853 3977 Ubi
1885 3922 2031 3977 enim

456 4013 648 4077 pastor
667 4008 813 4077 gregi
842 4024 942 4062 suo
963 4012 1252 4081 diligenter
1272 4013 1559 4081 prospicit,
1584 4014 1630 4068 is
1649 4015 2029 4090 compendium

456 4116 519 4153 cx
549 4115 614 4154 co
648 4099 811 4161 habet
841 4117 855 4153 :
889 4102 969 4155 sin
1002 4117 1223 4172 gregem
1250 4104 1494 4175 negligit,
1529 4122 1639 4167 non
1672 4108 1833 4162 modo
1870 4121 2035 4161 verus

459 4202 644 4261 pastor
687 4208 796 4253 non
824 4193 1136 4263 habebitur,
1174 4194 1269 4259 sed
1295 4212 1461 4267 grege
1492 4199 1745 4268 neglecto
1772 4199 2033 4262 damnum

458 4285 561 4340 sibi
594 4286 712 4355 ipse
740 4288 993 4351 accersit.

2135 3191 2348 3253 ἐλπίδος
2369 3230 2384 3253 ,
2431 3189 2508 3251 ώς
2542 3187 2662 3242 κατ’
2698 3188 2872 3255 αὐτὴν
2901 3187 3095 3257 ἑορτὴν
3125 3186 3227 3257 τῆς
3254 3186 3409 3255 νίκης
3438 3185 3533 3238 καὶ
3559 3182 3737 3250 αὖθις

2133 3282 2466 3353 δυναμένους
2503 3280 2646 3348 ἔχειν
2688 3280 2815 3342 τοὺς
2845 3278 3255 3348 προσϐαλόντας
3282 3277 3372 3344 τὴν
3398 3275 3548 3329 θείαν
3574 3278 3728 3345 βοὴ-

2135 3376 2311 3436 θειαν.
2360 3372 2593 3442 Ὁμοίως
2639 3369 2696 3423 δὲ
2745 3369 2839 3424 καὶ
2886 3371 2981 3423 ἐπὶ
3024 3369 3194 3423 τόπου
3248 3369 3298 3420 ἐν
3329 3359 3371 3433 ᾧ
3405 3366 3717 3437 νενίκηκάς

2135 3480 2264 3519 ποτε
2273 3505 2287 3520 ο

2206 3563 2271 3608 a’.
2291 3553 2530 3625 Θροείτω
2556 3552 2611 3606 δέ
2645 3569 2703 3606 σε
2738 3552 2956 3622 tur)sz
2984 3551 3160 3623 μέλλω
3186 3553 3385 3623 λέγειν·
3416 3553 3495 3605 δτι
3518 3566 3735 3621 στρατ-

2137 3648 2268 3719 ηγὸς
2312 3645 2520 3717 ἀληθὴς
2588 3647 2684 3700 καὶ
2737 3646 2957 3715 ἄριστος
3008 3645 3132 3697 τότε
3179 3646 3536 3714 γινώσκεται,
3596 3645 3734 3697 ὅταν

2141 3743 2217 3813 μὴ
2251 3742 2311 3795 τὸ
2338 3740 2533 3794 δοκοῦν
2565 3740 2717 3810 αὐτῷ
2746 3740 2876 3793 ίδιον
2906 3740 3186 3815 συμφέρον
3215 3740 3509 3811 ἐργάζεται
3539 3738 3733 3808 μόνον,

2135 3835 2274 3889 ἀλλά
2305 3834 2400 3887 καὶ
2430 3834 2499 3888 τὰ
2528 3834 2686 3887 κοινά
2722 3833 2818 3888 καὶ
2856 3831 3209 3904 συμφέροντα
3244 3834 3357 3894 τοῖς
3385 3830 3732 3901 ὑποχειρίοις

2137 3926 2605 3999 πραγματεύεται.
2665 3924 2851 3988 Οὕτως
2884 3925 2993 3994 γάρ
3038 3923 3176 3992 μετὰ
3203 3923 3297 3976 τοῦ
3328 3926 3480 3993 κοινῇ
3520 3923 3733 3992 συμφέ-

2140 4037 2325 4091 ροντος
2377 4021 2471 4072 καλ¹
2519 4020 2614 4073 τοῦ
2663 4017 2794 4071 ἰδίου
2835 4017 3113 4083 τεύξεταιο
3154 4018 3285 4071 ὅταν
3317 4016 3429 4085 γὰρ
3462 4018 3492 4068 ὁ
3521 4014 3723 4084 ποιμὴν

2136 4110 2237 4179 τῆς
2262 4110 2498 4179 ποίμνης
2528 4108 2895 4179 ἐπιμελεῖται,
2934 4109 3032 4177 τῆς
3064 4108 3258 4161 ἑαυτοῦ
3290 4107 3560 4178 ὡφελείας
3584 4123 3719 4174 παρ·

2139 4204 2311 4266 αίτιος
2339 4203 2547 4270 γίνεται
2573 4218 2586 4232 ·
2625 4203 2676 4255 εί
2708 4203 2764 4255 δὲ
2794 4200 3004 4271 ταύτης
3034 4200 3433 4271 καταμελήσοι,
3466 4201 3530 4253 ού
3562 4199 3726 4269 μόνον

2140 4288 2345 4366 ποιμὴν
2375 4294 2581 4366 ἀληθὴς
2614 4294 2675 4348 ού
2703 4294 3009 4361 λογίζεται,
3049 4293 3187 4346 ἀλλὰ
3223 4293 3322 4347 καὶ
3354 4292 3453 4363 τὴν
3486 4292 3728 4360 ποίμνην

2140 4388 2506 4458 ζημιούμενος
2556 4387 2654 4456 τῆς
2692 4385 2755 4452 ἐξ
2782 4386 2951 4456 αὐτῆς
2983 4386 3251 4453 ώερελείας
3292 4385 3719 4456 στερηθήσεται.

526 4461 653 4523 201.
697 4462 753 4525 Si
809 4463 1059 4527 hostibus
1104 4466 1301 4530 classis
1352 4465 1555 4533 fuerit,
1603 4478 1659 4527 tu
1698 4484 1820 4523 cum
1859 4468 2033 4540 cepiis

2212 4485 2315 4534 σα’.
2355 4479 2626 4548 Πολεμίου
2662 4480 2789 4532 ποτὲ
2819 4478 3076 4532 ναυτικοῦ
3110 4479 3299 4532 στόλου
3349 4477 3485 4546 μετά
3516 4475 3727 4535 οἰκείας

459 4557 567 4611 tuis
597 4558 903 4623 instructus
928 4560 1173 4624 lunatam
1207 4564 1441 4626 classem
1484 4580 1737 4635 appares,
1761 4574 1815 4625 et
1840 4567 2039 4637 paulu-

458 4646 569 4711 lum
604 4649 949 4716 retrocedere
1008 4651 1060 4715 iu
1112 4653 1291 4719 medio
1334 4653 1690 4718 videaris;id
1740 4656 1883 4708 enim
1928 4669 2037 4713 non

458 4738 684 4801 tuttnino
713 4738 779 4793 ad
810 4740 1151 4811 fugiendum,
1183 4743 1277 4798 sed
1309 4752 1431 4812 post
1464 4744 1648 4815 fugant
1682 4746 1745 4800 ad
1784 4762 2037 4816 pugnam

456 4831 587 4895 tlnm
634 4832 815 4900 potius
864 4833 1042 4899 valet;
1093 4843 1148 4888 et
1193 4844 1413 4903 paratas
1464 4837 1690 4899 habebis
1735 4854 1925 4901 naves.
1979 4848 2038 4893 ut

456 4938 675 4991 rursum
703 4924 988 4993 proratitu,
1020 4924 1067 4978 si
1100 4925 1151 4979 id
1178 4928 1476 4985 necessitas
1509 4929 1764 4999 postulet,
1797 4930 1919 4983 illos
1951 4930 2033 4989 iu-

452 5014 643 5083 vadas.
674 5015 862 5084 Neque
896 5017 1041 5086 enim
1068 5017 1345 5083 audebunt
1380 5018 1435 5072 in
1479 5021 1768 5074 caritatem
1805 5020 1907 5073 loci
1948 5020 2033 5075 itt-

454 5106 629 5177 gredi,
662 5106 924 5161 nimirum
952 5108 1005 5197 id
1038 5110 1298 5185 timentes
1332 5126 1401 5167 ne
1424 5113 1935 5197 circuiticludatttttr
1964 5116 2037 5180 ab

457 5202 727 5257 hostibus.

525 5385 649 5443 202.
690 5386 931 5444 Victoria
959 5387 1057 5444 tibi
1091 5402 1121 5441 a
1152 5385 1261 5449 Deo
1288 5404 1573 5459 concessa,
1607 5406 1674 5446 ne
1702 5373 1885 5457 statim
1915 5401 2035 5458 ture

456 5477 680 5536 huic-nte
708 5487 762 5533 et
794 5482 1024 5535 confuse
1056 5480 1181 5537 illos
1212 5484 1552 5552 insequeris.
1587 5484 1686 5540 scd
1718 5485 1864 5549 inter
1892 5486 2038 5551 inse,-

456 5569 734 5636 qncndum
765 5588 830 5624 ne
854 5575 1105 5637 conversi
1137 5583 1189 5631 te
1221 5590 1413 5643 rursus
1441 5576 1760 5631 adoriantur
1784 5577 2036 5647 provide-

460 5658 561 5719 bis.
579 5655 713 5708 Nam
731 5660 901 5712 cll‘usa
918 5672 969 5715 et
991 5664 1359 5732 intemperans
1376 5667 2033 5743 insectatio,opportunqs

466 5743 534 5814 ad
565 5742 917 5817 oﬂ'ensiuuem
950 5750 1077 5813 facit
1108 5768 1200 5819 cos
1231 5757 1321 5822 qui
1356 5756 1738 5826 insequuntur.
1887 5747 1892 5753 ’

2137 4570 2422 4640 δυνάμεως
2470 4569 2729 4640 ναυτικῆς
2772 4568 3075 4639 ὑποχωρῶν
3116 4567 3421 4638 στρατηγὸς
3460 4565 3719 4636 μηνοειδῆ

2139 4662 2444 4735 παράταξιν
2507 4661 2831 4728 ποιούμενος
2889 4661 3281 4731 ύποστρεφέτω
3338 4659 3517 4712 πλέων
3576 4656 3730 4710 κατὰ

2139 4754 2425 4825 πρύμναν,
2478 4754 2573 4819 καὶ
2606 4753 2779 4816 οὕτως
2823 4751 3271 4823 ἀποχωρίζεσθαι
3304 4751 3413 4804 τῶν
3442 4748 3726 4817 πολεμίων

2139 4846 2479 4919 βουλευέσθω
2503 4864 2515 4876 ι
2570 4848 2664 4898 καλ.
2697 4845 2806 4912 γάρ
2838 4845 2900 4898 ού
2935 4843 3175 4914 φεύγων,
3213 4842 3350 4897 άλλά
3381 4839 3728 4911 φυγομαχῶν

2140 4941 2393 5011 ἑτοίμους
2422 4938 2533 5003 ἔξει
2561 4939 2659 5002 τάς
2688 4937 2820 5001 ναῦς
2839 4980 2854 5001 ,
2892 4939 2986 4991 καὶ
3016 4935 3171 5001 αὖθις
3204 4936 3453 4989 ἐπελθεῖν
3482 4937 3596 4996 τοῖς
3628 4951 3731 4985 πο-

2140 5031 2352 5101 λεμίοις
2410 5029 2554 5087 κατὰ
2606 5028 2864 5099 πρῶραν·
2923 5031 3038 5095 εἴγε
3090 5029 3183 5082 καὶ
3216 5027 3407 5081 τούτου
3443 5025 3603 5095 χρεία
3631 5026 3730 5091 γέ-

2141 5138 2321 5192 νηται,
2360 5121 2458 5183 τὰς
2488 5119 2716 5189 πρώρας
2747 5118 2884 5189 ἔχων
2917 5118 3054 5189 πρὸς
3080 5118 3299 5179 αὐτούς.
3334 5118 3439 5169 Καὶ
3468 5116 3574 5184 γὰρ
3601 5116 3732 5167 οὐδὲ

2143 5214 2511 5283 θαρσήσουσιν
2540 5213 2598 5265 ὲν
2626 5212 2703 5282 τῷ
2726 5212 3028 5284 κοιλώματι
3052 5210 3315 5264 εἰσελθεῖν
3336 5209 3431 5279 τὴν
3450 5208 3732 5261 κύκλωσιν

2144 5301 2507 5374 ὑφορώμενοι.

2217 5395 2318 5465 οβ’.
2350 5394 2525 5463 Νίκης
2556 5410 2634 5445 σοι
2664 5392 2813 5463 παρὰ
2841 5392 2973 5446 Θεοῦ
3001 5392 3301 5463 διδομένης,
3335 5391 3409 5463 μὴ
3438 5390 3732 5461 σφαλερῶς

2147 5488 2239 5553 καὶ
2270 5487 2525 5556 ἀκρατῶς
2556 5485 2716 5538 δίωκε
2745 5487 2879 5562 τοὺς
2901 5486 3213 5554 πολεμίους.
3260 5484 3422 5538 Ἀλλά
3446 5484 3731 5551 φυλάσσου

2142 5582 2237 5643 τὰς
2269 5578 2613 5649 ὑποστροφὰς
2644 5577 2842 5632 αὐτῶν.
2881 5579 2943 5630 Ἠ
2972 5580 3077 5649 γὰρ
3111 5579 3356 5649 ἀκρατὴς
3394 5575 3572 5641 δίωξις
3605 5576 3733 5630 δια-

2143 5671 2345 5725 λύουσα
2387 5672 2484 5742 τὴν
2518 5671 2667 5737 τάξιν
2708 5670 3123 5747 ἐπιϐουλευτους
3168 5671 3385 5742 ποιήσει
3420 5670 3544 5732 τοὺς
3589 5668 3730 5722 διώ-

2050 5790 2051 5793 η
2143 5780 2355 5833 κοντας.
