3964 6206
247 326 386 395 i069

1330 331 1664 394 TACTICA.
1701 358 1768 373 --
1803 333 2312 397 CONSTITUTIO
2345 337 2476 398 XX.

3362 338 3496 405 1070

217 477 220 480 η
293 446 397 512 σγ¹.
423 438 710 511 Νουνεχῶς
737 438 954 511 διέρχου
986 438 1074 494 διὰ
1099 439 1302 495 στενῶν
1327 440 1530 508 τόπων,
1563 443 1661 496 καὶ
1698 443 1800 514 μά-

1974 444 2103 500 203.
2144 443 2563 526 Circumspecte
2600 445 2719 501 ioca
2758 453 2988 522 angusta
3028 447 3312 505 transibis.
3345 449 3501 515 Quod

223 535 403 598 λιστα,
443 534 744 603 ἀναχωρῶν
776 533 884 586 ἀπὸ
910 533 1008 604 τῆς
1043 533 1307 604 πολεμίας
1337 534 1466 598 τοὺς
1495 535 1804 609 εὐρώστους

223 624 315 676 καὶ
347 621 666 693 ρωμαλέους
691 621 800 675 τῶν
842 623 1194 693 στρατιωτῶν
1224 623 1451 676 ὄπισθεν
1473 625 1532 678 ἐν
1575 624 1642 694 τῇ
1677 625 1805 694 οὐρ-

223 715 355 784 σγία
402 714 568 769 τάσσε
595 729 610 746 ⁸
658 715 745 768 ἴνα
785 716 1034 778 καὶτοὺς
1068 716 1475 786 ἐπερχομένους
1515 716 1806 787 πολεμίους

223 805 544 876 ἀμύνωνται
569 805 813 870 ὕπισθεν,
842 808 938 859 καὶ
973 807 1159 877 μηδεὶς
1183 807 1363 879 φεύγῃ
1395 807 1706 878 ἔμπροσθεν
1733 807 1807 879 μὴ

225 897 440 967 τολμῶν
469 898 760 968 παρελθεῖν
790 898 890 968 τὴν
922 899 1018 970 σὴν
1044 899 1362 970 ἐνδοξότητα
1385 900 1809 970 παρατεταγμέ-

225 1009 326 1063 νην
361 992 455 1046 καὶ
482 991 550 1045 δι’
576 991 904 1063 ἀμφοτέρων
929 993 1177 1064 τηρεῖται
1201 994 1234 1062 ὴ
1257 993 1410 1060 τάξις
1437 992 1691 1065 ἀσφαλὴς
1717 993 1811 1046 καὶ

227 1085 528 1156 ἄρρηκτος.

300 1179 396 1232 σδ’.
435 1177 554 1230 Ἵνα
585 1175 776 1248 ῥώμην
822 1177 966 1232 κατά
992 1177 1103 1231 τῶν
1140 1177 1418 1249 πολεμίων
1460 1177 1692 1252 ἐνθήσῃς
1734 1175 1812 1248 τῷ

230 1269 603 1340 στρατεύματι
635 1268 982 1340 παράγγελλε
1012 1269 1232 1334 αὐτοὺς,
1258 1268 1346 1321 ῖνα
1372 1269 1420 1321 εί
1447 1267 1546 1339 μὲν
1581 1266 1814 1336 βοῶντες

231 1361 557 1431 ἐπέρχονται
589 1360 774 1423 αὐτοῖς
805 1360 856 1412 οι
904 1359 1156 1429 πολέμιοι
1197 1361 1256 1412 ἐν
1301 1362 1370 1430 τῇ
1420 1358 1664 1430 συμϐολῇ
1715 1359 1816 1428 τῆς

239 1454 423 1525 μάχης
461 1453 727 1523 δέχωνται
750 1451 951 1515 αὐτοὺς
985 1450 1126 1521 μετά
1158 1451 1390 1522 σιωπῆς.
1433 1450 1560 1504 Ὲάν
1583 1450 1639 1503 δὲ
1669 1451 1814 1502 ἐκεῖ·

231 1545 449 1616 νοι(60)
489 1546 628 1617 μετά
662 1545 873 1615 σιωπῆς
917 1545 1283 1616 ἐπέρχωνται,
1333 1544 1456 1599 τότε
1511 1544 1652 1615 μετά
1684 1544 1816 1616 βοῆς

233 1638 330 1693 καὶ
364 1638 614 1711 κραυγῆς
643 1639 692 1689 ot
721 1637 805 1690 σοὶ
833 1635 1288 1700 ἀντεξελαύνουσι
1313 1636 1434 1690 κατ⁹
1465 1636 1672 1690 αὐτῶν.

301 1738 400 1785 σε’.
446 1731 617 1784 Ὅταν
647 1729 860 1810 ἀπορῇς
919 1727 1248 1795 ἐξοπλίσεως
1289 1727 1401 1782 τῶν
1447 1727 1820 1800 στρατιωτῶν,

1907 538 1954 595 εἰ
1981 537 2050 592 ab
2080 536 2330 594 hostibus
2358 539 2707 610 discesseris,
2731 540 2984 594 robustos
3012 555 3076 594 ac
3103 548 3362 598 strenuos
3392 542 3498 596 mi-

1907 630 2032 686 lites
2060 644 2089 684 a
2117 637 2271 702 tergo
2299 631 2352 684 in
2379 640 2626 690 extremo
2652 632 2901 702 agmine,
2928 647 3092 703 quam
3119 634 3382 703 οὐραγίαν
3407 650 3505 690 vo-

1909 728 2037 776 cant
2057 762 2072 786 ,
2105 722 2404 777 collocabis
2425 762 2440 788 ,
2472 730 2532 782 ut
2575 723 2925 780 incursantes
2956 723 3143 779 hostes
3174 725 3386 793 possint
3417 741 3505 784 ro-

1909 814 2111 883 pellere
2143 832 2156 868 :
2188 825 2242 870 et
2273 829 2437 870 nemo
2466 816 2520 869 iu
2551 813 2888 872 anteriorem
2922 825 3129 884 partem
3164 816 3337 886 fugiat
3361 855 3376 878 ,
3409 819 3504 872 ubi

1911 913 1968 960 tu
1990 907 2295 963 instructus
2325 907 2456 963 eris.
2487 907 2675 978 Itaque
2711 907 2972 980 utrinque
3011 908 3287 962 exercitus
3317 907 3507 964 [irtnus

1914 1011 1980 1052 ac
2011 997 2256 1053 munitus
2288 1000 2414 1054 erit.
2844 990 2848 998 ’

1982 1175 2110 1231 τοι.
2153 1175 2227 1232 Ut
2271 1175 2440 1231 robur
2479 1175 2748 1231 exercitui
2801 1175 3017 1232 inseras
3063 1173 3318 1245 praecipe,
3363 1185 3420 1227 ut
3464 1175 3512 1229 si

1915 1267 2101 1328 hostes
2130 1283 2256 1324 cum
2284 1269 2527 1324 clamore
2555 1275 2748 1324 contra
2781 1277 2906 1322 tuos
2931 1267 3174 1330 veniant,
3207 1267 3282 1324 tui
3318 1265 3503 1321 statim

1917 1375 2044 1416 cum
2075 1362 2294 1417 silentio
2318 1370 2372 1416 et
2403 1362 2784 1417 taciturnitate
2815 1361 3128 1431 praecedant
3159 1377 3173 1414 :
3205 1361 3289 1416 sin
3325 1359 3400 1412 illi
3433 1359 3480 1413 si

1919 1453 2092 1508 lentes
2122 1469 2186 1508 ac
2220 1454 2371 1508 taciti
2404 1454 2836 1518 ambulaverint,
2868 1464 2978 1508 tum
3011 1453 3253 1507 clamore
3282 1467 3346 1505 ac
3377 1449 3508 1506 stri-

1919 1546 2054 1603 dore
2084 1561 2365 1602 armorum
2401 1547 2481 1602 Ini
2509 1547 2634 1604 illos
2665 1545 2950 1602 invadant.

1989 1725 2116 1780 205.
2153 1725 2254 1781 Ubi
2287 1734 2564 1780 armatura
2595 1741 2744 1796 eges,
2773 1726 2840 1781 iis
2872 1726 3158 1794 divitibus,
3190 1741 3300 1781 non
3333 1725 3424 1797 qui
3459 1725 3515 1782 in

229 1824 344 1885 τοῖς
375 1821 632 1892 εὐπόροις
665 1820 785 1890 μὲν,
819 1808 894 1889 μὴ
927 1820 1374 1889 στρατευομένοις
1393 1819 1471 1885 δὲ,
1503 1817 1826 1885 κέλευε,ἐὰν

1941 1818 2119 1888 praelia
2148 1827 2312 1884 sunt,
2344 1819 2439 1874 sed
2473 1820 2564 1890 qui
2597 1835 2625 1874 a
2659 1819 2842 1890 praelio
2875 1820 3108 1884 absunt,
3142 1820 3374 1889 praecipe
3406 1838 3421 1874 :
3457 1827 3517 1876 ut

237 1913 313 1984 μὴ
341 1913 640 1983 βούλωνται
667 1909 1088 1981 στρατεύεσθαι,
1115 1911 1378 1982 παρέχειν
1398 1911 1628 1964 ἕκαστον
1651 1911 1817 1966 ἵππον

230 2009 350 2062 ἀντὶ
374 2006 568 2062 ἐαυτοῦ
604 2009 700 2059 καὶ
728 2007 900 2078 ἄνδρα
919 2022 932 2036 ·
960 2007 1057 2060 καὶ
1089 2004 1264 2070 οὕτως
1300 2006 1356 2058 οῖ
1379 2023 1437 2058 τε
1463 2005 1695 2075 πένητες
1723 2005 1817 2058 ἀν·-

230 2100 403 2170 δρεῐοι
443 2099 900 2168 δπλισθήσονται,
937 2098 992 2150 οῖ
1035 2115 1094 2151 τε
1148 2097 1396 2151 πλούσιοι
1430 2097 1524 2150 καὶ
1564 2095 1818 2168 ἄνανδροι

231 2189 578 2242 δουλεύσουσι
605 2188 727 2241 κατ’
759 2189 982 2258 ἰσότητα
1021 2187 1131 2242 τῶν
1166 2189 1637 2258 στρατευομένων.

306 2290 416 2348 σςν.
445 2282 599 2352 ’Ἅμα
623 2283 735 2344 τοῖς
764 2280 1153 2352 καϐαλλαρίοις
1183 2283 1276 2334 καὶ
1307 2280 1537 2352 πεζικὴν
1558 2281 1822 2351 ἐπιφερόο

237 2392 402 2446 μενος
435 2373 698 2445 στρατιὰν
735 2371 1151 2442 συνεποχεῖσοαι
1185 2371 1356 2443 αὐτὴν
1394 2372 1451 2427 ἐν
1492 2374 1601 2435 τοῖς
1634 2371 1822 2436 ἵπποις

232 2467 495 2529 πολλάκις
546 2465 736 2518 κέλευε
795 2463 1038 2533 δηλονότι
1093 2464 1338 2536 ἐλαφρὴν
1383 2464 1634 2528 ὅπλισιν,
1684 2464 1821 2534 ὅπερ

231 2556 350 2612 δέον
378 2558 634 2624 ἔχοντας,
664 2555 760 2608 καὶ
785 2558 900 2619 τοῖς
931 2556 1091 2609 ποσὶν
1127 2556 1294 2620 ὀξέως
1330 2556 1550 2626 τρέχειν
1587 2555 1821 2626 δυναμέ-

232 2665 376 2712 νους.
404 2647 613 2709 Οἴτινες
637 2648 695 2698 ἐν
722 2646 1030 2715 ἐπικαίροις
1067 2647 1254 2709 τόποις
1281 2645 1544 2716 εὔρωστοι
1575 2664 1824 2720 καταπη-

232 2741 496 2810 δήσαντες
537 2736 647 2791 ἀπὸ
687 2732 797 2787 τῶν
836 2735 1020 2789 ἵππων
1068 2737 1268 2798 τόπους
1316 2735 1557 2807 ὑψηλοὺς
1586 2736 1823 2807 καταλή-

1927 1911 1972 1965 si
2007 1911 2183 1966 nolint
2215 1911 2281 1965 ad
2317 1927 2467 1966 arma
2504 1915 2725 1978 venire,
2763 1913 2939 1967 virum
2978 1929 3076 1982 pro
3111 1929 3170 1969 se
3203 1928 3518 1984 equumque

1929 2003 2151 2058 mittant
2189 2021 2202 2058 :
2240 2004 2314 2058 ita
2362 2005 2582 2075 quidem
2627 2005 2715 2061 iiet
2758 2015 2816 2061 ut
2855 1994 3128 2077 pauperes
3175 2008 3386 2063 strenui
3431 2021 3520 2060 ar.

1928 2104 2169 2161 tuentur,
2210 2097 2411 2153 divites
2453 2098 2632 2168 ignavi
2675 2114 2744 2154 ex
2787 2115 2944 2171 aequo
2988 2115 3052 2156 ac
3095 2100 3275 2156 caeteri
3319 2099 3412 2171 qui
3461 2098 3518 2154 in

1927 2185 2071 2241 bello
2102 2198 2251 2256 sunt,
2287 2191 2430 2246 bello
2461 2191 2786 2255 inserviant.

1991 2285 2123 2341 206.
2169 2282 2388 2339 Mistum
2421 2299 2484 2340 ex
2520 2284 2797 2356 peditibus
2827 2295 2882 2340 et
2911 2286 3190 2356 equitibus
3225 2284 3272 2340 si
3305 2283 3520 2342 exerci-

1927 2386 2042 2432 tum
2078 2377 2318 2440 habeas,
2356 2377 2504 2433 leves
2543 2377 2700 2447 equis
2739 2393 2984 2448 persmpe
3015 2377 3136 2432 vcbi
3171 2375 3425 2446 jubebis,
3463 2383 3523 2432 nt

1925 2469 2253 2541 Opportunis
2292 2469 2349 2524 in
2392 2469 2528 2525 locis
2568 2470 2740 2540 agiles
2783 2478 2947 2540 atque
2982 2467 3218 2538 expediti
3259 2468 3326 2523 de
3362 2465 3521 2534 equis

1922 2563 2264 2628 desilientes,
2297 2564 2511 2621 excelsa
2544 2562 2762 2632 altaque
2797 2563 2913 2618 loca
2957 2561 3283 2632 anticipcnt,
3315 2567 3369 2613 et
3401 2557 3524 2613 i‘un-

1921 2655 2047 2718 dis,
2106 2655 2365 2726 sagittis,
2419 2654 2758 2724 reliquisque
2815 2654 2988 2709 armis
3041 2662 3288 2718 utantur,
3346 2660 3407 2706 ut
3457 2646 3526 2703 ad

1921 2759 2138 2799 omnem
2177 2744 2414 2798 hostium
2448 2757 2740 2796 occursum
2777 2743 2949 2811 parati
2987 2741 3118 2797 sint.

233 2829 435 2899 ψονται
455 2870 471 2894 ,
503 2829 599 2883 καὶ
637 2825 956 2896 σφενδόναις
986 2829 1316 2899 χρήσονται,
1361 2829 1456 2882 καὶ
1498 2827 1696 2894 τόξοις,
1739 2830 1835 2884 καὶ
1873 2833 2084 2907 ἑτέροις
2109 2835 2318 2900 ὅπλοις,
2351 2833 2384 2906 ἢ
2417 2833 2511 2887 καὶ
2542 2832 2679 2904 πρὸς
2703 2832 2832 2888 ἄλλο
2865 2849 2918 2885 τι
2979 2831 3088 2886 τῶν
3146 2829 3528 2901 ἐμπιπτόντων

235 2923 603 2995 ἀνδρίσονται.

312 3015 413 3081 σέ.
464 3013 708 3078 Βεὸαίως
757 3011 1121 3082 ἐπιστάμενος
1173 3011 1343 3082 ἄνδρα
1389 3011 1509 3065 τινά
1559 3011 1818 3075 πολλάκις

245 3107 668 3181 ἀριστεύσαντα,
704 3104 1082 3175 ἐξαιτούμενον
1113 3103 1170 3157 δὲ
1203 3102 1332 3173 περί
1358 3119 1505 3166 τινος
1549 3103 1824 3173 σωτηρίας

1996 3015 2125 3067 207.
2167 3013 2224 3068 Si
2267 3012 2413 3083 quis,
2454 3011 2548 3081 qui
2590 3020 2816 3068 strenue
2857 3025 2917 3065 se
2955 3011 3009 3064 in
3053 3007 3296 3063 exercitu
3339 3005 3530 3076 gessit,

1935 3104 2142 3174 aliquid
2177 3103 2275 3158 abs
2309 3111 2362 3156 te
2400 3101 2730 3165 contendat,
2766 3100 2849 3154 vel
2881 3100 2948 3153 de
2980 3100 3153 3154 salute
3183 3112 3284 3152 sua
3315 3097 3395 3150 vel
3437 3110 3532 3149 co-

244 3170 523 3272 ἧΙέαυτοῦ,
550 3198 583 3269 ἢ
615 3198 792 3267 φίλου,
819 3197 853 3267 ἢ
890 3170 1206 3264 συγγενοῦς,
1240 3170 1416 3265 χρεών
1450 3211 1530 3259 σε,
1556 3189 1600 3247 ὦ
1632 3170 1826 3264 στρατ⁴

1941 3170 2108 3267 gnati,
2142 3211 2210 3251 ne
2239 3193 2476 3250 diiiicilis
2504 3193 2557 3248 in
2587 3190 2940 3264 pernegando
2973 3189 3070 3250 sis,
3101 3187 3196 3243 sed
3231 3201 3328 3258 pro
3360 3187 3526 3241 rebus

245 3293 384 3364 ηγὲ,
439 3291 562 3345 ἀντὶ
613 3287 828 3342 πολλῶν
869 3286 965 3342 καὶ
1021 3285 1274 3358 μεγάλων
1330 3287 1631 3357 παρασχεῖν
1682 3285 1834 3356 αὐτῷ

245 3385 539 3456 δυστυχίαν
567 3382 724 3451 φίλου
755 3378 1275 3450 ἐπανορθώσασθαι·
1321 3378 1414 3430 καὶ
1454 3380 1512 3431 ἐν
1553 3376 1702 3448 αὐτῷ
1727 3380 1837 3447 γάρ

247 3481 307 3532 τὺ
337 3479 482 3530 ὅσιον
511 3473 778 3544 ποιήσεις,
810 3471 904 3523 καὶ
935 3470 1152 3538 ἐτέρους
1185 3469 1496 3538 ὲπαλείψεις
1528 3469 1839 3538 ἀριστεύειν

249 3568 340 3622 ἐπ’
374 3565 549 3618 ἐλπίδι
584 3561 842 3630 τοιαύτης
874 3558 1307 3618 ἀνταποδόσεως.

322 3663 426 3726 ση’.
469 3655 766 3724 Ἀρχοντος
800 3649 1008 3718 ἀγαθοῦ
1035 3649 1314 3720 τεκμήρια
1345 3651 1439 3703 καὶ
1463 3649 1666 3722 ἀρετῆς
1697 3649 1837 3704 ἀπό-

249 3748 434 3814 δειξις,
484 3745 613 3798 ὅταν
659 3739 953 3810 ἐθελουσίῳ
999 3737 1194 3810 γνώμῃ
1249 3738 1542 3792 πείθωνται
1589 3737 1738 3809 αὐτῷ
1785 3740 1835 3793 οί

253 3841 556 3910 ὑποχείριοι
578 3877 593 3899 ,
622 3836 718 3890 καὶ
763 3836 819 3888 ἐν
851 3836 964 3897 τοῖς
1006 3833 1408 3904 προσπίπτουσι
1442 3833 1625 3896 πόνοις
1655 3851 1835 3904 παρα-

259 3929 439 4000 μένειν
469 3928 748 3981 ἐθέλωσιν.
783 3927 846 3979 Οί
879 3925 990 3996 γὰρ
1036 3923 1252 3995 ἀνάγκη
1283 3924 1378 3978 καὶ
1419 3924 1509 3996 βίᾳ
1536 3925 1836 3980 ὑποταττό-

257 4039 409 4091 μενοι
442 4023 555 4083 τοῖς
581 4017 778 4082 ἀνάξια
817 4017 1126 4089 στρατηγοῦ
1170 4017 1306 4089 πρὸς
1338 4018 1536 4081 αὐτοὺς
1564 4020 1837 4090 πράττου-

254 4131 360 4172 σιν,
393 4111 668 4165 ἐπίϐουλοι
710 4109 912 4179 μᾶλλον
933 4152 948 4175 ,
995 4109 1108 4164 ἀλλ’
1142 4110 1203 4164 ού
1237 4110 1402 4180 φίλοι,
1447 4112 1540 4166 καὶ
1579 4113 1835 4182 φυγάδες,

254 4201 370 4255 ἀλλ’
396 4201 457 4254 ού
497 4199 1004 4267 συγκινδυνεύοντες
1038 4200 1392 4271 ὀφθήσονται.

325 4290 425 4344 σθ’.
466 4289 767 4362 Στρατηγῷ
804 4288 999 4360 ἀγαθῷ
1045 4290 1209 4360 μηδὲν
1260 4290 1449 4362 ἕτερον
1498 4290 1838 4362 ἐπιτήδευμα

250 4383 371 4438 δέον
407 4383 669 4449 ἐπαινεῖν,
707 4381 822 4435 ἀλλ’
853 4382 886 4452 ἢ
920 4381 1014 4435 δύο
1040 4379 1246 4442 ταύτας
1275 4397 1289 4410 ο
1323 4381 1422 4451 τὴν
1460 4383 1559 4450 μὲν
1595 4397 1834 4452 γεωργι-

253 4473 377 4544 κην,
411 4472 487 4536 ὡς
515 4471 821 4543 τρέφουσαν
848 4471 976 4532 τοὺς
1003 4467 1360 4539 στρατιώτας,
1389 4469 1488 4540 τὴν
1526 4469 1582 4522 δὲ
1607 4469 1834 4542 πολεμι-

255 4564 378 4635 κὴν,
409 4564 484 4628 ὡς
511 4561 832 4616 ἐκδικοῦσαν
858 4561 950 4614 καὶ
976 4560 1356 4629 φυλάττουσαν
1381 4561 1508 4623 τοὺς
1531 4561 1836 4632 τρέφοντας

256 4640 563 4727 γεωργούς.
599 4653 691 4706 Διδ
723 4651 924 4722 μᾶλλον
969 4651 1062 4704 καὶ
1092 4651 1300 4704 τούτων
1328 4650 1437 4704 τῶν
1478 4652 1844 4723 ἐπιτηδευμά-

255 4762 367 4797 των
417 4742 797 4814 ἐπιμελεῖσθαί
849 4752 908 4795 σε
946 4743 1053 4814 χρὴ
1103 4742 1255 4813 παρά
1302 4743 1372 4797 τὰ.
1428 4743 1591 4815 ἔτερα
1642 4746 1840 4800 πάντα.

267 4837 484 4890 Ἐκεῖνα
518 4836 616 4905 μὲν
649 4835 759 4906 γάρ
806 4836 914 4888 είσι
946 4834 1088 4904 τάχα
1119 4835 1214 4890 καὶ
1260 4837 1527 4906 περιττὰ,
1577 4836 1752 4892 ταῦτα
1785 4836 1842 4890 δὲ

257 4931 350 4984 καὶ
382 4930 793 4997 ἀναγκαιότατα
819 4930 915 4984 καὶ
944 4933 1209 5003 σωτήρια.

331 5033 421 5080 σι’.
459 5023 580 5078 Ἵνα
627 5024 684 5078 δέ
725 5025 820 5079 xei.
868 5025 1207 5097 ἐνδοξότερος
1255 5026 1348 5080 καὶ
1399 5026 1676 5096 αἰδέσιμος
1708 5027 1838 5080 ἀνα-

257 5116 534 5171 δείκνυσαι
558 5158 573 5182 ,
625 5115 828 5186 μᾶλλον
875 5117 966 5170 τοῦ
1010 5117 1104 5170 σοῦ
1148 5117 1520 5188 συμφέροντος
1567 5118 1627 5170 τὸ
1682 5120 1837 5190 κοινῇ

259 5207 538 5279 συμφέρον
576 5208 852 5277 προτίμα,
901 5209 976 5271 ὡς
1016 5210 1109 5262 καὶ
1146 5207 1259 5260 ἅνω
1298 5225 1400 5262 που
1432 5209 1546 5276 (6i)
1591 5210 1724 5279 ἡμῖν
1756 5211 1836 5262 εί-

264 5314 448 5376 ρηται.
518 5296 630 5351 Καὶ
691 5301 801 5370 γὰρ
859 5297 1063 5368 ἀγαθὸς
1125 5298 1429 5369 στρατηγός
1493 5299 1676 5362 ἐστιν,
1731 5284 1846 5354 οὐκ¹

255 5390 353 5444 ἐὰν
399 5390 492 5444 τὸν
527 5390 724 5444 ἑαυτοῦ
761 5390 875 5461 βίον
914 5390 1096 5456 καλῶς
1129 5390 1387 5460 διεξάγῃ,
1435 5390 1553 5444 ἀλλ’
1599 5393 1694 5444 ἐὰν
1740 5392 1834 5445 καὶ

254 5475 330 5537 ὧν
381 5483 540 5555 ἄρχει
576 5485 786 5549 τούτοις
827 5484 1097 5556 σωτηρίας
1146 5485 1314 5547 αἴτιος
1369 5483 1597 5551 γίνεται·
1636 5500 1833 5556 στρατ-

1938 3289 2085 3344 illius
2118 3288 2290 3359 gestis
2313 3327 2326 3353 ,
2360 3287 2467 3341 hoc
2502 3285 2580 3339 illi
2617 3285 2685 3340 de
2719 3283 2896 3348 salute
2931 3280 3090 3334 amici
3128 3290 3221 3334 aut
3254 3293 3355 3333 sua
3390 3293 3527 3332 con-

1937 3382 2110 3436 dones
2144 3399 2157 3434 :
2193 3395 2318 3433 nam
2349 3386 2404 3434 et
2434 3379 2583 3448 pium
2617 3376 2819 3431 factum
2849 3374 2955 3428 hoc
2981 3372 3119 3434 erit,
3148 3377 3202 3427 et
3231 3369 3371 3426 alios
3398 3368 3524 3426 talis

1937 3471 2403 3526 remunerationis
2453 3483 2552 3540 spe
2605 3466 2674 3522 ad
2732 3481 2818 3521 res
2869 3465 3010 3520 bene
3057 3460 3328 3535 gerendas
3379 3459 3527 3516 exci-

1939 3561 2099 3618 tabis.

2007 3653 2135 3709 208.
2179 3651 2316 3708 Boni
2352 3650 2592 3724 praefecti
2622 3649 2892 3706 indicium
2919 3654 2973 3703 et
3001 3659 3196 3717 magna
3219 3641 3442 3698 virtutis
3468 3640 3537 3696 si.

1937 3743 2220 3818 gnitieatio
2263 3753 2378 3810 est,
2415 3744 2460 3798 si
2492 3742 2726 3812 subjecti
2756 3741 2960 3796 milites
2993 3734 3308 3793 voluntario
3350 3733 3536 3788 animo

1937 3839 2016 3894 illi
2046 3838 2455 3908 obtemperent,
2480 3843 2534 3891 et
2561 3835 2604 3889 si
2638 3834 2858 3889 labores
2881 3837 3079 3902 sponte
3107 3844 3208 3884 sua
3237 3825 3536 3886 subierint,

1938 3931 2070 3986 etin
2097 3929 2207 3984 iiiis
2229 3927 2576 3983 duraverint.
2600 3927 2737 3981 Nam
2765 3925 2858 3995 qui
2889 3922 3220 3978 necessitate
3245 3926 3300 3975 et
3325 3919 3374 3972 vi
3403 3914 3531 3972 sub-

1933 4021 2222 4092 jiciuntur,
2247 4020 2341 4092 qui
2371 4020 2593 4094 indigne
2622 4034 2682 4074 se
2706 4035 2770 4073 ac
2798 4024 2992 4073 contra
3021 4031 3184 4086 quam
3214 4011 3533 4084 prmioctum

1940 4127 2037 4184 par
2059 4121 2144 4168 est
2167 4122 2387 4183 gerunt,
2412 4111 2489 4165 illi
2515 4109 2886 4173 insidiatores,
2916 4123 3023 4164 non
3049 4103 3238 4169 amici;
3269 4099 3536 4179 perfugae,

1939 4218 2044 4258 non
2077 4202 2452 4274 periclitantes
2478 4199 2783 4255 existimari
2811 4199 3035 4255 debent.

2005 4296 2133 4353 209.
2175 4293 2493 4365 imperatori
2535 4293 2678 4366 bono
2717 4291 2868 4345 nulla
2914 4289 3096 4343 studia
3140 4288 3213 4342 ita
3257 4283 3533 4344 laudanda

1938 4405 2004 4445 ac
2037 4387 2385 4460 provehenda
2422 4393 2582 4451 sunt,
2614 4399 2679 4440 ac
2712 4381 3051 4453 agricultura
3083 4389 3138 4434 et
3170 4377 3367 4432 militia
3401 4395 3416 4431 :
3451 4375 3534 4431 al-

1940 4487 2059 4534 tera
2099 4491 2222 4544 qua:
2264 4474 2657 4546 rempublicam
2703 4479 2757 4526 et
2802 4470 3001 4524 milites
3047 4468 3164 4535 alit,
3205 4467 3374 4521 altera
3414 4481 3538 4535 qua:

1943 4568 2336 4639 rempublicam
2367 4565 2630 4628 defendit,
2663 4572 2718 4619 et
2748 4562 3019 4634 agricolas
3050 4560 3368 4624 laborantes
3397 4573 3530 4614 con-

1940 4665 2142 4715 servat.
2179 4657 2365 4726 Itaque
2403 4663 2554 4708 tanto
2590 4654 2766 4724 magis
2797 4651 2881 4707 hac
2909 4651 3126 4706 caeteris
3157 4658 3285 4703 sunt
3321 4647 3536 4703 artibus

1940 4749 2330 4824 proponenda,
2386 4754 2595 4817 quanto
2649 4745 2755 4800 illa:
2789 4744 3061 4800 interdum
3117 4755 3542 4810 supervacanea:

1939 4858 2061 4900 esse
2089 4847 2393 4898 cernuntur
2419 4856 2432 4894 :
2459 4836 2544 4892 lue
2566 4851 2782 4908 semper
2805 4833 3077 4893 salutares
3103 4841 3234 4889 sunt
3261 4839 3316 4888 et
3347 4845 3540 4886 neces-

1940 4935 2125 4991 sarire.
3195 4941 3202 4945 ι

2013 5028 2145 5082 210.
2190 5025 2259 5082 Ut
2297 5023 2683 5094 suscipiendus
2728 5031 2780 5076 et
2822 5020 3128 5075 honoratus
3171 5015 3238 5071 ab
3277 5015 3536 5071 omnibus

1948 5120 2203 5183 habeare,
2235 5130 2581 5173 communem
2612 5113 2907 5170 utilitatem
2944 5111 3022 5166 rei
3052 5105 3317 5180 privatae,
3341 5121 3538 5178 quem-

1944 5210 2236 5265 admodum
2264 5223 2426 5279 supra
2453 5207 2836 5282 prazcepimus,
2862 5213 3154 5273 antepone.
3180 5200 3366 5254 Bonus
3387 5198 3534 5253 enim

1945 5304 2242 5370 imperator
2266 5309 2372 5366 est,
2405 5317 2515 5357 non
2548 5299 2640 5372 qui
2681 5299 2819 5354 bene
2849 5310 3004 5352 suam
3037 5295 3211 5365 ipsius
3241 5292 3404 5345 vitam
3434 5288 3530 5344 de-

1942 5389 2040 5462 git,
2071 5391 2168 5445 sed
2196 5390 2286 5460 qui
2318 5389 2582 5461 subjectis
2612 5388 2728 5446 suis
2762 5395 2954 5442 auctor
2980 5385 3178 5441 salutis
3209 5390 3314 5438 est.
3345 5380 3529 5449 impe-

1943 5491 2092 5539 rator
2127 5484 2273 5540 enim
2313 5498 2422 5540 non
2463 5483 2584 5541 ideo
2621 5497 2648 5538 a
2693 5480 2850 5541 nobis
2889 5479 3145 5552 deligitur
3185 5487 3241 5535 ut
3285 5473 3390 5533 sibi
3425 5471 3530 5530 soli

1769 5599 1999 5656 NOT/E.

643 5693 718 5767 ,δὲ
740 5693 978 5767 ἐκεῖνοι.
1013 5694 1180 5767 Atille,
1205 5693 1541 5767 σιωπῶντες.
1572 5691 1826 5767 Νυςιεεδθι

1945 5694 1988 5750 ιΙ«
2015 5709 2213 5753 sensus
2243 5695 2432 5767 exigit.

329 5764 442 5830 (οι)
476 5763 582 5819 Kal
615 5765 738 5822 ἄνω
767 5782 903 5820 που.
939 5765 1313 5831 Scribebatur,
1356 5765 1449 5819 καὶ
1475 5764 1587 5820 ἄνω
1610 5763 1722 5820 τοῦ.
