3964 6206
201 266 343 334 1073

1271 293 1602 358 TAC’l‘ICA.
1628 323 1699 335 —
1735 298 2239 368 CONSTITUTIO
2271 290 2381 370 XX

3311 326 3450 392 ιοηι

197 382 325 446 θέας
355 382 520 440 ἕνεκα
543 386 639 440 καὶ
668 389 864 460 πείρας
892 399 1302 465 στρατιωτικῶν
1327 401 1504 472 ἔργων
1529 406 1623 458 καὶ
1649 409 1748 478 ὴγε

198 476 436 506 “munt...
517 479 839 506 νι..-..-...ν--.
891 487 950 506 --ς
979 505 993 506 γ
1041 487 1066 506 θ
1093 489 1118 506 α.
1268 491 1285 506 ι
1331 496 1351 506 ..
1467 497 1480 506 .
1682 499 1694 506 .

1881 411 1992 466 mul
2029 424 2082 469 et
2115 418 2508 496 experientiam
2554 423 2632 480 rei
2677 425 2933 486 militaris
2967 439 3132 504 atque
3166 433 3464 506 imperato-

196 476 457 546 μονικῷν.
517 479 840 550 Ἀναγκαῖον
889 487 999 558 γὰρ
1035 487 1409 548 διδασκαλεῖον
1455 476 1771 566 ἀναγκαίων

195 568 538 640 μαθημάτων
567 572 596 624 ό
626 572 880 644 πόλεμος.
907 579 997 632 Διὸ
1025 580 1271 648 καὶτοὺς
1294 585 1644 656 ἀκμάζοντας
1673 592 1768 644 καὶ

190 660 362 726 φίλων
395 664 490 714 καὶ
515 663 734 720 οίκείων
764 669 961 735 παῖδας
983 671 1174 745 ὥσπερ
1193 675 1437 746 εὐγενεῖς
1465 680 1766 748 σκύλακας,

187 743 232 803 ὦ
273 753 568 824 στρατηγὲ,
603 762 1092 830 συνεκστρατεύειν
1119 743 1178 820 σε
1341 771 1436 824 καὶ
1467 743 1770 839 συνεθίζειν

185 840 499 912 ἀνέχεσθαι,
537 848 631 901 καὶ
659 850 866 922 τολμᾷν
915 854 1012 908 καὶ
1044 840 1255 926 νεκρῶν
1295 861 1636 933 ἁπτομένους
1675 866 1770 920 καὶ

187 933 404 1004 πληγάς
436 936 764 1010 θεωμένους,
791 943 888 998 καὶ
911 946 970 1000 ἐν
1001 949 1124 1012 ταῖς
1152 951 1467 1020 ἐναγωνίοις
1489 953 1640 1023 βοαῖς
1673 959 1768 1011 καὶ⁵

182 1027 300 1088 τοῖς
337 1026 720 1101 άλαλάγμασιν
763 1038 903 1088 κατὰ
929 1036 997 1089 τά
1032 1038 1236 1110 πρῶτα
1277 1041 1376 1111 τῆς
1411 1044 1592 1116 μάχης
1625 1063 1768 1114 γινο-

186 1115 371 1182 μένοις
408 1120 930 1190 παρατυγχάνοντας
965 1125 1238 1194 ἵστασθαι,
1284 1129 1372 1185 ἵνα
1403 1132 1541 1204 πρὸς
1568 1135 1635 1189 τά
1668 1153 1768 1190 πο-

183 1204 386 1276 λεμικά
434 1206 572 1279 ἔργα
617 1211 713 1264 καὶ
761 1213 906 1286 πάθη
951 1217 1016 1270 ἐκ
1049 1218 1175 1272 νέου
1218 1219 1622 1296 συνεθιζόμενοι
1672 1227 1766 1281 καὶ

180 1295 494 1366 ἀριστεύειν
520 1301 578 1353 ὲν
606 1302 790 1368 αὐτοῖς
821 1305 1090 1375 μάθωσιν.

256 1397 375 1444 σιε¹.
426 1389 737 1464 Ῥωμαλέον
778 1399 872 1452 καὶ
905 1400 1128 1472 ἄριστον
1156 1403 1427 1471 ἀναδείξει
1454 1424 1514 1461 σε
1563 1426 1762 1480 στρατ-

179 1479 315 1552 ηγὸν
344 1483 378 1553 ή
407 1484 504 1554 τῆς
532 1486 740 1557 τόλμης
778 1489 996 1562 ὀξύτης,
1026 1494 1121 1546 καὶ
1151 1495 1213 1548 rb
1237 1495 1513 1569 βούλευμα
1537 1500 1598 1554 rb
1625 1479 1763 1574 χρη-

181 1573 326 1637 στὸν,
361 1576 454 1628 καὶ
496 1578 524 1630 ὁ
572 1577 683 1632 τῶν
727 1580 896 1651 φίλων
931 1584 1278 1656 εύπρόθυμος
1326 1573 1762 1663 συναγωνισμὸς,

177 1665 274 1718 καὶ
301 1665 362 1718 rb
396 1667 620 1739 θαρρεῖν
643 1670 701 1724 ὲν
727 1674 839 1736 τοῖς
863 1673 1129 1738 κινδύνοις
1157 1677 1252 1730 τοῦ
1284 1679 1544 1751 πολέμου,
1577 1683 1671 1737 καὶ
1701 1683 1762 1736 τὸ

175 1755 409 1826 χρῆσθαι
443 1758 521 1830 τῷ
543 1776 600 1813 τε
634 1762 889 1834 σταθηρῷ
913 1759 1162 1838 λογισμῷ
1190 1771 1286 1823 καὶ
1317 1772 1750 1846 άκαταπλήκτῳο

173 1847 348 1902 ταῦτα
386 1850 498 1923 γὰρ
537 1854 768 1924 στεῤῥοῦ
822 1859 1131 1928 στρατηγοῦ
1180 1863 1273 1915 καὶ
1315 1864 1634 1935 φιλοτίμου·
1672 1868 1760 1923 ἵνα

174 1939 270 1992 καὶ
295 1939 458 2005 αὐτὸς
487 1945 546 1996 ὲν
571 1945 749 2020 καιρῷ
776 1946 836 2013 ἐξ
859 1950 1052 2004 ἑαυτοῦ
1081 1955 1294 2026 παρέχῃ
1324 1955 1395 2008 τὰ
1427 1957 1637 2029 δέοντα,
1664 1960 1758 2013 καὶ

172 2029 262 2084 διὰ
301 2032 399 2103 τῆς
432 2035 599 2089 αὐτοῦ
649 2038 866 2110 ἀγαθῆς
899 2041 1128 2115 γνώμης
1166 2049 1259 2099 καὶ
1290 2047 1476 2116 φιλίας
1509 2066 1757 2120 συναγω-

171 2124 358 2186 νιστάς
390 2124 488 2197 ἔχῃ
522 2127 599 2190 ὠς
622 2129 812 2196 φίλους
833 2133 1090 2198 οἰκείους,
1119 2136 1213 2188 καὶ
1241 2139 1758 2207 συγκινδυνεύοντας

171 2215 318 2287 αύτῷ
340 2218 398 2270 ἐν
421 2220 594 2274 ἅπασι
621 2222 752 2286 τοὺς
780 2226 1142 2296 στρατιώτας.

243 2314 374 2373 σις’.
401 2309 613 2382 Ὠσπερ
637 2314 942 2387 κυνηγέτης
975 2317 1180 2386 ἀγαθὸς
1205 2319 1372 2393 τέχνῃ
1400 2323 1527 2388 τοὺς
1557 2321 1757 2390 λύκους

179 2401 584 2473 μετερχόμενος
625 2405 657 2476 ἢ
705 2408 803 2471 τὰς
837 2409 1129 2474 ἀλώπεκας
1169 2412 1420 2484 ἀγρεύει,
1451 2415 1626 2480 οὕτως
1658 2419 1754 2472 καὶ

167 2491 332 2558 αὐτὸς
381 2495 510 2560 τοὺς
559 2498 669 2551 ἀπὸ
723 2501 834 2552 τῶν
887 2501 1165 2573 πολεμίων
1223 2509 1604 2573 κατασκόπους
1662 2511 1753 2566 διὰ

163 2581 361 2654 τέχνης
392 2588 734 2658 ἀνευρήσεις.
791 2591 916 2645 Ἐάν
945 2595 1053 2666 γὰρ
1088 2595 1287 2660 ἔξωθεν
1317 2599 1410 2652 τοῦ
1452 2600 1546 2653 σοῦ
1575 2602 1749 2674 χάρα-

163 2691 259 2738 κος
296 2677 543 2743 φύλακας
573 2679 743 2752 τάξῃς
765 2723 780 2751 ,
832 2679 954 2738 εἶτα
987 2686 1343 2742 ἐπιλαϐέσθαι
1376 2689 1473 2743 τοῦ
1523 2693 1751 2760 πλησίον

159 2768 383 2840 ἑκάστῳ
419 2771 685 2844 κελεύσῃς
709 2815 723 2840 ,
756 2775 850 2827 καὶ
896 2775 973 2848 μὴ
1008 2779 1225 2848 ἀφεῖναι
1256 2779 1360 2845 ἕως
1389 2781 1455 2836 ἂν
1495 2785 1622 2857 εἴπῃ
1657 2787 1750 2840 καὶ

155 2861 256 2914 τὸν
281 2862 542 2933 ἄρχοντα,
575 2867 668 2918 καὶ
697 2865 759 2918 rb
782 2865 993 2939 τάγμα,
1017 2871 1111 2923 καὶ
1133 2872 1195 2924 rb
1226 2875 1604 2947 κοντυϐέρνιον
1626 2877 1748 2932 ὅθεν

153 2955 335 3019 ἐστὶν,
379 2954 413 3027 ἢ
445 2956 633 3027 ἕτερον
677 2956 951 3030 σύνθημα.
987 2961 1125 3023 Τοὺς
1156 2962 1214 3015 δὲ
1245 2966 1418 3018 ταῦτα
1459 2967 1637 3034 λέγειν
1674 2969 1750 3040 μὴ

1876 505 1974 559 riae
2016 505 2276 566 habeant.
2325 509 2515 572 Ludus
2555 517 2699 572 enim
2745 526 3112 594 necessarius,
3162 530 3466 601 disciplinae
3511 543 3525 562 '

1874 597 2201 655 necessariae
2243 601 2444 658 bellum
2487 614 2594 662 est.
2631 608 2823 680 Itaque
2863 611 3120 672 ﬂorentes
3153 620 3263 688 jam
3306 597 3466 683 aetate

1873 688 2173 745 amicorum
2205 691 2672 772 familiariumque
2700 711 2919 758 tuorum
2951 705 3155 765 liberos
3181 718 3339 782 quasi
3367 734 3458 786 ge-

1872 794 2104 838 nerosos
2147 789 2360 844 catulos
2403 797 2584 846 tecum
2633 792 2690 848 in
2733 797 3085 866 expeditione
3125 801 3357 870 habeas,
3404 816 3463 862 ut

1873 870 2092 928 discant
2116 877 2352 934 tolerare
2381 878 2642 949 laborem,
2667 886 2993 946 audaciores
3019 907 3165 960 esse,
3191 895 3460 952 cadavera

1873 972 2214 1021 mortuorum
2247 977 2493 1041 tangere,
2523 976 2711 1047 plagas
2736 980 2942 1051 videre,
2965 993 3018 1038 et
3049 985 3320 1044 clamores
3347 991 3463 1046 belv

1870 1055 2010 1110 licos
2041 1058 2308 1129 perferre,
2331 1071 2386 1119 et
2413 1065 2464 1122 in
2495 1067 2652 1123 initio
2678 1071 2847 1140 praelii
2875 1074 3070 1131 bellico
3097 1080 3355 1136 tumultui
3384 1083 3462 1136 in-

1869 1152 2110 1217 teresse,
2144 1161 2204 1206 ut
2234 1153 2303 1209 ad
2359 1159 2545 1214 omnia
2604 1165 2827 1233 negotia
2878 1165 3076 1224 bellica
3107 1171 3179 1230 ab
3235 1171 3486 1233 ineunte-

1867 1246 2030 1296 tetate
2057 1242 2359 1302 assuefacti
2390 1252 2602 1306 strenui
2634 1269 2757 1312 esse
2786 1256 3010 1316 debent.

1936 1423 2065 1480 215.
2107 1425 2326 1486 Fortem
2361 1447 2426 1489 ac
2456 1436 2781 1505 prudentem
2811 1440 3197 1511 imperatorem
3228 1454 3283 1502 te
3313 1448 3458 1504 indi-

1864 1514 2091 1582 cabunt,
2119 1530 2428 1590 opportuna
2458 1526 2706 1594 audacia,
2735 1538 2790 1584 et
2818 1530 3022 1588 bonum
3051 1538 3368 1604 consilium,
3394 1548 3454 1595 et

1867 1607 2170 1662 amicorum
2208 1610 2406 1667 alacris
2442 1615 2690 1672 laborum
2726 1622 3036 1691 susceptio,
3061 1634 3113 1680 et
3148 1626 3204 1680 in
3242 1629 3454 1698 pericu-

1865 1697 1933 1752 lis
1963 1695 2234 1756 obeundis
2263 1703 2619 1772 confidentia,
2644 1716 2698 1762 et
2727 1710 2780 1764 in
2809 1711 2975 1768 rebus
3005 1695 3260 1784 gerendis
3291 1718 3456 1777 llrmi-

1861 1798 1946 1845 tas
1976 1791 2144 1846 animi
2173 1800 2338 1864 atque
2364 1800 2698 1856 constantia.
2728 1800 2854 1858 llaec
2880 1805 3025 1859 enim
3055 1809 3268 1863 strenui
3300 1811 3455 1867 ducis

1861 1867 1926 1935 ac
1952 1881 2157 1939 nobilis
2190 1893 2341 1949 sunt,
2370 1895 2431 1942 ut
2458 1897 2512 1944 et
2541 1890 2659 1960 ipse
2687 1904 3000 1964 opportuno
3035 1906 3279 1968 tempore
3303 1901 3454 1970 quod

1859 1977 2128 2048 optimum
2161 1977 2310 2035 factu
2344 1981 2418 2036 sit
2449 1981 2647 2052 facias,
2680 1995 2735 2042 et
2769 1989 2986 2044 consilii
3022 1990 3101 2046 tui
3131 1991 3458 2054 benevolene

1860 2069 2056 2138 tiaeque
2090 2068 2403 2141 adjutores,
2439 2083 2494 2130 et
2527 2077 2782 2134 omnibus
2817 2079 2871 2135 in
2908 2081 3074 2138 rebus
3106 2083 3454 2143 voluntarios

1857 2158 2181 2218 defensores
2219 2163 2445 2223 habeas.

1929 2324 2058 2400 216.
2099 2344 2373 2414 Quoniam
2402 2359 2633 2407 venator
2659 2351 2838 2410 bonus
2870 2355 3033 2428 lupos
3063 2367 3118 2416 et
3145 2359 3340 2432 vulpes
3367 2377 3451 2416 ar-

1859 2437 2028 2492 tificio
2063 2448 2319 2506 venatur,
2355 2441 2437 2497 sic
2473 2453 2527 2498 ct
2567 2451 2622 2499 tu
2665 2445 2906 2503 hostium
2950 2452 3330 2521 speculatores
3367 2469 3454 2510 so-

1856 2529 2013 2586 lertia
2045 2533 2250 2604 capies.
2285 2532 2342 2588 Si
2374 2539 2522 2591 enim
2555 2545 2708 2592 extra
2743 2541 2944 2594 vallum
2979 2550 3133 2599 tuum
3167 2547 3452 2603 custodias

1854 2620 2144 2688 locaveris,
2169 2623 2367 2679 deinde
2387 2625 2624 2694 jusseris
2649 2636 2706 2684 ut
2729 2645 3179 2703 unumquemque
3204 2634 3452 2706 ignotum

1853 2719 2099 2777 teneant,
2129 2723 2182 2767 et
2207 2713 2574 2796 interrogent,
2610 2733 2786 2791 neque
2817 2720 3096 2777 dimittant
3129 2726 3449 2796 priusquam

1852 2802 2094 2874 praefecti
2132 2785 2328 2861 nomen
2365 2785 2827 2878 etcontubernii,
2865 2814 3012 2868 unde
3055 2818 3150 2880 sit,
3184 2827 3241 2872 et
3280 2829 3478 2876 tesse-.

1850 2909 1967 2948 ram
2007 2897 2128 2964 ejus
2167 2897 2517 2954 contubernii
2558 2906 3096 2973 commemoraverit,
3132 2918 3189 2965 et
3223 2925 3321 2984 eos
3357 2911 3450 2982 qui

1851 2987 1968 3042 haec
2002 2988 2182 3042 facere
2219 2993 2597 3060 nequiverint,
2630 2997 3007 3064 exploraveris
3037 3003 3268 3072 quinam
3299 3006 3447 3072 sint,

149 3047 497 3116 δυναμένους
537 3048 814 3116 ἐξετάσεις
833 3093 850 3120 ,
903 3054 996 3106 καὶ
1033 3052 1204 3118 οὕτως
1250 3056 1577 3129 ἀνευρήσεις
1621 3060 1748 3123 τοὺς

153 3156 171 3160 Α
185 3157 200 3160 _
212 3157 232 3160 ,.
246 3157 270 3160 _
321 3157 357 3160 4-
369 3159 375 3160 ,
392 3140 409 3160 Ι
426 3159 450 3160 W
541 3159 544 3160 ,

1861 3077 2012 3134 facile
2040 3078 2416 3160 speculatores
2443 3082 2664 3138 illorum
2698 3085 2969 3145 invenies.

151 3140 568 3206 κατασκόπους.

238 3230 363 3295 σίζ’.
417 3233 578 3302 Μέγα
625 3234 862 3307 πρᾶγμα
921 3237 1017 3290 καὶ
1067 3237 1367 3308 ἀναγκαῖον
1417 3239 1749 3313 δημηγορῶν

166 3323 314 3394 μετὰ
345 3326 666 3396 φρονήσεως
701 3329 1008 3399 στρατηγός
1029 3343 1046 3361 ο
1084 3331 1306 3384 πλείονα
1343 3332 1451 3402 γὰρ
1484 3333 1750 3398 πολλάκις

152 3417 232 3468 ὲκ
270 3415 369 3485 τῆς
412 3416 500 3469 διὰ
530 3415 706 3485 λόγων
737 3418 975 3486 ὁμιλίας,
1005 3419 1148 3490 ἤπερ
1195 3422 1260 3473 ὲκ
1287 3422 1395 3474 τῶν
1440 3421 1621 3474 ὅπλων
1649 3423 1748 3494 τὴν

153 3505 416 3577 ἀνδρείαν
436 3507 848 3578 παρασκευάσει
865 3508 945 3580 τῷ
968 3509 1337 3581 στρατεύματι
1359 3529 1371 3541 ·
1391 3513 1487 3565 καὶ
1509 3513 1747 3583 μάλιστα

157 3598 482 3671 προστιθεὶς
513 3597 592 3669 τῷ
623 3599 788 3671 λόγῳ,
830 3601 912 3655 ὅτι
947 3601 1082 3673 πρὸς
1122 3602 1451 3666 ἀντιπάλους
1479 3597 1607 3657 ’ἐστὶ
1641 3605 1746 3674 μά-

161 3689 358 3762 χεσθαι
391 3691 570 3760 σάρκα
605 3692 699 3744 καὶ
727 3685 868 3761 αἷμα
907 3692 1130 3764 ἔχοντας
1154 3735 1170 3760 ,
1205 3695 1300 3748 καὶ
1339 3695 1406 3750 τά
1441 3695 1745 3766 ἀνθρώπων

163 3785 474 3855 πάσχοντας
498 3785 595 3838 καὶ
617 3784 835 3848 αὐτούς.

238 3969 362 4036 σιη’.
409 3965 730 4034 Ἀναγκαϊόν
782 3981 886 4031 σοι,
935 3959 980 4020 ὦ
1033 3969 1324 4037 στρατηγὲ,
1375 3969 1506 4027 ὅταν
1558 3973 1747 4043 χεῖρας

169 4057 480 4129 συμμίξωσι
512 4060 649 4130 πρὸς
682 4060 862 4130 μάχην
890 4061 1033 4115 κατὰ
1056 4060 1164 4115 τῶν
1197 4061 1472 4131 πολεμίων
1503 4066 1551 4118 οἱ
1584 4083 1748 4136 crpu-

165 4150 377 4215 τιῶται,
411 4151 830 4222 παρα-τρέχοντα
859 4152 1011 4224 βοᾷνο
1057 4154 1180 4206 Ἔτι
1215 4154 1364 4218 ἅπαξ
1405 4156 1745 4226 προσϐαλοῦ-

167 4262 268 4315 μεν
294 4246 408 4308 τοῖς
434 4244 735 4314 πολεμίοις,
770 4247 866 4300 καὶ
891 4248 1206 4318 νικήσομεν·
1229 4249 1324 4303 καὶ
1340 4249 1501 4304 πάλιν
1523 4251 1741 4319 ὁμοίως·

168 4335 286 4390 Ἔτι
315 4333 461 4400 ἅπαξ
492 4333 798 4405 προσϐαλοῦ
807 4353 906 4405 μεν
924 4336 1016 4390 καὶ
1041 4339 1353 4408 νικήσομεν,
1374 4340 1466 4393 καὶ
1483 4342 1664 4411 τρίτον
1689 4342 1745 4396 δὲ

1921 3255 2050 3312 217.
2087 3256 2395 3329 Imperator
2430 3259 2524 3330 qui
2564 3259 2936 3333 eloquentiam
2978 3279 3106 3321 cum
3149 3269 3445 3338 prudentia

1850 3349 2234 3419 coniunxerit,
2263 3351 2396 3422 quid
2426 3353 2481 3406 in
2513 3353 2758 3409 exercitu
2793 3365 3059 3426 praestare
3085 3374 3196 3415 non
3225 3365 3449 3432 pctest?

1852 3439 2055 3510 Maiora
2079 3441 2224 3496 enim
2247 3457 2389 3513 sape
2411 3442 2615 3500 diserta
2639 3449 3022 3506 cohortatione
3043 3450 3260 3516 elliciet,
3280 3470 3444 3525 quam

1848 3533 2060 3590 viribus
2094 3533 2212 3590 suis
2243 3541 2300 3590 et
2331 3535 2455 3605 plus
2486 3539 2670 3596 verbis
2701 3555 2865 3610 quam
2902 3543 3104 3600 robore
3139 3546 3342 3602 milites
3375 3548 3447 3603 ad

1846 3626 2228 3681 strenuitatem
2259 3627 2538 3693 incilabit,
2567 3628 2733 3702 idque
2759 3634 2999 3692 maxime
3029 3637 3075 3691 si
3111 3640 3445 3708 persuadeat

1845 3730 1974 3770 cum
2015 3716 2269 3773 hostibus
2309 3718 2416 3772 sibi
2457 3735 2570 3777 rem
2614 3737 2761 3790 esse,
2796 3724 2888 3794 qui
2926 3741 2994 3780 ex
3033 3743 3200 3784 carne
3232 3737 3287 3785 et
3321 3746 3446 3786 san-

1847 3810 2037 3879 guine,
2087 3810 2554 3878 quemadmodum
2603 3816 2790 3872 ceteri
2839 3815 3114 3884 homines,
3157 3824 3444 3880 constituti

1844 3903 1977 3966 sint,
2005 3902 2213 3976 quique
2241 3905 2424 3960 omnia
2453 3906 2694 3966 humana
2729 3909 2887 3967 facile
2919 3915 3028 3983 pati
3063 3927 3318 3986 possunt.

1915 3995 2040 4053 2l8.
2087 3995 2230 4054 Utile
2273 3997 2372 4058 tibi
2421 4001 2746 4072 etlmprimis
2792 4006 2932 4074 erit,
2981 4008 3300 4078 imperator,
3351 4010 3444 4066 ubi

1845 4105 2044 4146 manus
2072 4098 2374 4147 conserunt
2403 4108 2529 4148 cum
2560 4094 2814 4154 bosﬁbus
2847 4100 3050 4155 milites
3082 4103 3181 4160 tui.
3215 4113 3444 4173 praeter-

1843 4183 2148 4256 gradiendo
2181 4184 2384 4242 milites
2419 4185 2486 4242 iis
2517 4188 2698 4244 verbis
2733 4193 3010 4260 appellare
3042 4210 3058 4248 :
3097 4193 3278 4251 Semel
3316 4205 3444 4251 tan-

1845 4284 1960 4330 tum
1988 4273 2220 4344 conﬂige
2246 4289 2371 4330 cum
2400 4275 2670 4344 hostibus,
2695 4286 2750 4333 et
2774 4280 3092 4348 vincemus;
3119 4291 3285 4353 atque
3313 4285 3442 4340 item

1847 4365 2102 4421 similiter
2128 4366 2298 4422 semel
2329 4384 2342 4420 :
2376 4364 2582 4424 lterum
2614 4385 2740 4425 cum
2772 4371 2931 4428 hoste
2961 4373 3212 4442 conﬂige,
3241 4384 3297 4432 et
3325 4376 3443 4430 vin-

160 4427 321 4482 τοῦτο
356 4429 580 4497 ποιῆσαι
614 4428 1054 4498 παριππεύοντα.
1101 4428 1288 4494 Οὕτως
1324 4430 1432 4502 γὰρ
1473 4432 1632 4504 νίκην
1667 4433 1744 4498 ὡς

169 4513 756 4536 2,\,_ﬁ,‘-1-_-2A_-Ah
805 4517 925 4536 bl“;
968 4535 1023 4536 ﬁ,
1067 4519 1144 4536 Im,
1277 4519 1292 4536 9
1379 4520 1433 4536 ρ·-
1567 4523 1580 4536 ι

1861 4473 2060 4514 remus.
2085 4457 2273 4515 Tertio
2298 4466 2482 4517 autem
2509 4462 2883 4533 obequitando
2911 4463 3013 4520 boc
3040 4463 3228 4521 faciat.
3253 4465 3444 4536 Itaque

161 4513 377 4581 άληθῶς
408 4515 469 4567 ἐκ
497 4514 597 4584 τῆς
619 4515 927 4587 προθυμίας
961 4519 1225 4588 ποιήσεις,
1274 4519 1473 4590 ἐφεξῆς
1497 4523 1589 4575 καὶ
1620 4541 1746 4578 συν-

161 4608 300 4678 εχῶς
355 4609 454 4673 τὰς
502 4611 652 4680 τρεῖς
713 4609 1020 4680 προσϐολὰς
1091 4611 1436 4682 ποιούμενος.
1468 4615 1641 4670 Τοῦτο
1686 4616 1744 4670 δὲ

160 4701 433 4770 ποιήσεις,
466 4701 595 4754 ὅταν
633 4702 772 4772 μετὰ
794 4703 892 4774 τῆς
922 4701 1016 4757 τοῦ
1044 4703 1181 4757 Θεοῦ
1215 4703 1464 4776 βοηθείας
1489 4708 1621 4780 ὁρᾷς
1660 4710 1744 4762 ὅτι

159 4793 303 4847 κατὰ
354 4796 456 4865 τὴν
493 4795 720 4869 πρώτην
777 4795 1057 4868 συμϐολὴν
1115 4800 1388 4868 προτερῇς
1439 4799 1582 4855 κατὰ
1634 4801 1743 4854 τῶν

157 4885 456 4957 πολεμίων.

230 4979 353 5035 σιθ’.
393 4983 510 5037 Ἵνα
539 4981 597 5035 δὲ
649 4982 876 5053 μνήμων
912 4982 1326 5054 θαυμαζόμενος
1362 4986 1459 5038 καὶ⁵
1491 4987 1607 5050 τοῖς
1644 4986 1743 5041 ἀν·

153 5073 493 5147 τιπολεμίοις
508 5071 645 5129 εἶναι
661 5074 818 5145 δόξῃς
835 5073 967 5144 (65),
987 5075 1083 5128 καὶ
1100 5075 1188 5128 διὰ
1204 5075 1362 5130 τοῦτο
1376 5077 1626 5147 φοϐερὸς,
1647 5079 1744 5136 ἐάν

156 5183 242 5221 σοι
274 5168 534 5239 πρέσϐεις
565 5167 952 5229 ἀποστείλωσι,
985 5167 1105 5221 δέον
1134 5185 1194 5222 σε
1227 5169 1573 5240 άνερωτῆσαι
1611 5174 1742 5244 περὶ

154 5262 336 5316 αὐτῶν
359 5302 374 5327 ,
407 5262 502 5316 ἐάν
536 5278 667 5316 ποτε
715 5258 1152 5332 ἐπρεσϐεύσαντο
1175 5301 1189 5325 ,
1244 5262 1340 5316 καὶ
1389 5262 1530 5336 ὑπὲρ
1574 5265 1742 5322 τίνων

155 5353 521 5425 πραγμάτων,
551 5352 646 5406 καὶ
679 5353 814 5423 μετά
844 5353 1006 5407 τίνων
1032 5353 1366 5424 προσώπων,
1394 5355 1490 5411 καὶ
1514 5359 1573 5410 ἐν
1600 5361 1740 5433 ποίῳ

154 5441 355 5512 καιρῷ,
407 5440 504 5493 καὶ
550 5441 608 5493 ἐν
655 5441 794 5511 ποίῳ
828 5441 998 5513 τόπῳ.
1057 5443 1179 5497 Ἔτι
1212 5443 1269 5498 δὲ
1315 5447 1411 5500 καὶ
1459 5449 1590 5523 περὶ
1638 5454 1740 5522 τῆς

154 5532 523 5604 προκειμένης
564 5535 861 5606 πρεσϐείας
891 5536 1302 5610 προμελετῆσαι
1333 5537 1370 5592 ἃ
1413 5539 1528 5607 δεῖ,
1561 5544 1654 5598 καὶ
1690 5547 1743 5600 εί

1814 4546 2108 4623 -ιιιαέηυιη
2139 4563 2481 4610 momentum
2510 4555 2578 4610 ad
2605 4556 2891 4612 victoriam
2920 4556 3135 4626 afferes.
3164 4560 3212 4612 si
3245 4560 3443 4618 alacri-

1847 4650 1928 4696 ter
1957 4651 2012 4697 et
2043 4643 2269 4700 assidue
2303 4645 2406 4702 hos
2442 4655 2556 4706 tres
2591 4647 2830 4718 impetus
2868 4649 3070 4706 milites
3109 4649 3352 4717 faciant,
3385 4659 3442 4708 et

1844 4733 2030 4794 hostes
2059 4737 2310 4796 animose
2341 4739 2624 4798 invadant.
2653 4738 2768 4795 Hoc
2799 4741 2898 4798 abs
2929 4749 2984 4797 te
3013 4741 3328 4800 faciendum
3353 4753 3440 4804 est

1843 4829 2068 4895 quando
2101 4829 2342 4900 primum
2376 4831 2504 4888 belli
2539 4832 2851 4905 ingressum
2883 4834 2996 4892 Deo
3029 4836 3268 4908 propitio
3302 4837 3440 4896 bene

1846 4918 2002 4976 vides
2034 4921 2353 4990 procedere.

1915 5009 2044 5066 2l9.
2076 5010 2145 5069 Ut
2169 5028 2300 5069 vero
2325 5021 2550 5085 propter
2574 5016 2872 5072 multarum
2901 5034 3082 5077 rerum
3112 5021 3435 5078 memoriam

1848 5097 1915 5155 ab
1948 5100 2203 5158 hostibus
2238 5101 2292 5157 in
2329 5101 2698 5164 admiratione
2733 5107 3026 5174 habearis,
3059 5119 3117 5166 et
3146 5120 3436 5182 iropterea

1846 5190 1919 5246 ab
1948 5191 2057 5247 illis
2086 5193 2356 5260 timearis,
2381 5195 2428 5252 si
2454 5195 2523 5254 ad
2552 5206 2605 5253 te
2633 5198 2797 5268 legati
2829 5201 2985 5260 missi
3011 5201 3238 5271 fuerint,
3264 5205 3436 5262 inter-

1847 5281 2074 5355 rogabis
2107 5298 2201 5342 eos
2238 5287 2488 5358 nunquid
2529 5297 2656 5354 ante
2690 5290 2962 5362 legatione
2998 5294 3080 5350 usi
3120 5295 3342 5358 fuerint,
3377 5304 3435 5352 et

1847 5374 2052 5443 quibus
2079 5373 2148 5430 de
2173 5378 2383 5441 causis,
2409 5379 2609 5448 quibus
2635 5395 2758 5436 cum
2787 5381 3125 5460 hominibus,
3148 5401 3258 5455 quo
3284 5386 3434 5451 loco,

1846 5481 1956 5536 quo
1996 5473 2263 5538 tempore.
2301 5467 2602 5542 Legatioue
2643 5473 2772 5529 item
2812 5475 3094 5545 proposita
3138 5477 3429 5546 providet»

1846 5557 1974 5614 dum
2001 5561 2187 5618 animo
2209 5572 2314 5636 est,
2336 5580 2470 5620 num
2496 5565 2840 5648 quatisitnilis
2866 5566 3054 5635 fuerit,
3077 5569 3158 5624 vel
3181 5569 3323 5640 apud
3352 5579 3430 5639 te,

1691 5660 1926 5731 .NO'I‘E.

229 5713 339 5783 (65)
366 5709 534 5771 Εἶναι
563 5715 768 5786 δόξῃς.
800 5718 1170 5790 Scribebatur,
1206 5726 1252 5778 εἰ
1287 5728 1380 5782 καὶ
1411 5728 1588 5800 δόξῃς.
