4036 6218
476 334 617 399 1075

1705 334 1981 396 LEONIS
2012 332 2475 394 PHILOSOPHI

3594 330 3765 393 1076

468 451 554 504 vel
588 448 749 501 aliam
784 445 1035 514 quamvis
1068 444 1342 498 nationem
1365 486 1379 509 ,
1416 453 1476 498 ut
1510 442 2037 525 interrogationibus

2170 462 2187 495 ι
2219 446 2401 515 ὅμοιον
2435 442 2682 513 ἐπράχθη
2740 442 2868 497 ποτὲ
2911 444 2944 515 ἦ
2984 442 3134 514 παρά
3179 444 3263 496 σοὶ
3305 443 3338 513 ἦ
3392 443 3529 513 παρ’
3567 444 3783 513 ἑτέρῳ

468 548 524 593 et
551 554 805 594 sermone
835 547 928 592 tuo
949 536 1187 593 videaris
1217 537 1513 591 multarum
1542 552 1726 593 rerum
1755 553 1963 593 memor
1986 546 2043 594 et

403 647 427 725 χ
472 634 679 701 peritus
707 646 847 685 esse.

412 722 436 811 ᾖ
536 724 664 777 920.
706 723 785 775 Ad
820 736 941 792 quae
973 722 1093 776 loca
1127 723 1211 777 vel
1253 722 1507 779 civitates
1540 724 1773 780 classem
1808 726 2046 779 emissu-

470 829 564 867 rus
610 828 672 868 es
719 814 923 868 nemini
972 813 1217 869 indicare
1263 823 1511 885 oportet,
1558 816 1653 872 sed
1702 818 2046 871 occultanda:

468 907 651 958 animo
693 906 943 963 civitates
988 915 1137 969 sunt,
1183 914 1243 959 ut
1288 922 1449 961 nemo
1493 906 1561 961 de
1605 908 1801 963 classis
1849 909 2045 963 itinere

468 994 765 1064 quidquam
809 996 1145 1064 prmsentiat.
1188 995 1504 1050 Mandatum
1547 1012 1727 1055 autem
1770 999 2044 1067 quoddam

469 1086 667 1140 litteris
699 1087 1056 1151 conscribes,
1091 1086 1233 1155 quod
1273 1088 1365 1141 ubi
1401 1088 1665 1157 scriptum
1703 1088 1867 1142 fuerit
1902 1090 2049 1143 obsi-

468 1177 686 1246 gnahis.
712 1186 766 1232 et
792 1178 1069 1232 navarcho
1098 1179 1304 1242 trades,
1333 1181 1727 1250 praecipiesque
1756 1182 1832 1235 illi
1867 1191 1925 1235 ut
1955 1181 2045 1235 ubi

470 1286 621 1325 mare
655 1271 938 1341 ingressus
974 1271 1159 1347 fuerit,
1199 1273 1435 1342 sigillum
1483 1274 1713 1342 aperiat,
1748 1285 1803 1329 et
1838 1290 2047 1344 cogno-

469 1370 587 1417 scat
628 1379 735 1432 quo
779 1365 957 1420 iturus
996 1366 1089 1421 sit.
1131 1366 1208 1419 lta
1251 1368 1390 1421 clam
1434 1368 1621 1423 hostes
1662 1384 1772 1438 quo
1812 1368 2050 1423 volucris

470 1456 779 1525 pervenies.

540 1547 665 1601 εει.
705 1548 873 1617 Leges
900 1548 1166 1603 militares
1194 1561 1357 1619 atque
1386 1550 1756 1621 imperatoria:
1786 1551 1830 1606 si
1863 1561 2050 1607 custo-

472 1639 712 1703 diantur,
744 1640 981 1695 victores
1022 1640 1193 1695 duces
1232 1642 1533 1697 honoratos
1574 1653 1628 1697 et
1670 1642 2052 1697 memorabiles

473 1732 712 1798 faciunt,
744 1740 798 1787 et
828 1732 1048 1801 regibus
1078 1734 1321 1788 laetitiam
1353 1735 1889 1804 ohlectationemque
1918 1733 2053 1789 affe-

471 1831 626 1886 runt,
650 1831 705 1877 et
734 1823 800 1876 ad
830 1824 1167 1879 deditionem
1202 1840 1503 1894 pacemque
1533 1827 1722 1882 hostes
1749 1836 1973 1896 cogunt,
1999 1834 2053 1881 et

474 1912 543 1966 ab
563 1914 817 1969 omnibus
844 1916 1349 1983 perturbationibus
1372 1919 1654 1987 subjectos
1680 1927 1901 1973 nostros
1924 1918 2054 1973 libe-

475 2012 621 2067 rant,
646 2006 757 2059 imo
776 2022 905 2061 vero
927 2009 1223 2064 multorum
1251 2009 1518 2065 bonorum
1547 2020 1705 2079 atque
1730 2011 2054 2064 salutarium

474 2109 656 2151 causa:
679 2108 827 2163 sunt,
851 2109 904 2152 et
931 2097 1025 2153 Dei
1053 2115 1179 2167 erga
1208 2100 1333 2155 illos
1362 2100 1799 2155 benevolentiam
1829 2111 2053 2171 augent,

474 2195 530 2241 et
555 2187 622 2241 ad
652 2189 981 2243 laudandum
1012 2190 1179 2245 Deum
1210 2206 1404 2246 omnes
1434 2192 1687 2248 homines
1716 2194 1835 2263 pios
1866 2192 2057 2263 impel-

478 2280 616 2333 lunt.
651 2280 760 2335 llas
791 2282 956 2352 igitur
985 2283 1131 2354 leges
1161 2285 1318 2353 quasi
1356 2287 1643 2351 maximas,
1676 2288 1925 2341 omnium
1958 2289 2058 2343 θοι

477 2387 670 2425 norum
703 2375 1003 2428 secundum
1036 2374 1202 2429 Deum
1232 2378 1695 2441 conservatrices,
1722 2389 1775 2431 et
1806 2380 2057 2432 commu-

478 2465 563 2519 nis
585 2464 778 2518 salutis
805 2467 1391 2535 prospicientissimas,
1416 2469 1564 2522 omni
1589 2470 1868 2537 diligentia
1893 2477 2057 2536 atque

476 2556 826 2612 observantia
855 2558 1025 2623 coles,
1057 2567 1111 2611 et
1143 2568 1270 2614 ante
1302 2560 1487 2613 omnia
1517 2561 1733 2615 divinas
1762 2561 1929 2629 leges.
1961 2576 2056 2614 ve-

479 2661 651 2717 raque
705 2647 854 2702 illius
912 2657 1179 2718 przecepta
1237 2650 1438 2717 quibus
1490 2649 1665 2718 pietas
1720 2651 2059 2712 continetur,

480 2754 693 2794 summo
726 2741 907 2794 studio
936 2748 990 2793 et
1017 2747 1280 2807 perpetuo
1309 2741 1560 2809 sequaris
1591 2760 1613 2794 ι
1636 2741 1707 2793 ita
1740 2742 1885 2793 enim
1917 2742 2060 2809 apti-

481 2844 629 2881 mum
665 2829 953 2897 imperium
988 2829 1111 2885 lict.
1142 2838 1197 2882 et
1232 2828 1340 2883 lieo
1376 2830 1752 2883 universitatis
1785 2830 1916 2901 Regi
1956 2833 2059 2884 Do-

483 2920 740 2988 minoque
767 2930 955 2973 nostro
979 2919 1104 2973 Jesu
1133 2921 1375 2984 Christo,
1400 2929 1454 2975 et
1483 2922 1641 2977 nobis
1667 2923 1758 2992 qui
1785 2938 1882 2992 per
1904 2924 2055 2976 illum

482 3026 794 3081 reguamus,
827 3012 1191 3083 complacitus
1219 3014 1351 3069 eris.

807 3193 1188 3264 Argumentum
1229 3194 1354 3247 libri
1391 3196 1445 3247 in
1488 3194 1729 3266 Epilogo.

551 3284 604 3338 l.
636 3281 706 3338 Ut
739 3283 902 3355 igitur
927 3284 1109 3339 omnia
1142 3302 1307 3355 quam
1336 3288 1658 3343 brevissime
1688 3303 1717 3341 a
1750 3288 1905 3342 nobis
1934 3289 2059 3343 uui-

483 3389 642 3429 verso
689 3376 791 3429 hoc
837 3375 978 3430 libro
1023 3377 1305 3438 conclusa,
1354 3379 1670 3432 summatim
1722 3388 2058 3447 repetamus,

484 3467 588 3521 hoc
622 3466 674 3519 in
711 3466 905 3536 primis
933 3467 1185 3537 dignitati
1217 3477 1324 3523 tua:
1356 3470 1727 3539 praecipimus,
1762 3480 1819 3524 ut
1848 3486 1956 3539 qua
1992 3471 2061 3525 de

483 3572 652 3612 causa
684 3558 1074 3628 imperatores,
1108 3572 1371 3630 quantum
1408 3570 1561 3632 potes
1593 3562 1824 3627 cllicias,
1860 3570 1918 3615 ut
1944 3570 2063 3616 01η-

485 3670 582 3709 nes
608 3656 698 3725 qui
730 3656 833 3710 suh
864 3656 1095 3727 imperio
1126 3665 1221 3711 tuo
1254 3666 1401 3719 sunt.
1434 3659 1599 3711 vitam
1631 3674 1794 3728 quam
1828 3658 2063 3713 maxime

489 3738 834 3817 tranquillam
866 3756 920 3804 et
953 3763 1203 3804 securam
1236 3749 1453 3820 degant.

558 3838 616 3895 2.
655 3839 732 3894 Ac
769 3841 1002 3908 primum
1039 3839 1304 3908 quidquid
1339 3841 1588 3893 dicturus
1625 3839 1937 3895 facturusve
1970 3856 2061 3905 es,

487 3946 517 3983 a
551 3930 661 3984 Deo
690 3930 1019 3999 principium
1050 3932 1267 3994 habeat,
1303 3932 1553 4000 nihilque
1582 3932 1700 3988 sine
1732 3932 1878 3988 illius
1912 3948 2064 3987 com-

486 4023 883 4078 memoratione
913 4037 977 4079 ac
1007 4022 1395 4094 deprecatione
1425 4032 1637 4096 agatur.

556 4199 608 4253 3.
640 4200 753 4254 Cur
771 4199 915 4255 enim
942 4216 1049 4255 non
1076 4201 1406 4273 principium
1430 4204 1670 4258 omnium
1698 4221 1877 4261 rerum
1905 4222 2067 4277 agen-

485 4292 676 4344 darum
708 4307 739 4346 a
766 4290 875 4347 Deo
901 4293 1224 4363 capiendum
1254 4295 1347 4359 sit,
1371 4310 1495 4350 cum
1527 4294 1670 4351 Deus
1699 4306 1856 4367 pater
1882 4304 2068 4353 noster

488 4384 664 4438 factor
687 4393 741 4439 et
775 4385 1054 4454 inspector
1078 4386 1349 4441 dictorum
1384 4386 1762 4459 factorumque
1793 4391 2061 4457 omnium,

2147 534 2289 589 ἔθνει
2328 550 2341 563 ·
2372 535 2457 587 ἵνα
2480 535 2537 588 ἐν
2553 538 2671 598 ταῖς
2696 535 3027 606 ἐρωτήσεσιν
3054 534 3148 587 xui
3169 534 3485 603 συντυχίαις
3503 534 3776 605 ἐκπλήσο

2149 642 2248 701 σῃς
2277 626 2471 690 αὐτοὺς
2496 626 2571 689 ὡς
2599 628 2741 681 πάνυ
2770 627 3105 697 μνημονικὸς
3134 626 3228 679 xui
3268 626 3635 697 πολύπειρος.

2221 725 2322 772 σκ’.
2356 714 2458 771 Ὧν
2487 719 2651 771 ἓνεκα
2686 718 2718 787 ἦ
2746 719 2925 771 τόπων
2950 718 3079 770 ποτέ
3106 718 3141 787 ἢ
3169 718 3380 771 πόλεων
3422 719 3773 788 ἐκπέμπειν

2152 807 2367 878 μέλλεις
2406 808 2660 861 ναυτικὸν
2694 807 2875 859 στόλον
2901 848 2916 872 ,
2958 806 3225 877 κρύπτειν
3259 824 3318 859 σε
3345 794 3428 859 δεῖ
3466 806 3569 859 xui
3616 810 3766 871 τοὺς

2147 900 2346 963 τόπους
2370 899 2463 951 xui
2485 900 2586 961 τὰς
2608 899 2814 963 πόλεις,
2846 897 2986 953 ὥστε
3021 898 3225 968 μηδένα
3257 898 3605 968 προγνῶναι.
3636 900 3761 953 ποῦ

2152 989 2593 1061 μέλλειγίνεσθαι
2626 990 2655 1042 ὀ
2701 989 3029 1052 κατάπλους.
3062 990 3345 1059 Ἐνταλμα
3383 992 3439 1044 δέ
3484 993 3752 1061 γράψας,

2149 1081 2307 1134 τοῦτο
2335 1083 2778 1152 σφραγισάμενος
2813 1080 3071 1150 ἀσφαλῶς
3110 1081 3295 1143 ἐπίδος
3340 1082 3420 1152 τῷ
3475 1084 3761 1137 καθιστα-

2154 1174 2303 1243 μένῳ
2333 1173 2484 1243 παρὰ
2511 1170 2605 1224 σού
2642 1174 2919 1242 ναυάρχῳ,
2959 1171 3047 1224 ἵνα
3077 1172 3217 1224 κατά
3242 1172 3305 1224 τὸ
3335 1172 3576 1241 πέλαγος
3595 1176 3757 1239 ἐξελ-

2152 1265 2281 1327 θὼν,
2313 1266 2432 1317 τότε
2463 1265 2602 1337 λύσῃ
2630 1266 2729 1333 τὴν
2764 1263 3056 1334 σφραγίδα,
3090 1265 3183 1316 xui
3228 1263 3377 1334 μάθη
3419 1266 3525 1317 πού
3557 1268 3757 1335 μέλλει

2152 1357 2499 1429 πορεύεσθαι.
2548 1357 2734 1420 Οὕτως
2762 1357 2870 1429 γάρ
2906 1357 3142 1427 ποιήσας
3194 1355 3367 1427 λάθῃς
3413 1359 3542 1420 τοὺς
3582 1359 3760 1412 πολε-

2156 1452 2337 1521 μίους.

2228 1542 2371 1596 σκα’.
2414 1540 2589 1612 Νόμοι
2640 1542 3001 1611 στρατηγικοὶ
3055 1541 3454 1613 φυλαττόμενοι
3490 1547 3592 1599 καὶ
3622 1549 3769 1609 τοὺς

2162 1635 2505 1707 στρατηγοὺς
2539 1633 2867 1704 νικηφόρους
2895 1634 2989 1686 xui
3017 1635 3262 1701 ἐνδόξους
3287 1637 3381 1688 xui
3409 1636 3478 1707 δὴ
3512 1640 3613 1691 καὶ
3638 1640 3771 1692 ἀειο

2158 1729 2427 1799 μνήστους
2471 1726 2848 1790 ἀποτελοῦσιν,
2883 1727 2980 1780 xui
3020 1729 3133 1792 τοῖς
3170 1728 3519 1798 βασιλεύουσι
3572 1734 3771 1799 χαρᾶς

2156 1822 2250 1874 xui
2287 1820 2628 1890 εὐφροσύνης
2674 1820 2836 1872 αἴτιοι
2880 1820 3159 1886 γίνονται,
3211 1823 3307 1873 xui
3348 1822 3485 1891 πρὸς
3516 1826 3773 1894 εἰρήνην

2154 1915 2249 1968 xui
2287 1914 2569 1983 ὑποταγὴν
2611 1914 2739 1974 τοὺς
2770 1913 3063 1983 πολεμίους
3093 1914 3583 1982 καταναγκάζουσι
3606 1957 3621 1979 ,
3656 1918 3771 1968 xui

2155 2007 2343 2059 κακῶν
2372 2006 2685 2074 ἐλευθερίας
2717 2005 2881 2058 παντὶ
2913 2005 2991 2075 τῷ
3020 2006 3244 2076 ὑπηκόῳ
3271 2007 3577 2075 γινόμενοι,
3615 2008 3771 2076 μᾶλα

2154 2098 2244 2151 λον
2268 2098 2324 2151 δέ
2347 2097 2443 2151 xui
2468 2097 2687 2164 ἀγαθῶν
2718 2097 2976 2166 εὐπορίαν
2999 2096 3385 2167 προξενοῦντες
3405 2099 3624 2161 αὑτοῖς,
3655 2102 3770 2170 τὴν

2155 2190 2236 2253 εἰς
2266 2190 2396 2242 Θεὸν
2428 2189 2776 2258 εὐχαριστίαν
2798 2189 3001 2255 ἕξουσι,
3029 2190 3125 2243 xui
3152 2190 3288 2258 πρὸς
3314 2187 3634 2256 δοξολογίαν
3654 2192 3773 2243 αὑ-

2154 2281 2249 2336 τοῦ
2282 2284 2461 2336 πᾶσαν
2500 2280 2697 2349 εὑσεσῆ
2730 2280 2908 2351 ψυχὴν
2965 2280 3293 2351 διεγεροῦσι.
3339 2281 3584 2345 Τούτους
3635 2278 3765 2345 οὖν,

2156 2366 2201 2426 ὦ
2232 2373 2525 2443 πρατηγέ,
2558 2372 2810 2440 καθάπερ
2846 2372 3099 2442 σωτῆρας
3137 2372 3273 2442 μετά
3302 2373 3435 2425 Θεὸν
3471 2376 3570 2426 xui
3593 2375 3767 2444 εύερο

2158 2463 2322 2530 γέτας
2356 2465 2484 2526 τοὺς
2520 2464 2923 2534 στρατηγικοὺς
2967 2464 3165 2533 νόμους
3202 2464 3292 2517 διά
3333 2465 3537 2526 παντὸς
3591 2482 3768 2534 περι-

2158 2552 2419 2623 φύλαττε.
2464 2556 2573 2607 Καὶ
2608 2557 2713 2625 πρό
2741 2573 2804 2623 γε
2836 2554 3041 2609 τούτων
3079 2557 3205 2619 τοὺς
3250 2556 3429 2619 θείους
3473 2561 3569 2610 xui
3620 2577 3765 2611 πανο

2134 2666 2137 2667 ⁷
2171 2647 2393 2713 ἀληθεῖς
2433 2648 2654 2718 νόμους,
2688 2648 2753 2701 δι’
2783 2643 2858 2701 ὧν
2883 2650 2917 2717 ἡ
2962 2649 3211 2701 εὑσέὂεια
3236 2650 3571 2720 κρατύνεται
3600 2652 3755 2719 (66),

2159 2738 2487 2809 περίθαλπε,
2533 2741 2627 2791 xui
2662 2738 3051 2801 ἀνενδοιάστως
3092 2738 3307 2801 τούτοις
3348 2740 3595 2793 ὑπάκουε
3622 2757 3635 2768 ⁸
3687 2743 3761 2796 ἐκ

2158 2832 2364 2884 τούτων
2412 2834 2521 2901 γὰρ
2575 2832 2772 2903 ἀρίστη
2824 2832 2967 2903 ἀρχὴ
3023 2833 3256 2900 γένοιτο,
3314 2835 3410 2886 xui
3450 2835 3762 2903 εὐάρεστος

2159 2922 2372 2993 ὀφθήση
2407 2924 2715 2992 στρατηγὸς
2747 2924 2895 2994 αὑτῷ
2927 2942 2986 2977 τε
3026 2924 3104 2995 τῷ
3147 2925 3269 2995 Θεῷ
3312 2926 3423 2978 τῶν
3466 2926 3607 2979 ὅλων
3656 2930 3763 2981 xui

2163 3015 2383 3069 Βασιλεῖ
2414 3016 2507 3068 xui
2558 3016 2744 3086 Κυρίῳ
2777 3017 2936 3086 ἡμῶν
2979 3016 3153 3089 Ἰησοῦ
3188 3018 3428 3088 Χριστῷ,
3466 3019 3559 3071 καὶ
3610 3020 3762 3089 ἡμῖν

2086 3126 2132 3187 C
2162 3109 2274 3169 τοῖς
2297 3106 2363 3158 δι’
2396 3103 2562 3158 αὑτοῦ
2600 3104 2995 3174 βασιλεύουσιν.

2643 3197 2952 3264 Ὑπόθεσις
2998 3199 3273 3267 ἐπιλόγῳ.

2236 3299 2305 3346 α’.
2340 3294 2435 3355 Ὠς
2465 3296 2521 3346 ἐν
2553 3290 2771 3359 συνόψει
2797 3291 2851 3343 δὲ
2876 3290 2944 3342 τά
2975 3291 3333 3360 προειρημένα
3358 3293 3488 3359 ἡμῖν
3513 3291 3755 3349 ἅπαντα

2162 3376 2275 3436 οἷον
2302 3384 2922 3451 ἀνακεφαλαιωσάμενοι
2968 3381 3205 3433 ἐνταῦθα
3251 3381 3752 3450 παροκελευόμεθα

2165 3476 2260 3529 xui
2292 3476 2661 3544 ὑποτιθέμεθα
2692 3478 2757 3545 τῇ
2788 3477 2854 3544 σῇ
2887 3474 3212 3541 ἐνδοξότητι.
3245 3474 3333 3537 Ἐξ
3353 3466 3445 3535 ὢν,
3474 3474 3548 3535 ὼς
3587 3477 3761 3545 εἴρῃ-

2160 3585 2273 3634 ται,
2310 3568 2405 3622 καὶ
2444 3567 2604 3630 αὑτὸς
2646 3566 2949 3636 στρατηγὸς
2992 3566 3329 3634 ἀναδειχθεὶς
3363 3567 3603 3632 ἀγαθὸς,
3658 3572 3769 3619 καὶ

2166 3660 2279 3730 βίον
2311 3660 2721 3715 ἀκινδυνότατον
2760 3675 2817 3711 τε
2858 3658 2953 3712 xui
2997 3656 3353 3712 ἀλυπιῖηατον
3385 3662 3497 3722 τοῖς
3536 3659 3647 3711 ὑπὸ
3700 3662 3764 3719 σὲ

2164 3752 2492 3822 ἀρχομένοις
2525 3768 2589 3802 πε
2599 3751 2881 3821 ριποιήσῃ.

2237 3842 2302 3911 β’.
2341 3845 2452 3897 Καὶ
2482 3843 2699 3912 πρῶτον
2729 3844 2827 3912 μέν
2861 3844 2968 3895 πᾶν
2996 3843 3132 3912 ὅπερ
3175 3841 3390 3910 μέλλεις
3420 3840 3453 3911 ἦ
3491 3841 3701 3907 λέγειν.
3730 3844 3762 3912 ἦ

2165 3935 2425 4003 πράττειν
2455 3934 2563 3988 ἀπὸ
2594 3934 2727 3987 Θεοὺ
2774 3935 3020 4005 λάμϐανε
3063 3934 3162 4003 τὴν
3200 3935 3379 4004 ἀρχὴν
3401 3975 3415 3995 ,
3461 3935 3556 3987 xui
3590 3936 3765 4003 μηδὲν

2163 4025 2292 4079 ἄνευ
2327 4026 2425 4093 τῆς
2454 4024 2663 4077 ἐκείνου
2703 4025 2925 4095 μνήμης
2949 4041 3008 4076 τε
3046 4024 3141 4077 καὶ
3171 4022 3472 4093 ἐντεύξεως
3500 4024 3629 4093 μήτε
3661 4023 3760 4074 λό-

2164 4134 2263 4186 γου
2295 4116 2433 4188 ἄρξῃ
2463 4118 2601 4186 μήτε
2631 4117 2905 4187 πράξεως.
2970 4186 2975 4193 ν

2234 4216 2305 4278 γ’.
2336 4208 2494 4262 Οὕτω
2516 4210 2625 4279 γὰρ
2640 4207 2749 4277 ἐγὼ
2778 4208 2948 4280 κρίνω
2970 4208 3148 4281 χρεὼν
3171 4204 3311 4269 εἶναι
3330 4209 3444 4271 ἀπο
3456 4208 3595 4269 Θεοῦ
3617 4208 3758 4277 λαμ·

2165 4301 2349 4355 δάνειν
2392 4299 2606 4354 ἅπαντα
2647 4300 2745 4372 τὴν
2792 4302 2989 4371 ἀρχὴν
3037 4302 3132 4360 xui
3164 4301 3272 4373 γὰρ
3304 4302 3332 4354 ὁ
3379 4300 3513 4362 Θεὸς
3571 4300 3765 4369 πατὴρ

2168 4390 2200 4457 ἡ
2210 4388 2327 4458 μῶν
2351 4388 2444 4441 xui
2473 4389 2704 4460 ποιητὴς
2729 4390 2825 4442 xui
2852 4389 3096 4459 ἐπόπτης
3126 4390 3219 4443 xui
3251 4390 3361 4442 τῶν
3386 4390 3565 4456 λόγων
3600 4382 3765 4457 ἡμῶν

485 4475 653 4545 judex
695 4478 1087 4548 c0gitationum
1127 4479 1371 4533 omnium
1417 4480 1819 4551 notiouumquc
1858 4483 2056 4546 cordis,

2168 4483 2261 4534 xui
2283 4481 2390 4534 τῶν
2417 4480 2689 4552 πράξεων,
2720 4482 2814 4539 xui
2836 4483 3078 4552 κριτικὸς
3102 4484 3249 4535 ἐστιν
3275 4482 3635 4552 ἐνθυμήσεων
3662 4482 3768 4535 xui.

492 4567 751 4639 nullaque
782 4578 1035 4624 creatura
1069 4570 1249 4625 abdita
1287 4586 1474 4625 coram
1508 4587 1574 4627 eo
1605 4575 1712 4639 sit,
1747 4574 1842 4628 sed
1878 4575 2063 4628 omnia

488 4660 694 4714 nudata
724 4668 780 4715 et
809 4661 1076 4730 explicata
1112 4674 1236 4717 ante
1264 4664 1455 4718 oculos
1484 4664 1605 4732 ejus
1636 4666 1767 4731 sint,
1799 4666 2065 4735 quemad-

486 4752 707 4807 modum
742 4752 1124 4808 diviuissimus
1154 4751 1359 4811 Paulus
1390 4754 1675 4826 loquitur?
1703 4757 1891 4828 Itaque
1927 4775 2065 4829 prae-

486 4851 569 4898 ter
596 4844 923 4899 sententiam
954 4844 1073 4913 ejus
1104 4844 1238 4899 nihil
1268 4860 1300 4900 a
1330 4846 1488 4904 nobis
1518 4848 1786 4919 agendum
1818 4858 1921 4903 est.

559 5025 614 5077 4.
655 5023 927 5094 (lognatio
959 5025 1102 5079 enim
1139 5025 1385 5094 quedam
1423 5039 1450 5078 a
1484 5027 1639 5082 vobis
1674 5042 1796 5082 cum
1835 5028 1928 5083 illo
1960 5041 2063 5097 est,

490 5114 726 5186 talisque
769 5116 996 5173 affectus
1038 5118 1216 5187 qualis
1257 5132 1387 5190 erga
1430 5126 1639 5189 patrem
1681 5134 1805 5176 esse
1847 5122 2009 5176 debet
2049 5141 2063 5178 :

489 5224 615 5263 nam
649 5209 797 5265 illius
825 5224 1055 5266 munere
1080 5212 1135 5266 in
1166 5212 1342 5266 lucem
1374 5222 1766 5284 aspectumquc
1790 5213 2065 5282 venimus,

490 5318 588 5370 pro
623 5300 715 5357 illo
745 5312 800 5358 et
830 5303 1014 5359 vivere
1044 5312 1099 5358 et
1134 5307 1271 5358 mori
1305 5304 1601 5369 debemus,
1640 5304 1971 5375 benignitate
2005 5307 2068 5360 il-

494 5395 598 5450 lius
634 5396 853 5459 alimur,
887 5396 942 5450 in
976 5396 1097 5465 ipso
1126 5397 1399 5465 vivimus,
1437 5411 1719 5450 movemur
1749 5406 1803 5451 et
1839 5413 2064 5463 sumus;

495 5492 701 5539 tantum
747 5488 821 5540 illi
862 5487 1170 5551 obedimus,
1208 5498 1472 5557 quantum
1515 5486 1747 5555 subjecti
1787 5488 2064 5556 praefecto,

497 5578 639 5631 servi
673 5580 927 5646 domino,
962 5582 1318 5651 magistratus
1355 5581 1505 5650 regi;
1559 5596 1750 5635 omnes
1789 5581 1934 5637 illius
1970 5597 2067 5638 su-

2118 4582 2133 4591 ’
2170 4576 2391 4629 ἐννοιῶν
2424 4575 2677 4646 καρδίας,
2719 4577 2814 4629 xui
2860 4578 2959 4628 οὑκ
3015 4575 3164 4629 ἔστιν
3208 4576 3385 4639 κτίσις
3417 4574 3637 4644 ἀφανὴς
3678 4577 3770 4627 ἐν-

2169 4667 2338 4720 ώπιον
2379 4664 2563 4719 αὑτοῦ.
2594 4667 2775 4720 Πάντα
2822 4668 2879 4720 δὲ
2929 4670 3111 4737 γυμνὰ
3159 4668 3252 4720 xui
3280 4666 3769 4738 τετραχηλισμένα

2168 4761 2279 4823 τοῖς
2310 4757 2609 4829 ὀφθαλμοῖς
2641 4760 2806 4811 αὑτοῦ
2839 4761 2979 4812 κατὰ
3002 4760 3093 4812 τὸν
3116 4759 3579 4829 θεολογικώτατον
3609 4758 3770 4811 Παῦε

2168 4850 2280 4903 λον.
2327 4850 2419 4903 Διὸ
2467 4850 2619 4902 οὐδὲν
2663 4850 2763 4921 τῆς
2812 4851 2979 4905 αὑτοῦ
3023 4852 3251 4924 γνώμης
3295 4852 3463 4924 χωρὶς
3496 4851 3770 4923 πράττειν

2162 4943 2477 5012 ὀφείλομεν.

2234 5033 2299 5088 δ’.
2336 5035 2567 5087 Ἐπεται
2615 5036 2720 5105 γάρ
2766 5052 2849 5097 τις
2888 5035 3025 5106 ἡμῖν
3071 5036 3235 5088 οἱονεὶ
3286 5036 3581 5103 συγγένεια
3617 5035 3771 5105 πρὸς

2166 5128 2327 5182 αὑτὸν
2352 5129 2446 5181 xui
2478 5130 2679 5200 σχέσις,
2714 5128 2788 5191 ὡς
2814 5129 2905 5181 οἵα
2932 5130 3142 5199 γένοιτο
3168 5130 3325 5182 παισὶ
3350 5130 3486 5200 πρὸς
3520 5129 3769 5201 πατέρα.

2168 5218 2279 5273 Καὶ
2308 5218 2417 5289 γὰρ
2452 5219 2581 5289 παρ’
2608 5218 2778 5272 αὑτοῦ
2818 5220 2899 5283 εἰς
2926 5218 3041 5289 φῶς
3075 5221 3167 5273 xui
3215 5221 3330 5291 βίον
3370 5220 3632 5293 ἧλθομεν,
3666 5222 3771 5273 xui

2176 5310 2315 5382 ὑπὲρ
2345 5311 2512 5365 αὑτοῦ
2556 5311 2649 5364 xui
2689 5303 2787 5381 ζῇν
2827 5312 2923 5364 xui
2963 5312 3219 5380 θνήσκειν
3262 5312 3573 5380 ὀφείλομεν.
3634 5311 3771 5364 Ἐπὶ

2173 5401 2365 5475 δώροις
2402 5403 2511 5475 γάρ
2559 5409 2671 5469 τοῖς
2714 5406 2925 5458 ἐκείνου
2975 5405 3321 5477 τρεφόμεθα,
3360 5405 3458 5459 xui
3504 5406 3561 5456 ἐν
3609 5404 3770 5475 αὑτῷ

2175 5496 2356 5564 ζῶμεν
2394 5498 2487 5551 xui
2519 5500 2814 5570 κινούμεθα
2842 5500 2932 5552 xui
2962 5500 3147 5571 ἐσμέν.
3182 5500 3291 5553 Καὶ
3316 5497 3574 5551 τοσοῦτον
3608 5497 3771 5567 αύτῷ

2178 5586 2494 5659 πειθόμεθα,
2522 5590 2645 5644 ὅσον
2672 5590 2876 5644 ἰδιῶται
2908 5589 3149 5661 ἄρχοντι,
3184 5590 3275 5644 xui
3294 5588 3537 5658 Δεσπότῃ
3564 5587 3773 5659 ἀγαθῷ

2020 5673 2251 5733 NOTAE.

574 5759 683 5827 (iiii)
712 5761 1092 5829 ιίματύνεται.
1132 5764 1508 5832 Seribchatur,
1536 5766 1920 5837 ἀκρατύνεται.
