3964 6206
172 340 298 405 1077

1354 348 1688 410 TACTICA.
1729 374 1798 384 -
1826 347 1947 407 ΕΡ]
1958 345 2224 408 LOGUS.

3268 352 3407 416 1078

166 456 351 521 δοῦλοι,
393 454 485 509 καὶ
531 454 795 525 ἄρχοντες
849 456 1091 514 Βασιλεῖ.
1144 460 1255 514 Καὶ
1307 460 1511 525 πάντες
1558 458 1726 515 αὐτοῦ

1854 476 1975 523 nus,
2003 460 2095 529 qui
2124 458 2369 515 omnium
2399 457 2565 517 habet
2592 460 2880 531 imperiunm
2906 478 2921 515 :
2948 461 3109 518 nobis
3139 478 3236 533 per
3259 465 3411 520 illum

166 550 340 618 ἐσμεν,
372 544 448 610 ὡς
478 547 617 600 κατά
661 546 877 612 πάντων
907 550 1243 623 κεκτημένου
1281 551 1342 604 τὸ
1372 552 1594 623 κράτος.
1625 550 1733 605 Καὶ

164 641 287 709 ἡμῖν
336 638 435 709 μὲν
474 637 535 703 ἐξ
566 638 775 692 ἐκείνου
806 640 1127 695 δεδούλωται
1167 642 1344 697 πάντα
1390 644 1458 696 τὰ
1491 642 1731 713 ἔμψυχα,

170 732 256 784 καὶ
281 732 349 784 τὰ
384 730 585 801 ἀψυχα.
625 730 816 801 Ἡμεῖς
853 732 911 785 δὲ
936 735 1099 787 αὑτὸν
1132 732 1527 804 θεραπεύομεν.
1562 735 1670 787 Καὶ
1699 734 1732 804 ἡ

166 822 258 892 μὶν
281 821 475 889 ἄλογος
508 822 659 874 πᾶσα
689 822 857 893 ἀγέλη
891 823 980 890 ὑφ’
1006 824 1038 893 η
1047 823 1161 895 μῶν
1186 824 1585 893 ποιμαινομένη
1606 825 1733 892 ἆγε-

161 929 268 977 ται,
304 914 465 982 ἡμεῖς
492 912 549 966 δὲ
571 912 675 965 ὑπὸ
697 914 789 965 τοῦ
822 913 958 966 Θεοῦ
1002 915 1406 985 ποιμαινόμεθα
1434 914 1526 968 τοῦ
1562 913 1732 968 καλοῦ

162 1005 573 1073 ποιμένος,οκαὶ
597 1004 665 1059 δι’
694 1007 842 1075 ημᾶς
875 1006 1272 1078 φιλανθρώπως
1312 1008 1647 1077 φορέσαντος
1673 1007 1733 1059 τὸ

160 1096 445 1166 ἡμέτερον.

226 1193 287 1241 ε’.
331 1189 439 1240 Καὶ
468 1187 643 1251 οὐδεὶς
682 1186 904 1258 ἔξαρνός
945 1206 1076 1241 ποτε
1099 1189 1308 1258 γένοιτο
1332 1190 1415 1243 ὅτι
1439 1189 1554 1243 ἔστι
1578 1188 1731 1254 Θεὸς,

160 1280 207 1330 εί
250 1278 325 1349 μὴ
365 1279 460 1331 καὶ
499 1279 601 1349 τὴν
643 1278 821 1348 ψυχὴν
852 1278 1246 1351 διεφθαρμένος
1278 1280 1534 1352 ὑπάρχει.
1580 1280 1734 1335 Μετὰ

158 1371 265 1440 γὰρ
298 1370 409 1440 (6⁵1)
453 1370 524 1422 τά
566 1370 741 1423 πάντα
776 1367 942 1435 Θεοῦ,
984 1372 1078 1422 καὶ
1118 1371 1280 1433 αὐτὸς
1326 1371 1389 1423 ἐκ
1437 1370 1513 1441 μὴ
1562 1369 1735 1421 ὅντων

157 1460 328 1512 ταῦτα
359 1459 701 1528 παρήγαγεν,
732 1459 825 1511 καὶ
855 1458 1031 1512 πάντα
1059 1459 1277 1531 πληροῖ,
1301 1460 1396 1512 καὶ
1426 1459 1602 1512 πάντα
1628 1458 1736 1511 δια-

158 1552 422 1621 πράττει,
464 1551 559 1606 καὶ
588 1553 900 1620 προνοεῖται
922 1594 937 1619 ,
969 1551 1063 1604 xui.
1096 1551 1307 1617 διοικεῖ.

230 1640 305 1706 ς’.
345 1642 602 1710 Ἔλεγχος
631 1641 687 1693 δὲ
714 1642 813 1710 τῆς
841 1639 1099 1711 ἀληθείας
1122 1640 1187 1692 τά
1214 1640 1495 1709 ποιήματα
1523 1635 1689 1690 αὑτοῦ
1715 1653 1728 1667 ·

157 1730 408 1801 οὐρανὸς,
434 1732 525 1783 καὶ
575 1731 644 1785 τὰ
678 1732 735 1785 ἐν
757 1729 905 1801 αὐτῷ
933 1747 947 1761 ·
986 1731 1079 1801 γῆ,
1099 1733 1195 1783 καὶ
1232 1729 1300 1783 τὰ
1328 1732 1428 1784 ὅσα
1454 1731 1512 1781 ἐν
1539 1728 1677 1798 αὐτῇ
1712 1741 1727 1756 ο

1834 552 2018 608 omnia
2050 552 2296 622 subjecta
2327 562 2489 617 sunt,
2522 560 2636 606 tum
2677 555 2911 608 animata
2936 594 2952 618 ,
2987 567 3098 609 tum
3132 556 3373 613 inanima
3398 600 3413 624 ,

1835 660 1936 699 nos
1962 660 2091 699 vero
2118 645 2270 699 illum
2300 645 2532 701 colimus
2560 661 2573 697 :
2602 645 2855 701 universa
2886 647 3184 703 bestiarum
3216 660 3411 704 natura

1835 752 1864 789 a
1893 737 2051 791 nobis
2078 738 2436 808 gubernatur,
2464 753 2563 799 nos
2588 753 2717 793 vero
2742 737 2811 793 ab
2838 739 2931 794 illo
2961 741 3238 808 pascimur
3264 742 3418 809 prin-

1836 828 1955 896 cipe
1988 840 2307 899 pastorum,
2340 829 2433 900 qui
2468 836 2658 885 nostra
2690 845 2855 886 causa
2886 839 3128 886 nostram
3161 840 3413 887 naturam

1836 916 2035 972 induit.

1903 1176 1954 1232 5.
1999 1173 2167 1232 Nemo
2202 1185 2385 1231 autem
2421 1177 2514 1248 qui
2552 1184 2736 1233 mente
2769 1176 3060 1248 depravata
3095 1178 3419 1250 perditaque

1835 1282 1943 1323 non
1975 1278 2077 1329 est,
2109 1266 2276 1325 Deum
2308 1286 2433 1327 esse
2462 1286 2662 1341 negare
2692 1278 2889 1339 potest.
2922 1271 3114 1325 Omnia
3146 1273 3290 1333 enim
3324 1273 3416 1329 Dei

1835 1360 1994 1430 plena
2024 1373 2155 1415 sunt
2176 1402 2190 1425 ,
2223 1362 2315 1433 qui
2347 1378 2410 1416 ea
2438 1376 2562 1433 qua:
2592 1377 2700 1419 non
2733 1370 2863 1416 sunt
2888 1363 3077 1423 eduxit
3110 1371 3168 1418 ut
3198 1375 3416 1431 essent,

1834 1450 1926 1518 qui
1959 1451 2144 1504 omnia
2175 1452 2431 1523 complet,
2465 1454 2647 1508 omnia
2682 1454 2814 1523 agit,
2847 1453 3031 1510 omnia
3066 1454 3336 1524 providet,
3367 1465 3421 1515 et

1834 1539 2207 1596 administrat.

1903 1631 1957 1687 6.
1998 1631 2175 1703 Opera
2207 1650 2473 1689 manuum
2505 1635 2625 1706 ejus
2652 1653 2772 1705 quae
2822 1638 2890 1693 ab
2938 1638 3031 1693 illo
3074 1638 3219 1694 facta
3267 1648 3419 1705 sunt,

1834 1726 2032 1782 caelum
2058 1735 2112 1781 et
2144 1742 2263 1797 qua:
2292 1728 2436 1781 cosio
2466 1728 2846 1795 continentur,
2868 1739 3013 1785 terra
3039 1741 3092 1786 et
3117 1747 3241 1801 qua:
3273 1741 3422 1787 terra

154 1822 249 1874 xui.
281 1822 462 1891 μέντοι
495 1820 590 1873 xui.
612 1821 877 1886 θάλασσα,
918 1822 1016 1873 καὶ
1053 1822 1121 1873 τὰ
1159 1820 1217 1872 ἐν
1265 1820 1450 1891 ἐκείνῃ
1494 1812 1732 1883 ᾶπαντα,

1854 1814 2216 1882 :ontinentur,
2254 1832 2407 1872 mare
2439 1827 2494 1872 et
2531 1823 2651 1888 qua:
2700 1819 2839 1872 mari
2871 1820 3250 1883 continentur,
3278 1822 3423 1875 veri-

154 1909 246 1962 xut
287 1910 388 1963 ὃσα
426 1911 484 1965 ἐν
527 1910 712 1973 αὐτοῖς
744 1908 1017 1979 ὠφέλιμα,
1051 1906 1327 1981 μαρτύρια
1370 1907 1469 1976 τῆς
1501 1907 1566 1959 ἐκ
1600 1902 1734 1958 Θεοῦ

152 2003 233 2066 εἱς
271 2003 424 2073 ἡμᾶς
474 2001 802 2073 κηδεμονίας
826 2016 887 2053 τε
919 2000 1011 2059 καὶ
1049 1999 1303 2070 προνοίας
1335 1996 1734 2052 ἀναδείκνυται.

222 2094 289 2158 ζ’.
321 2095 431 2148 Καὶ
468 2094 631 2156 αὐτὸς
653 2094 748 2147 καὶ
777 2092 1014 2163 βασιλεῖς
1041 2091 1294 2162 καθιστῷ
1323 2088 1547 2159 καὶγὰρ
1576 2102 1729 2160 φησι·

151 2187 231 2239 Δι’
264 2186 412 2253 ἐμοῦ
436 2185 721 2255 ,βασιλεῖς
745 2174 1185 2249 βασιλεύουσι·
1210 2182 1304 2235 καὶ
1334 2179 1634 2255 στρατηγὸς
1662 2176 1731 2231 δι’

153 2278 321 2329 αὑτοῦ
368 2275 799 2348 προχειρίζεται,
850 2278 877 2328 ὁ
916 2274 1099 2344 πάσης
1147 2272 1324 2349 ἀρχῆς
1362 2272 1610 2337 ἐξουσίας
1641 2270 1737 2323 καὶ

152 2365 366 2436 ἀγαθῆς
400 2365 565 2427 αύτός
597 2366 745 2416 ἐστιν
794 2364 987 2425 αἴτιος.
1029 2362 1120 2415 Διὸ
1149 2361 1243 2414 καὶ
1292 2361 1398 2431 χρὴ
1430 2360 1505 2431 μὴ
1540 2359 1736 2429 πρότε-

154 2461 248 2530 ρόν
276 2476 396 2511 τινα
428 2458 527 2527 τὴν
553 2458 730 2528 ἀρχὴν
775 2456 1131 2524 ὑποδύεσθαι,
1174 2452 1304 2525 πρὶν
1333 2454 1367 2523 ἢ
1399 2453 1487 2506 διά
1518 2452 1617 2522 τῆς
1652 2454 1737 2506 εὑο

149 2551 254 2627 χῆς
282 2550 377 2603 καὶ
414 2546 710 2612 ιντεύξεως
746 2547 882 2618 πρὸς
908 2548 1073 2600 αὐτὸν
1110 2545 1299 2617 ὥσπερ
1334 2544 1526 2596 ἐαυτὸν
1572 2545 1734 2614 ἀφιε-

154 2641 315 2715 ρώσει
346 2641 424 2711 τῷ
452 2638 592 2710 Θεῷ,
630 2641 724 2692 καὶ
752 2643 818 2709 τῇ
853 2639 1063 2692 ἐκείνου
1109 2637 1337 2708 προνοίᾳ
1397 2637 1496 2706 τὴν
1538 2636 1733 2692 ἐαυτοῦ

150 2733 416 2802 διοίκησιν
472 2730 918 2784 καταπιστεύσει.

221 2831 291 2894 η’.
319 2825 417 2877 Διά
444 2824 602 2875 τοῦτο
626 2823 785 2874 δεῖσε
820 2822 996 2874 πάντα
1027 2820 1097 2873 τὰ
1128 2822 1208 2883 εἰς
1232 2819 1369 2874 Θεοῦ
1406 2819 1732 2891 θεραπείαν,

149 2911 195 2971 ὦ
236 2915 532 2988 στρατηγέ,
568 2914 674 2984 πρὸ
712 2914 820 2966 τῶν
846 2912 1020 2966 ἄλλων
1072 2913 1330 2965 ἁπάντων
1384 2912 1730 2983 ἐπιτηδεύειν

150 3010 247 3063 καὶ
267 3008 667 3077 διαφυλάττειν,
701 3005 996 3074 ἐξαιρέτως
1038 3003 1138 3074 τὴν
1166 3005 1245 3066 είς
1290 3004 1415 3066 τοὺς
1464 3004 1629 3072 ἱερεῖς
1674 3017 1735 3053 τε

150 3102 245 3154 καὶ
268 3101 543 3171 ἀρχιερεῖς
571 3096 735 3152 αὐτοῦ
779 3097 947 3166 τιμὴν
1000 3095 1095 3148 καὶ
1132 3096 1426 3165 θεραπείαν
1458 3089 1475 3123 ³
1501 3093 1737 3154 καὶτοὺς

149 3194 339 3261 ἁγίους
370 3191 535 3245 αὑτοῦ
569 3191 729 3253 ναοὺς
773 3188 914 3242 ὥστε
955 3187 1186 3250 ἀσύλους
1207 3184 1370 3252 εἶναι,
1392 3186 1490 3239 καὶ
1524 3185 1598 3255 μὴ
1627 3184 1729 3238 αύ-

147 3284 263 3337 τῶν
312 3283 725 3355 ἀναρπάζεσθαι
759 3283 886 3345 τοὺς
940 3281 998 3332 ἐν
1039 3281 1225 3344 αὐτοῖς
1282 3278 1731 3349 καταφεύγοντας

148 3377 283 3430 ἀνευ
326 3375 670 3444 διαγνώσεως
691 3377 790 3445 τῆς
816 3373 1091 3443 ἡμετέρας
1120 3372 1423 3441 βασιλείας.

1838 1914 2004 1961 tatem
2039 1906 2292 1964 Factoris
2337 1908 2605 1975 indicant,
2640 1916 2694 1963 et
2750 1918 2899 1965 certa
2948 1913 3261 1967 testimonia
3291 1912 3425 1969 dant

1837 1999 2037 2053 divina:
2060 2015 2189 2071 erga
2222 2016 2322 2055 nos
2350 2000 2748 2057 benevolentiae
2780 2015 2834 2058 et
2864 2004 3240 2073 providentiae.

1909 2092 1961 2147 7.
2006 2092 2127 2162 ipse
2160 2109 2318 2163 reges
2348 2093 2616 2165 designat,
2687 2097 2821 2151 dicit
2859 2097 3004 2152 enim
3036 2116 3049 2152 :
3085 2098 3189 2153 Per
3231 2116 3313 2153 me
3342 2116 3424 2153 rev

1836 2199 1923 2254 ges
1972 2186 2254 2253 reguaut’.
2305 2183 2671 2255 Imperatores
2728 2188 2797 2242 ab
2849 2203 2917 2243 eo
2974 2188 3274 2258 eliguntur,
3324 2192 3421 2259 qui

1837 2276 2020 2331 omnis
2070 2277 2357 2347 potestatis
2408 2287 2574 2347 atque
2625 2278 2839 2350 imperii
2876 2291 3071 2337 anetor
3098 2290 3205 2337 est.
3236 2280 3425 2349 Itaque

1838 2382 1998 2421 nemo
2047 2365 2335 2435 imperium
2390 2375 2486 2421 aut
2541 2368 2922 2439 magistratum
2972 2371 3028 2424 in
3063 2386 3125 2426 se
3167 2371 3423 2440 recipiat,

1839 2458 2159 2529 priusquam
2214 2474 2377 2529 prece
2425 2468 2480 2516 et
2529 2462 2929 2533 supplicatione
2980 2464 3223 2533 seipsum
3266 2466 3425 2533 quasi

1840 2547 1947 2603 Deo
1981 2553 2413 2636 consecraverit,
2440 2562 2493 2608 ct
2516 2553 2667 2609 illius
2694 2554 3053 2625 providentia:
3088 2554 3426 2611 voluntatem

1836 2654 1991 2693 suam
2027 2640 2347 2711 subiecerit.

1908 2815 1962 2872 8.
2003 2816 2135 2887 Quae
2168 2816 2336 2887 igitur
2375 2819 2440 2874 ad
2473 2817 2566 2874 Dei
2602 2819 2812 2893 cultum
2848 2822 3163 2891 pertinent,
3206 2823 3261 2878 itt
3310 2824 3428 2893 pri-

1836 2908 1943 2968 mis
1977 2909 2320 2964 observanda
2350 2919 2402 2963 et
2428 2910 2815 2968 constituenda
2848 2921 3009 2978 sunt,
3046 2923 3104 2973 ut
3136 2914 3228 2984 qui
3258 2914 3429 2986 spiri~

1841 3013 1928 3055 ttts
1961 3010 2067 3062 εει,
2102 3001 2158 3054 in
2190 3001 2387 3070 spiritu
2420 3013 2474 3057 et
2508 3003 2743 3061 veritate
2770 3004 2839 3056 ab
2866 3006 3127 3060 omnibus
3154 3007 3370 3071 colatur
3410 3025 3427 3067 :

1840 3102 1894 3147 et
1923 3106 2045 3161 quae
2074 3092 2198 3149 ﬁdei
2231 3092 2465 3160 vitaeque
2492 3103 2761 3164 praecepta
2796 3086 3045 3164 reliquit,
3074 3111 3137 3153 ea
3167 3100 3427 3164 precibus

1840 3183 2193 3252 impetremus
2224 3191 2282 3236 ut
2310 3183 2595 3248 faciamus,
2621 3199 2743 3252 quae
2774 3183 2976 3240 divinis
2996 3185 3221 3242 Litteris
3251 3189 3430 3259 impe-

1838 3284 1926 3331 rat
1950 3285 2010 3330 ut
2039 3289 2285 3346 agamus,
2315 3286 2369 3330 et
2406 3275 2517 3329 ﬁde
2540 3278 2592 3329 in
2622 3276 2799 3341 illum,
2823 3292 3010 3334 amore
3040 3294 3106 3335 ac
3132 3280 3428 3338 dilectione

1838 3367 2087 3421 omnium
2122 3367 2175 3420 in
2213 3366 2437 3421 Christo
2464 3362 2595 3421 Iesu
2633 3376 2950 3422 renatnrum
2976 3407 2994 3433 ,
3030 3370 3096 3423 ad
3143 3370 3429 3429 Christum

150 3468 546 3539 perfectionem
579 3465 715 3535 legis
743 3465 1077 3533 aspiremus,
1110 3472 1169 3516 ut
1200 3477 1295 3531 per
1323 3463 1473 3516 illum
1513 3461 1568 3515 in
1601 3474 1710 3528 quo
1741 3460 1927 3512 omnia
1958 3458 2071 3513 Deo
2109 3458 2435 3528 complacita
2485 3469 2649 3524 sunt,
2683 3474 2787 3515 nos
2813 3476 3032 3533 quoque
3066 3463 3179 3525 Deo
3212 3465 3400 3534 plaeea

150 3574 302 3621 mus,
338 3566 393 3612 et
420 3556 690 3628 justitiam
723 3568 852 3623 erga
885 3568 1099 3618 omnes,
1137 3554 1302 3609 etiam
1329 3553 1613 3617 inimicos,
1648 3550 2080 3620 aequitatemque
2108 3561 2413 3607 teneamus.

224 3647 293 3719 θ’.
330 3648 438 3719 καὶ
465 3646 534 3698 τά
563 3644 687 3717 ἱερά
717 3644 775 3697 δὲ
816 3643 928 3695 τῶν
975 3644 1225 3715 μοναχῶν
1268 3645 1609 3714 ἀσκητὴρια,
1641 3644 1737 3695 καὶ

148 3741 281 3803 τοὺς
326 3741 385 3791 ἐν
436 3738 617 3799 αὐτοῖς
652 3736 751 3805 τὴν
798 3734 1123 3805 παρθενείαν
1166 3733 1493 3797 ἀσκοῦντας,
1521 3731 1737 3801 ἀϐλαϐῆ

152 3830 252 3883 καὶ
300 3828 535 3883 ἀδίαστα
579 3827 672 3879 καὶ
737 3827 913 3897 σεμνά
968 3824 1361 3895 διατηρεῖσθαι.
1390 3825 1496 3876 Καὶ
1549 3824 1737 3886 ἁπλῶς

154 3923 360 3983 εἰπεῖν,
391 3921 489 3972 ὅσα
518 3918 594 3989 τῷ
637 3916 756 3989 Θεῷ
798 3918 1111 3986 ἀνάκεινται
1146 3916 1596 3988 παραφυλάττειν
1639 3917 1735 3968 ἀν-

169 4011 513 4083 επηρέαστα,
546 4010 639 4063 καὶ
667 4009 843 4079 τίμια,
878 4009 972 4062 καὶ
1005 3992 1261 4078 αἰδέσιμα
1293 4008 1365 4073 ὡς
1405 4009 1535 4076 άγια
1560 4008 1739 4062 πάντα

156 4101 256 4155 καὶ
288 4101 363 4170 τῷ
393 4101 533 4171 ἁγίῳ
558 4098 676 4170 Θεῷ
708 4099 1065 4170 ἀνακείμενα.

236 4199 289 4246 ι’.
335 4191 447 4245 Καὶ
507 4191 713 4261 μηδένα
758 4190 1002 4260 βεῦήλων
1063 4188 1096 4262 ἢ
1152 4187 1492 4259 τυθιννικῶν
1546 4189 1737 4259 χεῖρας

154 4283 413 4358 ἐπαίρειν
469 4282 589 4335 κατ’
644 4281 923 4353 αὐτῶν,ἧ
991 4280 1165 4343 ἄλλως
1220 4268 1739 4353 ἀποθρασύνεσθαι,

157 4363 309 4448 μήτε
354 4376 599 4438 σεαυτὸν,
644 4376 780 4444 μήτε
820 4372 976 4425 ἄλλον
1022 4371 1145 4423 τινὰ
1177 4370 1285 4423 τῶν
1335 4372 1440 4423 ὑπὸ
1480 4373 1578 4452 τὴν
1642 4372 1741 4441 σὴν

152 4460 408 4535 ἐξουσίαν
449 4468 567 4535 οῖαν
597 4467 660 4537 δή
695 4466 825 4518 ποτέ
870 4481 993 4518 τινα
1016 4467 1448 4535 πεπιστευμένον
1475 4464 1670 4537 ἀρχὴν,
1703 4464 1738 4541 ἢ

158 4560 582 4637 στρατιωτικὴν,
620 4559 653 4627 ἦ
689 4557 1015 4626 πολεμικήν.
1061 4554 1201 4607 Ἀλλ’
1233 4550 1371 4607 εἶναι
1415 4558 1613 4620 αὐτοὺς
1662 4555 1738 4620 ὡς

156 4659 350 4723 κτῆμα
382 4652 475 4705 τοῦ
516 4648 652 4700 Θεοῦ
686 4649 865 4719 πάσης
919 4645 1124 4717 βλάϐης
1169 4646 1261 4699 καὶ
1296 4648 1557 4716 ἐπηρείας
1589 4646 1740 4713 ἐλευ-

157 4746 371 4815 θέρους.

239 4836 329 4889 ιαὲ.
358 4837 470 4891 Καὶ
500 4837 734 4906 μάλιστα
766 4836 892 4900 τοὺς
923 4835 1227 4905 ἀρχιερεῖς,
1259 4834 1332 4898 ὡς
1368 4833 1618 4906 Ιιατέρας
1648 4836 1742 4888 καὶ

158 4932 428 5001 ποιμένας
449 4931 558 4981 τῶν
587 4929 943 5000 ἀνθρωπίνων
965 4930 1177 4999 ψυχῶν,
1206 4929 1327 4980 ὅσαι
1358 4946 1414 4981 τε
1442 4928 1739 4998 ἀρχόντων,

157 5030 259 5083 καὶ
292 5030 413 5082 ὅσαι
454 5026 794 5099 ἀρχομένων,
830 5028 923 5081 καὶ
952 5028 1020 5079 τά
1071 5027 1205 5099 πρὸς
1234 5024 1367 5078 Θεὸν
1412 5027 1542 5095 ἡμῖν
1590 5040 1744 5093 μεσι-

155 5122 415 5186 τεύοντας
447 5139 460 5152 '
489 5123 709 5185 τούτους
750 5122 837 5175 διὰ
886 5122 1067 5189 πάσης
1114 5120 1268 5185 ἄγειν
1300 5117 1467 5187 τιμῆς
1515 5118 1609 5168 καὶ
1658 5117 1741 5168 αἱ·

155 5217 328 5281 δοῦς,
387 5218 480 5270 xu‘t
530 5217 694 5286 μηδὲν
735 5216 820 5284 ἐφ’
868 5214 1026 5285 ὕϐρει
1080 5212 1286 5265 τούτων
1328 5210 1737 5280 καταδέχεσθαι.

238 5400 325 5472 ιβ’.
354 5401 461 5454 Καὶ
502 5398 608 5469 γὰρ
633 5396 702 5455 τὰ
731 5400 809 5461 εἰς
839 5398 1037 5459 αὐτοὺς
1072 5400 1331 5469 γινόμενα
1359 5399 1439 5461 εἰς
1486 5396 1577 5450 τὸν
1609 5396 1742 5464 Θεὸν

157 5494 518 5574 ἀναφέρετᾳι.
553 5492 682 5565 παρ’
721 5487 785 5568 οὗ
838 5490 932 5565 καὶ
986 5489 1084 5561 τὴν
1130 5491 1541 5577 ἀρχιερωσύνην
1592 5490 1741 5560 εἰλή-

235 5611 256 5641 ³
296 5606 451 5663 i‘rov.
484 5621 601 5669 vttt,
636 5608 723 5661 15.

1911 3646 1963 3700 9.
2013 3644 2293 3717 Rcligione
2336 3645 2392 3699 in
2426 3644 2591 3702 Deum
2625 3660 2735 3700 non
2767 3647 2934 3702 modo
2972 3648 3211 3717 cognita,
3237 3663 3424 3705 verum

1835 3738 2001 3793 etiam
2029 3737 2197 3799 culta,
2224 3745 2277 3789 et
2315 3736 2619 3792 honoribus
2652 3737 2761 3807 regi
2799 3737 3099 3791 secundum
3128 3738 3296 3792 Deum
3327 3739 3424 3793 de-

1836 3830 1999 3895 latis,
2030 3829 2123 3899 qui
2166 3830 2407 3898 gladium
2442 3844 2471 3884 a
2507 3828 2616 3885 Deo
2665 3829 2771 3885 sibi
2813 3829 3258 3886 commendatum
3312 3847 3425 3886 non

1838 3931 2041 3978 temere
2068 3929 2265 3992 gestat.

1913 4183 2000 4241 10.
2042 4184 2105 4239 Ει
2136 4184 2496 4254 profanorum
2526 4185 3060 4255 veltyrannicorum
3109 4200 3271 4241 nemo
3308 4199 3428 4238 ma-

1848 4293 1956 4333 nus
2001 4277 2081 4331 eis
2129 4276 2368 4343 inferat;
2417 4286 2512 4331 aut
2558 4276 2718 4330 aliter
2766 4275 2964 4330 audeat
2994 4292 3169 4344 neque
3197 4284 3254 4329 tu
3288 4276 3426 4345 ipse,

1850 4384 2027 4438 neque
2055 4368 2195 4422 alius
2218 4368 2514 4438 quisquam
2541 4380 2756 4428 eorum,
2784 4366 2877 4436 qui
2911 4365 3014 4419 sub
3043 4376 3133 4419 tua
3157 4376 3429 4436 potestate

1849 4470 1996 4525 sunt,
2030 4460 2402 4530 qualicunque
2436 4460 2761 4529 prast‘ectura
2795 4457 2845 4511 ei
2869 4456 3078 4510 credita
3110 4456 3295 4520 fuerit,
3314 4458 3429 4512 sive

1848 4553 2126 4619 militaris,
2162 4552 2277 4606 sive
2311 4552 2543 4616 bellica;
2575 4550 2670 4604 sed
2700 4550 2809 4604 sint
2846 4548 2972 4620 ipsi,
2999 4559 3056 4603 ttt
3084 4547 3177 4605 Dei
3205 4564 3428 4620 posses-

1848 4648 1953 4713 sio,
1988 4646 2057 4702 ab
2085 4644 2234 4699 omni
2272 4659 2413 4698 noxa
2445 4652 2499 4698 et
2530 4643 2753 4698 laesione
2786 4644 2965 4697 liberi.

1920 4842 2009 4896 Η.
2052 4840 2115 4913 ζει
2140 4838 2375 4895 maxime
2405 4837 2715 4908 pontifices,
2748 4846 3005 4907 tanquam
3036 4835 3226 4889 Patres
3250 4843 3304 4891 et
3333 4852 3423 4904 pa-

1847 4944 2029 5003 stores
2088 4935 2453 4991 humanarum
2516 4932 2862 4995 animarum,
2920 4937 3029 4981 tam
3092 4929 3427 4999 principum,

1847 5044 2011 5099 quam
2054 5026 2431 5101 subditorum,
2464 5032 2516 5079 et
2553 5024 2587 5077 ii
2619 5024 2711 5095 qui
2746 5021 2891 5092 apud
2922 5021 3092 5075 Deum
3127 5035 3227 5089 pro
3270 5021 3429 5075 nobis

1850 5119 2218 5174 intercedunt.
2254 5117 2366 5169 Hos
2397 5116 2545 5169 omni
2575 5114 2781 5166 honore
2810 5124 2864 5166 et
2895 5113 3198 5165 reverentia
3236 5127 3428 5179 prose-

1848 5212 1942 5282 qui
1988 5220 2235 5282 oportet,
2267 5219 2320 5264 et
2363 5222 2551 5271 eorum
2604 5204 2737 5258 nihil
2781 5204 2978 5272 injuria
3015 5209 3069 5257 et
3096 5205 3427 5256 contumelia

1848 5304 2084 5377 aﬁicere.

1922 5397 2011 5452 i2.
2050 5396 2266 5452 Etenim
2302 5411 2423 5465 qua:
2458 5394 2512 5449 in
2543 5411 2639 5451 eos
2682 5395 2852 5460 ﬁunt,
2885 5393 2939 5446 in
2973 5391 3140 5447 Deum
3174 5389 3429 5444 referun-

1852 5501 1961 5557 tur,
1993 5507 2023 5546 a
2065 5505 2176 5562 quo
2205 5497 2260 5545 ct
2286 5488 2667 5565 pontiﬁcatum
2703 5502 2999 5558 accepere;
3043 5499 3140 5556 per
3183 5495 3344 5553 quem
3375 5487 3428 5536 et

1684 5670 1913 5747 now.

234 5775 528 5846 (67)..ι1ετὰ
554 5774 681 5846 γάρ.
717 5774 928 5838 Scribe,
960 5772 1129 5843 μεστὶ
1156 5772 1279 5842 γάρ.
