3964 6206
543 282 684 349 10¹ῐ9
1761 276 2031 345 LEONIS
2063 277 2124 337 Pl

2245 276 2520 341 OSOPIII
3711 284 3868 351 1030

542 407 731 462 regere
762 390 996 457 animas,
1024 396 1079 443 et
1105 402 1203 459 pro
1226 386 1361 459 ipsis
1386 386 1525 458 apud
1552 386 1722 442 Deum
1750 386 2111 453 intercedere,

2245 405 2366 453 ιασι,
2398 388 2465 440 δι’
2505 382 2572 458 ἧς
2624 376 2717 441 καὶ
2760 388 2824 442 τὸ
2864 388 3171 458 ποιμαίνειν
3189 389 3288 455 τὰς
3341 391 3563 461 ψυχὰς,
3602 395 3729 446 καὶ
3794 404 3861 451 τὰ

539 485 916 539 obtinuerunt.
940 479 1263 534 Sacerdotes
1286 480 1429 558 enim
1466 478 1629 533 veluti
1663 477 1841 531 anima
1863 476 2111 547 quaedam

2245 478 2353 550 πρὸς
2398 478 2529 530 Θεὸν
2579 479 2769 542 αὑταῖς
2821 479 3124 548 μεσιτεύειν
3178 481 3542 549 ἀνεδέξαντο.
3590 486 3676 539 Οἱ
3744 488 3853 556 γὰρ

540 572 738 627 diffusa
786 580 840 627 et
886 570 1169 625 vivillcans
1224 574 1541 623 universum
1597 566 1894 621 Christiani
1927 565 2112 636 populi

2245 572 2383 641 ερεῖς
2417 569 2602 640 ὥσπερ
2630 569 2776 641 ψυχή
2796 587 2879 633 τις
2906 570 3283 642 διεσπαρμένῃ
3308 574 3407 626 καὶ
3442 575 3854 642 ζωογονοῦαα

542 680 664 719 cum
719 662 1020 732 principum
1074 672 1186 716 tum
1250 660 1596 715 subditorum
1644 674 1880 730 corpus,
1917 658 2114 711 ducem

2245 662 2336 716 λον
2360 664 2419 717 τὸ
2450 664 2609 733 σῶμα
2654 663 2748 717 τοῦ
2798 664 3186 734 Χριστιανικοῦ
3224 664 3352 719 λαοῦ
3387 669 3487 721 καὶ
3530 670 3850 738 ἀρχόν-τωο

542 769 722 826 regem
772 754 1015 808 omnium
1068 752 1239 808 Deum
1271 751 1537 822 possidet,
1566 758 1621 806 et
1671 752 1740 805 ab
1793 750 1916 820 ipso
1948 750 2115 804 totius

2245 755 2312 807 ιαὶ
2334 756 2653 826 ἀρχομένων
2681 755 3020 826 καθέστηκεν
3050 756 3142 811 οὖν
3170 758 3267 810 καὶ
3291 759 3563 827 ἡγεμόνα.
3599 761 3715 813 τὸν
3750 764 3847 830 βα-

540 844 787 914 corporis
820 844 1263 914 procurationem
1286 840 1624 904 moderatur,
1645 838 1917 910 gubernat
1954 848 2119 906 atque

2245 846 2376 899 τιλέα
2404 845 2788 901 τῶνὰπάντων
2825 847 2957 902 Θεὸν
2984 848 3324 919 κεκτημένη,
3359 851 3462 904 καὶ
3510 853 3630 904 ἀπ’
3666 854 3843 908 αὐτοῦ

540 936 887 1005 circumagit.
2218 936 2318 999 τὰς
2344 936 2438 989 τοῦ
2456 937 2577 990 ὅλου
2612 936 2862 1007 σώματος
2880 939 3174 1010 διοικήσεις
3190 940 3714 1012 διαπορθμεὺουσα
3746 950 3843 999 ui.

2222 1026 2541 1097 κυϐερνῶσα
2571 1028 2662 1080 καὶ
2700 1030 3063 1099 περιάγουσα.

610 1110 698 1164 15.
742 1108 948 1163 Deinde
976 1105 1357 1162 sacerdotibus
1382 1102 1500 1168 Dei,
1531 1101 1649 1171 qui,
1682 1110 1948 1172 quantum
1978 1101 2031 1153 in
2061 1113 2122 1155 se

2292 1126 2381 1188 ιγ’.
2408 1118 2595 1183 Οὕτως
2619 1119 2709 1172 οὖν
2732 1138 2794 1173 πε
2807 1123 2859 1190 pi.
2905 1120 3037 1175 Θεὸν
3068 1120 3309 1184 εὐσεϐῶς
3357 1123 3461 1175 καὶ
3510 1125 3836 1193 ὀρθοιξόξως

540 1208 646 1265 est,
678 1214 903 1267 pascere
936 1198 1133 1253 debent
1160 1211 1376 1267 gregem
1404 1193 1628 1257 Christi,
1665 1192 1846 1264 aliqua
1873 1192 1926 1245 in
1950 1207 2121 1246 vene-

541 1292 755 1344 ratione
801 1289 1040 1351 habitis,
1074 1296 1237 1356 atque
1292 1286 1428 1339 adeo
1480 1284 1685 1339 divinis
1737 1282 1859 1337 ﬁdei
1910 1283 2121 1353 legibus

543 1396 756 1435 summa
802 1378 1147 1433 observantia
1192 1377 1453 1446 omnique
1486 1376 1653 1429 animi
1701 1375 2019 1429 inductione
2055 1374 2123 1428 ab

545 1471 804 1524 omnibus
836 1468 1142 1523 observatis
1163 1507 1177 1531 ,
1210 1468 1388 1537 regias
1420 1467 1567 1535 leges
1598 1466 1821 1521 minime
1846 1474 2124 1538 transgre-

545 1562 792 1627 diamini,
820 1570 879 1614 ut
908 1560 1125 1629 justitia
1156 1566 1211 1613 et
1235 1558 1505 1628 judicium
1535 1558 1590 1611 in
1623 1557 1801 1612 medio
1832 1566 1989 1612 terra:
2024 1572 2124 1611 no-

547 1660 675 1707 stra:
706 1654 816 1705 ﬁat.

618 1744 706 1797 M.
752 1741 1039 1795 Militarem
1072 1737 1318 1791 laborem
1353 1743 1407 1791 et
1446 1750 1593 1789 arma
1622 1734 1820 1789 bellica
1853 1733 1931 1788 sic
1959 1748 2122 1788 accu-

544 1832 727 1893 rabis,
758 1845 868 1883 non
893 1837 953 1882 ut
994 1828 1252 1896 injuriam
1286 1826 1447 1879 alicui
1480 1825 1708 1888 inferas,
1740 1832 1833 1878 aut
1858 1824 2121 1895 injustum

547 1921 748 1975 bellum
775 1933 1001 1973 moveas
1027 1959 1040 1984 ,
1077 1926 1169 1971 aut
1198 1915 1565 1987 praedationes
1599 1925 1652 1969 et
1686 1916 1903 1984 iniquas
1935 1914 2126 1968 adver-

548 2027 645 2066 sus
674 2014 916 2081 integros
944 2010 1192 2064 homines
1228 2009 1574 2063 incursiones
1603 2006 1790 2072 facias,
1821 2005 1915 2061 sed
1952 2014 2010 2061 ut
2035 2021 2124 2060 re-

549 2102 743 2173 ligiose
768 2102 979 2166 vivens,
1018 2109 1071 2155 et
1101 2114 1227 2155 cum
1260 2100 1512 2155 hostibus
1538 2100 1703 2154 etiam
1728 2140 1743 2164 ,
1771 2110 2037 2171 quantum
2069 2101 2123 2152 in

547 2202 602 2246 te
624 2200 730 2257 est,
763 2207 951 2261 pacem
984 2191 1214 2254 habens,
1246 2190 1319 2243 ita
1343 2188 1431 2261 pie
1453 2198 1506 2244 et
1536 2189 1645 2243 Deo
1683 2188 2009 2259 complacite
2042 2186 2126 2240 vi-

545 2292 656 2339 tam
688 2285 981 2353 transigas,
1020 2291 1076 2337 ut
1123 2283 1189 2337 ad
1235 2281 1632 2351 injuriosorum
1684 2280 1970 2335 hominum
2014 2280 2123 2333 vim

544 2373 931 2444 depellendam
950 2388 1100 2427 arma
1129 2376 1226 2429 abs
1255 2380 1308 2427 te
1341 2381 1652 2428 sumantur.

615 2463 704 2518 15.
748 2464 806 2517 Si
849 2464 994 2518 enim
1027 2465 1190 2518 vitam
1224 2462 1536 2532 religiosam
1569 2477 1633 2515 ac
1668 2461 1808 2531 piam
1843 2461 2041 2534 degas,
2071 2468 2126 2515 et

540 2556 694 2625 justa
743 2537 829 2610 de.
857 2569 1022 2609 causa
1075 2555 1279 2609 bellum
1330 2567 1574 2616 moveas,
1604 2555 1771 2607 Deum
1817 2552 2029 2622 justum
2070 2553 2124 2608 in

544 2646 693 2700 omni
726 2645 963 2699 bellandi
995 2646 1208 2699 ratione
1241 2644 1546 2713 adjutorem
1580 2644 1828 2697 habebis.

618 2737 705 2789 16.
752 2733 807 2788 Si
855 2736 997 2787 enim
1047 2735 1171 2801 quis
1210 2743 1362 2786 certo
1397 2741 1602 2788 statuat
1630 2749 1740 2786 non
1774 2748 1830 2787 se
1862 2733 2121 2801 injuriam

547 2826 713 2879 alicui
743 2826 968 2890 inferre,
996 2824 1089 2877 sed
1124 2822 1325 2891 injuria
1362 2822 1612 2877 allectum
1640 2838 1763 2877 esse
1783 2863 1796 2885 ,
1825 2832 1879 2876 et
1905 2824 1971 2876 ad
2007 2824 2123 2877 bel-

550 2918 662 2970 lum
700 2915 1015 2970 necessario
1041 2915 1478 2984 suscipiendum,
1514 2913 1579 2968 ad
1629 2913 2004 2984 depellendam
2038 2914 2125 2968 in-

2151 1632 2198 1690 B

2222 1210 2316 1263 καὶ
2350 1211 2477 1279 περὶ
2516 1211 2641 1273 τοὺς
2672 1210 2876 1264 ἐκείνου
2917 1210 3253 1279 θεράποντας
3284 1212 3664 1281 διακείμενος,
3688 1219 3833 1268 ἐπι-

2227 1300 2387 1371 μελοῦ
2422 1301 2557 1372 μετὰ
2592 1302 2716 1364 τοὺς
2745 1301 2923 1365 θείους
2948 1304 3046 1373 τῆς
3068 1302 3303 1365 πίστεως
3332 1302 3545 1371 νόμους
3569 1308 3671 1356 καὶ
3690 1309 3828 1369 τοὺς

2226 1390 2538 1460 βασιλικοὺς
2602 1392 3061 1459 διαφυλάττεσθαι
3120 1392 3319 1462 νόμους
3365 1393 3828 1463 ἀπαραδὰτουςο

2224 1478 2363 1532 ὥστε
2397 1482 2571 1533 ποιεῖν
2604 1497 2665 1533 σε
2709 1484 2886 1555 κρῖμα
2915 1482 3009 1537 καὶ
3038 1482 3389 1555 δικαιοσύνην
3418 1485 3481 1537 ὲν
3549 1486 3719 1557 μέσῳ
3738 1489 3829 1558 τῆς

2227 1588 2332 1644 γης
2365 1589 2479 1627 σου.

2298 1753 2381 1811 ιδ’.
2426 1752 2716 1823 Ἐπιμελοῦ
2757 1754 2815 1809 δὲ
2862 1754 2957 1809 καὶ
2997 1754 3105 1807 τῶν
3157 1756 3565 1826 στρατηγικῶν
3614 1756 3832 1828 ἔργων,

2225 1843 2318 1898 καὶ
2353 1843 2461 1897 τῶν
2481 1844 2789 1914 πολεμικῶν
2814 1844 2993 1897 ὅπλων
3020 1859 3035 1874 ⁸
3062 1845 3158 1916 οὐχ
3179 1845 3265 1898 i'va
3292 1846 3617 1918 ἀδικήσῃς,
3664 1848 3700 1917 ἢ
3734 1851 3831 1903 ea.

2225 1951 2322 1989 κου
2355 1935 2589 2007 πολέμου
2621 1936 2974 2008 κατάρξῃς,ῆ
3008 1936 3261 2007 λῃστείας
3279 1938 3443 2001 τινὰς
3468 1941 3582 1991 καὶ
3616 1941 3828 2004 ἀδίκους

2226 2027 2368 2081 κατὰ
2426 2027 2535 2081 τῶν
2586 2028 2737 2081 οὐδὲν
2795 2028 3133 2096 ἠδικηκότων
3175 2028 3489 2099 ἐπιδρομὰς
3553 2034 3817 2103 ποιήψ,

2226 2117 2341 2171 ἀλλ’
2369 2117 2457 2171 ἵνα
2488 2118 2583 2172 σὺν
2616 2118 2871 2189 εὐσεϐείᾳ.
2901 2119 3029 2186 (ὦν,
3071 2119 3205 2172 ἀλλὰ
3235 2120 3327 2172 καὶ
3356 2123 3478 2183 τοῖς
3508 2123 3825 2192 πολεμίοις.

2225 2209 2349 2262 ὅσον
2369 2209 2430 2263 τὸ
2470 2210 2567 2263 ἐπὶ
2597 2210 2701 2274 σοὶ,
2727 2210 3046 2280 εἱρηνεύων,
3080 2211 3173 2264 καὶ
3216 2210 3389 2275 οὕτως
3418 2214 3695 2279 εὐσεϐῶς
3741 2220 3828 2269 καὶ

2226 2302 2532 2373 θεαρέστως
2581 2301 2690 2372 (68)
2732 2300 3167 2373 πολιτευόμενος,
3198 2301 3329 2375 ἔχῃς
3371 2304 3447 2357 τὲ
3490 2306 3659 2359 ὅπλα
3700 2310 3827 2379 πρὸς

2226 2393 2439 2465 ἄμυναν
2467 2392 2575 2446 τῶν
2605 2393 2934 2449 ἀδικούντων
2980 2395 3276 2467 πολεμίων.

2298 2488 2378 2536 ιε’.
2429 2482 2492 2537 Ἢ
2532 2483 2639 2552 γὰρ
2669 2483 2899 2553 εὐσεϐής
2922 2501 3015 2537 σου
3041 2485 3153 2553 ζωὴ
3180 2483 3351 2539 ταῦτα
3381 2487 3821 2555 παραλαϐοῦσα,

2226 2567 2284 2625 εὖ
2310 2568 2405 2627 οἶδ’
2435 2573 2518 2625 ὅτι
2578 2576 2669 2627 καὶ
2696 2574 2827 2629 θεὸν
2849 2575 3009 2631 αὐτὸν
3031 2575 3168 2646 μετὰ
3195 2576 3291 2643 τῆς
3325 2576 3683 2649 δικαιοσύνςς
3701 2581 3817 2644 ἕξει

2229 2661 2779 2730 συνεκστρατεύοντα.

2302 2758 2397 2815 ις’.
2432 2754 2541 2805 Καὶ
2570 2754 2602 2823 ἡ
2639 2753 2823 2817 πίστις
2851 2753 2941 2809 τοῦ
2969 2752 3045 2825 μὴ
3091 2754 3301 2810 ἀδικεῖν
3342 2756 3466 2809 ἀλλ’
3502 2757 3813 2813 ἀδικεῖσθαι

2228 2840 2529 2913 στρατηγὸν
2556 2842 2649 2895 καὶ
2695 2842 2938 2913 ἡγεμόνα
2990 2844 3050 2896 τὸ
3102 2844 3257 2898 Θείον
3293 2846 3429 2913 ἔξει,
3469 2849 3566 2902 καὶ
3599 2850 3816 2919 ἀνάγκη

2228 2932 2526 2998 πιστεύειν,
2563 2934 2646 2987 ὅτι
2665 2935 2855 3006 δικαίῳ
2888 2936 3111 3007 πολέμῳ
3132 2937 3242 2990 ἀπὸ
3272 2939 3407 2991 Θεοῦ
3444 2940 3729 3009 ὀφείλεται
3755 2942 3812 2995 τὸ

544 3007 748 3076 juriam
789 3013 1144 3077 provocatum
1191 3020 1345 3071 esse,
1382 3007 1429 3061 is
1458 3005 1681 3061 omnino
1708 3006 1933 3061 credere
1963 3005 2124 3061 debet

2245 3025 2382 3091 τέλος
2420 2996 2647 3096 ἀγαοδν,
2679 2996 2870 3099 ὥσπερ
2894 3027 2972 3098 τῷ
3002 2996 3171 3099 ἀδίκῳ
3191 3028 3252 3082 τὸ
3283 2996 3551 3085 ἐναντίον.

544 3098 695 3168 justo
724 3097 866 3151 bello
890 3097 1094 3151 bonum
1126 3096 1288 3152 ﬁnem
1316 3112 1347 3152 a
1374 3098 1489 3153 Deo
1519 3097 1747 3168 imponi,
1786 3096 1994 3167 injusto
2027 3112 2128 3152 au-

549 3197 658 3244 tem
688 3188 1053 3241 contrarium.

615 3278 707 3332 17.
748 3277 1216 3343 Quemadmodum
1245 3278 1391 3333 enim
1448 3277 1541 3349 qui
1597 3276 1833 3347 injurius
1867 3287 1980 3343 est,
2016 3293 2128 3334 non

546 3378 729 3440 potest
780 3382 890 3423 non
925 3368 1230 3438 iniquitatis
1258 3382 1371 3422 sna:
1400 3382 1616 3437 poenam
1650 3382 1678 3420 a
1712 3367 1826 3421 Deo
1856 3366 2007 3436 justo
2036 3383 2126 3423 re-

548 3470 773 3531 portare
803 3476 819 3512 :
852 3458 932 3514 sic
966 3460 1013 3514 is
1043 3460 1137 3530 qui
1172 3459 1430 3529 injuriam
1462 3459 1781 3529 propulsat,
1820 3459 1935 3513 fieri
1982 3459 2127 3515 haud

439 3567 453 3587 ο
546 3559 728 3621 potest
770 3551 903 3620 quin
935 3566 964 3603 a
996 3550 1108 3605 Deo
1142 3551 1428 3605 victoriam
1458 3559 1785 3620 assequatur
1816 3568 1830 3605 :
1865 3549 2129 3607 Dominus

546 3644 690 3698 enim
734 3642 916 3713 justus
959 3642 1129 3712 judex
1175 3650 1291 3709 est,
1318 3649 1530 3698 etcum
1573 3641 1790 3713 justitia
1826 3650 2129 3713 pertractat

547 3735 754 3791 omnia.

617 3827 707 3878 t8.
749 3824 923 3891 Hujus
981 3824 1061 3877 rei
1119 3823 1295 3892 gratia
1347 3838 1500 3877 arma
1551 3823 1651 3877 abs
1706 3830 1762 3877 te
1816 3822 2125 3878 exercenda

547 3924 697 3977 sunt,
722 3916 1042 3984 reliquaque
1066 3916 1321 3969 militaris
1352 3914 1630 3969 industria
1661 3915 1767 3970 huc
1794 3915 2125 3971 conferenda

2301 3287 2387 3352 ιζ’.
2421 3288 2630 3359 Ὠσπερ
2676 3289 2785 3361 γὰρ
2812 3291 2901 3343 τὸν
2925 3291 3210 3344 ἀδικοῦντα
3250 3289 3497 3343 ἀδύνατον
3540 3290 3641 3361 μὴ
3690 3312 3813 3345 πα-

2228 3377 2340 3431 Θεῖν
2381 3395 2509 3431 ποτε
2552 3378 2651 3450 τὴν
2687 3380 2788 3448 τῆς
2857 3381 3070 3444 ἀδικίας
3118 3382 3302 3451 ποινὴν
3341 3379 3489 3448 παρὰ
3542 3397 3610 3448 γε
3665 3384 3805 3454 Θεῷ

2228 3471 2413 3541 κριτῇ,
2446 3469 2620 3534 οὕτως
2653 3470 2913 3524 ἀδύνατον
2950 3472 3053 3524 καὶ
3100 3472 3191 3525 τὸν
3223 3473 3319 3542 τὴν
3346 3470 3550 3522 ἀδικίαν
3592 3472 3815 3539 apum}.

2231 3580 2412 3633 μενον,
2445 3564 2539 3615 καὶ
2582 3563 3067 3631 ἀντιπολεμοῦντα,
3099 3566 3174 3635 μὴ
3204 3567 3302 3635 τῆς
3354 3563 3505 3632 παρᾶ
3553 3563 3699 3616 Θεοῦ
3727 3565 3810 3619 νίο

2227 3671 2329 3724 κης
2368 3657 2642 3725 ἐπιτυχεῖν
2670 3670 2683 3684 ·
2726 3657 2752 3707 ὁ
2777 3656 2884 3725 γὰρ
2908 3655 3039 3717 Θεὸς
3068 3657 3257 3726 κριτὴς
3286 3654 3515 3719 δίκαιος,
3546 3654 3649 3706 καὶ
3711 3660 3807 3708 σὺν

2225 3747 2565 3819 semesam
2594 3748 2664 3800 τὰ
2685 3736 2995 3818 σύμπαντα.

2300 3847 2388 3912 ιη’.
2420 3841 2635 3894 Τούτων
2664 3843 2843 3893 τοίνυν
2869 3842 3027 3913 χάριν
3070 3841 3256 3892 ἀσκεῖν
3288 3856 3345 3891 σε
3389 3839 3473 3892 δεῖ
3501 3840 3687 3895 ὃπλων
3717 3844 3799 3895 καὶ

2226 3931 2532 4003 γυμνασίας
2556 3933 2650 3984 καὶ
2676 3934 2774 4003 τῆς
2820 3932 2985 4001 ἄλλης
3018 3932 3388 4001 στρατηγικῆς
3446 3932 3790 4004 ἐπιμελείας.

550 4012 656 4059 est.

618 4095 711 4153 19.
749 4094 884 4149 Belli
914 4094 1087 4164 ipsius
1124 4100 1369 4164 tempore
1400 4093 1636 4150 hostium
1670 4104 1891 4152 tuorum
1929 4107 2124 4154 natura

2299 4109 2384 4164 ιϐ’.
2420 4110 2629 4165 Εἰδέναι
2654 4110 2711 4163 δέ
2752 4128 2812 4163 σε
2837 4112 2930 4165 ἐπὶ
2956 4110 3163 4175 τούτοις
3202 4112 3491 4182 βούλομαι,
3534 4116 3616 4167 ὅτι
3640 4116 3709 4169 δεῖ
3736 4133 3791 4167 σε

545 4199 600 4246 et
630 4186 957 4244 constitutio
995 4186 1288 4257 diligenter
1318 4187 1417 4242 abs
1445 4196 1497 4243 te
1526 4198 1913 4256 cognoscatur,
1937 4200 2120 4246 utrum

2245 4216 2284 4253 ;v
2305 4200 2539 4271 πολέμου
2564 4202 2738 4273 καιρῷ
2762 4203 2869 4255 τῶν
2889 4221 2948 4257 τε
2979 4204 3484 4275 ἀντιπολεμούντων
3515 4206 3615 4276 τὴν
3646 4210 3797 4277 φύσιν

546 4283 765 4338 illorum
805 4280 976 4351 cupia:
1026 4280 1205 4351 primo
1249 4294 1547 4349 congressu
1578 4280 1994 4351 impetuosiores
2030 4297 2120 4337 ar-

2245 4291 2515 4360 γινώσκειν
2546 4284 2639 4346 καῖ
2673 4296 2771 4363 τὴν
2800 4295 2965 4366 ἄλλην
3006 4299 3358 4364 κατάστασιν,
3393 4300 3487 4352 καὶ
3525 4301 3592 4371 δὴ
3630 4303 3719 4354 καὶ
3744 4304 3800 4353 τὸ

544 4374 931 4444 dentioresque
958 4374 1068 4429 sint
1091 4414 1106 4439 ,
1144 4389 1212 4428 an
1242 4374 1511 4443 patientes
1543 4372 1823 4443 p‘lagarum
1871 4384 1924 4430 et
1975 4376 2115 4430 telo—

2245 4384 2452 4438 ικείνων
2506 4386 2819 4459 στράτευμα
2872 4390 3097 4462 πότερον
3144 4391 3400 4457 ὀξύτατον
3461 4396 3615 4446 ἐστιν
3668 4397 3801 4464 πρὸς

543 4480 663 4519 rum
688 4465 865 4532 initio,
887 4473 1075 4537 postea
1098 4477 1282 4521 autem
1315 4466 1381 4521 ad
1410 4465 1655 4535 praelium
1685 4463 2121 4523 dimicationem-

2245 4478 2325 4542 τὰς
2360 4481 2755 4551 ἐπιχειρήσεις,
2782 4482 2877 4534 καὶ
2925 4481 3060 4553 πρὸς
3091 4485 3187 4546 τὰς
3220 4484 3438 4554 πρώτας
3470 4489 3653 4557 ὁρμὰς
3676 4489 3804 4559 δρα-

546 4572 653 4627 que
686 4556 1121 4613 vehementiores
1150 4559 1443 4613 exsistant.

2245 4570 2500 4641 στικὸν,ῆ
2549 4572 2683 4642 πρὸς
2748 4574 3076 4644 μακρόθυμα
3139 4574 3233 4627 καὶ
3290 4577 3621 4647 χρονοτριεῆ
3669 4556 3804 4649 ἔργα

2231 4661 2430 4730 μᾶλλον
2455 4662 2917 4731 ὲγγεγύμνασται.

2302 4759 2369 4805 κ’.
2406 4752 2526 4823 Χρὴ
2557 4753 2614 4806 δέ
2656 4770 2715 4806 σε
2748 4753 3129 4821 διαγινώσκειν
3186 4758 3276 4809 καὶ
3305 4757 3468 4811 αὐτὸν
3514 4758 3608 4811 τὸν
3650 4761 3804 4813 πόλε-

2229 4861 2351 4913 μον,
2382 4845 2612 4915 πότερον
2645 4846 2994 4917 πολυχρόνιός
3024 4850 3191 4914 ἐστιν,
3216 4850 3309 4901 καὶ
3331 4849 3419 4903 διά
3451 4868 3599 4913 τινος
3627 4838 3802 4906 eius-

2224 4950 2321 5003 νης
2381 4938 2759 5007 χρημάτων,ῆ
2794 4938 2993 5007 μᾶλλον
3036 4939 3257 5012 ὀξύτητι
3290 4941 3482 5012 ῥώμης
3525 4942 3803 5016 ὀλιγοχρέ-

2226 5043 2335 5089 νιος
2359 5030 2454 5082 καὶ
2492 5030 2916 5099 ἐπιχειρητικός.

609 4754 701 4813 20.
746 4758 950 4812 Bellum
978 4758 1143 4811 etiam
1195 4757 1371 4827 ipsum
1405 4758 1504 4814 tibi
1540 4759 1980 4830 cognoscendum
2014 4768 2122 4827 est,

544 4848 793 4918 nunquid
831 4849 1013 4911 breve,
1051 4854 1269 4916 prOpter
1302 4848 1639 4903 celeritatem
1699 4848 1993 4902 dimicandi
2019 4890 2033 4915 ,
2070 4856 2124 4903 et

546 4934 767 5011 propter
795 4950 1134 4995 commeatus
1164 4940 1520 5011 pecuniaeque
1554 4941 1818 5011 inopiam,
1844 4956 1911 4995 an
1943 4941 2124 5011 potius

545 5037 749 5104 impetu
782 5035 1091 5089 animorum
1146 5042 1199 5089 et
1247 5033 1565 5089 incitatione
1608 5036 1784 5090 celere
1814 5034 2039 5089 exsistat
2067 5043 2121 5090 et

546 5126 861 5181 vehemens.

612 5218 705 5273 2i.
748 5217 974 5273 Talibus
1015 5215 1070 5271 in
1121 5218 1279 5273 hellis
1316 5232 1413 5287 pro
1446 5216 1683 5272 hostium
1718 5225 1911 5271 natura
1946 5226 2001 5273 et
2031 5234 2122 5273 co-

546 5317 701 5373 natu,
734 5319 787 5365 et
808 5309 937 5380 ’pro
992 5309 1268 5364 universis
1321 5310 1538 5363 illorum
1589 5309 1786 5379 copiis,
1815 5309 2118 5364 exercitum

2245 5305 2491 5368 τκευὰζου
2516 5305 2653 5376 πρὸς
2677 5305 2773 5368 τὰς
2804 5305 2912 5359 τῶν
2938 5306 3194 5358 ἐναντίων
3221 5304 3419 5375 ψυχὰς,
3456 5306 3552 5358 καὶ
3580 5309 3722 5378 πρὸς
3752 5308 3805 5361 τὸ

550 5413 698 5457 tuum
729 5402 1044 5473 apparabis,
1080 5404 1165 5457 vel
1194 5401 1261 5456 ad
1284 5402 1654 5456 fortitudinem
1682 5401 2123 5471 celeritatemque

2245 5397 2347 5449 ὅλον
2374 5397 2553 5450 αὐτῶν
2578 5397 2912 5469 στράτευμα,
2934 5397 3050 5469 ἦτοι
3082 5398 3217 5466 πρὸς
3233 5396 3483 5467 ἀνδρείας
3530 5400 3629 5451 καὶ
3682 5398 3807 5464 656-

551 5493 791 5560 illorum,
822 5494 905 5549 vel
936 5501 1130 5549 contra
1160 5493 1227 5547 ad
1266 5493 1551 5549 audaciam
1581 5494 1944 5563 timoremque
1969 5532 1985 5558 ,
2016 5493 2124 5547 iras

2245 5488 2485 5559 τητας,ἢ
2542 5487 2637 5542 καὶ
2673 5488 2807 5559 πρὸς
2844 5488 2912 5541 τὰ
2946 5487 3154 5542 τούτων
3200 5486 3439 5554 ἐναντία,
3470 5488 3647 5558 ἢγουν
3712 5493 3805 5561 φιλ.

623 5674 732 5744 (ϋὸ)
764 5676 877 5733 Καὶ
902 5678 1254 5747 θεαρέστως.
1288 5677 1612 5750 Legebatur,
1646 5678 1740 5734 καὶ
1764 5676 1968 5747 Θεαρ...
2066 5604 2294 5662 NOTA.

2300 5208 2404 5264 xa'.
2454 5210 2543 5263 Ἐν
2595 5209 2652 5263 δὲ
2709 5211 2821 5274 τοῖς
2875 5211 3136 5275 τοιούτοις
3194 5212 3447 5282 πολέμοις
3501 5214 3804 5286 ἀντιπαραο
