4036 6218
229 312 362 379 1081

1456 296 1795 361 TACTICA.
1830 318 1899 331 --
1933 294 2324 357 EPILOGUS.

3325 288 3465 356 1082

211 446 344 506 ϐους
366 439 463 494 καὶ
488 418 675 511 θράση
696 432 795 488 καὶ
822 430 993 503 ὀργάς
1018 430 1115 485 καὶ
1155 427 1429 500 τιμωρίας
1460 428 1555 480 καὶ
1581 424 1784 495 φιλοτι-

1911 431 1944 476 et
1997 421 2300 492 supplicia,
2334 419 2517 476 studia
2570 417 2758 491 gloria:
2803 427 2857 473 et
2911 417 3183 488 ignaviam
3233 422 3469 490 teipsum

218 536 351 606 μίας
399 534 496 585 καὶ
560 525 855 600 ῥᾳθυμίας,
913 523 1055 577 ὥστε
1095 522 1166 575 τά
1215 519 1440 574 τοιαῦτα
1490 517 1636 586 πάθη
1682 514 1793 568 τῶν

217 645 271 681 τε
305 625 415 679 σῶν
468 617 900 692 στρατευμάτων
954 615 987 686 ἢ
1042 613 1279 667 καὶτῶν
1336 610 1610 681 πολεμίων
1632 607 1794 661 δύνα-

218 715 342 768 σθαί
373 730 432 766 σε
458 713 554 765 καὶ
592 708 781 772 αὔξειν
833 707 932 759 καὶ
954 703 1265 759 ταπεινοῦν.

286 802 393 876 κβ¹.
427 804 539 857 Καὶ
587 800 823 872 μάλιστα
868 798 937 851 τά
967 798 1121 867 παρά
1168 796 1252 849 σοι
1276 793 1364 847 διὰ
1394 788 1788 865 παραγγελμά-

214 914 323 953 των
358 898 625 968 ἐντέχνων
673 894 771 946 καὶ
803 890 1222 960 προσποιήσεως
1252 883 1668 956 προγνωστικῆς
1699 879 1794 934 καὶ

216 989 315 1058 τῆς
341 988 472 1059 περὶ
497 986 558 1039 τὸ
578 982 733 1037 Θεῖσν
771 979 1115 1051 ἀπιμελείας,
1141 976 1353 1045 καὶτῆς
1376 973 1465 1038 διὰ
1493 974 1667 1039 λόγων
1696 971 1790 1040 δη-

223 1079 511 1149 μηγορίας.
538 1075 723 1128 Ταῦτα
762 1071 821 1127 δὲ
873 1070 1322 1141 παραφυλάττειν
1366 1066 1507 1118 ὥστε
1548 1061 1795 1131 γίνεσθαι

221 1172 278 1222 ὲν
305 1170 383 1240 τῷ
412 1168 591 1239 χρόνῳ
616 1165 740 1219 καθ’
764 1164 822 1217 δν
875 1164 930 1215 αἱ
983 1160 1154 1231 ψυχαὶ
1193 1158 1297 1211 ὑπὸ
1325 1155 1420 1209 τοῦ
1450 1155 1611 1223 λόγου
1650 1169 1805 1220 κινηο

220 1261 397 1313 θεῖσαι
428 1258 705 1327 διαμένειν
729 1254 984 1308 δύνανται
1009 1248 1102 1304 διὰ
1144 1252 1247 1321 τῆπς
1280 1250 1499 1318 μνήμης
1536 1243 1674 1315 πρὸς
1705 1240 1805 1313 τὴν

220 1350 464 1404 διάθεσιν
495 1349 597 1418 τῆς
650 1349 951 1416 κινήσεως·
980 1341 1118 1397 ἀλλὰ
1171 1341 1246 1410 μὴ
1285 1338 1440 1409 παρά
1489 1336 1589 1398 τὰς
1631 1333 1806 1401 ἀνάγ-

224 1460 328 1505 κας
381 1442 571 1507 αὐτάς,
607 1441 695 1493 ὅτε
734 1437 872 1509 πρὸς
913 1434 975 1489 τὸ
1025 1431 1387 1503 διαμάχεσθαι
1453 1424 1806 1499 παρασκευάς

1899 513 2269 583 comparabis,
2301 519 2355 567 et
2381 510 2697 582 huiusmodi
2728 509 3041 565 aﬂ'ectiones
3069 511 3236 564 animi
3275 512 3388 568 sive
3412 514 3471 567 in

1901 612 1999 660 tuo
2023 606 2287 671 exercitu,
2309 605 2425 660 sive
2457 605 2512 658 in
2546 603 2786 659 hostium
2811 603 2987 672 cepiis
3014 602 3143 669 sint,
3163 604 3245 657 vel
3275 617 3476 675 augere

1901 696 1987 751 vel
2017 697 2262 752 minuere
2288 698 2487 767 possis.

1968 787 2060 842 22.
2102 788 2381 859 Praecepta
2415 796 2602 843 autem
2650 797 2745 842 tua
2790 786 3163 859 potissimum,
3197 788 3476 843 simulatio

1900 878 2338 948 praedictionum,
2364 878 2544 933 cultus
2567 878 2809 943 divinus,
2830 877 3050 933 disertae
3077 878 3474 933 cohortationis

1902 975 2010 1022 tua:
2040 977 2347 1039 opportune
2375 984 2473 1040 per
2508 979 2722 1040 tempus
2753 971 3140 1037 adhibeantur,
3177 979 3235 1024 ut
3268 979 3479 1026 mentes

1903 1058 2147 1112 omnium
2178 1059 2427 1114 oratione
2458 1068 2738 1129 permota,
2758 1059 3081 1114 voluntariae
3113 1060 3166 1112 in
3200 1059 3302 1113 hoc
3333 1068 3481 1114 statu

1902 1146 2208 1218 atl‘ectuque
2237 1151 2566 1215 consistant,
2600 1165 2779 1221 neque
2824 1153 3157 1207 necessitate
3210 1152 3365 1205 inviti
3413 1152 3480 1206 ad

1902 1244 2275 1300 dimicandum
2307 1247 2716 1315 pertrahantur.
2752 1246 2857 1313 Qui
2885 1248 3028 1301 enim
3060 1246 3265 1302 milites
3300 1248 3481 1301 minus

1907 1338 1973 1390 ad
2003 1337 2356 1405 pugnandum
2386 1340 2560 1410 parati
2597 1347 2747 1405 sunt,
2780 1339 2943 1393 iidem
2975 1339 3353 1393 confusionem
3390 1353 3485 1392 or-

1905 1425 2057 1481 dinis
2081 1436 2136 1480 et
2163 1429 2634 1497 perturbationem
2666 1431 2719 1484 in
2754 1429 2943 1500 proelio
2968 1429 3221 1484 aﬂ‘erunt.

224 1532 429 1596 ζονται.
459 1532 751 1604 Συμὸαίνει
802 1531 911 1601 γάρ
943 1524 1363 1600 ἀπαρασκεύους
1387 1517 1877 1590 διαγωνιζομένους
1933 1519 2062 1583 τοὺς
2123 1522 2460 1593 στρατιώτας
2508 1524 2759 1589 ἀτάκτως
2824 1525 2969 1597 ἔχειν
3032 1528 3169 1600 πρὸς
3235 1530 3325 1585 τὸν
3378 1532 3481 1604 τῆς

227 1632 407 1703 μάχης
453 1628 716 1684 κίνδυνον.

293 1722 405 1791 κγ’.
438 1723 561 1795 Χρὴ
594 1721 687 1775 οὖν
719 1721 824 1793 πρὸ
859 1719 968 1773 τῶν
1000 1714 1266 1774 κινδύνων
1299 1710 1666 1784 μεθαρμόζειν
1694 1709 1794 1771 τὰς

223 1814 403 1885 ψυχὰς
451 1814 561 1865 τῶν
612 1809 957 1881 στρατιωτῶν
1000 1808 1135 1881 πρὸς
1170 1806 1271 1869 τὰς
1314 1804 1596 1873 παρούσας
1645 1799 1800 1864 δόξας

229 1904 535 1975 χρησίμως,
564 1902 703 1957 ἀλλὰ
750 1902 843 1956 καὶ
877 1902 978 1962 τάς
1020 1900 1130 1954 τῶν
1179 1896 1578 1965 ἀντιπολεμίων
1625 1892 1803 1963 ψυχὰς

231 1993 595 2047 καταδουλοῦν
624 1992 887 2063 ἐντέχνως
946 1988 1028 2053 είς
1055 2006 1115 2042 τε
1147 1990 1348 2060 φόὸους
1394 1986 1491 2040 καὶ
1535 1983 1804 2056 ῥᾳθυμίας

230 2083 324 2136 καὶ
354 2082 645 2153 μαλακίας,
676 2082 771 2136 καὶ
800 2082 922 2136 τότε
951 2078 1290 2136 ἐπιτίθεσθαι
1320 2077 1525 2139 αὐτοῖς,
1549 2075 1642 2128 καλ⁸
1675 2073 1803 2127 ἄνευ

230 2174 433 2238 παντὸς
458 2175 618 2227 όκνου
639 2173 1023 2244 διαμάχεσθαι.
1046 2170 1333 2243 Μηδαμῶς
1354 2169 1412 2223 δὲ
1438 2167 1616 2230 ἄλλως
1644 2165 1806 2229 δυνατ

228 2264 319 2317 τόν
349 2278 412 2315 σε
461 2263 849 2333 περιγενέσθαι
874 2263 982 2316 τῶν
1019 2262 1301 2325 ἐναντίων,
1327 2259 1378 2312 εἰ
1426 2258 1503 2329 μὴ
1542 2258 1805 2328 πρότερον

230 2357 309 2420 τίς
325 2355 573 2423 ἀνάγκας
605 2356 803 2419 αὐτοὺς
829 2354 1205 2427 περιστήσεις.

298 2446 399 2503 κδ’.
431 2448 582 2518 Μηδὲ
622 2449 778 2518 άγειν
816 2450 898 2512 είς
949 2446 1224 2508 τοιούτους
1271 2442 1572 2506 κινδύνους,
1619 2440 1681 2507 ἐξ
1727 2433 1803 2496 ὧν

233 2538 499 2610 βελτίονες
551 2539 753 2612 μᾶλλον
808 2539 1023 2593 ῑσονται
1070 2539 1121 2591 oi
1175 2537 1379 2608 ἐχθροὶ,
1441 2532 1573 2605 παρ’
1624 2531 1652 2587 δ
1684 2531 1807 2605 βού-

230 2631 431 2688 hinc“.

302 2808 404 2863 ad.
443 2809 581 2862 Είδὲ
610 2809 823 2870 πίστεις
860 2806 971 2860 εἰσὶ
1003 2805 1099 2860 καὶ
1124 2801 1430 2876 ὁμολογίαι,
1465 2802 1672 2868 ταύτας
1700 2801 1804 2874 χρή

235 2913 298 2951 σε
329 2896 621 2966 φυλάττειν
648 2896 1063 2967 ἀπαραδάτους.

306 2978 423 3054 εἰς’.
473 2988 564 3043 Ἐν
597 2990 654 3043 δι
695 2991 818 3052 ταῖς
844 2988 955 3042 τῶν
984 2988 1324 3059 πραγμάτων
1378 2986 1637 3042 ἐκδάσεσι
1689 2986 1808 3039 δέον

238 3099 298 3136 σε
338 3082 479 3153 μήτε
510 3081 841 3153 εὐτυχοῦντα
868 3081 962 3133 καὶ
993 3079 1095 3150 τῆς
1142 3079 1253 3133 τῶν
1281 3078 1553 3149 πολεμίων
1582 3077 1809 3145 ἀτυχίας

1968 1704 2060 1760 23.
2104 1704 2410 1776 Antequam
2461 1706 2632 1777 igitur
2676 1708 2923 1779 pericula
2981 1710 3209 1766 subeant
3255 1713 3480 1782 milites,

1906 1799 2073 1853 animi
2104 1799 2318 1853 illorum
2353 1799 2427 1853 ita
2455 1802 2824 1871 pertractandi
2856 1810 3019 1868 sunt,
3059 1811 3117 1856 ut
3158 1804 3224 1857 ad
3268 1818 3482 1859 omnem

1905 1891 2165 1959 impetum
2228 1892 2611 1947 sustinendum
2659 1894 2867 1949 alacres
2899 1895 3010 1949 sint
3048 1914 3061 1949 :
3097 1896 3335 1951 hostium
3382 1912 3483 1952 au-

1904 1990 2012 2037 tem
2059 1990 2272 2039 mentes
2322 1985 2709 2053 perturbanda:
2744 1994 2892 2051 sunt,
2924 1994 2977 2040 et
3024 1986 3077 2040 in
3109 1986 3481 2053 formidinem,

1900 2072 2216 2141 mollitiem,
2271 2076 2822 2148 desperationemque
2880 2078 3257 2149 conjicienda,
3320 2089 3486 2151 atque

1904 2166 2042 2220 adeo
2085 2175 2198 2221 tum
2253 2167 2534 2222 adoriendi
2569 2167 2778 2233 hostes,
2805 2175 2859 2223 et
2911 2169 3032 2225 sine
3079 2170 3190 2224 ulla
3225 2170 3485 2227 dilatione

1905 2258 2221 2313 invadendi.
2254 2257 2409 2313 Nulla
2441 2260 2585 2315 enim
2612 2260 2717 2315 alia
2747 2262 2961 2317 ratione
2993 2262 3179 2318 hostes
3213 2263 3485 2334 sperabis,

1905 2349 2013 2403 nisi
2043 2350 2097 2403 in
2132 2350 2351 2420 aliquas
2383 2351 2670 2421 angustias
2705 2351 2832 2408 illos
2863 2353 3015 2422 prius
3042 2353 3299 2407 deducas.

1972 2440 2064 2494 24.
2101 2440 2289 2512 Neque
2322 2443 2377 2497 in
2414 2443 2733 2513 huiusmodi
2785 2445 3027 2514 pericula
3071 2445 3258 2500 hostes
3294 2445 3488 2516 impel-

1906 2532 2109 2599 lantur,
2151 2534 2461 2605 inquibus,
2493 2545 2553 2589 ut
2604 2536 2659 2589 in
2710 2535 3013 2605 desperatis
3062 2538 3229 2593 rebus
3281 2539 3484 2605 solent,

1905 2629 2181 2693 meliores,
2213 2645 2376 2699 quam
2416 2629 2636 2686 illorum
2672 2641 2866 2686 natura
2893 2631 3020 2697 fert,
3049 2640 3103 2688 et
3132 2633 3488 2704 impetuosio-

1907 2734 1995 2775 res
2018 2721 2148 2776 sint.

1975 2810 2069 2864 25.
2109 2810 2203 2865 Sin
2238 2811 2470 2867 inducite
2502 2811 2820 2885 fmtleraque
2850 2811 2982 2878 sint,
3017 2814 3169 2870 nullo
3203 2816 3365 2872 modo
3389 2817 3488 2875 abs

1907 2912 1960 2957 te
1986 2903 2279 2959 violentur.

1974 2994 2065 3047 9.6.
2109 2993 2184 3046 Ex
2218 3009 2396 3048 rerum
2428 3005 2622 3049 eventu
2672 2997 2716 3051 si
2750 3012 3012 3067 prospera
3060 2999 3160 3053 tibi
3204 3001 3387 3056 omnia
3432 3014 3490 3060 et

1908 3088 2148 3136 secunda
2187 3088 2317 3146 sint.
2350 3093 2403 3139 et
2458 3086 2697 3139 hostium
2751 3089 2983 3142 victoria
3036 3094 3245 3159 potitus
3294 3093 3487 3157 fueris,

236 3174 544 3246 κρατοῦντα
580 3175 722 3246 μέγα
760 3176 976 3246 φρονεῖν
1030 3172 1451 3245 διαπράξασθαι,
1484 3170 1618 3242 μηδὲ
1671 3168 1804 3239 πρὸς

1912 3190 1979 3229 ne
2007 3175 2167 3231 nimis
2207 3176 2389 3229 animo
2417 3176 2661 3232 elleraris
2694 3194 2708 3230 :
2747 3193 2921 3247 neque
2952 3178 3007 3233 in
3040 3180 3201 3235 rebus
3235 3184 3488 3251 gerendis

234 3268 306 3322 τὰ
360 3268 803 3339 κατεργασθέντα
854 3268 1256 3338 δναπομὲνοντα
1284 3266 1396 3320 τῶν
1448 3265 1625 3318 πόνων
1666 3264 1807 3334 ἀμε-

234 3358 368 3423 λεῖν,
391 3358 506 3412 ἀλλ’
525 3360 606 3423 εἰς
618 3360 688 3415 τά
714 3358 987 3431 μακρόθεν
1003 3359 1098 3413 καὶ
1120 3357 1429 3427 ἔμπροσθεν
1452 3356 1805 3421 ἀποϐλέπειν,

234 3450 331 3503 καὶ
361 3451 712 3522 βουλεύεσθαι
740 3450 793 3503 τί
836 3449 943 3519 χρὴ
970 3450 1145 3502 ποιεῖν
1167 3464 1185 3481 ο
1217 3447 1357 3517 μήτε
1416 3446 1479 3516 δὴ
1529 3445 1809 3514 δυστυχῶν

235 3539 469 3610 φανερὸς
498 3538 651 3607 γίνου
677 3536 755 3599 ὡς
783 3533 1313 3604 καταπεπληγμένος
1337 3533 1476 3605 μήτε
1505 3536 1618 3597 τοῖς
1645 3549 1810 3604 στρα-

186 3666 187 3669 η
234 3628 459 3693 τιώταις
492 3628 628 3699 μήτε
652 3629 769 3690 τοῖς
785 3625 1091 3695 πολεμίοις.

307 3719 413 3783 κζ’.
450 3717 612 3772 Ἀλλά
646 3716 782 3788 μηδὶ
833 3717 971 3787 πρὸς
1007 3716 1136 3779 τοὺς
1168 3714 1438 3787 πολέμους
1462 3714 1573 3788 (69)
1603 3714 1808 3781 διάλυε,

236 3811 298 3865 ὲν
327 3805 408 3873 οἷς
439 3812 651 3881 καιροῖς
681 3806 907 3870 δυνατὸς
961 3806 1230 3877 ὑπάρχεις
1291 3805 1416 3859 κατ’
1466 3805 1645 3859 αὐτῶν
1687 3806 1812 3858 άντ-

244 3901 394 3973 έχξιν
422 3898 515 3951 ml.
548 3896 1043 3967 καταγωνίσασθαι,
1060 3898 1109 3948 εί
1135 3896 1209 3967 μὴ
1232 3894 1457 3965 βεϐαίαν
1475 3896 1702 3966 εἰρήνην
1717 3894 1811 3948 καὶ

239 3990 493 4061 ἐπωφελῆ
519 3992 567 4044 oi
594 3990 825 4045 δναντίοι
868 3989 1217 4060 αἰτήσονται·
1249 3987 1482 4058 μεγάλαι
1515 3986 1624 4058 γὰρ
1651 3986 1809 4039 ἔλατ·

237 4078 433 4141 τώσεις
453 4079 712 4145 πολλάκις
737 4079 803 4133 ἐκ
822 4077 918 4132 τοῦ
948 4076 1192 4132 τοιούτου
1217 4077 1421 4147 τρόπου
1443 4076 1703 4145 γίνονται.

309 4176 416 4239 κη’.
442 4170 635 4235 Χρεὼν
680 4172 737 4224 δέ
778 4188 838 4224 σε
869 4171 964 4225 καὶ
994 4169 1055 4223 τδ
1103 4169 1418 4240 στράτευμα
1469 4168 1549 4232 είς
1575 4165 1810 4237 πόλεμον

238 4262 452 4331 ἐξάγειν
478 4260 556 4333 μὴ
580 4261 766 4326 ἀτελὲς
793 4262 881 4316 διά
903 4263 961 4315 τὸ
983 4261 1206 4332 πλῆθος,
1241 4260 1378 4331 μηδὲ
1396 4258 1504 4313 τῶν
1535 4259 1809 4329 συνεργῶν

236 4353 443 4427 τεχνῶν
472 4355 566 4408 καὶ
596 4353 936 4424 πραγμάτων
981 4352 1430 4422 ἀπολειπόμενον,
1466 4349 1591 4421 μηδ’
1641 4352 1809 4421 άλλην

208 4447 514 4519 ,μηδεμίαν
536 4446 657 4519 ἔχον
685 4447 1000 4511 ἐλάττωσιν,
1037 4445 1095 4512 ἐξ
1145 4437 1206 4498 οὖ
1263 4442 1495 4514 μάλιστα
1534 4443 1733 4515 τρόπου
1757 4443 1808 4497 oi

237 4540 398 4592 κακοὶ
415 4539 712 4609 στρατηγοὶ
741 4536 1140 4592 διαδάλλονται.

308 4630 414 4685 κδ’.
446 4631 569 4703 Χρὴ
599 4630 656 4685 δέ
692 4647 752 4684 σε
786 4629 1075 4685 σπουδαῖον
1108 4626 1471 4699 ἀναφανῆναι,
1510 4625 1607 4680 καὶ
1653 4623 1812 4696 μάλι-

238 4739 342 4777 στα
405 4725 464 4777 ἀν
510 4726 578 4796 τῇ
640 4723 949 4796 διοικητικῇ
1012 4720 1240 4793 προνοίᾳ
1297 4719 1406 4773 τῶν
1464 4717 1809 4790 στρατευμά-

236 4831 366 4869 των.

308 4907 373 4961 λ’.
418 4908 529 4961 Καὶ
562 4909 662 4970 τάς
702 4908 948 4970 δαπάνας
989 4908 1070 4969 είς
1122 4906 1185 4958 τδ
1232 4902 1452 4957 δυνατὸν
1483 4900 1669 4969 ὀλίγας
1713 4898 1812 4953 καὶ

238 4999 673 5069 συνεσταλμένας
696 4999 957 5066 κελεύειν,
985 4998 1079 5051 καὶ
1100 4997 1167 5050 τά
1186 4995 1323 5050 ἀλλα
1341 4993 1409 5047 τὰ
1432 4991 1586 5045 κοινὰ
1614 4988 1810 5043 διασώ-

237 5089 354 5154 ζειν
375 5091 675 5161 ἐμπείρως.
1032 5076 1035 5081 Δ

306 5181 409 5235 λα’.
450 5183 561 5236 Καὶ
592 5182 683 5236 ἐπὶ
713 5182 925 5247 τούτοις
991 5181 1220 5253 μελετᾷν
1261 5195 1321 5231 σε
1372 5178 1512 5248 μετά
1548 5176 1710 5230 πόνου
1740 5173 1812 5226 τά

237 5261 431 5323 δέοντα
489 5270 548 5330 ἐν
586 5289 646 5324 τε
699 5272 811 5334 τοῖς
867 5271 1115 5341 ἀρχαίοις
1156 5268 1247 5322 καὶ
1287 5269 1400 5329 τοῖς
1454 5264 1616 5329 νέοις,
1670 5261 1812 5318 ὥστε

238 5363 511 5434 ἱστορικὸν
539 5361 680 5419 εῖναι
708 5365 927 5419 πάντων
955 5364 1065 5417 τῶν
1114 5361 1255 5417 κατὰ
1292 5359 1549 5429 πόλεμον,
1575 5358 1669 5412 καὶ
1708 5356 1809 5428 ἔμ-

234 5468 427 5527 πειρον
462 5456 708 5511 παλαιῶν
742 5457 1219 5529 στρατηγημάτων
1245 5454 1345 5508 ὅσα
1365 5452 1674 5520 άξιάγαστα
1702 5448 1798 5519 γε-

236 5548 478 5617 γόνασιν.

312 5730 428 5806 (69)
454 5733 785 5805 Πολέμους.
809 5732 1020 5803 Scribe,
1048 5734 1358 5809 πολεμίους.

1910 3267 1980 3320 ita
2012 3266 2200 3321 tardus
2231 3266 2331 3332 sis,
2364 3275 2424 3321 ut
2470 3276 2591 3338 post
2644 3267 2799 3322 initia
2846 3269 3187 3336 negotiorum
3238 3271 3488 3328 confecta

1909 3358 2353 3428 circumspicias,
2382 3368 2436 3412 et
2465 3359 2735 3414 deliberes
2764 3358 2894 3430 quid
2926 3361 3182 3433 deinceps
3213 3363 3486 3433 agendum

1912 3446 1983 3500 sit
2016 3465 2030 3499 :
2065 3462 2163 3500 nec
2194 3461 2387 3501 rursus
2443 3450 2490 3502 si
2538 3451 2783 3506 adversa:
2817 3464 2902 3504 res
2933 3452 3337 3521 ingravescent,
3370 3464 3488 3508 stu-

1909 3537 2074 3607 pidus
2098 3546 2151 3593 et
2182 3538 2446 3594 attonitus
2483 3539 2568 3595 vel
2599 3540 2710 3597 tuis
2750 3542 2834 3597 vel
2862 3541 3115 3601 hostibus
3140 3544 3400 3603 videaris.

1978 3713 2071 3769 27.
2114 3713 2219 3770 Sed
2251 3728 2429 3785 neque
2458 3716 2528 3771 iis
2558 3718 2899 3787 temporibus
2930 3716 3063 3776 cede
3096 3720 3350 3779 hostibus
3395 3724 3487 3780 ubi

1912 3806 2120 3878 poteris
2155 3806 2264 3863 illis
2296 3806 2575 3874 resistere,
2608 3817 2662 3862 et
2707 3809 3049 3868 incursiones
3097 3813 3312 3868 illorum
3357 3830 3487 3884 pro-

1913 3898 2134 3970 pellere,
2168 3899 2273 3954 nisi
2331 3913 2519 3969 pacem
2571 3899 2755 3956 hostes
2810 3902 2998 3957 utilem
3047 3919 3113 3958 ex
3162 3912 3213 3958 te
3246 3913 3485 3975 petant:

1910 4004 2121 4059 magna:
2148 3990 2291 4045 enim
2324 4005 2504 4044 rerum
2554 3989 2884 4049 oﬂ‘ensiones
2909 3982 3226 4066 hujusmOdi
3261 4012 3327 4052 ex
3352 4012 3489 4053 eau-

1911 4081 1990 4136 sis
2018 4081 2298 4137 oriuntur.
3472 4088 3475 4091 '

1981 4174 2075 4230 28.
2118 4174 2406 4229 Exercitus
2462 4182 2589 4231 tuus
2643 4173 2712 4229 ad
2770 4174 2971 4231 bellum
3023 4176 3340 4234 educendus
3381 4185 3484 4245 est,

1912 4267 2313 4321 multitudinem
2342 4267 2547 4335 justam
2578 4265 2807 4334 habens,
2835 4267 3047 4322 caeteris
3076 4269 3242 4321 armis
3273 4269 3486 4325 bellicis

1914 4356 2137 4411 minime
2165 4355 2428 4419 defectus,
2459 4355 2718 4427 nullaque
2748 4355 2853 4409 alia
2886 4369 2944 4409 re
2974 4355 3040 4408 ad
3070 4355 3267 4410 bellum
3297 4372 3480 4414 neces-

1912 4448 2054 4503 saria
2081 4447 2379 4503 destitutus
2412 4466 2425 4501 :
2455 4446 2654 4518 quibus
2688 4447 2741 4501 in
2768 4446 2929 4500 rebus
2965 4448 3092 4500 ntali
3128 4447 3484 4517 imperatores

1830 4518 1885 4579 Ῑ)
1911 4540 2171 4595 facillime
2206 4538 2659 4609 reprehensiones
2688 4537 2910 4593 habent.

1979 4632 2071 4687 29.
2112 4632 2420 4686 lndustrius
2468 4630 2759 4684 admodum
2808 4630 2976 4686 debes
3028 4645 3173 4695 esse,
3209 4632 3484 4702 praecipue

1910 4732 2091 4777 autem
2126 4721 2181 4776 in
2206 4720 2275 4776 iis
2304 4717 2758 4775 administrandis
2796 4734 2916 4791 quae
2949 4719 3014 4775 ad
3041 4722 3487 4793 procurationem

1908 4814 1987 4868 rei
2016 4811 2222 4867 bellicae
2248 4812 2544 4883 pertinent.

1977 4904 2066 4961 ‘50.
2110 4903 2373 4975 Sumptus
2424 4918 2587 4975 quam
2638 4904 2893 4959 minimos
2927 4912 2981 4959 et
3016 4901 3256 4976 frugales
3287 4904 3489 4959 admit-

1908 5004 2010 5064 tes,
2039 5004 2093 5052 et
2125 5011 2238 5051 rem
2262 5009 2608 5051 communem
2638 4994 2927 5067 diligenter
2954 4995 3263 5051 asservabis
3290 5013 3303 5050 :
3330 4995 3490 5051 dein-

1909 5088 1976 5145 de
2002 5102 2124 5158 quae
2153 5087 2297 5143 facto
2327 5102 2462 5159 Opus
2496 5096 2647 5153 sunt,
2684 5087 2867 5143 omnia
2902 5102 3155 5143 accures.

1980 5179 2068 5233 3|.
2109 5178 2297 5248 Itaque
2334 5176 2595 5232 historias
2643 5177 2998 5247 antiquorum
3032 5183 3086 5231 et
3118 5178 3487 5232 recentiorum

1912 5270 2207 5340 diligenter
2241 5283 2567 5339 cognoscas,
2600 5278 2654 5324 et
2705 5269 2949 5323 omnium
2985 5268 3254 5343 factorum
3306 5267 3491 5323 consi-

1919 5361 2227 5429 liorumque
2262 5357 2777 5429 imperatoriorum,
2810 5374 2931 5431 quze
2978 5359 3142 5432 d'gna
3178 5359 3491 5432 cognitione

1906 5461 2068 5519 sunt,
2101 5451 2368 5508 rationem
2404 5460 2612 5508 teneas.
3462 5440 3483 5445 “

1758 5633 1997 5693 NOTAE.
