4036 6218
578 302 714 367 1083

1830 289 2104 375 LEONIS
2130 291 2591 354 PHILOSOPHI

3714 285 3899 351 108$

643 414 738 469 52.
776 410 932 479 Quod
967 410 1013 467 si
1045 410 1169 481 quis
1199 409 1285 465 vel
1310 408 1503 465 artifex
1540 407 1623 463 vel
1659 408 1910 479 plebeius
1940 407 2148 479 aliquid

2318 405 2420 477 λβ’.
2451 408 2562 461 Καὶ
2589 407 2643 460 εί
2660 422 2745 470 τις
2776 405 3173 475 ἐπαγγέλλεταί
3215 424 3298 461 σοι
3330 406 3464 478 περὶ
3500 407 3906 479 στρατηγίας

576 519 689 577 prae
730 520 789 560 se
836 504 973 558 ferat
1006 504 1282 557 dicturum
1312 501 1459 572 quod
1493 501 1560 555 ad
1598 516 1711 554 rem
1747 500 2040 555 militarem
2070 510 2155 554 at-

577 613 687 667 que
720 594 1125 667 imperatoriam
1167 594 1423 663 pertinet,
1458 594 1609 648 illum
1642 592 1868 648 admitte
1900 592 2155 659 libenter,

576 698 630 744 et
663 703 849 743 eorum
870 702 989 756 quae
1018 686 1263 755 loquitur
1286 685 1453 754 judex
1486 684 1586 739 sis.

648 780 738 833 35.
779 776 1079 832 Consilium
1128 777 1224 830 tibi
1277 791 1401 830 cum
1434 777 1658 832 senibus
1689 774 2018 846 capiendum
2048 780 2155 839 est,

576 882 629 925 et
665 870 732 923 iis
763 868 857 936 qui
906 868 982 921 rei
1016 867 1224 922 bellica:
1265 868 1425 937 periti
1471 876 1621 934 sunt,
1652 877 1705 923 et
1737 868 1830 936 qui
1863 868 2044 937 aliqua
2073 866 2158 922 di-

576 961 781 1031 gnitate
816 972 879 1013 ac
914 958 1203 1013 nobilitate
1235 958 1550 1028 praelucent,
1576 968 1631 1013 et
1650 960 1742 1029 qui
1768 973 1894 1014 cum
1926 960 2160 1014 benevo-

579 1052 748 1105 lentia
780 1050 1071 1104 consilium
1105 1047 1263 1105 lidele
1298 1050 1354 1104 in
1384 1050 1551 1107 rebus
1585 1052 1839 1122 gerendis
1873 1050 2004 1106 dare
2033 1064 2159 1120 pos-

577 1150 728 1197 sunt.

647 1232 739 1289 54.
782 1232 838 1288 1η
888 1233 1150 1304 periculis
1198 1233 1414 1290 bellicis
1445 1248 1728 1303 nunquam
1762 1233 2033 1295 dimices,
2065 1242 2161 1288 aut

580 1342 774 1381 manus
798 1341 1095 1390 conseras,
1129 1325 1224 1381 sed
1263 1327 1576 1380 cautionem
1609 1326 1688 1379 tui
1724 1325 1900 1392 ipsius
1929 1325 2159 1396 diligen-

579 1424 687 1471 tem
720 1418 942 1481 habeas,
970 1429 1024 1472 et
1055 1417 1314 1472 universo
1344 1416 1608 1472 exercitui
1633 1416 1962 1488 praescribas
1984 1456 1999 1480 ,
2026 1414 2159 1487 quid

578 1509 876 1580 gerendum
918 1509 969 1563 in
1008 1508 1261 1563 universa
1294 1507 1651 1563 dimicatione
1678 1509 1773 1564 sit.

651 1601 740 1654 35.
782 1599 1154 1655 Consiliorum
1182 1606 1236 1653 et
1262 1596 1531 1652 factorum
1558 1598 2036 1668 imperatoriornm
2062 1612 2158 1653 ex-

581 1692 849 1761 togitator
875 1691 952 1746 sis
973 1732 988 1756 ,
1018 1696 1074 1746 et
1104 1690 1160 1745 in
1190 1690 1637 1761 aggressionibus
1662 1689 1774 1745 tuis
1805 1691 1981 1747 solers
2005 1690 2157 1747 exsi-

583 1794 720 1846 stas,
759 1779 872 1836 tum
926 1782 1145 1852 quando
1196 1782 1383 1840 hostes
1427 1783 1745 1850 invasurus,
1775 1790 1892 1839 tum
1938 1785 2157 1855 quando

586 1877 654 1930 ab
688 1875 796 1929 illis
828 1874 1167 1929 invadendus
1196 1889 1279 1930 es.
1865 1949 1869 1952 ν

657 1965 745 2021 36.
786 1964 868 2019 Ad
904 1965 1240 2035 repellendas
1271 1964 1511 2020 hostium
1549 1964 1894 2021 incursiones
1935 1963 2155 2032 habilis,

586 2059 653 2111 ait
689 2058 1123 2117 machinationes
1153 2058 1401 2114 hostibus
1430 2056 1739 2113 int‘erendas
1773 2056 1979 2128 gravis,
2010 2064 2064 2113 et
2089 2056 2155 2112 ad

587 2148 642 2203 id
684 2149 832 2220 quod
863 2149 1105 2204 luturum
1142 2157 1226 2205 est
1256 2152 1439 2205 animo
1469 2149 1880 2219 anticipandum
1906 2149 2102 2205 solers.

654 2240 744 2295 57.
783 2240 863 2295 Ad
897 2252 1135 2296 tesseras
1178 2242 1442 2311 quasdam
1482 2248 1671 2296 contra
1714 2241 1903 2296 hostes
1936 2240 2157 2309 excogi-

586 2333 781 2387 tandas
808 2332 1042 2402 diligens
1073 2340 1129 2387 et
1161 2332 1441 2396 assiduus,
1465 2331 1774 2402 prudentia,
1812 2332 2051 2401 ingenio,
2077 2331 2161 2385 in-

585 2423 799 2480 dustria
827 2424 1042 2479 cmteris
1070 2424 1329 2480 omnibus
1356 2424 1631 2495 pra-lectis
1660 2423 2016 2480 antecedens.

656 2602 746 2656 38.
787 2602 1030 2669 Corpore
1067 2603 1328 2657 robustus
1349 2640 1364 2665 ,
1395 2609 1446 2655 et
1480 2600 1545 2656 ad
1581 2616 1798 2656 omnem
1827 2606 2159 2654 armaturam

587 2693 846 2747 utendam
877 2692 1072 2747 habilis
1105 2701 1268 2761 atque
1295 2692 1583 2760 expeditus
1617 2708 1632 2746 :
1663 2690 1837 2744 forma
1870 2690 2065 2744 decora
2094 2702 2159 2743 ac

589 2784 827 2846 liberali,
856 2782 1003 2836 omni
1037 2797 1314 2835 armorum
1344 2782 1755 2834 constructione
1799 2779 2034 2833 decorus
2076 2784 2160 2831 at-

588 2888 697 2941 que
745 2870 996 2937 illustris,
1031 2879 1189 2926 aetate
1227 2869 1451 2938 ﬂorens,
1486 2886 1715 2942 corpore
1763 2880 1925 2942 atque
1974 2870 2159 2928 animo

511 2972 524 2983 ’
589 2974 873 3019 strenuus.

658 3144 747 3203 39.
787 3146 1083 3201 Ahstiuens
1143 3146 1385 3216 pecunia:
1413 3184 1431 3210 ,
1488 3147 1779 3201 continens
1827 3144 2161 3213 voluptatum

587 3238 856 3305 omnium,
890 3238 1194 3293 laboriosus
1244 3241 1312 3291 ad
1353 3253 1442 3293 res
1490 3237 1835 3304 tolerandas,
1892 3237 2047 3292 fortis
2095 3236 2162 3290 ad

589 3328 831 3402 pericula
865 3327 1210 3391 sustinenda,
1245 3327 1550 3398 intrepidus
1578 3326 1645 3382 ad
1676 3327 1998 3383 discrimina
2030 3326 2161 3393 sub:

587 3423 761 3477 eunda
785 3461 800 3489 ,
833 3421 898 3475 ad
927 3417 1104 3501 justas
1139 3437 1226 3476 res
1254 3419 1655 3490 persequendas
1685 3418 1901 3487 alacris,
1936 3434 2161 3490 magna-

589 3512 771 3566 nimus
806 3512 860 3565 in
893 3511 1056 3565 rebus
1086 3524 1208 3563 cum
1258 3505 1525 3563 militibus
1559 3507 1853 3572 obeundis,
1884 3506 2159 3578 gerendis,

592 3610 786 3671 magna
820 3602 871 3655 in
910 3598 1314 3656 existimatione
1343 3598 1636 3661 exsistens,
1671 3613 1780 3652 non
1810 3606 2032 3668 propter
2067 3613 2161 3667 ge-

588 3694 740 3751 ;teris
786 3693 1158 3756 nobilitatem,
1191 3691 1465 3746 civitatem
1515 3699 1608 3744 aut
1647 3690 2037 3759 rempublicam
2092 3688 2162 3743 ab

589 3785 714 3839 aliis
745 3782 1199 3844 administratam,
1224 3781 1317 3835 sed
1344 3790 1442 3837 sna
1469 3780 1691 3843 virtute,
1720 3788 1774 3834 et
1801 3779 1854 3833 in
1879 3778 2028 3833 omni
2056 3793 2160 3833 usu

590 3877 789 3932 bellico
819 3872 1063 3943 diligenti
1097 3873 1385 3929 sedulitate
1416 3873 1643 3943 gloriam
1687 3872 1789 3927 sibi
1836 3886 2162 3942 comparans

589 3969 971 4023 benevolentia
1035 3982 1101 4022 ac
1164 3965 1332 4019 animi
1383 3958 1813 4035 promptitudine
1863 3981 1877 4018 :
1934 3972 2161 4020 caeteros

588 4078 782 4118 omnes
813 4060 865 4115 in
902 4053 1132 4129 singulis
1178 4056 1409 4125 negotiis
1454 4054 1819 4125 suscipiendis
1867 4069 2157 4125 superans,

588 4162 643 4209 et
677 4151 898 4225 perinde
924 4165 989 4205 ac
1016 4148 1082 4203 de
1114 4147 1339 4217 privatis
1367 4145 1532 4202 rebus
1564 4146 1836 4215 negotium
1864 4156 2029 4213 esset,
2059 4161 2160 4217 pu-

590 4245 764 4302 blicos
791 4244 1006 4297 labores
1041 4242 1279 4294 tolerans

659 4337 752 4393 40.
794 4334 1040 4389 Disertns
1072 4340 1333 4402 praeterea
1362 4336 1415 4383 et
1450 4328 1710 4400 eloquens
1752 4328 1849 4393 sis,
1879 4335 1934 4383 et
1964 4329 2159 4385 certis-

2257 514 2310 549 τι
2341 498 2518 549 εἰπεῖν
2550 496 2583 566 ἢ
2608 495 2879 566 τεχνίτης,
2908 496 2941 567 ἢ
2986 496 3221 567 ίδιώτης,
3248 498 3469 552 πάντων
3522 498 3743 564 ἄκουε,
3782 500 3906 551 καὶ

2257 587 2411 655 γίνου
2440 586 2548 639 τῶν
2576 585 2892 656 λεγομένων
2926 588 3147 660 κριτής.

2328 762 2434 830 λγ’.
2463 764 2940 834 Συμϐουλεύεσθαι
2968 765 3026 819 δέ
3048 783 3109 819 σε
3133 766 3240 837 χρὴ
3266 768 3407 838 μετά
3426 770 3730 841 γερόντων
3759 772 3899 843 ἅμα

2257 856 2542 927 ἐμπείρων
2573 857 2882 927 γενομένων
2923 858 3033 913 τῶν
3058 862 3201 915 κατά
3237 862 3477 929 πόλεμον
3506 865 3736 936 ἐργων,
3783 868 3895 919 καὶ

2258 938 2531 1019 ἀξιώμασι
2581 951 3012 1022 διαπρεπόντων,
3074 955 3171 1008 καὶ
3210 957 3349 1024 μετά
3400 957 3621 1022 εὐνοίας
3654 961 3734 1012 ἐν
3762 963 3895 1024 τοῖς

2258 1041 2574 1112 πράγμασι,
2615 1044 2745 1114 περὶ
2771 1035 2847 1098 ὧν
2873 1045 2939 1097 ἀν
2976 1045 3010 1115 ή
3100 1044 3285 1118 βουλή,
3316 1046 3720 1121 διακειμένων.

2328 1219 2422 1278 λδ’.
2457 1224 2548 1277 Δεῖ
2578 1223 2637 1277 δέ
2669 1240 2730 1277 σε
2774 1224 2833 1278 ὲν
2882 1225 2993 1288 τοῖς
3021 1226 3292 1290 κινδύνοις
3324 1228 3428 1297 τῆς
3459 1230 3634 1301 μάχης
3677 1232 3776 1303 μή
3808 1235 3889 1285 ὲκ

2256 1312 2438 1384 χειρὸς
2464 1313 2757 1383 μάχεσθαι,
2794 1314 2931 1370 ἀλλά
2978 1316 3229 1387 φυλακὴν
3250 1317 3401 1387 ἔχειν
3428 1322 3560 1389 περὶ
3591 1325 3879 1388 σεαυτὸν,

2256 1402 2354 1457 καὶ⁵
2381 1402 2626 1473 ἑρμηνία
2647 1402 2892 1471 γίνεσθαι
2915 1403 3009 1457 τοῦ
3033 1403 3265 1474 στρατοῦ
3288 1405 3431 1458 κατά
3456 1407 3557 1477 τὴν
3578 1406 3751 1477 ὥραν
3768 1407 3881 1477 τῆς

2258 1492 2439 1563 μάχης
2467 1494 2602 1565 πρὸς
2618 1493 2715 1564 τὴν
2737 1494 3174 1563 κατεπείγουσαν
3203 1496 3416 1567 χρείαν.

2326 1583 2419 1639 λε’.
2460 1585 2657 1651 Ὀξέως
2700 1587 2985 1658 ποιητικόν
3033 1605 3093 1641 τε
3138 1584 3279 1643 εἶναι
3339 1591 3871 1659 στρατηγημάτων,

2257 1674 2354 1728 καὶ
2378 1677 2632 1747 ἀγχίνουν
2646 1678 2704 1731 ὲν
2724 1681 2844 1741 ταῖς
2866 1680 3276 1750 έπιχειρήσεσιν
3298 1680 3595 1751 ὑπάρχειν,
3610 1681 3723 1734 καὶ
3734 1668 3877 1734 ὅταν

2188 1749 2232 1809 Β
2258 1767 2421 1830 αὐτὸς
2464 1768 2804 1824 ἐπιτίθεσθαι
2849 1769 3029 1840 βούλει
3055 1749 3181 1836 τοῖς
3228 1749 3534 1842 πολεμίοις,
3593 1772 3706 1827 καὶ
3734 1775 3872 1827 ὅταν

2257 1857 2707 1913 ἐπιϐουλεύεσθαι
2733 1860 2936 1933 μέλλῃς
2961 1862 3113 1933 παρὰ
3142 1862 3249 1915 τῶν
3280 1850 3591 1934 πολεμίων.

2330 1948 2439 2015 λς’.
2476 1952 2609 2005 Ἔσο
2638 1951 2804 2005 δὲκαὶ
2830 1954 2887 2007 ἑν
2917 1954 3030 2014 τοῖς
3053 1953 3344 2023 αίφνιδίοις
3376 1955 3569 2023 φόϐοις
3586 1955 3867 2027 εὔπορος,

2259 2042 2353 2097 καὶ
2404 2043 2541 2114 πρὸς
2594 2045 2695 2107 τάς
2752 2045 2861 2099 τῶν
2929 2045 3206 2117 πολεμίων
3267 2049 3617 2117 κακουργίας
3682 2050 3871 2113 δεινὸς

2260 2136 2519 2208 προϊδεῖν,
2559 2139 2656 2191 καὶ
2681 2137 2743 2191 τὸ
2771 2136 2964 2209 μέλλον
2983 2138 3482 2209 προποχάσασθαι.

2266 2216 2275 2225 ’
2332 2229 2432 2292 λζ’.
2463 2226 2616 2282 Εἶναι
2637 2229 2697 2283 δέ
2726 2246 2784 2283 σε
2832 2223 2939 2300 χρὴ
2966 2232 3059 2285 καὶ
3090 2230 3226 2302 πρὸς
3249 2216 3320 2283 τά
3372 2231 3741 2302 συνθήματα,
3768 2236 3871 2290 ὅσα

2259 2321 2402 2374 κατά
2426 2320 2536 2373 τῶν
2567 2319 2843 2389 πολεμίων
2868 2322 3198 2392 ἐπινοήσεις,
3229 2320 3478 2376 σύντονον
3517 2328 3623 2379 καὶ
3655 2329 3869 2397 ἐπιμε-

2260 2412 2533 2477 λέστατον,
2570 2413 2781 2477 συνέσει
2809 2430 2869 2467 τε
2892 2414 2987 2467 καὶ
3017 2413 3178 2483 φύσει
3214 2414 3309 2465 καὶ
3339 2416 3640 2488 ἐπιμελείᾳ
3664 2418 3863 2489 διαφέ-

2264 2520 2424 2576 ροντα
2450 2504 2558 2556 τῶν
2581 2504 2686 2557 ὐπὸ
2716 2504 2776 2557 σὲ
2811 2505 3110 2576 ἀρχόντων.
3246 2504 3259 2515 ’

2331 2593 2433 2663 λη’.
2468 2592 2576 2647 Καὶ
2600 2593 2679 2665 τῷ
2710 2585 2924 2665 σώματι
2971 2596 3028 2649 δὲ
3058 2598 3341 2668 ῥωμαλέον
3399 2600 3497 2653 καὶ
3536 2601 3677 2671 πρὸς
3738 2604 3863 2658 πᾶ-

2263 2701 2362 2739 σαν
2390 2685 2628 2751 ὅπλισιν,
2664 2685 2805 2739 ὥστε
2849 2687 3082 2758 χρῆσθαι
3124 2690 3261 2761 αὐτῇ
3312 2692 3560 2755 δυνατῶς
3602 2694 3700 2746 καὶ
3747 2694 3858 2747 ἀν-

2260 2776 2625 2847 εμποδίστως,
2653 2778 2748 2831 καὶ
2776 2778 3021 2850 εὐτρεπῆ
3069 2780 3126 2833 δὲ
3176 2781 3431 2836 ἐντεῦθεν
3460 2784 3717 2851 γίνεσθαι
3752 2786 3855 2856 τὴν

2259 2866 2456 2932 είδίαν,
2486 2868 2581 2924 καὶ
2610 2860 3044 2926 κατεσκευάσθαι
3086 2875 3151 2945 τῇ
3184 2876 3489 2946 παντευχίᾳ
3513 2877 3623 2930 τῶν
3652 2878 3849 2931 ὅπλων

2261 2962 2441 3026 καλῶς
2476 2964 2569 3018 καὶ
2592 2963 2883 3035 εὐπρεπῶς
2910 2966 3004 3019 καὶ
3024 2966 3260 3033 ἀπόνως,
3286 2966 3366 3031 ὡς
3407 2970 3680 3036 γενναίων
3747 2969 3857 3041 τὴν

2260 3050 2497 3120 ἠλικίαν,
2524 3051 2619 3104 καὶ
2647 3051 2744 3123 τὴν
2774 3053 2953 3124 ψυχὴν
2979 3055 3070 3109 καὶ
3097 3055 3157 3109 τὸ
3190 3056 3350 3126 σῶμα
3377 3057 3674 3127 εὔρωστον.

2334 3143 2433 3197 λο’.
2469 3140 2689 3198 Εἶναιδέ
2720 3162 2780 3198 σε
2806 3147 3039 3217 μάλιστα
3067 3148 3407 3222 καὶὲγκρατῆ
3424 3153 3735 3222 χρημάτων
3752 3153 3854 3207 καὶ

2262 3233 2465 3303 ἡδονῶν
2484 3236 2732 3303 ἀπασῶν,
2758 3237 3043 3306 φιλόπονον
3058 3240 3115 3293 δὲ
3140 3241 3380 3311 πρὸςτάς
3399 3244 3733 3312 καρτερίας,
3750 3246 3857 3297 ἀ»-

2262 3325 2437 3395 δρεῖον
2465 3325 2520 3378 δὲ
2550 3326 2685 3398 πρὸς
2701 3328 2825 3391 τούς
2863 3328 3165 3397 κινδύνους,
3196 3330 3280 3385 καὶ
3309 3332 3383 3402 μή
3401 3334 3859 3403 ταρασσόμενον

2263 3415 2320 3469 ὲν
2347 3412 2459 3481 τοῖς
2477 3416 2703 3485 ἀγῶσιν,
2731 3420 3015 3490 φιλότιμον
3043 3424 3176 3494 περὶ
3198 3424 3291 3486 τάς
3315 3423 3532 3494 πράξεις
3554 3423 3657 3487 τὰς
3684 3427 3859 3495 μετὰ

2261 3507 2624 3579 δικαιοσύνης,
2649 3512 3024 3583 μεγαλόψυχον
3050 3514 3108 3568 δὲ
3134 3516 3193 3567 έν
3211 3518 3323 3579 τοῖς
3341 3515 3516 3586 ἔργοις
3546 3517 3669 3579 τοῖς
3700 3518 3853 3584 πρὸς

2262 3599 2387 3661 τούς
2413 3600 2771 3669 στρατιώτας,
2808 3602 3025 3675 ἀξίωμα
3072 3604 3267 3677 έχοντα
3324 3607 3446 3660 ἀντ)⁸
3474 3606 3690 3671 πόλεως
3751 3612 3849 3665 καὶ

2261 3688 2452 3758 γένους
2486 3693 2581 3745 καὶ
2604 3692 2877 3759 πολιτείας
2902 3696 3311 3768 εὐνομουμένης
3353 3699 3452 3769 τήν
3474 3700 3691 3754 οἰκείαν
3716 3703 3847 3772 ἀρε-

2260 3779 2381 3850 τὴν,
2415 3782 2511 3836 καὶ
2530 3782 2608 3855 τῷ
2652 3785 2904 3856 προέχειν
2930 3787 3186 3842 ἁπάντων
3215 3792 3276 3843 έν
3324 3792 3391 3861 τῇ
3430 3791 3578 3844 κατά
3606 3791 3841 3862 πόλεμον

2261 3873 2544 3945 ἐμπειρία,
2580 3875 2763 3948 εὐνοίᾳ
2790 3894 2849 3929 τε
2892 3880 2986 3931 καὶ
3009 3878 3290 3951 φιλοτιμίᾳ
3326 3882 3387 3934 ὲν
3428 3884 3543 3944 τοῖς
3570 3883 3837 3952 παροῦσιν

2260 3964 2347 4019 ἀεὶ
2379 3964 2702 4036 πράγμασιν
2743 3966 2870 4030 τούς
2915 3968 3109 4033 ἀλλους
3154 3971 3410 4035 νικῶντα,
3447 3972 3545 4025 καὶ
3592 3972 3668 4035 ὡς
3701 3974 3841 4043 ὑπὲρ

2266 4055 2412 4110 ίδίων
2447 4059 2787 4129 πραγμάτων
2818 4060 2947 4124 τούς
2970 4061 3181 4125 κοινοὺς
3209 4062 3491 4127 κινδύνους
3509 4062 3842 4133 ἀναδεχόμ-

2259 4163 2369 4202 νον.

2334 4329 2407 4394 μ’.
2444 4323 2675 4396 Προσέτι
2729 4317 2785 4380 δὲ
2840 4326 3210 4400 δημηγορικόν
3271 4346 3332 4385 σε
3376 4326 3516 4384 εἶναι
3575 4332 3713 4402 χρὴ,
3749 4336 3842 4387 καὶ

588 4429 743 4485 simis
773 4425 1078 4481 rationibus
1105 4427 1157 4477 in
1184 4438 1243 4478 re
1267 4438 1390 4477 vera
1418 4433 1599 4487 utens,
1632 4420 1737 4477 nisi
1766 4421 1853 4476 ubi
1887 4421 2158 4476 interdum

2271 4414 2593 4487 ἀγωνιστὴν,
2613 4417 2708 4470 καὶ
2738 4420 2850 4479 τοῖς
2872 4419 3260 4491 ἀληθεστάτοις
3283 4423 3391 4475 τῶν
3417 4423 3594 4492 λόγων
3623 4427 3846 4497 χρώμεο

590 4519 658 4572 ad
690 4515 1011 4571 excitandos
1037 4513 1267 4567 militum
1294 4509 1526 4577 animos,
1546 4518 1600 4565 et
1622 4508 1691 4563 ad
1722 4519 1929 4562 mentes
1948 4507 2161 4561 illorum

591 4609 846 4682 praesenti
872 4622 1067 4681 rerum
1088 4603 1483 4675 opportunitati
1513 4601 1804 4673 aptandas,
1834 4600 2053 4654 mentiri
2081 4598 2165 4653 in-

593 4704 802 4758 terdum
833 4712 887 4757 et
916 4699 1095 4755 [ictam
1127 4697 1429 4753 orationem
1466 4696 1725 4760 adhibere
1753 4702 2022 4765 oporteat,
2054 4708 2164 4765 quo

589 4794 786 4850 melius
812 4792 866 4845 itt
903 4789 1237 4846 contrariam
1269 4788 1591 4843 sententiam
1625 4786 2002 4841 traducantur.

656 4886 746 4941 41.
790 4882 931 4954 Erga
966 4882 1086 4938 illos
1117 4880 1211 4950 qui
1254 4880 1310 4933 in
1353 4880 1497 4935 bello
1540 4879 1897 4943 ceciderunt,
1932 4885 1988 4932 et
2036 4892 2164 4950 erga

588 4971 765 5026 honos
812 4971 959 5024 viros
1003 4968 1379 5039 potissimum,
1418 4966 1775 5035 magniﬁcus,
1808 4966 2072 5032 liberalis,
2109 4977 2165 5024 et

590 5060 879 5115 muniﬁcus
902 5059 1002 5125 sis,
1032 5067 1085 5112 et
1111 5057 1347 5111 honores
1379 5056 1486 5111 illis
1510 5066 1622 5110 tum
1648 5054 1887 5123 beando,
1906 5063 2019 5109 tum
2048 5071 2164 5112 me-

589 5153 841 5212 morabili
875 5152 1155 5223 sepultura
1189 5148 1470 5205 alliciendo
1498 5150 1741 5205 habebis.

660 5334 749 5390 42.
790 5332 1051 5404 Aigrotos
1080 5350 1243 5404 quam
1264 5333 1679 5406 diligentissime
1710 5334 1891 5391 sanari
1914 5334 2157 5399 curabis,

590 5442 717 5496 erga
753 5441 1023 5495 pauperes
1056 5426 1124 5481 de
1162 5436 1255 5481 tuo
1299 5427 1560 5493 liberalis,
1595 5428 1784 5499 gloria:
1832 5443 1944 5482 non
1995 5427 2159 5484 nimis

590 5525 873 5587 expetens,
903 5525 956 5572 et
1000 5519 1241 5573 liberalis
1273 5526 1387 5572 tum
1422 5520 1476 5574 in
1511 5521 1744 5589 privatis
1777 5529 1890 5575 tum
1926 5520 1979 5574 in
2010 5534 2159 5574 com-

595 5607 851 5661 munibus
876 5607 1156 5662 hominum
1187 5609 1696 5663 consuetudinibus.

665 5693 755 5746 43.
795 5693 977 5763 Neque
1006 5698 1415 5764 contentiosus,
1447 5712 1622 5767 neque
1664 5699 1917 5755 curiosus
1938 5737 1952 5765 ,
1981 5711 2159 5769 neque

2261 4526 2351 4562 νον
2406 4511 2533 4579 περὶ
2570 4510 2667 4581 τὴν
2700 4510 2978 4581 ἀλήθειαν.
3011 4513 3157 4582 Πλὴν
3188 4515 3314 4567 ὅσον
3371 4516 3688 4585 συμφέρειν
3723 4521 3846 4573 οὐδὲ
3876 4540 3877 4545 ‘

2263 4600 2667 4671 ὲπιψεύδεσθαι,
2707 4602 2848 4654 ὥστε
2900 4604 2977 4666 είς
3009 4604 3137 4658 ἀλλο
3180 4601 3313 4675 ἦθος
3353 4606 3701 4675 μεταστῆσαι
3752 4614 3849 4664 καὶ

2262 4697 2479 4764 κινῆσαι
2521 4698 2620 4762 τὰς
2665 4698 2772 4752 τῶν
2816 4701 3124 4755 ἀκουόντων
3174 4703 3354 4773 ψυχὰς
3393 4706 3695 4774 χρήσιμον,
3758 4708 3851 4760 καὶ

2265 4790 2506 4860 βελτίους
2524 4792 2745 4861 ποιῆσαι
2780 4793 2917 4861 πρὸς
2945 4794 3036 4846 τὸν
3068 4795 3311 4864 παρόντα
3336 4796 3548 4865 καιρόν.

2335 4881 2449 4953 μα’.
2482 4883 2617 4953 Περὶ
2651 4883 2708 4936 δὲ
2752 4886 2880 4948 τούς
2908 4885 2967 4937 ὲν
3011 4888 3128 4950 ταῖς
3160 4886 3363 4956 μάχαις
3393 4886 3847 4958 ἀποθνήσκοντας

2264 4957 2686 5047 μεγαλοπρεπὴς
2718 4976 2898 5044 γενοῦ.
2935 4978 3030 5030 καὶ
3061 4978 3363 5047 φιλότιμος,
3393 4978 3486 5030 καὶ
3520 4957 3845 5048 τιμητικὸς,

2263 5067 2495 5136 μάλιστα
2543 5070 2671 5138 περὶ
2722 5071 2847 5131 τούς
2891 5068 3130 5135 ἀγαθοὺς
3166 5069 3385 5136 ἄνδρας,
3433 5068 3597 5135 δόξαν
3652 5070 3845 5135 αὐτοῖς

2257 5156 2343 5210 διὰ
2365 5156 2457 5210 τοῦ
2493 5158 2840 5228 μακαρισμοῦ
2871 5158 2964 5212 καὶ
2988 5159 3087 5228 τῆς
3116 5159 3337 5230 ἐντίμου
3364 5158 3542 5228 ταφῆς
3577 5175 3844 5228 περιποι-

2258 5248 2317 5300 οὐ
2326 5264 2504 5316 μενος.

2328 5337 2437 5409 μβ’.
2476 5340 2595 5393 Τῶν
2644 5339 2939 5393 νοσούντων
2974 5340 3393 5411 Θεραπευτικὸς,
3447 5340 3581 5411 περὶ
3610 5340 3746 5404 τοὺς
3775 5341 3844 5392 ἀ-

2256 5430 2452 5501 πόρους
2477 5431 2705 5502 εὐπορος
2726 5435 2790 5486 ὲκ
2816 5432 2925 5485 τῶν
2956 5432 3123 5495 ἰδίων,
3158 5432 3469 5501 ἀφιλόδοξος
3498 5430 3553 5483 δὲ
3570 5433 3669 5483 καὶ
3682 5431 3843 5485 ἐλευ-

2257 5520 2436 5592 θέριος
2469 5523 2527 5574 ὲν
2551 5525 2671 5586 ταῖς
2698 5516 2857 5586 ἰδίαις
2875 5524 2969 5575 καὶ
2993 5523 3053 5575 ὲν
3081 5524 3201 5586 ταῖς
3226 5524 3377 5592 κοινῇ
3400 5522 3843 5591 συνερχομέναις

2251 5612 2510 5676 ὁμιλίαις.

2251 5629 2280 5664 ο
2330 5629 2399 5663 ιΑι
2444 5631 2510 5676 ις.

2244 5629 2438 5771 ,μμγῗ
2462 5700 2552 5771 Μὴ
2598 5701 2814 5775 δύσερις
2869 5701 3120 5774 ὐπὰρχῃς
3191 5701 3330 5773 μηδὲ
3389 5698 3839 5773 πολυπράγμων,
