3964 6206
218 284 363 350 1085

1425 286 1763 347 TACTICA.
1795 311 1863 321 —
1892 288 2293 351 EPILOGUS.

3340 307 3477 371 1086

214 399 349 473 μηδὲ
383 395 700 465 πολύλογος,
734 394 800 465 τῇ
831 393 890 447 δὲ
920 392 1107 464 ἐσθῆτι
1140 393 1378 465 μέτριος.
1404 396 1500 448 καὶ
1528 397 1605 467 τῷ
1650 390 1786 468 σχῆ-

1899 398 2115 466 loquax.
2147 397 2385 466 Vestitu,
2439 400 2654 468 habitu,
2692 404 2913 462 incessu
2949 408 3300 479 moderatus;
3336 414 3476 471 iuvi-

213 511 363 565 ματι,
400 488 588 558 καὶτῷ
610 486 927 558 βαδίσματι.
976 487 1086 540 Καὶ
1124 486 1326 559 μᾶλλον
1358 478 1468 539 τῶν
1494 486 1671 541 ἄλλων
1723 489 1785 541 τὸ

208 583 564 649 ἀνεπίφθονον
617 578 1031 649 παραφύλαττε,
1064 577 1203 632 ὥστε
1262 579 1339 650 μὴ
1388 578 1681 632 δάκνεσθαι
1705 579 1783 650 τῷ

104 666 111 671 ’
207 675 386 746 φθόνῳ
432 672 562 743 περὶ
629 671 758 732 τοὺς
822 672 1229 741 συστρατήγους
1267 688 1319 722 τι
1362 669 1782 740 κατορθοῦντας,

206 764 342 818 ἀλλὰ
381 760 579 832 ζηλοῦν
609 760 811 831 μᾶλλον
871 760 968 815 καὶ
1016 759 1299 831 μιμεῖσθαι
1332 760 1428 814 καὶ
1485 758 1785 827 συναγωνίο

206 856 396 923 ζεσθαι
416 858 529 919 τοῖς
564 853 1018 927 στρατευομένοις
1045 852 1182 924 πρὸς
1216 851 1431 907 ἅπαντα
1455 852 1524 905 τά
1572 851 1783 921 συμφέι⁵

209 968 389 1022 ροντα.

280 1040 383 1111 μδ’.
412 1039 502 1110 Τῷ
532 1040 589 1092 δέ
622 1036 812 1107 ἀγαθῷ
848 1035 1141 1107 στρατηγῷ
1168 1036 1327 1107 χρέος
1351 1035 1496 1089 ἐστὶν
1523 1034 1658 1105 πρδς
1676 1034 1784 1087 πᾶν

207 1132 357 1196 ἔθνος
374 1129 753 1203 ἁρμοζομένῳ,
771 1128 1061 1200 διαφόρους
1079 1128 1214 1200 πρὸς
1230 1128 1460 1181 ἕκαστον
1474 1126 1571 1190 τὰς
1586 1138 1784 1197 στρατ-

205 1221 365 1292 ηγίας
388 1219 741 1274 ἐπινοεῖσθαι.

284 1478 386 1550 με’.
416 1476 478 1534 Ei
508 1478 565 1533 δέ
595 1492 725 1534 ποτε
758 1480 853 1535 καλ⁵
886 1480 1185 1553 ναυαρχίας
1238 1480 1615 1551 ἐπιστήσεται,
1647 1481 1785 1538 ἀκύ-

211 1588 408 1642 μαντον
439 1570 529 1641 τὴν
556 1570 651 1624 τοῦ
686 1572 873 1625 στόλου
921 1572 1073 1637 τάξιν
1112 1572 1452 1643 διαφυλάξει,
1502 1575 1787 1646 ἐμπείρως

1892 490 2035 543 diam
2069 506 2133 544 ex
2165 492 2418 547 omnibus
2450 493 2615 548 rebus
2644 508 2857 551 summe
2884 498 3089 567 devita,
3123 516 3301 571 neque
3330 505 3475 560 mili-

1892 580 2041 634 tibus
2090 589 2312 637 strenue
2366 598 2480 639 rem
2531 584 2770 656 aliquam
2801 592 3123 658 gerentibus
3151 610 3215 649 ea
3246 603 3301 651 te
3334 612 3483 651 mor-

1889 674 2036 736 deat,
2074 674 2172 729 sed
2218 675 2404 731 laudes
2434 691 2530 731 eos
2561 679 2745 746 potius
2773 687 2827 734 et
2854 681 3089 740 imiteris
3109 724 3124 751 ,
3161 697 3217 743 et
3250 690 3480 760 adiuves

1890 766 1957 821 ad
1993 768 2219 824 honesta
2249 769 2433 824 omnia
2464 770 2841 842 suscipienda.

1957 1022 2047 1085 44.
2091 1027 2549 1104 Unumquemque
2583 1034 2971 1107 imperatorem
3019 1056 3120 1111 par
3165 1051 3253 1100 est
3280 1046 3476 1104 adver-

1886 1126 1985 1181 Sus
2017 1124 2178 1178 ullam
2215 1125 2488 1182 nationem
2518 1129 2720 1184 bellum
2759 1132 3180 1202 suscipientem,
3212 1139 3476 1207 cogitare,

1884 1224 1941 1271 et
1962 1229 2318 1285 cognoscere,
2354 1234 2602 1288 quaenam
2641 1219 2808 1275 forma
2855 1222 2991 1277 aciei
3025 1224 3246 1280 illorum
3296 1230 3389 1295 sit,
3421 1241 3477 1285 et

1886 1307 2089 1378 quibus
2138 1309 2485 1378 potissimum
2557 1311 2809 1369 artificiis
2866 1316 3474 1391 machinationibusque

1886 1396 1944 1456 in
1981 1401 2123 1456 bello
2155 1411 2410 1458 utuntur.

1956 1494 2047 1549 45.
2091 1495 2187 1550 Sin
2226 1497 2404 1549 navali
2454 1496 2625 1553 classi
2674 1499 3025 1568 praeficiatur,
3058 1505 3363 1573 provideat,
3412 1514 3473 1561 ut

1886 1601 1955 1643 ne
1997 1587 2195 1643 classis
2228 1588 2508 1660 aliquibus
2547 1590 2651 1644 sali
2685 1594 3106 1661 tempestatibus
3127 1595 3389 1661 iactetur,
3420 1606 3476 1652 et

208 1661 344 1732 ἔχων
381 1660 482 1731 τῆς
511 1661 605 1716 τοῦ
641 1661 802 1733 ἀέρος
856 1665 1048 1734 φορᾶς,
1105 1664 1201 1718 καὶ
1248 1665 1346 1729 τὰς
1379 1666 1640 1737 οὐραγίας
1667 1665 1782 1737 (70)

1899 1687 2180 1746 astrorum,
2215 1680 2472 1751 aerisque
2504 1691 2686 1739 motus
2712 1660 2983 1740 observet.
3022 1660 3224 1740 Ultima
3256 1690 3473 1757 agunina

206 1752 284 1818 δὲ,
316 1753 435 1822 ἤτοι
459 1753 586 1815 τούς
606 1750 1058 1822 ὀπισθοφύλακας
1085 1754 1363 1820 εὐτάκτως
1399 1757 1673 1826 συνάγειν,
1700 1757 1789 1811 ἵνα

1899 1771 2110 1837 classis,
2130 1781 2227 1827 aut
2252 1773 2388 1828 aciei
2417 1773 2671 1830 ordinate
2693 1773 2761 1829 ad
2791 1790 2852 1830 se
2876 1777 3207 1848 colligat,ne
3234 1780 3477 1834 locorum

210 1846 284 1916 μὴ
311 1845 415 1897 ὐπὸ
443 1844 631 1908 τόπου,
657 1846 690 1915 ἦ
726 1845 830 1897 ὐπὸ
855 1843 1023 1916 ζάλης
1070 1845 1385 1912 θαλαττίας,
1435 1848 1468 1918 ἢ
1495 1846 1600 1901 ὑπὸ
1629 1848 1790 1902 πολε-

210 1934 348 2005 μίων
367 1933 804 2005 ἀναγκαζόμενοι
823 1934 1149 2005 φθείροιντο.

283 2025 400 2098 μς’.
429 2030 521 2080 Δεῖ
542 2028 599 2081 δέ
633 2044 692 2080 σε
712 2026 1027 2096 γινώσκειν,
1057 2022 1102 2082 ὦ
1123 2028 1419 2101 στρατηγέ,
1452 2028 1549 2083 καὶ
1577 2026 1634 2097 ἐξ
1651 2032 1790 2085 ὅσων

208 2117 424 2187 τρόπων
446 2119 498 2169 al
536 2117 705 2187 μάχαι
728 2117 1190 2174 συνάπτονται.Ἦ
1221 2120 1327 2190 γὰρ
1352 2121 1416 2175 ἐκ
1434 2121 1793 2193 παρατάξεως

210 2207 351 2259 κατά
387 2206 697 2278 πρόσωπον,
732 2209 765 2278 ἢ
814 2209 877 2261 ἐκ
909 2209 1321 2282 παραλογισμοῦ
1353 2214 1497 2266 κατὰ
1544 2213 1788 2283 μέθοδον,

211 2297 243 2367 ἢ
266 2297 446 2349 τόπων
469 2296 964 2367 ἀποστε’ρίσκοντας
982 2301 1213 2371 ὀχυρῶν,
1236 2302 1270 2371 ἢ
1306 2302 1489 2373 χώραν
1513 2304 1571 2370 ἐξ
1602 2298 1791 2373 ἐφόδου

210 2386 549 2457 φθείροντας,
582 2388 614 2458 ἢ
641 2389 1038 2460 δενδροτομίας,
1063 2390 1095 2462 ἢ
1119 2392 1482 2464 σιτοφθορίας,
1510 2393 1543 2463 ἦ
1567 2392 1793 2464 δώματα

210 2480 687 2552 ἐμπυρίζοντας,ή
718 2482 1132 2552 λεηλατοῦντας,
1163 2484 1734 2553 ῆαίχμαλωτίζοντας,
1755 2485 1789 2555 ἢ

211 2566 418 2620 ὑδάτων
478 2569 947 2640 ἀποστεροῦντας,
998 2570 1031 2640 ἢ
1085 2571 1146 2635 ἐξ
1204 2571 1426 2643 ἐνέδρας
1483 2573 1790 2645 ἐπερχομέ-

208 2674 348 2721 νους.

283 2838 388 2910 μζ.
432 2838 802 2894 Συνάπτονται
856 2840 912 2893 δὲ
962 2842 1017 2893 αἱ
1058 2840 1231 2911 μάχαι
1264 2841 1329 2894 ἐκ
1368 2840 1597 2907 τούτων,
1659 2840 1788 2894 ὅταν

211 2932 492 3001 αἰφνιδίως
520 2932 715 3002 ἐπιστῇ
762 2933 1078 3002 στράτευμα
1120 2930 1510 3002 στρατεύματι,
1556 2933 1650 2985 καὶ
1690 2950 1785 2985 πο-

210 3024 383 3094 ταμὸν
424 3022 754 3077 διαϐαίνοντι
796 3022 874 3093 τῷ
922 3023 1164 3093 πολεμίῳ
1234 3023 1545 3086 συνάπτειν,
1583 3023 1678 3075 καὶ
1716 3023 1790 3085 ὡς

226 3116 447 3178 στενοὺς
480 3114 680 3177 τόπους
706 3112 765 3180 ἐξ
797 3113 1136 3184 εὐρυχωρίας
1164 3112 1671 3184 μεταλλασσομένῳ,
1700 3114 1792 3166 καὶ

216 3207 324 3260 ἀπὸ
351 3206 554 3259 στενῶν
578 3207 759 3259 τόπων
788 3208 868 3269 είς
895 3204 1238 3277 εὐρυχωρίαν
1267 3204 1675 3275 καθισταμένῳ,
1703 3204 1795 3258 καὶ

216 3299 382 3369 μήπω
410 3297 845 3369 συντεταγμένῳ.
867 3298 977 3352 Καὶ
999 3298 1125 3351 ὅταν
1150 3297 1461 3370 μεταλλαγῇ
1482 3297 1594 3368 (7i)
1622 3296 1794 3368 ἀθρόα

212 3390 306 3443 τοῦ
335 3389 601 3459 πρατοῦν
627 3387 737 3439 τῶν
772 3387 1047 3458 πολεμίων
1101 3388 1352 3456 γένηται,
1392 3389 1488 3440 καὶ
1545 3387 1676 3439 ὅταν
1734 3388 1793 3440 ἐν

213 3482 400 3541 τόποις
434 3477 872 3532 κατακλεισθῶσι
900 3477 1373 3551 δυσδιεξοδεύτοις,
1400 3482 1495 3531 καὶ
1520 3479 1649 3531 ὅταν
1678 3476 1789 3530 τῶν

218 3572 534 3639 ἀναγκαίων
560 3570 936 3641 άπορήσωσιν,
972 3570 1067 3624 καὶ
1094 3570 1223 3625 ὅταν
1246 3572 1326 3634 είς
1353 3571 1506 3625 νόσον
1543 3569 1603 3624 τὸ
1629 3568 1795 3640 στρά-

217 3681 393 3735 τευμα
415 3663 526 3717 τῶν
552 3662 813 3718 ἐναντίων
842 3664 1081 3735 ἐμπέσῃ,
1114 3664 1208 3718 καὶ
1230 3664 1359 3717 ὅταν
1389 3662 1495 3717 ὐπὸ
1525 3662 1794 3734 χειμῶνος

216 3754 546 3827 παραλόγως
594 3754 1019 3827 ἐνοχληθῶσινῆ
1059 3755 1490 3826 ἐναπολειφθῶσι
1533 3756 1787 3828 χειμῶνι,

216 3850 311 3901 καὶ
339 3849 471 3901 ὅταν
490 3846 600 3901 ἀπὸ
628 3846 736 3899 τῶν
759 3847 1038 3918 ήμερινῶν
1071 3848 1249 3902 πόνων
1271 3849 1340 3904 τά
1368 3847 1595 3919 σώματα
1623 3848 1791 3902 κατά-

186 3942 378 3992 ’κοποι
422 3941 707 4010 γενόμενοι
756 3939 934 3995 ἄσιτοί
999 3942 1104 3994 εἰσι
1143 3941 1237 3994 καὶ
1289 3940 1666 4012 νηστεύοντες.
1721 3942 1793 3994 Ἦ

217 4030 441 4100 πορείας
473 4032 693 4105 μακρᾶς
726 4030 1071 4102 ἐμπεσούσης
1113 4031 1209 4085 καὶ
1250 4032 1419 4096 κόπος
1441 4031 1550 4086 τῶν
1582 4032 1792 4101 ἀλόγων

217 4123 312 4175 καὶ
335 4122 547 4191 ἀνδρῶν
593 4124 843 4194 γένηται,
870 4125 903 4195 ἢ
945 4126 1074 4179 ὅταν
1109 4126 1380 4197 ἄγρυπνοι
1408 4125 1673 4195 γένωνται
1704 4126 1794 4181 διά

219 4229 374 4276 τινας
399 4212 598 4277 αἰτίας.
643 4216 732 4269 Ἐν
762 4216 818 4269 δὲ
849 4219 957 4282 τοῖς
992 4220 1268 4281 ναυτικοῖς
1298 4219 1467 4290 μάχαι
1493 4219 1793 4273 συνάπτονο

1891 1861 2331 1933 importunitate,
2362 1871 2458 1917 aut
2489 1874 2812 1936 tempestate
2840 1869 3114 1925 maritima
3136 1907 3153 1937 ,
3182 1878 3278 1925 aut
3308 1870 3480 1927 hosti-

1892 1954 1996 2011 bus
2019 1970 2283 2026 oppressa
2310 1965 2556 2026 pereant.

1959 2044 2049 2100 46.
2093 2045 2553 2118 Cognoscendum
2584 2047 2681 2103 tibi
2712 2058 2972 2119 praeterea
2998 2060 3104 2115 est.
3126 2054 3331 2123 quibus
3362 2068 3482 2107 mo-

1891 2136 1977 2194 dis
2030 2138 2215 2208 prazlia
2264 2139 2713 2205 committuntur,
2748 2143 2832 2197 vel
2881 2145 2935 2197 in
2990 2145 3110 2200 acie
3138 2145 3207 2200 ad
3240 2145 3479 2200 frontem

1891 2227 2181 2293 instructa,
2210 2229 2294 2286 vel
2324 2245 2389 2284 ex
2418 2229 2544 2284 dolo
2572 2231 2807 2299 quadam
2845 2234 3209 2296 circuitione.
3242 2236 3325 2289 vel
3357 2235 3478 2288 loca

1893 2322 2213 2390 occupando
2261 2322 2583 2389 munitiora,
2618 2323 2702 2378 vel
2738 2325 3013 2395 regionem
3048 2325 3364 2382 incursione
3389 2325 3479 2378 di-

1893 2408 2163 2480 ripiendo,
2195 2409 2276 2466 vel
2310 2410 2458 2481 ligna
2487 2411 2749 2467 caedendo
2768 2454 2784 2479 ,
2819 2413 2904 2468 vel
2933 2413 3117 2484 fruges
3143 2412 3476 2485 populando,

1892 2499 1974 2553 vel
2004 2499 2146 2554 aedes
2176 2498 2518 2555 incendendo
2541 2535 2558 2565 ,
2601 2500 2688 2555 vel
2719 2515 2885 2572 agros
2916 2504 3218 2570 vastando,
3254 2504 3339 2558 vel
3387 2518 3479 2557 ca-

1892 2589 2069 2660 ptivos
2103 2589 2453 2656 abducendo,
2492 2591 2579 2646 vel
2628 2606 2803 2662 aquas
2848 2593 3069 2649 illorum
3116 2591 3478 2658 detrahendo,

1892 2680 1977 2734 vet
2020 2680 2232 2735 insidiis
2267 2681 2588 2748 adorieudo,
2622 2683 2764 2739 bella
2810 2698 2935 2740 cum
2986 2685 3240 2743 hostibus
3272 2701 3480 2755 gerun-

1891 2777 2002 2823 1111⁵.

1964 2858 2050 2912 47.
2091 2856 2525 2916 Committuntur
2563 2861 2731 2917 etiam
2761 2877 2956 2934 pugnat
2977 2864 3031 2919 in
3072 2865 3237 2932 bello,
3262 2866 3481 2936 quando

1892 2950 2077 3005 subito
2136 2950 2347 3004 invadit
2406 2954 2683 3009 exercitus
2735 2955 3079 3020 exercitum,
3137 2967 3193 3012 et
3248 2959 3475 3013 fluvium

1895 3048 2272 3093 transeuntem
2307 3040 2519 3093 hostem
2553 3042 2806 3097 adoritur
2829 3083 2844 3108 ,
2885 3054 2941 3098 et
2987 3061 3018 3099 e
3052 3047 3312 3115 spatiosis
3342 3048 3480 3105 locis

1899 3133 1952 3185 in
1979 3143 2270 3201 augustum
2300 3135 2600 3203 compellit,
2627 3145 2683 3189 et
2717 3152 2782 3191 ex
2819 3138 3074 3206 angustis
3103 3140 3240 3193 locis
3268 3143 3322 3195 in
3350 3156 3473 3210 spa-

1894 3220 2122 3276 tiosiora
2170 3223 2381 3279 hostem
2431 3223 2674 3291 nondum
2738 3224 3067 3281 instructum
3123 3227 3350 3296 educit,
3417 3239 3470 3285 et

1893 3314 2114 3385 quando
2161 3314 2515 3369 commutatio
2550 3315 2733 3393 subita
2771 3326 2857 3372 est
2884 3317 3007 3387 ejus
3045 3319 3140 3389 qui
3175 3320 3363 3376 hostes
3396 3324 3475 3376 vi-

1892 3416 2064 3467 cerat,
2093 3413 2147 3459 et
2177 3406 2402 3475 quando
2427 3407 2481 3460 in
2517 3407 2656 3463 locis
2689 3408 3043 3465 includuntur
3067 3412 3135 3466 ad
3164 3413 3477 3471 exeundum

1891 3494 2232 3559 dllicilibus,
2263 3505 2316 3552 et
2344 3498 2566 3568 quando
2600 3500 2764 3555 rebus
2794 3504 3123 3559 necessariis
3154 3504 3473 3563 destituun-

1891 3595 2002 3652 tur,
2039 3595 2094 3642 et
2137 3587 2358 3658 quando
2388 3589 2442 3644 in
2476 3590 2716 3660 aliquam
2755 3591 3110 3649 offensionem
3142 3595 3478 3653 valetudinis

1890 3677 2132 3732 hostium
2180 3680 2350 3750 copiae
2402 3681 2628 3747 cadunt,
2676 3683 2899 3757 quando
2927 3684 3257 3753 adventante
3290 3686 3479 3742 hieme

1891 3770 2131 3840 graviter
2180 3773 2599 3841 perturbantur,
2650 3782 2745 3828 aut
2785 3774 2904 3845 ipsa
2951 3775 3008 3831 in
3052 3762 3236 3833 hieme
3275 3776 3476 3833 defecti

1892 3865 2227 3919 necessariis
2260 3872 2421 3929 sunt,
2449 3865 2671 3936 quando
2698 3866 2915 3923 diurnis
2941 3868 3226 3925 laboribus
3257 3868 3475 3936 lassati,

1891 3954 2076 4009 inedia
2141 3955 2273 4020 cibi,
2308 3957 2666 4027 potionisque
2691 3967 2987 4014 vexantur.
3021 3958 3116 4016 Vel
3149 3962 3197 4016 si
3226 3962 3333 4016 iter
3358 3976 3476 4017 ma-

1893 4064 2059 4118 gnum
2104 4050 2424 4120 contingat,
2484 4059 2600 4105 tum
2627 4051 2901 4119 homines,
2930 4062 3043 4108 tum
3078 4052 3330 4121 jumenta
3360 4054 3472 4109 las-

1893 4152 2107 4208 sentur,
2156 4143 2240 4198 vel
2273 4143 2491 4213 quando
2528 4143 2694 4207 nimis
2736 4144 2934 4216 vigiles
2964 4146 3131 4201 certis
3174 4143 3242 4201 de
3291 4147 3479 4201 causis

1894 4242 2042 4298 sunt,
2093 4237 2175 4288 vel
2208 4237 2429 4305 quando
2465 4236 2709 4306 praelium
2748 4237 2942 4290 navale
2978 4236 3086 4291 illis
3119 4236 3343 4303 accidit,
3390 4238 3475 4313 vel

214 4321 306 4358 ται
338 4304 372 4377 ἥ
403 4307 531 4360 ὅταν
570 4308 621 4358 οί
663 4307 913 4378 πολέμιοι
965 4309 1382 4379 ναυαγήσωσιν,
1428 4310 1462 4381 ἢ
1514 4311 1641 4366 ὅταν
1686 4312 1791 4366 ὑπὸ

360 4325 531 4377 low"
570 4325 621 4358 οι
663 4325 913 4378 metm
965 4325 1382 4379 ναυαγησωσιν,
1428 4325 1462 4381 η
1514 4327 1641 4366 οταν
1686 4325 1791 4366 οπο
1894 4325 2114 4395 quando
2152 4326 2340 4382 hostes
2389 4326 2740 4398 naufragium
2791 4326 3062 4393 fecerint,
3120 4328 3201 4382 vel
3237 4328 3465 4398 quando

360 4398 488 4450 ῶνοε
523 4396 1039 4450 ταλαιπωοηθῶσιν.
1814 4433 1864 4450 τ.
1897 4414 2077 4450 manu.
2108 4420 2496 4450 avara-ninnium

216 4412 488 4470 χειμωνος
523 4412 1039 4468 ταλαιπωρηυωσιν.

1896 4414 2078 4470 hieme
2108 4420 2514 4471 excruciantur.

291 4433 405 4560 εἴη’.
438 4439 529 4542 Ᾰεῖ
552 4488 609 4543 δὲ
634 4433 927 4544 είδένξιιιτά
959 4490 1182 4543 τοιαῦτα
1206 4490 1298 4544 τὸν
1327 4494 1652 4566 στρατηγὸν,
1694 4495 1789 4548 καὶ

1899 4433 2078 4470 uterne
2108 4433 2514 4471 excrumantur.

1962 4506 2052 4562 48.
2095 4505 2222 4561 Haec
2250 4508 2456 4574 omnia,
2494 4508 2802 4577 horumque
2842 4508 3123 4564 contraria
3168 4508 3469 4580 imperator

216 4582 286 4635 τά
318 4584 383 4634 ἐκ
410 4580 615 4635 τούτων
645 4581 864 4634 ἐναντία
887 4582 1171 4653 γινόμενα,
1196 4585 1421 4654 προσέτι
1450 4584 1507 4638 δὲ
1537 4586 1631 4639 καὶ
1664 4586 1788 4650 τούς

1899 4606 2211 4669 cognoscat.
2230 4597 2539 4655 Divisiones
2572 4608 2834 4671 praeterea
2860 4603 3156 4666 exercitus,
3176 4601 3468 4656 deductio-

216 4674 669 4744 καταμερισμούς
690 4673 782 4726 τοῦ
807 4674 1060 4746 στρατοῦ,
1084 4674 1179 4728 καὶ
1201 4678 1298 4738 τὰς
1320 4678 1673 4748 παρατάξεις,
1696 4678 1789 4732 καὶ

1899 4708 1992 4747 nes
2014 4692 2282 4758 acierum,
2323 4702 2380 4746 ut
2404 4692 2565 4747 facile
2594 4693 2993 4764 obtemperent,
3019 4708 3220 4764 genera
3251 4707 3471 4765 quoque

220 4765 319 4825 τάς
338 4764 687 4834 ’παραγωγὰς
711 4764 1073 4832 τῶντάξεων,
1103 4767 1195 4821 ἵνα
1219 4767 1289 4821 δι’
1323 4768 1519 4838 ὀλίγων
1555 4770 1789 4823 πείθων-

1899 4784 2282 4839 mandatorum
2326 4795 2687 4854 cognoscant.

217 4871 329 4909 ται.
366 4857 575 4910 Είδέναι
627 4858 683 4911 δὲ
723 4860 818 4913 καὶ
872 4861 942 4915 τά
982 4860 1099 4932 είδη
1144 4860 1254 4915 τῶν
1288 4862 1787 4934 παραγγελμάτων.

293 4946 402 5017 μθ’.
440 4948 550 5000 Καὶ
596 4948 734 5019 πρὸς
781 4950 878 5019 μὲν
930 4951 1029 5016 τὰς
1079 4952 1539 5024 ἀπηριθμημένας
1570 4955 1789 5025 ἀπάσης

1970 4959 2062 5015 49.
2105 4958 2309 5016 Praeter
2340 4961 2441 5016 has
2473 4961 2765 5033 praedictas
2796 4977 2990 5021 omnes
3033 4964 3161 5021 belli
3206 4965 3471 5039 irruptio-

217 5037 319 5107 τῆς
352 5037 532 5108 μάχης
577 5039 830 5127 ἐπιϐολὰς
861 5042 1126 5113 νουνεχῶς
1155 5043 1467 5098 ἐπιϐάλλειν
1503 5062 1563 5098 σε
1608 5062 1789 5117 παρα-

1899 5064 2035 5117 nes,
2088 5052 2392 5121 prudenter
2440 5059 2501 5106 ut
2547 5053 2733 5109 hostes
2777 5054 3047 5112 adoriaris
3096 5037 3469 5127 praecipitans,

220 5127 576 5199 κελευόμεθα,
609 5123 654 5183 ὦ
686 5132 979 5202 πρατηγέ,
1027 5132 1258 5189 καθόσον
1292 5135 1603 5205 ἐπινοήσεις
1646 5136 1789 5190 ἐνδέ-

1899 5148 2167 5209 quantum
2225 5144 2422 5198 subita:
2468 5160 2653 5200 rerum
2688 5123 3469 5218 aggressionesprudentiam

217 5221 410 5290 χεσθαι
440 5223 539 5286 τάς
568 5224 934 5295 ἐγχειρήσεις,
970 5225 1333 5295 φυλάττεσθαι
1373 5227 1429 5280 δὲ
1481 5226 1576 5280 ἀπ’
1610 5228 1789 5281 αὐτῶν

1900 5231 2190 5291 admittere
2246 5246 2501 5306 possunt.
2563 5235 2812 5293 llostium
2869 5246 3054 5294 autem
3120 5239 3469 5296 incursiones

214 5312 316 5374 τὰς
339 5312 447 5366 τῶν
509 5315 782 5385 πολεμίων
842 5316 1135 5380 ἐπιθέσεις.
1193 5319 1303 5372 Καὶ
1344 5319 1481 5391 πρὸς
1516 5319 1693 5372 πάντα
1723 5324 1789 5376 τά

1899 5333 2169 5394 quantum
2200 5336 2355 5397 potes
2381 5327 2613 5394 devites,
2656 5336 2711 5383 et
2742 5328 2927 5385 omnia
2955 5328 3305 5399 huiusmodi,
3347 5345 3469 5400 qua

217 5404 464 5471 τοιαῦτα,
507 5408 555 5460 εί
584 5406 725 5461 οὓτω
755 5407 929 5479 τύχοι,
962 5410 1303 5480 ἐμπίπτοντά
1352 5427 1411 5464 σε
1441 5410 1665 5480 φεύγειν
1691 5411 1789 5476 τὰς

1899 5414 2138 5472 incidere
2166 5427 2417 5487 possunt,
2452 5420 2761 5490 propulses.
2814 5420 2945 5487 Quae
2996 5422 3140 5477 enim
3183 5426 3238 5476 in
3279 5422 3466 5479 hostes

219 5496 583 5572 ἐγχειρήσεις⁸
611 5500 647 5556 ἃ
692 5501 800 5572 γάρ
850 5501 1058 5574 ἑτέροις
1093 5502 1337 5573 δράσεις,
1394 5503 1461 5557 δι’
1496 5504 1676 5559 αὐτῶν
1718 5503 1787 5558 τά

1899 5508 2098 5563 inferre
2124 5509 2359 5579 cogites,
2391 5511 2582 5567 eadem
2610 5527 2751 5583 stupe
2782 5528 3013 5570 numero
3047 5514 3115 5569 ab
3147 5515 3255 5570 illis
3291 5514 3466 5585 patie-

1726 5617 1955 5676 ΝΟΤᾸΞ.

286 5713 400 5787 (70)
417 5713 526 5771 Kal
544 5715 963 5786 τὰς-οὐραγίας.
987 5714 1360 5783 Scribebatur,
1385 5715 1482 5780 τὰς
1504 5714 1781 5785 οὐρανίας.

1967 5718 2082 5789 (7f)
2114 5718 2300 5775 Ὅταν
2328 5718 2627 5793 uallari}.
2656 5720 2869 5791 Scribe,
2900 5723 3028 5780 ὅταν
3055 5723 3390 5797 μεταλλαγὴ.
