3964 6206
476 271 613 341 tua?
1726 268 2001 333 morus
2030 264 2489 332 PHli.OSOl’l1I
3486 214 3489 217 δ
3605 262 3777 326 1033

472 394 574 459 ris,
616 400 675 447 et
714 389 841 445 aliis
883 402 1106 460 qucque
1164 386 1495 458 quibusdam
1548 386 1927 444 molitionihus
1976 388 2078 450 ab,

2194 404 2306 439 ιοια
2338 384 2532 448 πάθοις
2564 380 2727 437 πάλιν
2758 380 2848 450 ὕφ’
2873 381 3075 453 ἐτέρων
3105 381 3171 437 δι’
3202 378 3384 436 αἰτῶν
3409 380 3561 449 (72).
3604 382 3666 433 εί
3711 382 3797 451 μή

474 484 730 540 hostibus
785 481 1101 545 invadcris,
1173 479 1280 535 nisi
1350 489 1552 547 caute,
1623 488 1679 535 et
1745 480 2049 551 prudenter

2194 476 2269 529 ἴαν
2302 473 2467 541 ὀξέως
2504 475 2599 528 καὶ
2640 473 2909 543 νουνεχῶς
2949 473 3213 543 ὲπιϐάλῃς
3250 475 3367 537 τοῖς
3408 472 3793 544 ἐμπίπτουσι

466 572 925 643 circumspicias,
977 580 1032 627 et
1078 586 1200 642 quae
1244 570 1393 626 facto
1431 585 1573 642 opus
1618 580 1749 628 sunt
1797 572 1905 627 illis
1951 588 2051 643 op-

2194 568 2248 621 ai.
2288 566 2563 638 ἀντιτιθῇς
2590 567 2710 629 ταῖς
2734 562 3002 633 ἀνάγκαις
3037 564 3104 618 τὰ
3132 563 3343 619 δέοντα.

476 682 674 739 ponas.

545 762 632 815 50.
655 759 724 813 iis
749 759 875 813 anui
896 755 1238 828 temporibus
1255 754 1513 813 excursio
1541 753 1813 821 iacienda,
1832 754 2053 826 quando

478 854 667 920 fruges
698 859 852 906 sunt.

547 945 636 999 5i.
678 946 733 997 in
761 943 881 997 acie
913 942 1238 998 instruenda
1267 940 1441 995 solem
1478 954 1507 993 a
1543 946 1717 1011 tergo,
1754 944 1808 992 et
1831 943 2053 992 ventum

478 1037 686 1091 habeas
707 1076 722 1101 ,
752 1044 807 1090 et
835 1034 889 1090 in
930 1034 1173 1089 hostium
1201 1032 1380 1088 oculis
1414 1037 1707 1102 utrumque
1735 1029 2055 1085 collocabis.

2225 742 2290 799 ν’.
2336 743 2425 799 Ἐν
2457 744 2514 799 δὲ
2539 743 2754 805 τούτοις
2802 744 2915 809 τοῖς
2951 742 3166 816 χρόνοις
3218 742 3313 796 τοῦ
3346 743 3623 799 ἐνιαυτοῦ
3659 744 3786 798 δέον

2156 853 2217 890 σε
2244 836 2343 900 τὰς
2372 835 2727 907 ἐκστρατείας
2754 835 3050 902 ποιεῖσθαι,
3082 837 3212 889 ὅταν
3246 836 3385 888 εἰσὶν
3415 837 3467 888 oi
3519 837 3774 906 καρποῖ.

2230 928 2334 984 να’.
2378 930 2468 982 Ἐν
2492 930 2550 984 δὲ
2579 931 2697 992 ταῖς
2727 930 2951 983 στάσεσι
2977 928 3088 982 τῶν
3115 928 3483 998 παρατάξεων
3508 928 3589 981 τὰ
3621 932 3778 983 sva.»-

2156 1022 2247 1074 τία
2276 1025 2563 1091 πνεύματα
2593 1019 2735 1076 κατὰ
2766 1020 2936 1075 νώτου
2961 1020 3256 1085 ποιεῖσθαι,
3285 1023 3382 1074 καὶ
3406 1022 3501 1075 τὸν
3523 1023 3695 1093 ἥλιον
3712 1024 3776 1078 δὲ

2156 1106 2419 1173 ὡσαύτως
2453 1110 2597 1164 κατά
2626 1109 2726 1174 τὰς
2756 1108 3061 1180 πολεμικὰς
3110 1109 3354 1178 ἀγωνίας
3390 1112 3447 1163 ἐν
3485 1112 3609 1180 ὄψει
3644 1114 3766 1168 τῶν

2159 1203 2420 1255 ἐναντίων
2446 1204 2641 1256 ποιεῖν.

550 1299 641 1354 52.
680 1298 903 1354 Vocalis
937 1298 992 1353 in
1031 1298 1358 1355 mandandis
1382 1299 1552 1357 rebus
1575 1300 1709 1367 eris,
1747 1300 2057 1367 animosus,

482 1392 815 1446 concinnam
859 1389 1067 1446 habens
1092 1403 1304 1444 vocem.

2232 1292 2332 1363 νβ’.
2370 1290 2525 1360 Εἶναι
2566 1293 2623 1346 δέ
2655 1311 2715 1347 σε
2753 1294 2836 1347 δεῖ
2878 1294 3265 1365 μεγαλόφωνον
3290 1295 3349 1347 ὲν
3380 1296 3498 1357 τοῖς
3536 1313 3764 1366 παραγ-

2160 1385 2467 1457 τέλμασιν,
2528 1386 2626 1442 καὶ
2671 1387 2975 1461 εὐθαρσὲς,
3026 1388 3123 1441 καὶ
3184 1388 3431 1458 ἐμμελὲς
3483 1388 3645 1458 ἔχειν
3710 1391 3771 1443 τδ

2180 1474 2409 1534 βθέγμα.
3032 1496 3039 1511 ί

554 1568 644 1623 53.
688 1565 952 1621 Naturam
1009 1564 1137 1619 belli
1185 1571 1328 1619 artes
1371 1565 1507 1634 ipsae
1551 1563 1833 1632 adjuvant,
1894 1563 2059 1632 cujus

2194 1496 2263 1531 θυε
2352 1496 2409 1534 α.
3032 1496 3039 1511 λ

2376 1567 2706 1642 Συνεργοῦσι
2738 1568 2793 1622 δὲ
2816 1571 2882 1639 τῇ
2910 1568 3071 1637 φύσει
3088 1567 3183 1622 τοῦ
3224 1569 3469 1640 πολέμου
3518 1563 3698 1625 αὗται
3720 1572 3773 1624 αἱ

481 1657 701 1729 generis
749 1662 879 1711 sunt
936 1647 1244 1723 disci'plinat
1285 1652 1579 1718 armandi,
1609 1654 1888 1708 rationum
1924 1654 2057 1708 sub-

2194 1660 2367 1731 ἐχναι,
2400 1654 2511 1715 οἷον
2536 1661 2812 1733 ὁπλιτικὴ,
2846 1661 3153 1733 λογιστικὴ,
3176 1662 3620 1733 ἀρχιτεκτονικὴ
3638 1664 3772 1733 (75),

482 1749 885 1811 ducendarum,
931 1746 1173 1801 acierum
1210 1745 1686 1811 instruendarum,
1720 1746 2061 1801 architectu-

2194 1753 2563 1824 ιστρονομικὴ,
2601 1752 2873 1826 ίερατικὴ,
2918 1754 3158 1825 ἰατρική.

484 1855 581 1903 ra.
612 1850 913 1906 astrorum,
943 1840 1253 1895 medicinae.

2243 1843 2340 1902 νδ¹.
2368 1847 2546 1917 Ἔργα
2576 1845 2633 1899 δὲ
2686 1846 2787 1915 τῆς
2818 1846 3129 1914 ὁπλιτικῆς,
3184 1846 3325 1900 ὥστε
3355 1849 3775 1917 περιφράττειν

557 1932 648 1987 54.
695 1931 998 2001 Disciplina
1042 1931 1295 1986 armandi
1347 1931 1452 1987 hoc
1498 1931 1555 1988 in
1596 1945 1656 1988 se
1694 1933 1974 2001 continet,
2006 1938 2067 1988 ut

2194 1938 2234 1993 th
2264 1937 2497 2009 σώματα
2541 1936 2728 2001 ὅπλοις
2778 1937 3114 2009 συμμέτροις
3164 1937 3262 1990 καὶ
3312 1939 3649 2009 άρμόζουσι
3689 1942 3773 1993 καὶ

484 2039 718 2094 corpora
775 2025 949 2079 armis
1001 2024 1347 2088 moderatis,
1405 2024 1653 2091 idoneis,
1716 2023 1919 2092 ﬁrmis,
1972 2039 2069 2080 ex-

486 2116 691 2186 quisite
755 2114 1026 2171 confectis
1077 2123 1356 2186 tegantur.
1424 2114 1689 2187 Eiigenda
1748 2113 2066 2185 hujusmodi

486 2222 719 2279 corpora
746 2216 894 2275 sunt,
931 2221 1057 2279 qua:
1078 2207 1147 2262 ad
1175 2220 1332 2264 arma
1375 2207 1644 2279 capienda
1678 2206 1877 2263 idonea
1912 2215 2065 2264 sunt.

558 2391 651 2445 55.
689 2389 964 2457 Quantus,
1000 2387 1294 2459 qualisque
1330 2398 1610 2444 armorum
1641 2401 1780 2443 usus
1809 2400 1932 2443 esse
1972 2384 2069 2443 deo

490 2482 640 2546 heat,
696 2480 1194 2538 demonstrandum
1247 2479 1516 2536 militibus
1573 2488 1693 2545 est,
1762 2479 2071 2549 horumque

490 2573 945 2639 exercitationes,
1002 2578 1058 2626 et
1117 2571 1503 2627 contentiones
1562 2570 1630 2625 ad
1686 2584 1904 2625 omnem
1969 2582 2071 2624 ne-

493 2668 808 2721 cessitatem
838 2706 854 2732 ,
910 2672 967 2719 et
1030 2665 1429 2734 apparitionem
1479 2662 1652 2733 praelii
1720 2661 2075 2718 oswndendae

496 2765 649 2809 sunt.

568 2844 657 2899 56.
700 2843 848 2897 Cura
895 2840 1063 2897 etiam
1112 2840 1186 2895 sit
1237 2837 1555 2904 honorum,
1602 2836 1970 2909 dignitatum,
2021 2844 2078 2892 et

499 2935 851 2991 abundantia:
878 2932 1260 3004 pecuniarum,
1294 2930 1497 3001 quibus
1531 2945 1708 2994 arma,
1744 2929 2077 3001 reliquaeque

2171 2030 2414 2106 ἰσχυρρίς
2448 2029 2545 2083 καὶ
2573 2026 2816 2098 ἀκριὸῶς
2848 2027 3252 2098 εἰργασμένοις,
3283 2028 3379 2081 καὶ
3415 2028 3768 2098 εὐπρέπειαν

2169 2119 2471 2190 παρέχουσι
2503 2118 2612 2172 τῶν
2640 2118 2916 2189 φερόντων
2952 2117 3095 2171 αύτά
3146 2118 3447 2188 σωμάτων.
3505 2118 3777 2183 Ἐκλέξα-

2170 2210 2295 2264 σθαι
2333 2211 2389 2264 δὲ
2432 2212 2513 2263 δεῖ
2548 2211 2644 2264 καὶ
2681 2209 2753 2264 τὰ
2810 2208 3060 2281 σώματα,
3112 2210 3213 2263 ὅσα
3257 2209 3396 2283 πρὸς
3450 2213 3778 2267 πανοπλίαν

2172 2303 2526 2375 ἁρμόζουσιν.

2244 2401 2337 2449 vs’.
2370 2396 2461 2447 Δεῖ
2489 2394 2546 2448 δέ
2574 2411 2634 2448 σε
2660 2393 3042 2448 ὑποδεικνύναι
3076 2396 3190 2462 τοῖς
3241 2396 3629 2467 στρατιώταις
3660 2399 3777 2462 οἵας

2173 2486 2270 2540 καὶ⁸
2301 2486 2430 2549 ὅσας
2464 2481 2603 2540 εἶναι
2636 2486 2742 2559 χρὴ
2770 2485 2881 2539 τῶν
2911 2486 3091 2540 ὅπλων
3122 2488 3223 2551 τὰς
3252 2489 3505 2561 χρήσεις,
3548 2491 3648 2544 καὶ
3674 2495 3775 2555 τὰς

2178 2577 2407 2647 μελέτας
2438 2576 2662 2640 τούτων,
2694 2577 2790 2631 καὶ
2814 2577 2995 2641 πάσας
3019 2578 3118 2641 τὰς
3142 2579 3385 2647 ἀγωνίας
3422 2581 3555 2652 πρὸς
3578 2585 3759 2637 πᾶσαν

2176 2666 2448 2736 συσκευὴν
2474 2665 2570 2720 καὶ
2599 2666 2905 2736 γυμνασίαν
2934 2665 3072 2736 πρὸς
3096 2666 3196 2729 τὰς
3236 2668 3443 2738 μάχας.

2248 2847 2355 2905 νς’.
2388 2832 2699 2912 Φροντίζειν
2730 2842 2785 2896 δὲ
2808 2843 2902 2897 καὶ
2927 2843 3103 2914 τιμῶν
3130 2844 3225 2897 καὶ
3253 2845 3453 2899 οὐσιῶν
3474 2848 3574 2900 καὶ
3599 2848 3769 2903 εὐπο-

2181 2931 2322 3004 ρίας.
2366 2933 2455 2999 Ἐξ
2478 2926 2553 2987 ὧν
2581 2934 2637 2987 αί
2665 2933 2887 3002 κτήσεις
2907 2932 3016 2986 τῶν
3048 2933 3228 2988 ὅπλων
3266 2935 3362 2988 καὶ
3402 2938 3462 2989 αἱ
3501 2936 3747 2993 δαπάναι

499 3044 756 3100 expensa:
792 3027 1116 3083 necessariae
1132 3024 1454 3080 adhibendae
1482 3023 1923 3095 suppeditentur.
1951 3021 2077 3079 llaec

2194 3026 2234 3078 ιί
2270 3025 2399 3096 περὶ
2432 3026 2501 3079 τὰ
2528 3024 2756 3095 σώματα
2793 3020 3063 3095 ἀρκοεσαι
3092 3025 3329 3081 ἔσονται.
3353 3027 3545 3083 Ταῦτα
3572 3031 3675 3102 μὲν
3694 3032 3769 3087 τὰ

501 3122 571 3177 de
589 3132 871 3175 armatura
902 3121 1191 3177 hactenus.

573 3216 663 3272 57.
704 3215 1017 3286 Disciplina:
1044 3214 1279 3269 rationis
1308 3210 1677 3268 subducenda:
1716 3224 1917 3266 munus
1948 3209 2075 3275 erit,

503 3308 804 3363 exercitum
830 3308 885 3360 in
914 3306 1301 3371 contubernia,
1341 3304 1512 3369 acies,
1543 3311 1775 3367 turmas,
1808 3300 2076 3371 drungos,

504 3400 781 3464 cohortes,
809 3397 1153 3470 quincurias,
1171 3395 1449 3463 decurias,
1481 3393 1781 3458 centurias,
1808 3390 2079 3463 reliquas-

505 3506 613 3563 que
640 3499 847 3563 partes,
880 3498 1045 3561 atque
1067 3489 1214 3544 acies
1236 3486 1500 3553 dividere,
1523 3494 1687 3557 atque
1717 3500 1783 3541 ex
1811 3485 1881 3541 iis
1900 3486 2082 3539 omni-

506 3585 610 3641 bus
640 3599 737 3639 eos
760 3597 1041 3654 separare,
1072 3588 1126 3636 et
1144 3588 1283 3650 quot
1329 3589 1511 3634 castra
1540 3577 1874 3643 custodiant,
1900 3579 1993 3649 qui
2023 3588 2081 3633 et

507 3684 642 3747 quot
670 3676 914 3731 minores
945 3682 1103 3739 natu,
1171 3681 1227 3727 et
1259 3672 1648 3742 provectiores,
1676 3671 1877 3741 quique
1898 3670 2080 3725 claudi

508 3776 662 3833 sunt,
694 3777 788 3822 aut
816 3773 1040 3837 propter
1084 3763 1463 3835 aegritudinem
1500 3763 1844 3831 languentes,
1878 3763 2082 3832 quique

510 3857 577 3914 ad
611 3859 824 3912 civilem
859 3858 1241 3927 magistratum
1267 3894 1284 3919 ,
1320 3861 1375 3909 et
1405 3851 1473 3907 ad
1505 3867 1619 3906 rem
1674 3851 1950 3922 publicam
1991 3866 2085 3922 ge-

511 3950 739 4007 rendam
779 3948 976 4003 dclecti
1007 3952 1179 4013 sunt;
1209 3958 1443 4015 corpora
1476 3953 1734 4014 praeterea
1770 3942 2021 3999 ﬂorentia
2052 3956 2083 3997 a

514 4041 788 4110 languidis
836 4046 1148 4104 secernere,
1197 4045 1265 4091 et~
1305 4038 1500 4091 horum
1549 4051 1770 4107 quoque
1818 4037 2083 4091 rationem

516 4137 717 4192 habere
766 4142 882 4188 tum
932 4129 1356 4202 magnitudinis,
1394 4134 1509 4183 tum
1556 4128 1843 4200 parvitatis
1890 4141 2097 4198 corpoor

514 4244 666 4294 rum;
720 4225 1011 4299 pmfectus
1066 4228 1327 4295 provecta
1376 4228 1535 4276 astate
1581 4220 1830 4275 homines
1883 4218 2087 4274 consti-

515 4332 690 4389 tuere,
737 4320 1029 4375 stationem
1073 4326 1191 4371 tum
1217 4314 1363 4387 quod
1415 4313 1483 4369 ad
1514 4311 1933 4384 longitudinem,
1969 4320 2083 4366 tum

517 4417 660 4491 quod
696 4417 761 4472 ad
786 4412 1132 4470 altitudinem
1186 4415 1396 4480 spectat
1444 4405 1755 4471 collocare;
1783 4402 1931 4473 quali
1961 4416 2085 4457 cum

516 4525 767 4574 numero,
811 4518 865 4564 et
894 4507 1092 4578 quibus
1122 4517 1247 4558 cum
1299 4499 1551 4573 partibus
1581 4511 1923 4568 unaquaeque
1959 4508 2088 4565 pars

517 4604 583 4659 ad
610 4601 953 4658 necessarios
976 4602 1158 4651 motus
1179 4592 1308 4648 belli
1335 4592 1727 4648 conStituatur.
1758 4586 1881 4642 Htec
1903 4585 2088 4641 omnia

517 4695 682 4769 hujus
715 4691 1022 4764 disciplinae
1050 4695 1201 4744 sunt.

588 4958 680 5015 58.
724 4954 1023 5026 Disciplina
1055 4949 1297 5005 acierum
1330 4942 1777 5001 instruendarum
1807 4941 1921 4996 haec
1942 4934 2007 4995 in
2034 4954 2093 4995 se

519 5052 726 5111 habet:
759 5049 965 5107 formas
1014 5046 1259 5101 acierum
1309 5040 1693 5096 demonstrare
1716 5076 1733 5103 ,
1765 5032 1963 5105 quibus
2000 5042 2093 5086 aut

522 5143 750 5199 invadas
804 5132 964 5202 alios,
1011 5144 1107 5190 aut
1161 5134 1230 5190 ab
1277 5132 1401 5187 aliis
1455 5128 1732 5193 invadere,
1767 5135 1821 5182 et
1870 5138 1992 5197 quae
2023 5124 2091 5179 ad

524 5236 764 5293 hostium
810 5234 1071 5303 impetum
1114 5225 1496 5298 excipiendum
1528 5221 1713 5277 valent
1741 5256 1757 5284 ,
1789 5224 1844 5273 et
1872 5233 1994 5289 quae
2021 5216 2093 5271 ad

526 5328 942 5400 impressionem
988 5325 1045 5379 in
1073 5323 1258 5379 hostes
1290 5316 1597 5375 faciendam
1638 5313 1933 5370 maximum
1965 5325 2086 5365 mo-

2178 3115 2449 3172 ὁπλιτικά.

2247 3207 2345 3271 νζτ.
2372 3207 2701 3275 Λογιπικῆς
2725 3206 2785 3261 δὲ
2822 3205 2985 3279 ἔργον
3021 3198 3194 3274 ἐστὶν,
3228 3211 3352 3264 ὥστε
3394 3212 3666 3281 μερίζειν
3694 3215 3766 3268 τὸ

2182 3300 2494 3372 στράτευμα
2516 3302 2657 3355 κατὰ
2687 3301 3096 3373 κοντουϐἐρνια,
3129 3304 3224 3358 καὶ
3243 3302 3407 3368 τάξεις
3430 3306 3526 3358 καὶ
3561 3308 3750 3376 τούρ-

2183 3411 2310 3466 μας,
2352 3395 2449 3448 καὶ
2472 3395 2795 3467 δρούγγους,
2819 3396 2912 3450 καὶ
2944 3392 3135 3466 βάνδα,
3176 3396 3272 3451 καὶ
3301 3397 3621 3467 κενταριὶας
3662 3416 3763 3464 τι,

2180 3487 2277 3540 καὶ
2333 3487 2651 3559 δεκαρχίας,
2690 3488 2787 3542 καὶ
2835 3490 3193 3561 πενταρχίας,
3244 3490 3340 3543 καὶ
3388 3490 3514 3554 τοὺς
3563 3490 3772 3556 ἄλλους

2182 3577 2449 3649 ἀριθμοὺς
2482 3579 2581 3631 καὶ
2608 3578 2737 3642 ὅλας
2765 3580 3123 3653 παρατάξεις,
3158 3580 3253 3634 καὶ
3292 3580 3515 3635 πάντων
3553 3582 3775 3639 τούτων

2182 3669 2450 3723 ποιεῖσθαι
2480 3669 2769 3741 διαίρεσιν,
2819 3670 2961 3735 τίνες
2991 3673 3086 3727 καὶ
3107 3672 3219 3727 ὅσοι
3242 3672 3311 3727 τὰ
3348 3672 3565 3744 κάστρα
3592 3675 3773 3743 φυλά-

2186 3757 2389 3826 ξουσιν,
2426 3761 2520 3815 καὶ
2553 3761 2702 3825 τίνες
2754 3763 2852 3817 καὶ
2876 3764 2991 3818 ὅσοι
3045 3760 3213 3834 νέοιῆ
3246 3763 3502 3835 γέροντές
3549 3767 3768 3836 εἰσιν,ἢ

2184 3854 2458 3925 ἀνάπηροι
2491 3854 2558 3908 τὰ
2588 3855 2747 3925 μέλη,
2781 3854 2814 3926 ἢ
2844 3854 2933 3909 διά
2968 3854 3125 3910 νόσου
3181 3855 3461 3921 ἀδύνατοι,
3506 3859 3611 3911 καὶ
3644 3859 3771 3911 ὅσοι

2185 3945 2285 4015 τῆς
2323 3944 2608 4015 πολιτικῆς
2640 3947 2835 4018 ἀρχῆς,
2868 3949 2900 4021 ἢ
2933 3948 3064 4019 περὶ
3105 3947 3173 4001 τὰ
3200 3947 3440 4017 δημόσια
3467 3950 3765 4019 πράγματα

2185 4037 2531 4108 τεταγμένοι.
2572 4035 2757 4091 Ταῦτα
2817 4037 3130 4108 λογιστικῆς
3188 4036 3330 4091 εἰσιο
3378 4036 3651 4108 διακρῖναι
3696 4037 3754 4091 δὲ

2187 4130 2279 4184 καὶ
2335 4128 2689 4192 ἐπιλέξασθαι
2742 4129 2803 4185 τὸ
2850 4129 3037 4185 λοιπόν
3070 4130 3140 4185 τὰ
3178 4128 3501 4202 ἀκμάζοντα
3544 4131 3773 4202 σώματα

2190 4223 2370 4293 πάσης
2396 4222 2497 4293 τῆς
2529 4222 2809 4293 στρατιᾶς,
2837 4222 2929 4277 καὶ
2960 4220 3166 4277 τούτων
3193 4222 3285 4276 τὸν
3314 4222 3615 4294 μερισμὸν,
3640 4222 3777 4275 ὀπό-

2193 4330 2275 4367 σοι
2299 4314 2406 4367 είσὶ
2433 4314 2575 4368 κατά
2603 4331 2664 4367 τε
2701 4313 2931 4386 μέγεθος
2959 4315 3053 4368 καὶ
3076 4314 3435 4386 σμικρότητα.
3478 4316 3595 4368 Καὶ
3624 4314 3775 4377 ὅπως

2191 4404 2459 4476 ἄρχοντας
2514 4404 2610 4458 ἐπὶ
2666 4404 2877 4469 τούτοις
2924 4406 3197 4475 μεγάλους
3244 4404 3344 4468 τὰς
3411 4405 3642 4477 ἡλικίας
3698 4407 3778 4459 δεῖ

2192 4493 2484 4555 ποιεῖσθαι,
2519 4493 2614 4546 καὶ⁵
2636 4493 2753 4557 πῶς
2793 4493 2864 4548 τὰ
2922 4495 3050 4566 περὶ
3098 4494 3198 4565 τὴν
3236 4496 3425 4549 στάσιν
3471 4495 3531 4547 ἐν
3586 4513 3651 4549 τε
3700 4497 3781 4567 τῷ

2197 4584 2363 4654 μήκει
2394 4585 2491 4639 καὶ
2523 4585 2600 4656 τῷ
2634 4585 2788 4657 βάθει
2838 4585 3114 4657 γινόμενοι
3166 4586 3557 4659 ταχθήσονται,
3587 4590 3689 4641 καὶ
3721 4592 3781 4643 ὲν

2194 4675 2369 4751 ποίοις
2401 4676 2655 4748 ἀριθμοῖς
2684 4676 2891 4731 ἕκαστα
2912 4677 3022 4733 τῶν
3050 4678 3234 4750 μερῶν
3270 4678 3364 4732 καὶ
3392 4677 3493 4732 ποῦ
3527 4695 3782 4733 κατατα-

2193 4768 2454 4839 γὴσονται
2485 4768 2621 4841 πρὸς
2646 4770 2745 4833 τὰς
2773 4770 2831 4823 ὲν
2853 4771 2972 4833 ταῖς
3007 4771 3220 4840 χρείαις
3260 4770 3572 4839 ἀναγκαίας
3614 4775 3781 4844 κινήο

2193 4875 2304 4920 σεις
2325 4876 2339 4890 ·
2375 4859 2468 4913 καὶ
2490 4857 2661 4912 ταῦτα
2692 4860 2790 4931 μὲν
2815 4860 2915 4932 τῆς
2941 4860 3274 4932 λογιστικῆς.

2260 4955 2364 5022 ντί.
2397 4949 2508 5021 Τῆς
2537 4950 2595 5004 δὲ
2628 4951 2898 5022 τακτικῆς
2946 4951 3106 5023 ἔργον
3132 4954 3301 5017 ἐστὶν,
3341 4953 3484 5008 ὥστε
3515 4954 3589 5008 τὰ
3638 4956 3778 5027 σχήη

2194 5057 2345 5111 ματα
2376 5041 2486 5095 τῶν
2510 5043 2808 5113 ταγμάτων
2834 5043 3025 5108 δεῖξαι.
3081 5044 3168 5098 Ἐν
3202 5040 3282 5109 οἷς
3320 5046 3354 5118 ἢ
3400 5047 3780 5114 ὲγχειρεῖσθαι

2200 5134 2509 5205 συμϐαίνει,
2555 5136 2649 5189 καὶ
2684 5138 2811 5189 ποία
2837 5137 3084 5208 χρήσιμα
3139 5137 3275 5207 πρὸς
3316 5137 3377 5190 τὸ
3410 5137 3779 5207 ὑποδέχεσθαι

2199 5226 2474 5298 πολεμίων
2519 5227 2807 5300 ἐπιφορὰς,
2846 5229 2939 5281 καὶ
2966 5231 3094 5283 ποία
3121 5228 3257 5299 πρὸς
3288 5228 3348 5282 τὸ
3382 5218 3779 5301 ἐπέρχεσθαιῆ

2196 5318 2509 5391 ἀμύνασθαι
2544 5319 2807 5390 πέφυκεν,
2857 5321 2952 5376 καὶ
2986 5320 3127 5392 μετά
3169 5321 3321 5376 ποίου
3357 5320 3565 5392 τρόπου
3596 5322 3781 5391 γίνον·

1524 5496 1531 5499 ε
2025 5452 2265 5511 ΝυΤιΕ.

604 5562 714 5643 (7:2)
756 5562 874 5643 Ὑφξ
922 5557 1137 5638 ἐτέρων
1175 5555 1251 5609 δι’
1304 5549 1835 5643 αὑτῶκ.Ῥρεξι;οιῐιιι
1892 5544 2005 5610 illa,
2030 5544 2078 5596 δι

2205 5548 2461 5643 amplius,
2493 5549 2796 5643 λογιστικὴ,
2830 5547 3081 5620 τακτικὴ,
3132 5548 3574 5620 ἀρχιτεκτονική.
3620 5548 3786 5607 Patet

533 5619 737 5691 αὐτῶν,
770 5619 911 5685 male
940 5619 1166 5695 repetita
1199 5639 1419 5687 censeo,
1442 5634 1496 5676 et
1528 5619 1777 5695 delenda.

604 5687 1081 5771 (75)’Λογιστυὶὴ,
1120 5690 1592 5762 ὀρχιτεκτονικὴ.
1621 5687 1813 5744 Scribe
1834 5698 1941 5743 una
1965 5698 2097 5743 voce

2203 5634 2265 5674 ex
2293 5623 2669 5692 sequentibus.
