4036 6218
546 284 690 352 1103
1781 289 2056 355 LEONIS
2083 293 2113 354 Ι

2221 292 2543 356 LOSOPHI
2875 323 2878 326 ·
3669 301 3848 367 1⁵104

539 423 666 461 eum
690 405 920 463 dimidio
957 425 970 462 :
1015 408 1210 464 similis
1233 409 1388 463 color
1411 416 1466 465 et
1513 407 1729 480 signum
1757 411 1988 481 singulis
2022 427 2113 466 cu-

2225 412 2502 482 ὲχέτωσαν
2527 411 2584 465 δὶ
2617 411 2817 483 μέρους
2845 412 3078 467 ἑκάστου
3125 414 3179 468 αἱ
3206 413 3436 479 ἀσπίδες
3471 415 3568 468 καὶ
3605 417 3848 486 χρῶμα

534 498 739 568 jusque
773 499 948 568 partis
973 499 1204 569 clypeis,
1235 501 1446 556 media.
1477 501 1707 567 scilicet,
1735 502 1960 569 dextra,
1995 504 2113 560 sini-

2223 505 2318 557 καὶ
2347 506 2577 575 σημεῖον
2624 503 2814 567 ταυτδ,
2857 505 2954 558 τοῦ
2999 505 3166 574 μέσου
3219 506 3442 577 δηλαδὴ,
3480 505 3576 559 τοῦ
3603 507 3845 569 δεξιοῦ.

540 600 670 646 stre
699 599 752 644 et
781 597 1124 644 caeterarnm.
1161 589 1393 647 Lanceae
1445 592 1636 648 decem
1683 594 1994 649 cubitorum
2028 606 2113 650 aut

2220 595 2314 648 τοῦ
2367 595 2656 666 ἀριστεροῦ
2699 596 2795 649 καὶ
2835 596 2944 648 τῶν
2994 595 3217 650 λοιπῶν.
3262 598 3472 666 Δόρατα
3515 597 3578 650 δὲ
3619 598 3847 660 αὐτοῖς

539 680 826 734 minimum
859 689 1005 746 octo,
1029 698 1152 736 cum
1171 684 1492 752 cuspidibus
1505 687 1792 741 dodrantis
1805 689 1966 743 unius
1993 702 2113 742 cum

2221 689 2462 741 εστωσαν
2489 688 2772 758 δεκαπήχη
2803 689 2835 757 ἢ
2868 688 2962 741 καὶ
2987 690 3279 758 όκταπήχη
3325 690 3386 742 τὸ
3425 689 3684 754 ἔλαττον,
3722 693 3848 753 τὰς

538 770 787 825 dimidio.
817 770 1038 841 Spicula
1072 788 1178 828 non
1207 789 1270 827 ex
1302 775 1464 844 lignis
1485 780 1662 830 securi
1693 779 1912 841 excisis,
1942 779 2035 831 sed
2054 794 2113 832 ex

2232 779 2435 848 αἰχμάς
2469 780 2659 850 ἔχοντα
2695 779 2972 849 σπιθαμῆς
3019 782 3148 849 μιᾶς
3179 781 3314 849 πρὸς
3343 784 3410 851 τῇ
3445 783 3689 851 ἡμισείᾳ
3709 796 3727 812 ο
3753 784 3840 835 τὰ

538 862 851 930 quercubus
881 877 1075 919 recens
1105 866 1304 928 acutis,
1336 867 1418 920 vel
1444 870 1647 923 craniis
1684 871 1764 923 vel
1795 870 2120 934 artzicidiis,

539 963 599 1006 ut
644 953 853 1019 dicunt,
887 955 972 1010 vel
1006 957 1202 1024 quovis
1258 959 1386 1012 alio.
1423 958 1688 1016 Praeterea
1722 962 1910 1016 loricia
1943 961 2121 1017 ierant

538 1045 821 1100 autetiam
853 1047 1069 1102 clibana
1099 1052 1214 1107 sive
1239 1051 1435 1116 ferrea,
1460 1053 1576 1107 sive
1610 1069 1830 1118 cornea,
1865 1070 1985 1124 qua:
2015 1055 2118 1108 nisi

539 1144 858 1207 suppetant,
894 1155 1130 1210 suppara
1191 1143 1426 1199 habeant
1473 1160 1595 1199 cum
1643 1146 1902 1201 bambace
1940 1157 1992 1200 et
2023 1161 2123 1201 cu-

540 1229 707 1284 cullio
747 1230 814 1284 ad
849 1246 1026 1302 genua
1073 1236 1386 1303 pendentia.
1452 1237 1804 1306 manicasque
1869 1239 2120 1293 habentia

541 1337 717 1391 usque
745 1323 812 1377 ad
844 1324 1112 1389 cubitum,
1158 1327 1421 1382 scissuris
1478 1337 1727 1396 palentes
1757 1329 1964 1384 circum
1990 1330 2118 1383 bra-

541 1416 664 1471 chia
710 1415 779 1470 ad
805 1417 1133 1474 emittendas
1168 1435 1395 1485 manus;
1428 1421 1722 1492 alligentur
1750 1432 1930 1477 autem
1981 1439 2122 1492 pone

544 1509 803 1563 humeros
841 1509 1068 1563 manica:
1121 1511 1480 1567 muliebribus
1513 1513 1712 1568 ﬁbulis.
1748 1513 2121 1570 Femoralibus

542 1614 670 1652 vero
699 1599 1125 1669 praecingantur,
1163 1601 1213 1654 id
1245 1611 1350 1665 est,
1370 1602 1563 1671 gladiis
1599 1604 1766 1659 altera
1811 1615 1965 1674 parte
1989 1621 2122 1660 acn-

543 1691 614 1746 tis
669 1691 1024 1746 dodrantium
1073 1692 1200 1748 cum
1239 1696 1436 1764 capulo
1493 1705 1748 1765 quatuor.
1782 1698 2119 1768 Chiropsella

2229 869 2412 940 μέντοι
2450 869 2713 939 μεναύλια
2743 868 2817 938 μὴ
2842 869 2949 923 ἀπὸ
2986 868 3303 939 πελεκητῶν
3331 869 3580 923 ἔστωσαν
3603 871 3832 934 ξύλων,

2221 960 2336 1016 ἀλλ’
2365 960 2475 1016 ἀπὸ
2498 960 2739 1014 νεακέων
2761 960 2938 1030 δρυῶν
2964 960 2996 1031 ἢ
3025 961 3266 1030 κρανιῶν
3295 961 3326 1028 ἢ
3355 961 3464 1012 τῶν
3482 962 3828 1031 λεγομένων

2220 1053 2568 1124 ἀρτζικιδέων
2612 1052 2647 1121 ἢ
2703 1053 2890 1123 ἑτέρου
2942 1052 3086 1105 τοίου
3127 1052 3273 1116 τινός
3294 1054 3362 1107 ⁸⁸.
3411 1055 3558 1124 Πρὸς
3590 1055 3832 1116 τούτοις

2222 1142 2453 1214 λωρίκια
2504 1141 2844 1212 φορείτωσαν
2888 1140 2922 1210 ἧ
2978 1142 3073 1194 καὶ
3123 1140 3376 1195 κλιϐάνια
3415 1143 3508 1196 καὶ
3544 1144 3737 1197 ταῦτα
3779 1145 3823 1213 ἢ

2224 1235 2422 1305 σιδηρᾶ
2443 1235 2490 1266 ⁸³
2519 1234 2550 1303 ἢ
2581 1232 2865 1304 κεράτινα,
2910 1233 3118 1286 τούτων
3157 1234 3214 1287 δὲ
3261 1235 3336 1304 μὴ
3366 1235 3529 1288 ὅντων
3555 1237 3822 1290 καὸἁδισ

2223 1329 2502 1398 ἐχέτωσαν
2539 1324 2678 1394 μετὰ
2729 1324 3018 1396 βαμδάκης
3043 1326 3138 1378 καὶ
3179 1326 3526 1380 κουκουλλίου
3550 1330 3594 1361 ⁸⁵
3631 1329 3825 1397 μέχρι

2221 1418 2464 1486 γονάτων
2507 1415 2797 1486 φθάνοντα,
2858 1417 2930 1468 τά
2989 1415 3212 1486 μανίκια
3266 1417 3429 1486 μέχρι
3474 1419 3585 1471 τῶν
3611 1418 3824 1484 thymb-

2221 1525 2328 1561 νων
2351 1509 2395 1540 ⁸⁸
2419 1507 2611 1575 ἔχοντα
2638 1505 2912 1575 σχίσματα
2941 1521 2999 1557 τε
3060 1507 3188 1576 περὶ
3214 1506 3314 1570 τὰς
3347 1508 3548 1570 ὠλένας
3581 1508 3740 1579 πρὸς
3759 1509 3830 1560 τὸ

2223 1597 2432 1650 ἐκεῖθεν
2489 1594 2775 1649 ἐκϐάλλειν
2835 1594 2934 1656 τὰς
2986 1597 3208 1666 χεῖραςο
3264 1598 3574 1668 κρατείσθω
3625 1600 3696 1652 δὲ
3751 1601 3829 1652 τὰ

2229 1689 2455 1760 μανίκια
2508 1688 2596 1740 διά
2673 1687 3114 1757 κομποθηλύκων
3169 1688 3280 1740 τῶν
3339 1688 3506 1758 ῶμων
3553 1690 3826 1744 δπισθεν.

540 1795 763 1853 quoque
788 1787 918 1846 sint,
947 1799 1068 1853 qum
1092 1750 1384 1839 manicililia
1419 1750 1698 1854 dicuntur,
1717 1799 1771 1842 ct
1801 1750 2113 1859 podopsella

2226 1750 2627 1835 ὲωννύσθωσαν
2660 1780 2715 1832 δὲ
2745 1750 2840 1833 καὶ
2870 1750 3196 1852 παραμήρια
3218 1780 3347 1850 ξίφη
3381 1750 3592 1851 δηλαδὴ
3625 1781 3829 1850 ἑτερό-

539 1889 714 1939 :enea,
748 1875 946 1931 deinde
972 1878 1138 1946 galea:
1165 1879 1378 1933 eximiae
1412 1881 1538 1936 tuﬁs
1575 1881 1628 1935 in
1647 1883 1802 1951 apice
1823 1883 2114 1948 distinctae,

542 1967 749 2021 similes
777 1978 954 2024 autem
988 1969 1116 2024 tul‘ze
1144 1987 1286 2040 pone
1317 1973 1578 2029 humeros
1603 1974 1658 2029 in
1691 1975 1898 2029 loriciis
1928 1985 1982 2030 et
2017 1977 2118 2031 cli-

545 2056 722 2109 banis.
755 2057 956 2112 Eorum
987 2067 1168 2115 tamen
1200 2063 1292 2130 qui
1345 2063 1588 2132 peltasta:
1633 2073 1920 2131 vocantur,
1951 2067 2118 2121 levio-

542 2162 658 2202 rem
697 2158 1028 2205 armaturam
1053 2167 1178 2208 esse
1200 2163 1432 2223 oportet.
1471 2154 1634 2210 Scuta
1653 2158 1850 2212 etenim
1893 2159 2115 2213 orbicu-

544 2237 678 2291 laria
739 2239 941 2294 debent
989 2242 1191 2298 habere
1231 2246 1396 2300 trium
1447 2247 1515 2301 ad
1567 2263 1842 2302 summum
1873 2249 2114 2306 dodran-

541 2330 679 2383 tium
712 2339 806 2385 aut
835 2334 1071 2404 oblonga
1102 2334 1451 2392 dodrantium
1485 2351 1738 2409 quatuor,
1762 2342 1984 2398 lanceas
2013 2359 2113 2396 au-

540 2431 648 2475 tem
678 2423 986 2478 cubitorum
1009 2435 1134 2482 octo
1164 2437 1219 2483 et
1245 2429 1430 2497 jacula
1471 2432 1702 2486 missilia
1757 2433 1899 2488 ulna:
1952 2436 2115 2490 unius

538 2529 664 2568 cum
717 2518 874 2571 tertia
931 2527 1085 2589 parte
1131 2521 1372 2588 circiter,
1419 2539 1527 2578 non
1584 2525 1821 2595 amplius
1863 2527 2113 2582 videlicet

536 2621 701 2675 quam
733 2607 1022 2666 duodecim
1046 2613 1392 2669 dodrantinm
1413 2630 1537 2670 cum
1565 2618 1823 2687 cuspide;
1861 2619 2112 2675 thoraces

536 2711 759 2768 quoque
787 2699 966 2754 hamis
997 2702 1141 2756 inter
1173 2718 1232 2757 se
1271 2705 1544 2760 consertis
1603 2706 1790 2761 loricia
1823 2710 2031 2764 scilicet
2058 2719 2113 2764 et

535 2787 754 2841 clibana
803 2796 898 2841 aut
935 2790 1107 2843 ferrea
1140 2791 1301 2844 ambo
1327 2799 1422 2844 aut
1452 2807 1676 2855 cornea.
1707 2795 1791 2849 vel
1836 2796 1880 2850 si
1899 2795 2109 2860 desint,

535 2891 774 2945 suppara
808 2878 1070 2946 spissiora
1125 2894 1192 2935 ex
1235 2879 1359 2936 lana
1388 2883 1472 2938 vel
1501 2885 1736 2950 cuculla,
1773 2887 1914 2941 sicut
1945 2902 2111 2958 supra

536 2965 803 3031 diximus,
837 2977 1208 3040 praetereaque
1259 2972 1540 3028 femoralia
1565 2983 1619 3028 et
1655 2975 1840 3045 galeas
1871 2993 1899 3030 a
1929 2977 2110 3033 fronte

535 3067 776 3128 apertas.
825 3058 1058 3115 Velitnm
1093 3070 1273 3118 autem
1310 3064 1424 3119 haec
1484 3065 1556 3121 sit
1587 3074 1864 3121 armatura
1897 3084 1912 3120 :
1945 3083 2112 3138 super

534 3151 785 3207 humeris
855 3152 1142 3222 pharetras
1196 3163 1414 3224 portent
1475 3157 1770 3227 marsupiis
1808 3158 2112 3216 instructas

534 3243 760 3313 triginta
788 3245 870 3298 vel
902 3245 1264 3315 quadraginta
1300 3248 1408 3302 tela
1441 3250 1873 3314 continentibus,
1911 3267 2110 3310 nervos

532 3332 882 3403 insupcrduo
903 3333 1120 3389 tubulos
1154 3335 1363 3404 ligneos
1387 3337 1648 3394 cumtelis
1675 3339 1859 3409 parvis
1888 3349 1940 3395 et
1959 3340 2112 3395 simi-

531 3425 676 3480 libus
742 3428 1039 3497 marsupiis
1097 3446 1112 3482 :
1168 3442 1290 3498 quae
1318 3443 1483 3498 parva
1523 3431 1627 3485 tela
1652 3432 1876 3502 quidam
1911 3442 2111 3489 vocant

531 3531 743 3572 menas.
807 3516 1068 3572 Perutilia
1118 3529 1297 3574 autem
1356 3521 1668 3590 hujusmodi
1711 3525 1817 3578 tela
1846 3525 1898 3580 in
1967 3526 2110 3581 bello

531 3610 790 3677 quoniam
827 3609 1143 3677 longissime
1162 3613 1400 3666 arcubus
1435 3616 1729 3669 mittuntur
1766 3624 1819 3671 et
1859 3618 2108 3674 hostibus

531 3708 661 3755 sunt
686 3701 982 3756 invisibilia
1015 3704 1086 3757 ob
1114 3705 1458 3770 brevitatem,
1491 3714 1548 3758 et
1579 3707 1659 3760 sic
1707 3707 1990 3762 celerrime
2021 3711 2110 3763 in-

532 3791 832 3856 terﬁciunt,
855 3801 1230 3863 praetereaque
1257 3794 1509 3849 hostibus
1527 3804 1748 3866 propter
1777 3799 2106 3867 imperitiam

529 3884 917 3938 suntinutilia.
973 3884 1164 3939 Jacula
1196 3901 1414 3955 quoque
1442 3895 1495 3941 et
1519 3897 1671 3942 scuta
1703 3889 2034 3945 orbicularia
2051 3900 2108 3947 et

530 3974 816 4028 femoralia
857 3991 952 4030 seu
989 3992 1214 4033 secures
1270 3979 1326 4033 in
1357 3980 1627 4035 coriaceis
1667 3980 1901 4044 loculis;
1936 3983 2104 4053 aliqui

527 4081 719 4122 eorum
753 4065 947 4121 fundas
969 4084 1060 4123 sex
1092 4070 1463 4134 dodrantium,
1484 4085 1583 4126 nec
1616 4072 1885 4139 minores;
1915 4089 2107 4132 eorum

527 4170 707 4216 vestes
741 4176 850 4215 non
877 4163 987 4216 sint
1022 4163 1242 4228 talares,
1290 4164 1385 4220 sed
1439 4166 1504 4219 ad
1535 4181 1708 4235 genua
1763 4175 1975 4221 tantum
2007 4172 2107 4222 de-

531 4252 819 4318 scendant,
852 4262 906 4308 et
941 4254 1311 4310 calceamenla
1349 4255 1472 4310 laxe
1497 4258 1734 4327 ligentur
1765 4277 1779 4313 :
1817 4258 2106 4314 commoda

525 4344 730 4400 etenim
755 4360 819 4402 ea
863 4345 1046 4402 omnia
1070 4354 1126 4401 et
1155 4347 1390 4402 maxime
1413 4349 1465 4402 in
1495 4349 1802 4405 itineribus.
1825 4348 2105 4404 Sitautem

2227 1888 2402 1943 στομα
2428 1869 2719 1940 σπιθαμῶν
2774 1873 2913 1942 μετά
2959 1871 3062 1940 τῆς
3101 1871 3294 1941 κώπης
3323 1874 3369 1905 ⁸⁸
3404 1873 3583 1926 όντων
3609 1873 3829 1926 τεσσά-

2227 1979 2367 2034 ρωνο
2400 1961 2728 2033 χειρόψελλά
2755 1979 2815 2015 τε
2845 1963 3028 2025 αὐτοῖς
3055 1962 3321 2029 ἔστωσαν,
3357 1965 3395 2017 ἃ
3422 1963 3486 2034 δὴ
3523 1965 3628 2018 καί
3661 1982 3829 2035 μανι-

2223 2055 2410 2108 κέλλια
2459 2055 2728 2123 λέγονται,
2756 2054 2835 2107 ἔτι
2857 2071 2917 2106 τε
2953 2056 3048 2107 καὶ
3079 2054 3380 2124 ποδόψελλα
3407 2055 3509 2108 εἴτ’
3539 2051 3646 2108 οὖν
3681 2057 3826 2124 χαλ-

2222 2145 2474 2209 κότουὸα,
2498 2145 2594 2198 καὶ
2623 2143 2851 2214 κόρυθες
2881 2144 3085 2198 τέλειαι
3115 2146 3158 2176 ⁵⁷
3181 2145 3374 2214 τουφια
3406 2144 3640 2214 ἔχουσαι
3670 2146 3828 2199 κατὰ

2221 2239 2320 2303 τὴν
2345 2237 2590 2307 κορυφήν
2609 2252 2622 2265 ·
2663 2237 2734 2290 τά
2769 2236 2828 2290 δὲ
2880 2235 3024 2289 αὐτὰ
3047 2236 3243 2303 τουφία
3275 2237 3370 2289 καὶ
3399 2239 3460 2290 ἐν
3487 2239 3610 2299 τοῖς
3643 2236 3828 2306 impt-

2221 2330 2360 2392 κίοις
2409 2329 2550 2381 ἔστω
2597 2328 2690 2380 καὶ
2738 2327 3036 2392 κλιϐανίοις
3077 2327 3184 2381 τῶν
3215 2328 3384 2399 ῶμων
3418 2327 3664 2383 ἄνωθεν.
3693 2328 3822 2380 τῶν

2223 2421 2409 2491 μέντοι
2473 2419 2830 2474 πελταστῶν
2877 2420 3228 2491 καλουμένων
3280 2421 3673 2492 ἐλαφροτέραν
3713 2421 3813 2489 τὴν

2221 2515 2497 2578 ἐξόπλισιν
2534 2514 2789 2585 ποιητέον
2809 2529 2823 2542 ·
2859 2512 3087 2576 ἀσπίδες
3119 2514 3227 2585 γάρ
3257 2513 3442 2576 αὐτοῖς
3475 2514 3811 2583 περιφερεῖς

2220 2605 2463 2660 εστωσαν
2494 2603 2786 2675 σπιθαμῶν
2805 2604 2976 2674 τριῶν
3009 2604 3265 2674 μάλιστα,
3305 2604 3340 2674 ἢ
3371 2603 3469 2657 καὶ
3498 2604 3808 2672 ἐπιμήκεις

2218 2698 2672 2768 τετρασπίθαμοι,
2709 2696 2910 2768 δόρατά
2955 2713 3016 2749 τε
3066 2697 3358 2766 όκταπήχη
3416 2696 3512 2749 καὶ
3561 2695 3807 2748 ἀκόντια

2218 2790 2318 2844 εἶτ’
2371 2789 2465 2843 οὖν
2517 2788 2779 2861 ῥιπτάρια
2803 2785 3031 2859 ὀργυιάς
3063 2789 3193 2859 μιᾶς
3220 2788 3364 2858 πρὸς
3391 2787 3472 2858 τῷ
3508 2787 3682 2857 τρίτῳ
3705 2787 3806 2853 ἰγ-

2217 2900 2400 2954 γιστα.
2442 2881 2517 2953 μὴ
2557 2881 2718 2934 πλέον
2752 2881 2952 2952 δηλαδὴ
3003 2880 3295 2951 σπιθαμῶν
3318 2879 3530 2935 δώδεκα
3560 2879 3806 2932 ἕκαστον

2218 2975 2317 3028 σὺν
2356 2977 2424 3046 τῇ
2471 2974 2642 3043 αἰχμῇ
2667 2989 2682 3004 ο
2737 2971 2985 3043 θώρακες
3024 2973 3080 3027 δὲ
3111 2972 3436 3026 άλυσιδωτοὶ
3460 2973 3528 3036 ³⁸,
3556 2972 3802 3042 λωρικιιι

2136 3103 2182 3165 C
2215 3066 2418 3138 δηλαδὴ
2443 3069 2537 3120 καὶ
2557 3066 2831 3133 κλιϐάνια,
2866 3065 2900 3137 ἢ
2946 3065 3142 3136 σιδηρᾶ
3177 3067 3223 3098 ⁸⁹
3246 3067 3412 3136 ἄμφω
3437 3067 3469 3138 ἦ
3498 3066 3595 3118 καὶ
3622 3066 3802 3165 καρά-

2212 3175 2354 3222 τινα,
2384 3159 2418 3229 ἢ
2447 3156 2653 3211 τούτων
2686 3156 2761 3227 μὴ
2777 3156 2947 3210 ὄντων
2976 3156 3214 3211 καὸάδια
3239 3157 3520 3229 παχύτατα
3546 3159 3614 3210 ἐκ
3644 3155 3806 3227 βαμ-

2213 3248 2387 3316 ϐάκης
2434 3249 2528 3301 καὶ
2589 3249 2961 3314 κουκουλλῐου,
3015 3249 3091 3312 ῶς
3139 3249 3334 3304 ἄνωθεν
3377 3247 3615 3317 ἔφημεν,
3644 3249 3808 3318 πρὸς

2209 3338 2421 3402 τούτοις
2449 3339 2777 3409 παραμήρια
2810 3339 2904 3392 καὶ
2947 3337 3179 3408 κόρυθες
3209 3337 3432 3399 ἀσκεπὶς
3457 3336 3693 3406 ἔχουσαι
3721 3337 3806 3391 τὸ

2209 3431 2520 3502 πρόσωπον.
2574 3430 2696 3482 Τῶν
2720 3429 2776 3482 δὲ
2796 3429 2968 3498 ψιλῶν
3016 3429 3319 3500 λεγομένων
3345 3423 3443 3481 ὣδέ
3482 3445 3598 3491 πως
3625 3427 3798 3480 ἔστω

2208 3523 2475 3592 ὁπλισμός
2500 3537 2514 3552 ⁸
2547 3522 2676 3592 περὶ
2711 3522 2808 3592 μὲν
2825 3523 2950 3585 τοὺς
2970 3521 3153 3593 ὤμους
3185 3521 3550 3590 τοξοφάριτρα
3577 3518 3809 3589 βαστα-

2211 3614 2455 3678 ζέτωσαν
2487 3611 2764 3682 κούκουρα
2795 3612 3007 3681 ἔχοντες
3033 3611 3136 3664 ἀνὰ
3163 3610 3460 3680 τριάκοντα
3479 3607 3514 3677 ἢ
3543 3606 3646 3659 καὶ
3668 3623 3810 3660 τεσ-

2211 3706 2518 3776 σαράκοντα
2539 3706 2748 3767 ὀϊστοὺς
2795 3703 3095 3774 χωροῦντα,
3138 3702 3419 3772 ἐχέτωσαν
3450 3700 3507 3754 δὲ
3536 3701 3640 3753 καὶ
3666 3717 3802 3753 νευ-

2211 3797 2315 3868 ράς
2376 3797 2480 3851 ἀνά
2549 3796 2643 3849 δύο
2698 3797 2792 3850 καὶ
2848 3795 3156 3866 σωληνάρια
3197 3793 3386 3858 ξύλινα
3411 3792 3553 3864 μετὰ
3575 3792 3796 3863 μικρῶν

2206 3888 2433 3941 ἕκαστον
2462 3886 2576 3918 ⁶⁰·⁶¹
2601 3885 2796 3938 ὀϊστῶν
2812 3885 2907 3940 καὶ
2945 3885 3256 3956 κουκούρων
3269 3885 3559 3938 τοιούτωνο
3589 3882 3796 3948 τοὺςῦ

2210 3978 2438 4049 μικροὺς
2454 3977 2727 4039 τοιούτους
2753 3977 2965 4040 ὀϊστοὺς
2981 3978 3076 4030 καὶ
3104 3978 3269 4048 μένας
3297 3975 3529 4030 καλοῦσί
3554 3993 3701 4037 τινες
3721 3977 3794 4034 ⁸³.

2205 4070 2470 4139 Χρήσιμα
2491 4069 2549 4121 δὲ
2609 4068 2680 4120 τά
2740 4067 2868 4138 βέλη
2911 4066 3085 4120 ταῦτα
3124 4066 3268 4118 κατά
3297 4066 3390 4118 τὸν
3417 4066 3671 4135 πόλεμον,
3695 4066 3789 4117 ὅτι

2203 4179 2266 4214 τε
2283 4164 2330 4194 ⁵⁸
2361 4161 2704 4234 πορρωτάτω
2742 4161 2831 4214 διὰ
2855 4161 2962 4214 τῶν
2986 4161 3156 4226 τόξων
3203 4162 3538 4231 πέμπονται,
3571 4158 3672 4212 καὶ
3702 4158 3797 4210 ὅτι

2204 4252 2411 4307 ἀθέατα
2447 4254 2560 4315 τοῖς
2614 4251 2896 4322 πολεμίοις
2929 4253 3039 4305 εἰσὶ
3093 4252 3183 4305 διὰ
3213 4252 3314 4321 τὴν
3345 4250 3676 4322 βραχύτητα
3699 4248 3806 4302 καὶ

2203 4343 2294 4400 διὰ
2344 4342 2503 4396 τοῦτο
2565 4343 2796 4412 τάχιστα
2838 4342 3178 4413 ἀναιροῦσιν,
3241 4343 3422 4404 ἄλλως
3466 4357 3527 4394 τε
3575 4340 3682 4394 καὶ
3713 4341 3806 4394 ὅτι

527 4435 755 4504 insuper
813 4436 868 4491 in
923 4436 1033 4491 illis
1074 4438 1316 4506 peditum
1365 4439 1672 4508 legionibus
1737 4456 1834 4510 pro
1871 4440 2102 4511 singulis

2214 4437 2319 4498 τοῖς
2371 4432 2656 4502 πολεμίοις
2700 4433 2762 4486 ού
2796 4433 3193 4503 χρησιμεύουσι
3217 4431 3393 4485 ταῦτα
3440 4430 3510 4483 τά
3553 4430 3696 4500 βέλη
3728 4427 3810 4482 δι’

530 4522 834 4580 decarchiis
861 4526 1163 4596 plaustrum
1214 4544 1380 4582 unum
1433 4531 1629 4584 molam
1662 4531 1842 4586 ferens
1873 4547 2100 4586 manua-

2204 4524 2484 4595 ἀπειρίαν.
2531 4523 2592 4577 Οἱ
2635 4521 2680 4575 δ’
2713 4523 2868 4576 αὐτοὶ
2898 4521 3042 4590 ψιλοὶ
3080 4523 3174 4576 καὶ
3215 4522 3437 4576 ἀκόντια
3465 4521 3814 4592 φερέτωσαν

534 4616 664 4682 lem,
714 4618 1029 4685 asciamque
1075 4619 1363 4688 bipennem
1394 4630 1450 4676 et
1506 4621 1716 4692 ligones
1743 4623 1880 4678 duos
1932 4635 2098 4696 atque

2214 4617 2301 4673 καὶ
2329 4616 2651 4670 άσπιδίσκια
2682 4615 2990 4685 στρογγύλα
3027 4616 3121 4669 καὶ
3153 4619 3478 4686 παραμήρια
3502 4614 3536 4683 ἦ
3568 4612 3816 4676 τζικού-

523 4706 834 4762 ventilabro
862 4719 915 4764 et
945 4709 1185 4764 cilicium
1211 4719 1264 4764 et
1308 4711 1567 4779 junceum
1595 4714 1889 4783 cophinum
1919 4725 1973 4770 et
1989 4730 2096 4770 caa-

2214 4728 2296 4780 ρια
2325 4708 2413 4764 διά
2449 4707 2732 4780 θηκαρίων
2762 4707 3140 4778 βασταζόμενα
3158 4706 3500 4779 δερματῑνων
3526 4723 3541 4736 ·
3574 4705 3814 4759 τούτων

521 4806 665 4863 tera,
692 4809 950 4868 przcterea
982 4816 1204 4870 quoque
1258 4805 1494 4857 securim
1527 4819 1590 4857 ac
1619 4803 1810 4860 falcem
1837 4815 1890 4860 et
1925 4807 2098 4862 tribu-

2214 4802 2255 4856 ἢ
2281 4801 2410 4854 ἔνιοι
2460 4801 2556 4853 καὶ⁹
2595 4791 2886 4869 σφενδόνας
2916 4801 3190 4870 ἐχέτωσαν
3229 4801 3329 4852 οὐκ
3367 4799 3635 4860 ἐλάττους
3670 4815 3814 4850 σπι-

525 4888 610 4942 los
641 4887 852 4944 ferreos
879 4891 1168 4960 colligatos
1208 4892 1380 4946 clavis
1415 4893 1613 4949 ferreis
1637 4911 1731 4964 per
1759 4897 1902 4950 dlcta
1931 4897 2099 4966 spite-

2214 4894 2390 4964 >αμῶν
2421 4893 2502 4961 ἐξ.
2549 4893 2763 4963 Ὶμάτια
2788 4892 2847 4946 δὲ
2873 4893 3058 4956 αὐτοῖς
3085 4893 3160 4964 μὴ
3189 4893 3419 4963 ποδήρη,
3451 4890 3590 4943 ἀλλὰ
3626 4892 3817 4963 μέχρι

523 4989 735 5033 comata
771 4989 830 5035 ut
858 4983 1076 5037 facilius
1098 4983 1388 5060 mittantur
1415 4993 1468 5039 et
1487 5001 1680 5042 rursus
1706 4989 2053 5043 retrahuntur
2079 5007 2096 5057 ;

2214 4992 2440 5062 (owith
2481 4990 2624 5046 ἔστω
2674 4991 2945 5057 φθάνοντα
3009 4993 3108 5044 καὶ
3136 5027 3140 5033 -
3165 4992 3488 5060 ὑποδήματα
3541 4990 3815 5058 μετρίως

523 5071 662 5126 [erat
683 5072 846 5126 etiam
879 5074 1181 5141 plaustrum
1230 5075 1487 5147 quodque
1543 5093 1707 5135 arcus
1770 5082 2101 5138 necessitate

2214 5084 2599 5155 ιαθηλωμένα·
2651 5084 2824 5137 ταῦτα
2884 5083 2994 5153 γὰρ
3042 5085 3287 5154 χρήσιμα
3317 5084 3410 5135 καὶ
3440 5082 3705 5151 μάλιστα
3749 5085 3814 5136 ὲν

521 5161 708 5230 plures
736 5171 792 5218 et
845 5165 972 5227 tela,
1019 5175 1418 5236 paxamataque
1468 5182 1531 5223 ac
1562 5169 1751 5224 tritum
1788 5171 1996 5226 milium
2045 5181 2101 5228 et

2214 5177 2322 5239 ταῖς
2350 5175 2707 5246 ὁδοιπορίαις.
2741 5176 2922 5230 Ἔστω
2949 5176 3005 5230 δὲ
3039 5176 3177 5247 πρὸς
3218 5174 3426 5238 τούτοις
3450 5175 3511 5226 ὲν
3542 5177 3673 5238 τοῖς
3704 5193 3817 5228 πε-

522 5268 866 5327 qumcunque
906 5259 1215 5313 necessaria
1239 5273 1268 5316 a
1298 5259 1455 5314 nobis
1489 5262 1718 5318 omissa.

2214 5267 2379 5336 ζικοῖς
2409 5268 2586 5322 τοῖσδε
2611 5268 2854 5338 τάγμασι
2887 5267 2984 5322 καὶ
3017 5267 3159 5321 κατά
3193 5267 3489 5337 δεκαρχεαν
3519 5264 3730 5336 ἅμαξα
3763 5270 3817 5302 ⁸⁸

524 5350 628 5420 μία
656 5353 982 5424 χειρόμυλον
1005 5355 1245 5428 φέρουσα
1271 5357 1366 5419 καὶ
1393 5351 1581 5429 ἀξίνην
1605 5360 1701 5413 καὶ
1726 5360 1976 5416 πελέκιον
1997 5362 2091 5418 καὶ
2127 5363 2360 5434 όρύττας
2393 5365 2487 5420 δύο
2507 5366 2599 5421 καὶ
2631 5365 2777 5420 πτύα
2811 5365 2908 5420 καὶ
2936 5365 3167 5419 κιλικιον
3204 5367 3298 5420 καὶ
3355 5363 3582 5433 κόφινον
3674 5366 3818 5420 σκέ-

1775 5514 2005 5579 VARIE
2037 5516 2445 5575 LECTIONES.

594 5639 639 5673 ⁸³
661 5641 948 5705 τοιούτινδς
971 5643 1032 5698 Β.
1109 5646 1158 5678 ⁵³
1180 5647 1298 5716 σιδη
1339 5647 1450 5701 as.
1517 5650 1563 5682 ”
1595 5651 1912 5710 κουκουλίου
1947 5652 2007 5707 Β.
2085 5653 2130 5684 ³³
2157 5654 2402 5721 άγκόνων
2429 5653 2488 5708 Β.
2586 5657 2632 5687 ⁸⁸
2657 5656 2766 5711 κόπ
2803 5677 2831 5721 ς
2867 5655 2926 5710 Β.

594 5714 682 5758 not
711 5707 770 5760 Β.
878 5713 924 5743 ⁸³
949 5713 1143 5781 σιδηρᾶ
1164 5717 1258 5768 καὶ
1431 5719 1475 5750 ⁸⁸
1503 5719 1545 5751 ⁶¹
1585 5720 1814 5781 ἕκαστος
1842 5720 1903 5777 Β.
1963 5723 2005 5754 "
2033 5722 2257 5777 καλοῦσῖ
2285 5725 2427 5781 τῖνές
2453 5727 2513 5781 Β.
2615 5727 2660 5760 ⁸⁸
2688 5727 2746 5781 τι
2918 5730 2926 5760 ¹

3002 5659 3047 5689 87

497 5697 554 5765 ,ὃ
594 5657 639 5736 Ἰ
661 5657 948 5705 τοιουτινος
974 5657 1032 5698 Β.
1109 5657 1158 5678 ’³
1180 5657 1374 5768 mansa
1394 5657 1450 5701 Β.
1517 5657 1563 5682 ³³
1595 5657 1912 5710 κουκουλιου
1947 5657 2007 5707 Β.
2085 5657 2130 5684 ³⁵
2157 5657 2402 5739 άγκόνέυν
2429 5657 2488 5708 Β.
2586 5657 2632 5687 ⁵⁸
2657 5657 2831 5781 “urbe
2867 5657 2926 5710 Β.
2989 5659 3047 5742 *⁸⁷
3083 5658 3283 5714 τελεὶαι
3314 5657 3374 5714 Β.

555 5714 682 5758 ω.οὶ
711 5707 770 5760 Β.
878 5713 924 5743 ⁸³
949 5713 1143 5782 σιδηρᾶ
1164 5717 1258 5768 καὶ
1334 5757 1348 5770 .
1431 5719 1475 5750 ⁸⁸
1503 5719 1545 5751 ⁶¹
1585 5720 1814 5784 ἕκαστος
1842 5720 1903 5777 Β.
1963 5723 2005 5754 "
2033 5722 2257 5777 καλουσῖ
2285 5725 2427 5790 τινές
2453 5727 2513 5781 Β.
2615 5727 2660 5760 ⁸⁸
2688 5727 2746 5781 τι
2824 5769 2841 5783 .
2918 5729 2962 5760 “
2986 5729 3134 5790 αμαξ
3160 5729 3222 5783 Β.

2897 5729 2962 5800 ,⁸⁸
2986 5728 3134 5799 ἇμαξ
3160 5729 3222 5783 Β.

3485 5658 3539 5691 ⁸⁸
3560 5659 3818 5718 ἁλύσει-
