3964 6206
213 295 347 364 nos
1382 286 1723 367 TACTICA.
1755 331 1826 344 --
1846 306 2268 379 ,APPENDIX.
3026 327 3034 336 -
3329 291 3494 379 1106'

209 405 413 478 παρνόν
445 422 504 460 τε
533 409 628 462 καὶ
657 408 727 462 τά
749 407 934 476 λοιπὰ,
972 411 1110 482 πρὸς
1148 412 1370 478 τούτοις·
1388 413 1697 485 τζικούριον
1735 415 1830 468 καὶ
1867 415 2096 484 φαλκίον
2145 417 2188 450 ⁸⁸
2223 416 2473 486 τριδόλιά
2513 434 2573 471 τε
2635 421 2830 490 σιδηρ1
2871 423 2960 476 διὰ
2994 425 3104 477 τῶν
3154 423 3468 494 λεγομένων

209 499 592 572 σφηκωμάτων
651 502 1023 575 amatum
1064 506 1218 576 ἣλοις
1285 508 1528 580 σιδηροῖς
1569 508 1708 576 πρὸς
1738 509 1801 562 τὸ
1839 509 2040 580 ῥᾳδίως
2061 508 2201 565 αὐτά
2231 509 2540 580 ῥίπτεσθαι.
2579 515 2675 564 καὶ
2725 509 2882 577 αὖθις
2945 515 3310 583 συνάγεσθαιο
3367 531 3468 582 φε-

212 591 348 660 ρίτω
373 592 428 645 δέ
455 591 565 645 τῶν
611 593 840 663 ἁμαξῶν
889 595 1096 667 ἑκάστη
1128 596 1224 652 καὶ⁸
1281 595 1414 662 τόξα
1455 597 1558 667 τῆς
1592 597 1784 669 χρείας
1821 597 1996 653 πλείω
2021 598 2117 652 καὶ
2151 599 2363 661 -ετστοὺς
2412 599 2746 670 παξαμάτας
2785 619 2846 654 τε
2885 604 2979 656 καὶ
3048 604 3282 676 κέγχρον
3335 603 3470 676 άλη-

209 687 475 756 λεσμὲνην
509 685 555 718 ⁸⁸
579 687 674 740 καὶ
698 687 799 741 ὃσα
827 687 940 742 τῶν
969 689 1170 759 χρειῶν
1199 689 1243 743 δ’
1274 689 1440 763 ἕτερα
1455 691 1588 761 ἡμῖν
1620 691 2096 762 παραλέλειπται.’

209 801 458 857 ΚΕΦᾹΛ.
490 803 708 856 Λενμ-
748 802 1081 876 Ὀπλισμὸς
1106 807 1336 863 ἱππέων
1373 811 1503 863 κατ’
1539 810 1780 877 αὐτούς.

1899 808 2039 866 CAP.
2100 806 2343 866 XXXIX.
2387 840 2454 850 -›
2514 809 2772 932 Εᾳᾶιέπιιηι
2833 818 3118 865 armatura
3170 811 3313 880 apud
3355 829 3469 867 eos-

2631 896 2736 935 em.

274 983 418 1047 Τοὺς
478 983 526 1037 δ’
578 985 768 1048 ἱππεῖς
819 983 1014 1039 τοῦτον
1069 986 1355 1042 όπλιστέον
1406 986 1498 1042 τὸν
1540 987 1741 1057 τρόπον
1765 1003 1782 1019 ⁸

205 1075 430 1138 ἀσπίδες
462 1075 564 1144 μὲν
593 1077 708 1138 τοῖς
751 1075 1160 1146 καταφράκτοις
1207 1077 1454 1131 ἐστωσαν
1490 1077 1785 1149 ιπιμήκεις

207 1165 500 1237 σπιθαμῶν
536 1166 776 1237 μάλιστα
837 1167 1124 1238 τεσσάρων
1149 1169 1245 1222 καὶ
1273 1169 1551 1240 ἡμισείας,
1583 1169 1786 1241 δόρατά

206 1275 266 1312 τε
309 1256 602 1329 όκταπήχη
636 1257 1044 1328 φλαμουλίσκια
1087 1257 1283 1330 [χοντα
1305 1261 1400 1313 καὶ
1431 1259 1638 1331 αίχμάς
1661 1278 1787 1315 σπι-

209 1351 519 1421 θαμιαίους,
560 1351 656 1403 καὶ
705 1351 841 1422 πρὸς
871 1349 1123 1422 θώρακες
1162 1368 1222 1404 τε
1265 1351 1587 1406 ἁλυσιδωτοὶ
1623 1353 1668 1384 ⁸⁷
1694 1352 1787 1406 τέ-

209 1440 340 1493 λειοι
377 1440 540 1510 μέχρι
578 1440 678 1510 μὲν
733 1439 1093 1512 ἀστραγάλων
1145 1440 1447 1510 διήκοντες,
1497 1441 1784 1512 ἀνασειρά-

212 1548 364 1602 μενοι
393 1531 451 1584 δέ
475 1531 563 1585 διά
585 1530 798 1602 λωρίων
827 1533 923 1586 καὶ
948 1531 1271 1604 κρικέλωνῆ
1304 1531 1555 1586 κλιϐάνια
1592 1532 1787 1603 σιδηρᾶ

210 1621 242 1690 ἢ
271 1622 364 1675 καὶ
397 1622 657 1692 κεράτινα
685 1621 719 1694 ἢ
762 1621 860 1676 καὶ
887 1623 1216 1694 ἐπιλωρίκια
1251 1622 1443 1693 μακρὰ
1473 1616 1611 1693 μετὰ
1645 1623 1788 1694 βαμ-

210 1709 386 1777 σάκης
447 1711 543 1764 καὶ
603 1711 955 1765 κουκουλλίου
984 1712 1050 1778 ⁸⁸,
1105 1710 1380 1782 σχίσματα
1410 1710 1603 1781 ἔχοντα
1658 1710 1787 1782 περὶ

209 1802 306 1866 τὰς
327 1801 554 1867 ὠλένας,
588 1802 666 1866 ὡς
709 1803 824 1856 ἄνω
864 1819 969 1855 που
1001 1803 1234 1873 ἔφημεν,
1283 1800 1702 1856 ἐπανωκλίσανά
1728 1819 1787 1855 τε

209 1895 348 1965 πρὸς
379 1893 593 1959 τούτοις
634 1895 834 1964 τουφία
890 1896 988 1950 είτ*
1050 1892 1145 1950 οὖν
1195 1894 1444 1959 λιδέλους
1503 1894 1635 1965 περὶ
1661 1897 1790 1957 τοὺς

209 1985 392 2056 ὤμους
416 1984 608 2056 ἔχοντα
631 2003 648 2021 ο
693 1987 1056 2060 άπεωρείσθω
1081 1988 1127 2020 ⁸⁸
1166 1987 1224 2040 δέ
1251 1986 1362 2039 τῶν
1415 1985 1597 2040 αὐτῶν
1623 1985 1788 2056 ὤμων

210 2078 305 2132 καὶ
323 2079 450 2148 ξίφη
480 2077 714 2148 δίστομα
743 2078 1035 2149 σπιθαμῶν
1079 2079 1210 2132 ὄντα
1253 2080 1301 2110 ⁷⁸
1334 2078 1566 2149 μάλιστα
1597 2077 1790 2132 τεσσά-

1958 988 2185 1061 Equites
2226 989 2331 1046 hoc
2362 989 2524 1046 modo
2571 989 2776 1046 armari
2799 997 3050 1061 oportet:
3086 989 3472 1059 Cataphractis

1886 1081 1999 1137 sint
2029 1088 2186 1138 scuta
2213 1080 2564 1136 dodrantium
2602 1083 2668 1136 ad
2713 1096 2990 1136 summurn
3053 1089 3286 1152 quatuor
3345 1095 3471 1136 cum

1887 1170 2135 1237 dimidio,
2194 1171 2396 1226 lancea:
2441 1179 2624 1228 autem
2657 1171 2968 1226 cubitorum
3020 1179 3146 1224 octo
3193 1170 3471 1225 ﬂammula
3559 1181 3578 1197 '

1887 1262 2150 1318 habentes
2176 1269 2232 1317 et
2274 1261 2532 1332 cuspides
2587 1261 2875 1317 dodrantis
2905 1261 3093 1326 unius,
3123 1270 3178 1316 et
3215 1261 3472 1316 thoraces

1888 1349 2067 1406 hamis
2088 1349 2229 1406 inter
2254 1365 2315 1406 se
2361 1352 2637 1406 consertis
2679 1352 2744 1404 ad
2780 1350 3473 1422 spondylos-devenientes

1889 1439 2135 1511 lorisque
2191 1450 2246 1497 et
2303 1440 2522 1497 annulis
2560 1441 2735 1512 ligati,
2791 1443 2874 1496 vel
2924 1443 3142 1497 clibana
3172 1442 3348 1498 ferrea
3380 1450 3505 1510 aut.

1889 1546 2111 1596 cornea,
2138 1531 2222 1586 vel
2242 1532 2404 1586 etiam
2439 1532 2717 1602 epiloricia
2742 1531 2902 1601 longa
2958 1547 3082 1585 cum
3123 1532 3386 1587 bambace
3419 1538 3475 1588 et

1890 1622 2150 1687 cucullio,
2187 1621 2415 1679 llssuras
2475 1621 2731 1677 habentia
2761 1622 2969 1676 circum
3005 1623 3250 1687 brachia,
3310 1623 3476 1679 siculi

1891 1727 2061 1781 supra
2102 1711 2369 1775 diximus,
2405 1721 2574 1783 atque
2621 1713 3016 1782 epanoclibana
3061 1713 3208 1768 tufas
3269 1712 3504 1779 circmn

1892 1802 2154 1858 humeros
2209 1810 2265 1859 et
2302 1803 2495 1862 libelos
2549 1805 2828 1861 habentia.
2858 1804 3283 1876 Suspendantur
3307 1805 3474 1861 simul

1891 1894 1962 1949 ab
2007 1895 2250 1950 humeris
2300 1896 2465 1967 gladii
2523 1898 2795 1967 ancipites
2821 1897 3170 1952 dodrantium
3219 1905 3277 1952 ut
3302 1897 3478 1950 maxi-

1891 2003 1980 2043 me
2003 1995 2242 2057 quatuor
2270 1989 2477 2058 absque
2504 1990 2721 2062 capulo,
2778 1991 3065 2045 minimum
3124 1997 3304 2043 autem
3341 2004 3479 2058 qua-

1893 2089 2018 2134 tuor
2041 2094 2166 2134 cum
2194 2081 2414 2149 capulo,
2446 2089 2500 2136 et
2530 2081 2694 2137 simul
2746 2082 2870 2137 aliis
2899 2080 3097 2152 gladiis
3130 2081 3298 2134 altera
3329 2088 3481 2150 parte

213 2185 323 2238 ρων
355 2168 456 2237 τῆς
478 2169 674 2236 κώπης
696 2171 887 2240 χωρὶς,
909 2171 978 2225 τά
997 2171 1042 2224 δ’
1067 2171 1328 2241 ἐλάχιστα
1356 2171 1630 2242 τέσσαρας
1657 2170 1795 2236 μετὰ

1901 2170 2101 2235 acutis,
2129 2169 2465 2238 ancipitibus
2516 2171 2856 2242 longitudine
2892 2173 3195 2243 aequalibus
3245 2172 3481 2242 praecin-

210 2260 309 2327 τῆς
335 2259 530 2330 κώπης
552 2274 570 2290 ο
614 2260 710 2313 καὶ
747 2260 915 2332 ἐτερα
953 2262 1010 2316 δέ
1057 2263 1366 2332 μονόστομα
1413 2262 1542 2332 ξίφη
1573 2263 1686 2324 τοῖς
1706 2261 1789 2313 δι-

1899 2271 2108 2333 ganlur,
2139 2264 2232 2330 qui
2259 2261 2540 2320 femoralia
2566 2263 2848 2330 dicuntur,
2885 2278 3080 2318 manus
3134 2279 3264 2318 suas
3300 2263 3482 2318 chiro-

215 2351 437 2421 στόμοις
485 2352 724 2424 ἰσομήκη
778 2353 1332 2424 παραξωννύσθωσαν
1366 2355 1416 2407 oi
1456 2354 1630 2416 αὐτοὶ,
1666 2352 1702 2407 ἃ
1724 2353 1790 2425 δὴ

1899 2356 2097 2426 pselliis
2129 2358 2398 2421 muniant,
2427 2355 2701 2425 pedesque
2729 2353 3101 2424 podopsclliis,
3136 2353 3221 2409 vel
3260 2352 3478 2421 ferreis,

213 2443 309 2494 καὶ
337 2445 670 2514 παραμήρια
697 2444 971 2514 λέγονται.
1005 2447 1118 2500 Καὶ
1155 2447 1252 2509 τὰς
1285 2447 1386 2516 μὲν
1413 2448 1607 2517 χεῖρας
1634 2445 1789 2499 ὁπλι-

1899 2449 1980 2502 vel
2012 2449 2205 2515 ligneis
2235 2454 2330 2503 aut
2355 2463 2420 2504 ex
2449 2447 2660 2503 bovinis
2710 2447 2964 2518 pellibus.
3031 2445 3248 2501 Circum
3307 2445 3475 2500 sellas

212 2531 458 2595 ζὲτωσαν
490 2537 605 2598 τοῖς
650 2537 1040 2608 χειροψέλλοις,
1101 2539 1228 2599 τοὺς
1268 2538 1314 2591 δ⁹
1367 2537 1433 2590 αὖ
1480 2537 1648 2601 πόδας
1672 2539 1785 2601 τοῖς

1899 2538 2083 2593 clavos
2109 2539 2293 2593 cuncti
2320 2539 2556 2594 habeant
2572 2545 2627 2592 et
2647 2535 3027 2593 sideroraudia
3044 2545 3099 2592 et
3123 2535 3272 2591 sellae
3288 2549 3482 2590 saccu-

213 2624 560 2694 ποδοψέλλοις
595 2627 1038 2698 ὀνομαζομένοις,
1096 2632 1192 2682 καὶ
1232 2631 1446 2693 τούτοις
1475 2629 1510 2700 ἢ
1546 2630 1787 2700 σιδηροῖς

1899 2629 1980 2685 los
2017 2630 2070 2684 in
2107 2631 2310 2701 quibus
2361 2630 2470 2684 duo
2521 2637 2615 2684 aut
2647 2629 2756 2683 tria
2797 2635 3114 2699 paxamata,
3147 2627 3231 2683 vel
3271 2627 3483 2681 milium

213 2713 248 2783 ἢ
283 2713 515 2780 ξυλίνοις
561 2715 596 2787 ἢ
627 2717 724 2771 καὶ
783 2718 848 2770 ἐκ
908 2717 1115 2789 βύρσης
1154 2718 1539 2790 εἰργασμένοις
1582 2718 1783 2788 βοείας.

1899 2720 2108 2785 tritum,
2171 2721 2318 2776 sicut
2368 2721 2634 2787 vigesimo
2693 2721 2872 2789 capite
2913 2719 3092 2775 fusius
3119 2719 3382 2775 diximus.
3424 2719 3485 2772 In

216 2804 351 2877 Περὶ
379 2806 436 2860 δὲ
462 2807 562 2870 τὰς
591 2808 912 2880 ἐφεστρίδας
936 2809 1234 2882 βαρδούκια
1257 2821 1462 2874 πανεες
1491 2808 1786 2882 ἐχέτωσαν,

1899 2809 2171 2877 capitibus
2206 2809 2393 2880 galeas
2431 2809 2636 2878 pariter
2669 2809 2879 2864 ferreas
2902 2810 3147 2881 integras
3161 2811 3320 2883 signo
3349 2812 3488 2865 insi-

216 2896 316 2950 εἴτ’
371 2897 464 2952 οὖν
509 2899 554 2931 ⁷⁸
611 2900 1025 2974 σιδηροραύδια,
1086 2902 1182 2955 καὶ
1225 2901 1591 2970 σελοπούγγια
1655 2905 1794 2971 πρὸς

1899 2902 2077 2971 gnitas
2109 2912 2164 2956 et
2199 2902 2332 2956 tulls
2394 2899 2656 2970 desuper.
2715 2896 2922 2956 Ferant
2961 2915 3183 2972 quoque
3226 2901 3332 2956 tela
3384 2901 3488 2955 tri-

213 2987 430 3053 τούτοις
459 2990 564 3044 ἀνά
610 2989 706 3044 δύο
741 2991 775 3063 ἢ
807 2992 903 3046 καὶ
933 2992 1104 3059 τριῶν
1155 2992 1349 3063 ἔχοντα
1383 2992 1720 3063 παξαμάτων
1759 2993 1792 3060 ἢ

1899 2991 2042 3059 ginta
2096 2999 2192 3044 aut
2244 2989 2611 3060 quadraginta
2673 2992 2726 3044 in
2763 2991 3060 3060 marsupiis
3100 2992 3254 3047 :tela
3307 3003 3487 3046 autem

219 3077 454 3152 κέγχρου
504 3082 905 3156 ἀληλεσμίνης,
957 3082 1032 3150 ὡς
1055 3085 1115 3138 ἐν
1143 3083 1224 3156 τῷ
1249 3083 1478 3155 είκοστῷ
1514 3082 1796 3152 κεφαλαίῳ

217 3168 644 3238 πλατυκώτερον
673 3173 806 3245 περὶ
847 3173 1044 3227 τούτου
1091 3175 1430 3246 είρήκαμενο
1457 3172 1587 3244 περὶ
1613 3171 1670 3226 δέ
1698 3172 1798 3236 τὰς

219 3263 467 3332 κεφαλάς
531 3264 771 3336 κόρυθας
813 3266 1080 3330 ὡσαύτως
1131 3267 1358 3338 σιδηρᾶς
1378 3265 1594 3329 τελείας
1633 3280 1797 3318 σεσα-

222 3359 506 3428 μιωμένας
537 3361 734 3430 τουφία
764 3363 857 3415 καὶ
878 3363 1081 3426 ταύτας
1104 3363 1335 3432 ἐχούσας
1353 3363 1560 3418 ἄνωθεν
1585 3380 1600 3396 ’
1632 3365 1798 3433 φερέ-

218 3465 401 3502 τωσαν
428 3450 486 3501 δέ
507 3452 602 3503 καὶ
632 3451 906 3521 κούκουρα
932 3453 1034 3505 ἀνά
1061 3452 1104 3505 λ’
1135 3454 1167 3523 ἢ
1200 3452 1252 3523 μ’
1279 3455 1493 3516 ὀϊστοὺς
1513 3453 1798 3526 χωροῦντα

218 3537 449 3592 ἕκαστον
471 3555 484 3568 ·
523 3541 572 3592 οἱ
627 3541 809 3609 μέντοι
843 3543 1016 3596 ὀϊστοὶ
1045 3543 1150 3598 ἀνὰ
1196 3543 1241 3597 θ’
1286 3544 1601 3598 παλαιστῶν
1629 3544 1798 3598 ἔστω-

222 3645 321 3681 σαν
367 3629 464 3682 καὶ
515 3629 592 3701 μὴ
650 3631 906 3685 ἔλαττον·
962 3632 1093 3700 τόξα
1132 3651 1193 3687 τε
1233 3633 1370 3687 πολὺ
1392 3634 1492 3704 τῆς
1509 3633 1800 3703 δυνάμεως

221 3720 612 3791 ἐλασσούμενα,
678 3724 992 3777 παλαιστῶν
1033 3726 1129 3779 καὶ
1178 3725 1354 3778 ταῦτα
1409 3726 1602 3792 δεκαέξ
1641 3725 1675 3795 ἢ
1740 3723 1801 3777 τδ

220 3812 449 3867 ἔλασσον
480 3821 542 3868 ιε’
575 3815 715 3885 μετά
762 3816 872 3870 τῶν
909 3817 1095 3888 θηκῶν
1154 3819 1364 3871 αὐτῶν·
1398 3818 1570 3888 ἐχέτω
1600 3817 1656 3870 δὲ
1678 3817 1802 3870 ἐκα-

225 3919 351 3968 στος
405 3907 488 3970 είς
525 3907 592 3961 τά
641 3907 754 3962 τῶν
784 3910 1102 3980 κουκούρων
1136 3909 1379 3983 ξωνάρια
1407 3909 1501 3964 καὶ
1533 3911 1679 3980 ρίνον
1707 3909 1802 3963 καὶ

225 3997 473 4051 σουσλίον
503 4001 599 4053 καὶ
628 4002 897 4074 μαχαίρια
923 4002 1017 4055 καὶ
1037 4003 1236 4056 κόλλαν
1265 4003 1358 4057 καὶ
1377 4003 1541 4074 ἕτερα
1576 4001 1803 4056 τοιαῦτα

223 4087 334 4140 τῶν
361 4091 659 4156 χρειωδῶν.
701 4093 764 4148 Οί
820 4093 1004 4164 μέντοι
1037 4095 1218 4147 αὐτῶν
1257 4095 1416 4148 ἵπποι
1449 4109 1804 4165 προμετωπι-

221 4177 358 4240 δίοις
387 4180 481 4232 καὶ
518 4184 894 4254 περιστηθίοις
926 4186 1022 4239 καὶ
1061 4187 1422 4252 κατανωτίοις
1471 4185 1802 4240 σκεπάσθω-

227 4283 328 4322 σαν
362 4270 406 4301 ”
435 4269 470 4340 ἢ
509 4270 792 4341 λωρικίοις
819 4275 854 4344 ἢ
892 4275 1194 4340 κλιϐάνοις.
1223 4277 1319 4330 καὶ
1347 4278 1560 4340 τούτοις
1585 4276 1617 4347 ἢ
1654 4277 1802 4347 σιδη-

229 4363 341 4430 ροῖς
367 4361 401 4432 ἢ
432 4362 530 4415 καὶ
552 4363 640 4416 διὰ
678 4364 926 4433 κεράτων
973 4367 1512 4438 συμπεπλεγμένοις.
1568 4366 1806 4432 Ὀπλιζὲρ

228 4450 446 4505 σθωσαν
478 4453 533 4506 δὲ
569 4454 663 4508 καὶ
679 4456 725 4508 oi
753 4455 1042 4527 δορυφόροι
1064 4459 1180 4520 τοῖς
1195 4457 1401 4527 ὁμοίοις
1420 4458 1603 4530 σχεδὸν
1622 4459 1805 4522 ὅπλοις

225 4541 337 4595 τῶν
366 4546 798 4615 καταφράκτων,
829 4547 1217 4619 ἐλαφροτέροις
1261 4549 1445 4619 μέντοι
1473 4549 1681 4604 τούτων
1711 4548 1807 4602 καὶ

225 4627 391 4704 ἦττον
415 4637 862 4709 στεγανωτέροις,
899 4639 994 4694 καὶ
1030 4639 1081 4693 οί
1132 4639 1292 4693 ἵπποι
1329 4640 1386 4694 δέ
1429 4641 1567 4712 πρὸς
1597 4639 1808 4704 τούτοις

225 4727 410 4781 αὐτῶν
440 4729 630 4784 ἄοπλοι
674 4730 918 4786 εστωσαν
963 4732 1053 4787 διά
1091 4749 1154 4786 τε
1181 4732 1229 4765 ⁷³
1265 4735 1365 4799 τὰς
1395 4732 1685 4796 ἐπελάσεις
1711 4731 1809 4786 καὶ

1901 3095 2096 3133 novem
2131 3079 2440 3147 palmorum
2473 3079 2608 3143 sint,
2671 3093 2774 3134 nec
2800 3080 3025 3147 minus;
3057 3096 3221 3136 arcus
3251 3097 3381 3137 vero
3397 3098 3490 3137 ro-

1897 3170 2030 3225 bore
2080 3168 2253 3223 multo
2291 3167 2554 3235 minores,
2603 3167 2878 3223 sexdecim
2902 3171 3300 3224 autminimum
3327 3172 3490 3241 quin-

1898 3262 2072 3318 decim
2097 3261 2427 3332 palmorum,
2460 3275 2585 3314 cum
2618 3260 2798 3316 thecis
2819 3262 2960 3327 suis;
2985 3261 3291 3332 habeatque
3309 3279 3484 3319 unus-

1897 3330 2133 3424 quisque
2163 3352 2218 3406 in
2246 3351 2651 3421 marsupiorum
2676 3350 2920 3420 cingula,
2937 3330 3131 3419 pellem
3156 3330 3214 3405 et
3232 3351 3488 3406 subulam

1900 3452 1952 3499 et
1981 3444 2274 3498 novaculas
2286 3451 2341 3498 et
2355 3443 2540 3513 gluten
2564 3451 2824 3498 etczetera
2847 3443 3183 3498 necessaria.
3202 3440 3338 3512 Equi
3362 3457 3492 3498 vero

1900 3549 2090 3590 eorum
2124 3533 2472 3595 frontalibus,
2521 3533 3000 3605 pectoralibusque
3043 3542 3098 3588 et
3135 3535 3495 3591 dorsualibus

1901 3625 2241 3688 muniantur,
2278 3634 2372 3680 aut
2403 3625 2610 3680 loriciis
2645 3633 2740 3679 aut
2759 3625 2993 3680 clibanis
3025 3626 3139 3681 sive
3164 3624 3360 3680 ferreis
3378 3625 3494 3680 sive

1901 3716 2136 3772 comeis.
2197 3716 2463 3772 Armandi
2546 3715 2844 3787 doryphori
2897 3715 3106 3775 eisdem
3170 3716 3281 3771 fere
3327 3730 3492 3785 quam

1900 3811 2288 3880 cataphracta,
2309 3809 2405 3866 sed
2430 3810 2732 3866 levioribus
2759 3810 3024 3876 armis,'et
3051 3810 3236 3866 minus
3258 3809 3449 3866 solidis
3473 3827 3489 3877 ;

1901 3906 2142 3960 inermes
2170 3919 2391 3975 quoque
2405 3918 2595 3958 eorum
2616 3903 2764 3973 equi,
2794 3912 3015 3974 propter
3043 3903 3344 3974 impetuset
3364 3903 3497 3959 sub-

1903 3997 2214 4052 ductiones.
2279 3993 2406 4051 Hzec
2429 3996 2498 4052 de
2540 3995 2648 4051 his.
2709 3997 2872 4051 Inter
2901 4010 2996 4050 eos
3022 4004 3206 4049 autem
3237 3995 3496 4064 quileves

1902 4099 2172 4145 vocantur
2220 4087 2458 4160 equites.
2487 4088 2854 4158 jaculatorum
2915 4087 3150 4159 quisque
3197 4087 3338 4142 ferat
3385 4086 3497 4141 duo

1903 4184 1986 4240 vel
2010 4184 2114 4237 tria
2144 4181 2326 4254 jacula
2353 4181 2704 4238 dodrantium
2746 4182 3037 4239 duodecim
3072 4191 3131 4238 ut
3165 4182 3404 4237 maxime
3441 4188 3497 4235 et

1905 4276 2129 4347 insuper
2144 4277 2386 4332 lanceam
2409 4275 2720 4332 cubitorum
2740 4285 2865 4331 octo
2882 4285 2936 4329 et
2952 4274 3244 4344 oblongum
3278 4283 3497 4330 scutum

1905 4368 2255 4425 dodrantium
2284 4369 2398 4424 fere
2432 4377 2670 4440 quatuor
2702 4375 2797 4422 aut
2844 4366 3154 4422 orbiculare
3204 4365 3370 4420 trium
3395 4365 3499 4420 do-'

1905 4461 2208 4525 drantium,
2241 4460 2426 4532 galeas
2469 4468 2734 4530 praeterea
2780 4459 2834 4514 in
2873 4459 3109 4514 circuitu
3155 4457 3359 4513 nudas.
3395 4457 3496 4512 Sa—

1908 4553 2114 4626 gittarii
2153 4568 2283 4609 vero
2326 4552 2602 4621 marsupia
2646 4558 2702 4606 et
2743 4563 2910 4606 arcus
2949 4549 3147 4605 robore
3200 4548 3486 4616 minores;

1912 4649 1972 4697 ut
2000 4655 2168 4712 supra
2217 4639 2483 4704 diximus,
2522 4638 2590 4694 ad
2622 4638 2894 4693 tractandi
2925 4637 3247 4694 facilitatem
3288 4647 3345 4693 et
3388 4637 3498 4693 im;

1911 4733 2106 4803 primis
2144 4729 2463 4802 iaculandi;
2509 4729 2793 4787 femoralia
2821 4745 3044 4801 quoque
3074 4737 3131 4787 et
3169 4730 3350 4801 galeas
3385 4747 3496 4786 non

226 4814 387 4883 αὖθις
437 4822 834 4894 ὑποχωρήσεις.
885 4825 996 4879 Καὶ
1027 4825 1202 4880 ταῦτα
1240 4824 1341 4894 μέν
1392 4824 1522 4894 περὶ
1569 4822 1795 4878 τούτων·

1911 4826 2175 4897 integras,
2235 4823 2383 4880 sellae
2407 4821 2684 4894 marsupia
2713 4822 2876 4878 simul
2926 4837 2957 4876 a
2994 4824 3234 4878 zonariis
3287 4839 3501 4878 marsu-

225 4911 342 4966 τῶν
365 4914 421 4966 δέ
445 4913 616 4982 ψιλῶν
641 4916 994 4987 καλουμένων
1033 4918 1246 4971 ἱππέων
1275 4919 1323 4972 οί
1354 4916 1453 4988 μὲν
1485 4917 1795 4971 ἀκοντισταὶ

1910 4916 2343 4988 piorumaliqua
2377 4915 2816 4971 necessariorum
2841 4929 3133 4985 suspensa,
3165 4922 3224 4971 ut
3239 4915 3307 4971 de
3345 4923 3496 4971 cata-

227 5003 334 5058 ἀνά
367 5003 461 5058 δύο
487 5006 519 5076 ἦ
557 5007 650 5060 καὶ
695 5007 864 5078 τριῶν
903 5009 1121 5080 φερέτω
1149 5010 1385 5074 ἕκαστος
1417 5010 1643 5063 ἀκόντια
1673 5026 1801 5062 σπι-

1916 5007 2168 5079 phractis
2201 5007 2540 5062 disserentes
2567 5006 2842 5062 diximus.

230 5094 421 5164 θαμῶν
459 5098 696 5166 μάλιστα
734 5099 821 5169 ιβ’,
851 5099 948 5154 καὶ
981 5101 1116 5172 πρὸς
1133 5101 1344 5164 τούτοις
1373 5100 1501 5172 δόρυ
1522 5100 1808 5170 ὀκτάπηχυ
1849 5100 1941 5153 καὶ
1962 5098 2164 5152 ἀσπίδα
2194 5099 2439 5170 ἐπιμήκη
2477 5095 2769 5168 σπιθαμῶν
2820 5097 3102 5170 τεττάρων
3168 5096 3396 5166 ἔγγιστα
3458 5095 3493 5165 ἢ

227 5193 326 5245 καὶ
355 5199 628 5268 περιφερῆ
659 5197 1026 5268 τρισπίθαμον
1065 5199 1166 5252 καὶ
1201 5197 1440 5269 κόρυθας
1465 5199 1558 5251 ἐπὶ
1596 5199 1810 5261 τούτοις
1849 5198 2114 5260 άσκεπεϊς
2176 5196 2248 5250 τά
2314 5195 2535 5266 κύκλῳο
2572 5196 2620 5248 ot
2653 5194 2709 5248 δέ
2737 5193 2956 5261 τοξόται
2991 5193 3269 5265 κούκουρά
3293 5209 3352 5246 τε
3376 5191 3497 5261 ἐχέ-

228 5305 415 5346 τωσαν
438 5293 533 5347 καὶ
555 5291 687 5358 τόξα
712 5293 811 5365 τῆς
847 5293 1135 5364 δυνάμεως
1174 5292 1568 5366 ἐλασσούμενα,
1593 5295 1669 5360 ῶς
1701 5295 1814 5350 ἄνω
1854 5311 1957 5346 που
1983 5292 2215 5366 ἔφημεν,
2241 5291 2330 5347 διά
2388 5291 2451 5345 τὸ
2500 5289 2784 5360 εύάγωγόν
2814 5307 2874 5343 τε
2912 5291 3010 5344 καὶ
3074 5287 3333 5358 εὔστοχον
3392 5286 3500 5356 μά-

1527 5445 1762 5507 νΑιιυΕ
1797 5444 2203 5503 LECTIONES.

305 5566 350 5595 "
383 5582 581 5622 ocorr.
647 5583 711 5623 cx
762 5588 807 5623 ω
851 5568 905 5623 in
957 5568 1018 5621 Β.

230 5634 278 5668 ⁷⁸
311 5635 480 5689 ὄντων
515 5636 575 5694 Β.

230 5720 398 5763 manu
446 5705 508 5763 Β.

1120 5570 1164 5603 ⁸⁸
1197 5569 1403 5638 άληθεσ
1410 5569 1568 5640 μένον
1610 5568 1667 5620 Β.

686 5641 726 5672 τί
759 5639 935 5695 ιῖτουν
971 5638 1062 5696 hic
1099 5640 1322 5712 quidem
1387 5638 1448 5695 Β.

1781 5568 1824 5598 ⁸⁷
1848 5563 2199 5620 ἀλυσειδωτοὶ
2229 5560 2286 5620 Β.

1584 5641 1627 5671 τ’
1662 5635 2050 5693 σκεπέσθωσαν
2109 5633 2169 5691 Β.

2406 5556 2777 5614 ⁶⁸κουκουλίου
2803 5559 2862 5612 Β.
2976 5558 3020 5591 ⁸⁸
3051 5558 3406 5630 άπεωρείσθω
3431 5559 3488 5613 Β.

2283 5634 2326 5666 ⁷³
2361 5633 2496 5706 πρός
2555 5645 2637 5695 τε,
2691 5643 2969 5702 superscr.
3043 5629 3131 5688 διά
3188 5629 3247 5684 τε
3309 5630 3498 5687 eadem
