4036 6218
320 320 335 374 l
357 313 454 378 137
1213 372 1221 380 ,
1782 302 2156 364 URACULA.
3453 292 3590 358 1138

1242 4193 1416 4207 ξ

1419 4203 1433 4436 l

1257 4878 1422 4889 ——t—-.

315 431 414 483 Κῶ
459 427 553 483 καὶ
598 425 679 480 κῶ
707 425 741 496 ἡ
771 424 863 478 τοῦ
892 421 1108 494 πτωχοῦ
1133 420 1513 495 ἐπικράτησις.

1998 415 2098 474 lio.
2127 425 2182 472 et
2206 414 2306 471 Κο.
2343 412 2577 469 Mendici
2628 410 2878 477 victoria,
2913 409 3049 476 sive,
3102 406 3392 463 imuerium
3441 423 3586 476 pau-

3403 497 3593 568 [peris.

385 604 560 657 Βλέπε
596 602 651 656 δὲ
680 601 744 656 σὺ
775 603 804 656 ὁ
830 601 900 655 τὰ
928 600 1048 654 θεῖα
1088 598 1303 671 φρονῶν
1330 597 1424 653 καὶ
1467 598 1534 652 τὰ
1567 597 1685 652 θεῖα
1715 596 1900 667 φέρων

1862 613 1900 649 ιν
2075 599 2219 656 Cave
2247 615 2373 655 vero
2412 605 2495 665 tu,
2527 596 2620 668 qui
2659 595 2845 651 divina
2882 594 3164 664 intelligis,
3193 599 3246 646 et
3272 589 3456 644 divma

280 715 288 722 ‘
327 698 446 751 Ἐπ’
471 696 657 768 ὤμων,
692 697 767 768 μή
797 712 890 749 σου
922 696 957 765 ἡ
979 693 1124 758 κόνις
1153 693 1357 757 ὄνειδος
1378 693 1627 762 γένηται,
1663 690 1758 744 καὶ
1789 688 1874 743 πώ

2013 692 2270 748 IIumeris
2305 702 2510 763 gestas,
2546 706 2615 746 ne
2653 697 2785 746 tuus
2833 688 2975 743 cinis
3007 685 3360 756 Opprobrium
3399 682 3510 741 ﬁat,
3541 689 3594 735 et

1659 781 1834 856 [γωνα

3479 773 3594 846 [tua

313 884 499 937 Βαθὺν
533 882 759 945 ἐνδίκως
787 881 1025 952 καρήσῃ,
1054 879 1149 933 καὶ
1187 877 1440 950 μεγάλως
1478 877 1802 948 ἀγριωθήσῃ

2017 877 2298 933 Promissa
2333 878 2500 930 oarha
2526 875 2674 943 juste
2706 872 3022 935 tondeatur,
3056 880 3108 924 et
3157 867 3314 922 valde
3367 866 3596 937 agrestis

319 977 494 1039 Αὐτὸς
522 977 551 1029 ὁ
586 975 748 1044 φόνου
781 973 1085 1044 σύμϐουλος
1116 970 1432 1043 ἀρχιερεὺς,
1465 964 1528 1025 οὗ
1556 970 1617 1024 τὸ
1639 970 1814 1041 ὄνομα

2019 968 2307 1024 Reddaris.
2342 967 2461 1038 Ipse
2508 964 2788 1021 homicidii
2818 963 3168 1019 consiliarius
3209 974 3460 1017 summus
3509 973 3598 1012 sa-

2421 1101 2424 1104 .
3360 1049 3598 1125 [cerdos,

335 1152 441 1206 'Id’).
475 1152 585 1206 Καὶ
617 1151 1137 1221 ἀποκαλυφθήσεται
1164 1152 1192 1204 ὁ
1225 1147 1554 1221 ὴλειμμένος

2009 1152 2180 1223 Cujus
2209 1167 2407 1206 nomen
2439 1150 2519 1205 Io.
2552 1149 2620 1204 Et
2646 1149 2982 1205 revelabitur
3020 1155 3217 1203 unctus

335 1241 652 1315 Ἐπώνυμος
683 1243 988 1314 Μεναχειμ.

2011 1244 2352 1316 Cognomine
2383 1241 2718 1299 Menachim.

1519 1378 1901 1436 OltACULUII
1944 1381 2041 1438 XII
2075 1382 2244 1454 (icone
2277 1377 2385 1449 I2).

959 1491 1271 1547 Εὐσέϐεια.

2709 1485 2913 1540 Pietas.

400 1584 512 1656 Τὴν
532 1586 734 1656 πέτραν
759 1583 922 1638 οἰκῶν
948 1584 1046 1653 ἆγε
1072 1584 1233 1655 δεῦρό
1273 1601 1384 1654 μοι,
1417 1583 1558 1648 ξένε,
1945 1650 1980 1656 _

1945 1650 1980 1656 _
2233 1583 2338 1650 Qui
2375 1590 2582 1654 petram
2620 1579 2816 1634 incolis
2846 1575 2968 1631 veni
3004 1575 3132 1637 huc,
3163 1575 3379 1640 hospes,

333 1677 578 1747 Θρήνους
607 1676 886 1748 προλιπὼν
916 1677 1012 1730 καὶ
1041 1676 1154 1746 βίον
1179 1675 1268 1728 τὸν
1299 1675 1560 1745 ἁγρότην,

1943 1650 1986 1704 Β
2159 1677 2392 1732 Luctum
2426 1676 2744 1743 relinquens
2783 1682 2838 1726 et
2868 1671 3034 1725 vitam
3059 1682 3350 1739 agreSIeni.

333 1771 441 1821 Καὶ
466 1768 586 1836 ζῆ0’
605 1771 632 1821 ὁ
661 1769 851 1838 νεκρὸς
886 1769 980 1821 καὶ
1011 1767 1573 1837 κατεστυγνασμένος,

2165 1770 2230 1823 Et
2258 1769 2530 1823 revivisce
2560 1765 2652 1836 qui
2681 1771 2934 1818 mortuus
2958 1769 3014 1816 et
3041 1761 3216 1815 tristis
3243 1776 3386 1826 eras,

333 1859 661 1928 Συναγαγὼν
684 1860 963 1924 κάλλιστα,
993 1859 1170 1912 πάντα
1197 1859 1524 1930 σκορπίσας,

2134 1859 2519 1929 'Congregans
2549 1856 2782 1927 Optima,
2811 1855 2996 1909 omnia
3022 1852 3320 1922 dissipans,

346 1951 586 2014 Ἀδικίας
612 1952 845 2006 ἔπαθλον
871 1954 1047 2022 ἠνομη
1058 1953 1244 2021 μένον.

2097 1937 2110 1954 “
2164 1950 2452 2020 Iujustititn
2495 1947 2780 2019 praemium
2823 1944 3192 2015 illegitimum.

337 2045 504 2096 Ὅταν
542 2043 587 2096 δ’
617 2045 645 2096 ὁ
679 2043 881 2114 μείζων
908 2045 1084 2114 ἀστὴρ
1112 2043 1340 2113 ὀφθήσει
1372 2041 1560 2111 μέλας,

2170 2040 2402 2107 Quando
2436 2055 2566 2095 vero
2592 2039 2768 2108 major
2798 2036 2955 2092 stella
2987 2035 3273 2105 apparebit
3300 2035 3473 2106 nigra.

335 2135 544 2206 Γυμνὸς
569 2135 729 2190 πάλιν
756 2137 973 2190 ὅδευσον
999 2138 1080 2200 εἰς
1115 2135 1222 2206 γῆς
1254 2133 1559 2203 πυθμένας.

2163 2129 2353 2186 Nudus
2388 2131 2584 2186 iterum
2616 2138 2890 2186 revertere
2925 2125 2994 2182 ad
3036 2126 3144 2181 ima
3173 2133 3355 2182 teme.

1525 2265 1906 2324 OIIACULUM
1941 2266 2054 2323 XIII
2089 2268 2260 2339 (icone
2299 2269 2409 2340 I3).

961 2379 1278 2434 Εὐλάϐεια.

2653 2379 2678 2434 1
2683 2382 2986 2435 "nocentia.

417 2476 474 2528 Ὀ
505 2472 696 2541 νεκρὸς
733 2471 834 2542 ἥδη
865 2471 960 2525 καὶ
984 2473 1081 2542 Θέᾳ
1106 2469 1440 2539 λελησμένος
1469 2470 1608 2541 (42),

2024 2472 2124 2527 llic
2153 2480 2428 2539 mortuus,
2455 2472 2614 2542 cujus
2647 2473 2838 2527 faciem
2870 2473 3053 2526 nullus
3084 2469 3274 2534 novit,

335 2567 524 2620 Οἴδασι
557 2563 762 2624 πολλοὶ,
791 2561 894 2614 κᾶν
919 2561 1108 2631 μηδεὶς
1141 2561 1329 2614 τοῦτον
1352 2561 1526 2632 βλέπῃ
1547 2578 1561 2593 ο

2028 2563 2210 2620 Multis
2241 2574 2408 2619 notus
2435 2574 2542 2627 est,
2573 2565 2826 2634 quamvis
2863 2579 2892 2617 a
2918 2563 3139 2619 nemine
3174 2561 3445 2617 videatur.

351 2662 440 2722 Ὠς
476 2661 541 2712 ἐκ
575 2655 744 2727 μέθης
775 2655 830 2707 δὲ
860 2655 1050 2723 φανεὶς
1076 2653 1292 2722 ἁθρόως

2027 2655 2311 2726 Tanquam
2339 2672 2404 2711 ex
2440 2656 2706 2711 ebrietate
2734 2671 2986 2726 surgens,
3025 2665 3250 2725 repente

338 2751 598 2818 Σκῆπτρα
626 2747 885 2817 κρατήσει
917 2744 1074 2815 τῆσδε
1107 2745 1208 2812 τῆς
1242 2743 1535 2814 βασιλείας.

1350 2743 1535 2807 ιλείας.
2028 2744 2321 2814 Imperium
2350 2745 2558 2800 tenebit
2584 2746 2748 2814 hujus
2771 2748 2944 2816 regni.

340 2841 531 2901 Στύλος
573 2839 677 2907 γὰρ
709 2837 893 2904 ὀφθεὶς
919 2838 976 2888 ἐν
1011 2836 1156 2906 πόλῳ
1182 2835 1590 2906 κεκλωσμένος,

2029 2835 2295 2890 Columna
2326 2836 2470 2889 enim
2505 2851 2774 2904 apparens
2802 2837 2856 2888 in
2885 2836 3026 2890 coelo
3056 2835 3274 2900 fatalis;

342 2930 530 3000 Κήρυξ
553 2929 760 2998 ἀφανὴς
788 2929 906 2998 τρὶς
937 2928 1233 2997 ἁνακρὰξει
1270 2927 1436 2997 μέγα·

2030 2925 2218 2981 Praeco
2252 2927 2545 2982 invisibilis
2577 2936 2660 2981 ter
2692 2926 3024 2982 exclamabit
3055 2927 3406 2982 vehementer
3439 2944 3451 2980 :

345 3023 540 3074 Ἀπιτε
569 3020 770 3090 σπουδῇ
812 3019 948 3088 πρὸς
974 3016 1184 3087 δυσμὰς
1213 3018 1551 3086 ὲπταλόφουο

2032 3019 2326 3090 Properate
2348 3020 2414 3074 ad
2438 3020 2830 3074 occidentalem
2851 3028 3059 3088 partem
3079 3019 3229 3073 urbis
3260 3027 3470 3090 septem
3503 3020 3617 3074 col-

3445 3112 3573 3166 lium
3600 3129 3616 3166 :

347 3194 552 3265 Ιζῦρητε
581 3194 626 3247 δ’
660 3193 828 3264 ἄνδρα
857 3193 1077 3263 οἰκέτην
1102 3195 1125 3244 ὲ
1136 3193 1237 3264 μὸν
1271 3193 1426 3262 φίλον
1451 3209 1464 3223 ·

2036 3200 2334 3259 Invenietis
2361 3202 2539 3256 virum
2573 3201 2809 3256 incolam
2849 3215 3030 3255 meum
3055 3200 3290 3255 amicum
3322 3216 3341 3259 τ

347 3287 543 3352 ’Ἀξτιτε
578 3285 764 3338 τοῦτον
798 3286 877 3349 εἰς
905 3284 1179 3355 βασιλείας
1208 3285 1427 3355 δόμους,

2043 3295 2302 3352 Deducite
2344 3311 2468 3350 eum
2513 3295 2566 3348 in
2612 3294 2818 3364 regiam
2852 3292 3099 3358 domum,

340 3379 718 3449 Μηνόκρανον,
759 3378 1020 3447 μείλιχον,
1059 3376 1264 3446 πραῢν,
1293 3377 1538 3444 ὑψινουν,

2050 3388 2392 3459 Sapientem,
2463 3388 2844 3458 tranquillum,
2903 3387 3115 3449 mitem,
3177 3380 3396 3452 ingenio
3447 3378 3617 3434 subli-

3433 3469 3620 3544 [metn,

344 3565 418 3617 Τὸ
451 3562 574 3632 μέλ)
587 3579 644 3614 ον
668 3560 926 3624 ὀξύτατον
954 3558 1154 3612 εἰδέναι
1193 3559 1418 3628 μᾶλλον.

2039 3564 2231 3620 Futuri
2262 3565 2592 3621 acerrimum
2629 3566 3109 3636 investigatorem;

345 3655 454 3707 Καὶ
479 3654 641 3708 πάλιν
673 3652 834 3718 ἕξεις,
866 3650 1159 3720 ὲπτάλοφε,
1195 3651 1256 3705 τὸ
1291 3652 1510 3723 κράτος.

2040 3653 2104 3708 Et
2151 3655 2348 3712 iterum
2381 3657 2606 3712 habebis
2639 3666 2717 3722 tu,
2765 3656 2919 3722 urbs,
2945 3665 3152 3726 septem
3198 3653 3422 3710 collium
3455 3652 3625 3720 impe-

3434 3743 3621 3816 [riunt].

1397 3883 1509 3936 Ρω
2535 3902 2584 3956 Ν

2541 4096 2573 4132 σ

1205 4180 1580 4217 σ--ί---
1598 4180 1624 4214 ε

2535 4278 2566 4316 ο

1411 4453 1456 4504 Φ
2534 4466 2575 4506 υ.

1401 4591 1448 4643 Ν
2534 4637 2565 4652 .-

2534 4808 2568 4844 κ

1211 4873 1645 4926 σ’“”“”1“’”“θ

2542 4954 2564 4970 ν

2533 4988 2562 5016 5

1424 5163 1451 5200 ι
2537 5144 2564 5180 ε

1424 5241 1454 5294 λ
2537 5254 2556 5289 ι

1427 5329 1456 5382 Θ
2543 5341 2579 5378 α

1422 5432 1452 5467 ο

1879 5588 2111 5645 NOT.

358 5680 974 5824 ;e§3:Z28.lno’1téroc.
1020 5686 1291 5760 Antiquus
1319 5670 1795 5756 intcrprcsret'tit,
1830 5684 2073 5748 solutus;
2109 5681 2322 5739 videtur
2373 5680 2554 5748 itaque
2609 5678 2666 5735 in
2718 5675 2907 5735 codice
2951 5672 3070 5745 ejus
3122 5669 3388 5743 scriptum
3457 5665 3628 5724 fuisse

376 5793 412 5811 μ-
529 5774 568 5808 ηδ’
621 5773 663 5820 ς.

376 5773 478 5811 ιεΑυ
487 5773 663 5820 μενος.
