4036 6218
429 269 565 339 U39
1672 263 1950 324 LEONIS
1979 261 2442 324 PHILOSOPHI
3549 258 3574 326 1
3592 259 3716 326 1ιο

1628 373 2012 430 ORACULUM
2044 371 2163 429 XIV
2186 373 2354 445 (itane
2395 371 2502 443 14).

1004 494 1424 550 ΡηεΙιοηοναιὶυ.
2027 506 2080 563 Α
2707 489 3088 560 Προτίμησις.

533 588 671 643 Ecce
699 587 899 642 iterum
931 584 1096 638 homo
1129 599 1159 639 e
1190 584 1368 654 primo
1394 597 1594 653 genere

2185 580 2318 635 Ἰδοὺ
2354 581 2516 635 πάλιν
2539 580 2824 653 ἄνθρωπος
2845 583 2912 635 ὲκ
2945 579 3164 653 πρώτου
3195 579 3405 648 γένους,

528 679 813 736 Occultato
845 676 1072 731 inﬁnitis
1103 677 1263 732 annis
1292 676 1346 730 in
1379 686 1525 731 terra
2103 672 2122 726 1

2103 671 2416 744 Κρυσέντος
2441 673 2521 737 εἰς
2555 674 2658 743 γῆν
2682 672 3149 744 τρισαναριθμους
3184 671 3439 739 κύκλους,

525 771 717 826 Nudus
749 767 1100 840 progreditur
1147 783 1214 823 ex
1250 767 1490 823 obscura
1523 775 1679 838 petra
2107 762 2119 815 l

1580 775 1679 821 :tra
2107 762 2317 834 Γυμνὸς
2337 764 2584 834 πρόεισιν
2611 765 2674 818 ὲκ
2698 755 2904 835 πέτρας
2929 763 3174 836 ἅνηλίου,

525 864 591 917 Ει
625 862 852 918 alterius
893 859 1192 931 splendida:
1231 859 1356 914 vitae
1394 859 1613 914 initium
1644 857 1797 914 facit.
2106 855 2119 907 1

1673 858 1797 914 acit.
2106 854 2218 908 Kal
2241 855 2492 926 δευτέρου
2525 855 2837 926 λάμποντος
2865 855 3096 925 ἄρχεται
3129 854 3267 925 βίου,

523 953 705 1022 Imago
743 966 901 1006 novae
933 951 1059 1006 vitae
1085 950 1386 1006 verissima:
2107 947 2117 998 l

2107 945 2286 999 Εἰκὼν
2319 945 2624 1012 παλιζωῒας
2649 945 3046 1017 ἀληθεστάτης.

524 1041 726 1096 Verum
761 1040 878 1111 pari
914 1041 1078 1096 modo
1112 1041 1336 1110 paribus
1365 1039 1582 1094 duobus
1611 1038 1906 1110 duplicatis
2106 1039 2118 1090 1

1577 1058 1582 1091 ι
1611 1038 1906 1110 duplicatis
2106 1037 2253 1107 Πλὴν
2281 1038 2534 1109 ἀρτιάκις
2561 1038 2766 1111 ἀρτίων
2795 1038 3171 1105 διπλουμένων

524 1133 770 1201 Solibus,
802 1132 1085 1190 delitescet
1117 1139 1370 1189 mortuus
1410 1131 1465 1186 in
1497 1137 1673 1202 petra.
2104 1131 2118 1183 τ

2104 1130 2224 1184 Τῶν
2248 1131 2434 1202 ἡλίων,
2459 1129 2645 1184 ὕπεισι
2680 1130 2798 1202 (43)
2829 1130 3023 1203 νεκρδς
3052 1131 3155 1202 τὴν
3191 1132 3421 1202 πέτραν.

1599 1239 1988 1299 ORACULUM
2038 1242 2129 1297 XV
2160 1244 2330 1316 (icon:
2369 1244 2484 1312 15).

731 1303 762 1326 Ι

1112 1362 1340 1419 Electio.
2685 1369 2706 1420 ι

2685 1368 3087 1436 "pale/pune.

414 1457 618 1526 Accipe
650 1455 755 1513 hoc
783 1455 1009 1522 donum,
1044 1470 1113 1511 ne
1140 1470 1332 1520 renue,
1363 1469 1398 1509 ο
1431 1469 1622 1520 senex,

2176 1457 2332 1524 Δέξαι
2357 1458 2418 1511 τὸ
2445 1457 2640 1530 δῶρον,
2667 1459 2742 1529 μὴ
2773 1458 3025 1513 κατὸκνει
3059 1475 3172 1528 μοι,
3206 1459 3409 1532 γέρων.

415 1547 640 1618 Accipe,
673 1548 996 1612 fortissime,
1039 1555 1094 1601 et
1128 1546 1288 1602 linem
1319 1546 1631 1612 considera,

2115 1548 2276 1602 Ἀλλὰ
2301 1547 2501 1613 λαϐὼν,
2531 1549 2814 1618 κράτιστε,
2842 1548 2938 1604 τοῦ
2969 1549 3159 1613 τέλους
3185 1549 3331 1620 ἔχου.

416 1635 484 1690 Et
514 1636 582 1690 ad
611 1637 820 1707 Optima
855 1635 1035 1704 dirige
1066 1633 1356 1704 imperium

2099 1640 2209 1693 Kal
2240 1640 2378 1711 πρὸς
2408 1639 2572 1694 καλὸν
2601 1640 2794 1695 εῦθυνε
2822 1641 2922 1711 τὴν
2952 1642 3349 1712 σκηπτουχίαν,

415 1728 644 1797 Altaque
674 1729 856 1784 omnia
890 1743 998 1782 non
1029 1734 1280 1781 metuens
1302 1732 1541 1795 tempus.

2029 1788 2070 1806 ﬁ
2098 1733 2159 1786 T’
2187 1731 2322 1787 ἄλλα
2343 1749 2402 1785 τε
2429 1732 2629 1794 πάντα.
2669 1732 2745 1802 μὴ
2770 1732 3026 1798 δεδοικὼς
3059 1735 3154 1788 τὸν
3182 1725 3392 1806 χρόνον.

418 1820 633 1874 Etenim
664 1819 902 1890 desuper
931 1821 1034 1874 hoc
1057 1816 1321 1888 accepisti
1417 1788 1434 1795 -

2029 1788 2072 1845 Β
2101 1823 2212 1880 Καὶ
2233 1823 2342 1895 γὰρ
2380 1823 2587 1878 ἄνωθεν
2612 1788 2803 1877 τοῦτον
2831 1788 3058 1896 εῐληχας
3088 1788 3267 1896 μόνον.

418 1910 750 1982 Triplicibus
806 1912 1006 1983 quippe
1050 1908 1403 1982 processibus
1439 1908 1808 1981 circumacto
1855 1916 1998 1963 tem-

1784 1922 1808 1965 ι)
1855 1916 1998 1963 tem-
2101 1917 2358 1989 Τριτταῖς
2379 1916 2437 1970 δὲ
2462 1918 2665 1986 παγαῖς
2693 1915 3133 1990 ἐγκυκλουμένου
3160 1920 3378 1990 χρόνου,

1817 1994 1997 2069 [pore,

417 2093 595 2151 Unius
614 2095 839 2152 decadis
875 2097 1034 2152 stella
1059 2096 1306 2168 impleta,

2101 2096 2246 2160 Ιίιᾶς
2273 2094 2494 2160 δεκάδος
2527 2095 2754 2167 ἀστέρος
2784 2095 3187 2168 πληρουμένου,

414 2189 674 2246 Feliciter
710 2205 927 2246 morere
954 2189 1253 2246 sacerdoti.

2099 2187 2296 2250 καλῶς
2319 2187 2543 2242 τελεύτα
2576 2187 2656 2258 τῷ
2688 2184 3102 2260 καθιερωμένῳ.

411 2280 552 2346 Quid
583 2296 713 2336 vero
752 2281 1162 2353 obstupefactus
1196 2280 1443 2336 nuntium
1477 2276 1730 2348 accipis?

1499 2276 1730 2348 nccipis?
2097 2279 2163 2332 Tt
2189 2279 2247 2333 δὲ
2261 2277 2512 2349 τεθηπὼς
2543 2279 2801 2347 ἀγγελίαν
2832 2280 3052 2352 εἰσδέχῃ
3078 2298 3093 2347 ς

415 2375 706 2446 Relinque,
733 2375 935 2441 amice,
972 2375 1210 2430 hominis
1243 2373 1665 2432 habitationem,

1601 2387 1665 2432 τι,
2101 2371 2290 2440 Ἄφες,
2319 2370 2531 2442 ἄριστε,
2564 2370 2665 2442 τὴν
2687 2371 2854 2441 φυτοῦ
2889 2373 3195 2429 κατοικίαν.

414 2466 656 2537 Sequere
681 2475 736 2522 te
768 2476 1058 2522 vocantem
1089 2465 1155 2520 ad
1190 2465 1528 2536 propositam
1561 2460 1815 2534 gloriam.

1740 2474 1815 2514 m.
2101 2463 2279 2516 Ἐπου
2304 2461 2557 2515 καλοῦντι
2587 2462 2722 2533 πρὸς
2749 2464 3118 2536 προκειμένην
3151 2466 3334 2531 δόξαν.

411 2558 548 2613 Cum
574 2574 703 2614 vero
734 2559 966 2614 honeste
998 2558 1309 2629 impleveris
1329 2556 1542 2627 imperii
1575 2555 1652 2609 tui
1685 2554 1858 2614 diem,

1716 2554 1858 2614 iem,
2095 2553 2293 2616 Καλῶς
2321 2552 2367 2606 δ’
2403 2552 2606 2615 ἀνύσας
2635 2553 2734 2624 τὴν
2763 2553 2820 2607 ὲν
2844 2556 3038 2625 ἀρχαῖς
3068 2557 3310 2627 ἡμέραν,

415 2649 617 2703 Sancto
658 2648 761 2702 line
783 2649 957 2718 imple
981 2649 1295 2704 universam
1331 2646 1689 2710 creationem,
1867 2632 1874 2644 ’

1867 2632 1874 2644 ’
2097 2643 2281 2698 Καλοῦ
2312 2643 2501 2708 τέλους
2536 2644 2814 2714 ἔμπλησον
2847 2645 3066 2701 ἃπασαν
3095 2649 3297 2704 κτίσιν.

411 2739 478 2792 Et
499 2739 564 2794 ad
608 2739 974 2792 habitationes
1005 2736 1354 2807 proﬁciscere
1387 2735 1664 2789 cmlestes.

1617 2750 1664 2788 s.
2097 2737 2207 2790 Kal.
2233 2736 2369 2806 πρὸς
2401 2734 2568 2805 μονὰς
2596 2735 2748 2788 ὅδευε
2780 2736 2880 2800 τὰς
2907 2737 3211 2808 οὐρανίους.

411 2828 546 2884 Nam
575 2829 627 2884 in
663 2837 712 2883 te
730 2837 814 2883 est
841 2828 1168 2898 principium
1197 2828 1464 2881 bonorum
1491 2834 1543 2880 et
1571 2824 1712 2877 linis.

2109 2826 2200 2880 ‘Ev
2228 2826 2313 2878 σοὶ
2335 2825 2441 2896 γὰρ
2469 2823 2615 2897 ἀρχὴ
2639 2825 2750 2880 τῶν
2776 2826 2998 2895 ἀγαθῶν
3029 2830 3126 2883 καὶ
3149 2830 3324 2896 τέλος.

1579 2937 1962 2994 OllACULUll
1989 2937 2108 2994 XVI
2145 2941 2314 3011 (icone
2349 2939 2463 3010 l6).

1106 3053 1174 3109 P.
1225 3052 1292 3108 ι».
2024 3059 2070 3117 C

2024 3059 2070 3117 C
2783 3059 2855 3114 11.
2910 3059 2978 3112 Π.

410 3151 645 3208 Felicem
677 3147 846 3203 vitam
877 3144 1104 3216 attigisti
1133 3162 1198 3201 ex
1228 3144 1552 3216 ignominia.

1537 3183 1552 3199 .
2168 3145 2348 3199 Καλοῦ
2378 3145 2493 3216 βίου
2528 3145 2786 3216 τέτευχας
2815 3148 2874 3212 ἐξ
2895 3146 3131 3214 ἀδοξίας.

407 3245 453 3297 Α
477 3244 680 3298 virtute
709 3248 888 3294 autem
925 3239 1069 3309 plus,
1093 3254 1257 3308 quam
1286 3254 1314 3290 a
1347 3237 1564 3293 fortuna
1604 3237 1865 3292 habuisti.

1796 3237 1865 3290 ,ti.
2110 3238 2198 3301 Ἐξ
2223 3237 2427 3306 ἀρετῆς
2452 3236 2497 3289 δ’
2523 3236 2764 3306 ἔσχηκας
2793 3239 3045 3308 εὐτυχεῖς
3081 3239 3238 3292 πλέον
3264 3242 3390 3310 (44).

409 3332 513 3387 Sed
548 3348 654 3386 non
690 3331 935 3395 omnino,
957 3331 1148 3393 amice,
1169 3329 1481 3384 lucrifacies
1515 3330 1744 3400 gratiam
1781 3347 1794 3383 :

2107 3329 2246 3382 Ἀλλ’
2276 3328 2386 3392 οὐδ’
2414 3328 2571 3392 ὅλως,
2610 3329 2820 3397 ἄριστε,
2845 3330 3124 3399 κερδανεῖς
3151 3331 3295 3400 χάριν
3323 3332 3452 3401 (45).

408 3422 610 3478 Invidia
645 3424 786 3478 enim
810 3421 1148 3490 przeveniens
1179 3428 1308 3474 ante
1333 3421 1555 3489 objiciet
1577 3419 1670 3473 tibi
1696 3419 1980 3473 damnum.

1880 3435 1980 3472 tm.
2093 3420 2291 3482 Φθόνος
2310 3419 2520 3488 φθάσας
2542 3420 2650 3490 γὰρ
2677 3424 2960 3492 προκρινεί
2992 3439 3074 3475 σοι
3112 3424 3209 3494 τὴν
3241 3422 3474 3496 βλαϐηνσκ

407 3513 527 3568 Non
553 3520 734 3568 tamen
761 3512 1045 3568 aberrabis
1080 3526 1110 3566 a
1142 3527 1378 3582 superna
1413 3510 1750 3565 haereditate.

1619 3519 1750 3564 tale.
2095 3511 2210 3564 Οὐκ
2230 3511 2554 3580 ἀστοχήσεις
2583 3511 2681 3581 τῆς
2714 3511 2827 3565 ἄνω
2860 3511 3213 3584 κληρουχίας.

1915 3685 2143 3741 NOTAE.

476 3795 587 3866 (45)
638 3793 760 3847 Τῶν
808 3793 1000 3860 ἡλίων
1037 3792 1262 3847 ὕπεισι.
1313 3791 1448 3846 Cod.
1496 3793 1674 3846 Amst.
1709 3790 1801 3844 τὸν
1833 3791 1987 3862 ἥλιον

2101 3791 2696 3866 Antiqims“interpres
2760 3794 2833 3866 ita
2885 3795 3050 3848 vertit
3097 3813 3110 3850 :
3163 3793 3322 3864 Atqui
3371 3808 3471 3846 non
3527 3792 3679 3855 doto,

405 3862 620 3920 ἄπεισι.
1197 3929 1200 3930 ν
2096 3862 2309 3928 optime,
2353 3862 2446 3914 tibi
2490 3863 2599 3915 [nec
2633 3864 2806 3930 gratia
2848 3873 3006 3930 parta
3055 3875 3155 3920 est.
3189 3862 3421 3920 Videtur
3451 3878 3580 3926 ergo
3617 3867 3681 3917 in

483 3935 591 4004 (44)
629 3931 1160 4004 Ενύττξχεῖςίπὶιέον.
1189 3929 1352 4004 μορε,
1379 3932 1412 4002 ἢ
1441 3932 1611 4004 τύχης
1645 3932 1857 4004 πλέονῂ

2094 3932 2285 3986 codice
2311 3932 2432 4002 ejus
2475 3947 2573 4002 pro
2605 3929 2716 3984 οὐδ’
2745 3934 2884 3998 ὅλως
2911 3935 3184 4004 scriptum
3220 3935 3416 3998 luisse,
3442 3932 3679 3996 ἀδόλως.

477 4001 589 4075 (45)
626 4002 787 4058 Ἀλλ’
817 4001 943 4055 οὐδ’
973 4001 1148 4067 ὅλως,
1182 4001 1411 4069 ἄριστε,
1445 4003 1752 4071 κερδανεῖς
1786 4003 1983 4072 χάριν.

489 4365 816 4424 Hactenus
854 4380 924 4425 ea
958 4381 1102 4442 quae
1141 4381 1216 4423 ex
1257 4379 1373 4421 ms.
1411 4362 1626 4424 cndice
1657 4361 1908 4438 Georgii
1952 4362 2183 4442 Douzte
2213 4361 2412 4421 Janus
2456 4362 2830 4439 Rutgersius
2870 4364 3020 4426 Var.
3059 4363 3229 4427 Lect.
3269 4363 3381 4424 lib.
3420 4383 3479 4436 ν,
3511 4381 3566 4424 c.
3604 4363 3682 4435 8,

406 4442 650 4520 primus
680 4444 893 4504 Greece
935 4439 996 4504 et
1031 4444 1252 4502 Latine
1311 4442 1372 4501 in
1420 4442 1625 4502 lucem
1665 4441 1886 4520 edidit.
1925 4439 2470 4520 Graculumjero
2531 4457 2720 4520 prOsa
2774 4442 3066 4503 oratione
3126 4446 3458 4520 scriptum,
3491 4444 3679 4517 quod

409 4518 915 4598 praecedentibus
965 4521 1342 4600 rhythmicis
1399 4519 1736 4600 isuhjunxi,
1773 4536 1846 4580 ex
1887 4519 2105 4600 cpdicc
2140 4536 2257 4578 ms.
2287 4518 2698 4581 Bibliotheca;
2736 4518 3362 4600 Amsterodamensis
3394 4524 3674 4600 desum-

409 4597 586 4676 ptum
621 4607 739 4670 est,
775 4617 985 4676 neque
1019 4597 1200 4661 antea
1228 4599 1411 4660 ullibi
1454 4597 1570 4658 fuit
1603 4598 1866 4659 editum.
1903 4597 2450 4676 Cuntinetautem
2490 4599 2901 4675 Paraphrasin
2943 4600 3318 4660 ultimorum
3355 4599 3671 4660 undecim

409 4619 586 4676 ptum
621 4619 739 4670 εει,
775 4619 852 4661 ne
906 4619 985 4661 ue
1019 4619 1200 4661 antea
1228 4619 1411 4660 uult)!
1454 4619 1570 4658 ltlll
1603 4619 1866 4659 euuum.
1903 4619 2202 4657 ωιηιιηοι
2239 4619 2450 4658 autem
2491 4619 2901 4675 I’at‘apnrasm
2943 4619 3318 4660 ummorum
3355 4619 3666 4660 unuecuu

404 4677 825 4739 Oraculorum
859 4619 1138 4750 (Leonis,
1201 4677 1440 4756 quibus
1473 4677 1703 4757 agitur
1750 4679 1827 4757 de
1878 4692 2010 4757 quo
2055 4675 2271 4757 nescio
2319 4676 2538 4738 futuro
2573 4679 2820 4757 Optimo
2859 4677 3266 4752 imperatore,
3297 4677 3407 4757 qui
3450 4696 3482 4737 a
3517 4678 3666 4738 Deo

407 4759 672 4827 electus,
700 4757 968 4835 etquasi
1007 4774 1041 4818 e
1079 4754 1279 4816 morte
1316 4756 1686 4835 suscitatus,
1749 4754 2104 4835 imperium
2147 4754 2932 4835 Cponstantinopolitanum
2992 4754 3344 4832 adepturus
3402 4764 3563 4827 erat,
3599 4764 3676 4818 et

403 4835 761 4917 Graecorum
799 4832 1006 4917 mores
1038 4835 1521 4917 reformaturus.
1561 4834 1871 4917 Craterum
1907 4832 2052 4917 quis
2092 4832 2284 4917 hujus
2321 4837 2752 4917 “dpg‘qmddfwi-
2777 4841 2999 4895 auctor
3034 4836 3141 4906 sit,
3176 4835 3461 4917 nond_u_m
3501 4835 3676 4917 satis

406 4912 561 4973 mihi
593 4920 838 4975 constat
870 4933 886 4973 :
920 4913 984 4973 id
1017 4913 1324 4973 duntaxat
1399 4907 1961 4988 persuasissimum
2011 4907 2234 4981 habeo,
2279 4925 2396 4971 nec
2449 4907 2754 4971 Scholarii
2806 4929 2944 4973 eam
2985 4929 3150 4984 esse,
3187 4931 3307 4974 nec
3339 4913 3676 4985 Rhuzani,

408 5008 682 5062 quorum
722 4991 1201 5064 Explicationes
1236 4989 1700 5054 Vaticiniorum
1741 4989 2605 5069 ConstantinOpolitauorutn
2635 4989 2984 5069 aliquoties
3039 4992 3188 5055 citat
3228 4990 3558 5055 Meursius
3600 4992 3676 5054 in

405 5069 738 5135 Glossario
772 5069 1332 5134 Graeco-barbaro.
