3964 6206
295 270 423 342 1141

1179 276 1549 339 ORACULA.
1581 303 1650 313 -
1675 277 2024 339 ANONYMI
2063 277 2618 338 PARAPIIRASIS.

3423 277 3560 346 1142

966 581 1816 698 ΑΝΩΝΥΜΟΥ
1915 582 2871 696 ΠΑΡΑΦΡΑΣΙΣ

1196 776 1332 832 ΤΩΝ
1359 777 1496 830 ΤΟΥ
1522 773 1855 828 ΒΑΣΙΛΕΩΣ
1899 772 2225 828 ΛΕΟΝΤΟΣ
2276 777 2640 834 ΧΡΗΣΜΩΝ.

496 959 966 1106 ΑΝΟΝῨΜΙ
1047 1017 1737 1098 PARAPHRASIS
1811 1016 1864 1092 Ο

1974 1013 2505 1093 \CULOBUM
2585 1017 2956 1098 LEONIS
3034 1011 3367 1105 IMP“).

289 1206 430 1275 Περὶ
487 1206 597 1259 τοῦ
649 1206 1101 1274 θρυλλουμενου
1145 1201 1385 1322 πτωξοῦ
1423 1199 1524 1252 καὶ
1578 1198 1873 1252 ἐκλεκτοῦ

369 1275 668 1322 ϐασιλέως
720 1275 832 1322 τοῦ
882 1270 1158 1322 γνωστοῦ
1211 1285 1286 1322 κα
1361 1268 1678 1322 ἀγνώστου
1705 1307 1720 1322 .
1764 1268 1873 1322 τοῦ

357 1268 695 1348 Βασιλέως⁷
720 1275 843 1348 τοῦ,
882 1268 1158 1348 ﬁrmata}?
1211 1268 1309 1348 καὶ
1361 1268 1678 1348 (lyr-(90:01)
1705 1307 1720 1328 ,
1764 1268 1873 1348 τοι)

358 1339 792 1486 ἔατᾍκϐἲῦντος
819 1339 982 1411 ἐν’τῇ
1015 1339 1213 1409 πρώτῃ
1243 1340 1398 1408 ἄκρᾳ
1438 1339 1550 1409 τῆς
1576 1339 1873 1394 Bucar?!-

399 1434 470 1480 ος
621 1453 636 1468 .

369 1545 430 1598 Ὀ
449 1544 702 1615 ἀληθινὸς
726 1543 998 1611 βασιλεὺς,
1044 1541 1103 1607 ὃς
1129 1543 1377 1595 κατοικεῖ
1421 1542 1481 1594 ὲν
1537 1537 1690 1612 ὑγρῷ
1720 1540 1872 1611 τόπῳ

285 1637 378 1690 διὰ
427 1637 492 1690 τὺ
537 1636 829 1691 καυστικόν
851 1653 864 1668 ο
895 1635 957 1688 ὃν
978 1634 1203 1700 ἐδίωξαν
1235 1635 1336 1704 τῆς
1387 1632 1566 1698 οἰκίας
1599 1633 1764 1688 αὐτοῦ
1821 1634 1872 1686 oi

287 1729 604 1800 ἅνθρωποιο
648 1729 744 1782 καὶ
796 1727 1060 1781 δεδώκασι
1081 1725 1181 1796 τὴν
1241 1723 1530 1797 στρωμνὴν
1583 1723 1749 1779 αὐτοῦ
1813 1726 1873 1778 ὲν

285 1821 409 1884 ταῖς
441 1822 659 1891 νήσοις,
705 1819 957 1882 πλέοντος
987 1819 1084 1872 καὶ
1141 1815 1448 1880 ἁλιεύοντος
1530 1813 1872 1886 ἑὸδοματικῷ

286 1912 496 1982 ἑϐδόμα
543 1912 739 1983 χρόνῳ,
773 1913 852 1973 είς
880 1910 941 1963 τὸ
994 1910 1144 1972 τέλος
1180 1909 1288 1964 τῶν
1333 1907 1692 1979 Ἰσμαηλιτῶν
1736 1907 1874 1961 ἀπο-

285 2001 719 2074 καλυφθήσεται.
785 2002 1264 2073 Παρακολουθήσει
1337 2001 1395 2054 δὲ
1438 1993 1593 2064 οὗτος
1647 2001 1707 2054 ὲν
1750 2003 1873 2064 ταῖς

285 2093 526 2162 ἡμέραις
554 2093 649 2148 τοῦ
671 2093 820 2158 λιϐὸς
845 2093 980 2162 (47),
1017 2092 1114 2147 καὶ
1179 2091 1332 2146 ἔσται
1364 2093 1392 2146 6
1429 2092 1647 2161 πρῶτος
1691 2091 1873 2147 δεύτε-

288 2199 384 2252 ρος
416 2186 512 2237 καὶ
568 2187 596 2238 6
641 2184 889 2254 δεύτερος
927 2185 1161 2254 πρῶτος.
1199 2184 1266 2237 Τί
1315 2183 1453 2254 μετά
1485 2182 1642 2238 τοῦτο
1697 2186 1873 2239 ποιεῖν

282 2275 354 2328 τὰ
387 2277 719 2346 φονευτήρια
746 2279 804 2330 ὲν
835 2278 983 2346 μέσῳ
1011 2279 1110 2346 τῆς
1144 2276 1372 2339 πόλεως,
1390 2277 1449 2330 δν
1487 2277 1565 2346 τῷ
1609 2277 1872 2349 λεωφόρῳ

282 2368 590 2438 πλακωτῷ;
626 2368 715 2422 Ἐν
736 2370 920 2440 ἡμέρᾳ⁵
943 2372 1263 2441 παρασκευῇ
1287 2369 1406 2440 ῶρᾳ
1428 2369 1586 2440 τρίτῃ
1618 2369 1714 2440 τῆς
1734 2369 1872 2439 ἡμέ-

281 2477 406 2530 ρας,
444 2461 541 2514 καὶ
570 2462 738 2531 τριῶν
755 2461 1177 2532 ταραττομένων
1205 2464 1232 2516 6
1264 2462 1448 2533 τρίτος
1476 2461 1691 2534 πρῶτος
1731 2461 1866 2532 (48).

278 2551 376 2604 καὶ
419 2551 941 2622 ἀποκαλυφθήσεται
974 2556 1002 2606 6
1036 2553 1368 2624 ἠλειμμένος
1400 2553 1514 2622 (49)
1551 2571 1567 2587 ·
1596 2555 1626 2607 6
1659 2554 1867 2624 μέλλων

277 2641 735 2712 ἀποκαλυφθῆναι
765 2643 854 2696 διὰ
877 2643 1050 2709 τόξων
1093 2646 1188 2697 καὶ
1221 2643 1468 2714 σημείων
1520 2645 1726 2714 Κυρίου
1761 2661 1868 2713 φα-

277 2734 508 2800 νήσεται
531 2745 546 2761 ’
591 2734 829 2804 ἐνηχήθη
875 2735 1026 2804 παρά
1053 2735 1147 2790 τοῦ
1190 2737 1471 2807 ὁρωμένου
1499 2736 1730 2804 ἀγγέλου
1768 2734 1864 2789 τοῦ

280 2823 765 2891 ἀποκαλυφθέντος
831 2825 908 2887 ὡς
958 2825 1248 2894 ἀνθρώπου
1301 2827 1634 2897 λευκοφόρου
1689 2827 1866 2880 εύνού-

279 2928 379 2980 χου
410 2911 546 2980 (50),
604 2911 700 2963 καὶ
731 2912 813 2975 είς
847 2912 908 2964 τὸ
937 2907 1031 2975 οῦς
1063 2912 1228 2965 αὐτοῦ
1266 2915 1395 2984 είπῃ
1440 2912 1606 2965 αὐτοῦ
1667 2914 1866 2966 καθεύ-

278 3001 486 3065 δοντος,
503 2999 597 3054 κα)⁵
617 3002 715 3071 τῆς
729 3000 908 3068 δεξιᾶς
927 3001 1090 3054 αὑτοῦ
1110 3001 1406 3071 λαϐόμενος
1424 3001 1572 3073 είπῃο
1593 3002 1864 3071 Ἔγειραι.

276 3095 308 3148 6
331 3093 629 3158 καθεύδων,
657 3093 750 3147 καὶ
793 3095 1004 3148 ἀνάστα
1059 3095 1124 3147 ὲκ
1152 3093 1247 3146 τοῦ
1295 3093 1564 3164 μνημείου
1587 3108 1604 3124 ο
1629 3094 1720 3146 καὶ
1748 3094 1868 3145 ἑπι-

279 3185 480 3255 φαύσει
509 3201 590 3238 σοι
619 3187 646 3239 6
673 3186 939 3256 Χριστός*
959 3185 1352 3255 προσκαλεῖται
1370 3185 1476 3255 γάρ
1521 3201 1580 3236 σε
1606 3183 1700 3237 τοῦ
1745 3202 1866 3238 ποι-

280 3279 493 3348 μαίνειν
513 3277 640 3331 λαὸν
665 3277 1005 3348 περιούσιονο
1037 3280 1130 3332 καὶ
1150 3279 1214 3331 ὲκ
1234 3277 1485 3348 δευτέρου
1519 3277 1668 3348 αύτῴ
1690 3277 1820 3350 εἴπῃ
1846 3293 1862 3311 ο

281 3365 572 3432 Ἕξελθε,ό
621 3365 1023 3434 κεκρυμμένος,
1071 3365 1268 3435 μηκέτι
1307 3365 1571 3434 κρύπτου,
1591 3367 1775 3420 πολλοί
1804 3383 1865 3419 σε

279 3453 540 3524 ζητοῦσι’
573 3453 772 3516 πάντες
801 3453 1193 3518 ἐξελεύσονται,
1229 3454 1294 3508 σὺ
1323 3454 1379 3506 δὲ
1412 3454 1573 3523 μόνος
1616 3453 1856 3508 εἰσελεύ-

281 3544 518 3615 σῃ.Καὶ
579 3545 643 3597 ὲκ
685 3545 867 3616 τρίτου
885 3545 1044 3598 δώσει
1083 3545 1231 3616 αύτῷ
1289 3546 1502 3609 πλάκας
1543 3545 1772 3610 λιθίνας,
1803 3547 1863 3600 ὲν

279 3632 371 3698 αἷς
412 3635 820 3706 ὲγκεχάρακται
844 3636 1054 3690 ἐντολαὶ
1081 3636 1208 3689 δύοο
1232 3637 1518 3707 ἐκδικῆσαι
1568 3639 1663 3690 καὶ
1712 3638 1862 3692 ἐονο-

280 3727 506 3797 ποιῆσαι
531 3727 766 3799 χρηστὰ,
797 3728 892 3782 καὶ
919 3728 1176 3782 ἀσέϐειαν
1222 3728 1476 3794 ἐκδιῶξαι
1496 3743 1509 3758 ⁶
1538 3730 1768 3794 καὶτοὺς
1791 3730 1863 3784 τὰ

280 3817 605 3887 Σοδομιτικᾶ
635 3817 773 3889 ἔργα
826 3819 1110 3881 ποιοῦντας
1135 3819 1247 3890 (51)
1282 3819 1689 3891 πυρικαύστους
1707 3825 1864 3893 ποιῆ-

279 3925 403 3962 σαι·
419 3908 678 3972 ὡσαύτως
697 3910 790 3963 καὶ
808 3909 931 3974 τοὺς
953 3911 1156 3973 κακοὺς
1179 3913 1343 3982 ἱερεῖς
1370 3912 1434 3965 ὲκ
1458 3912 1550 3966 τοῦ
1572 3913 1720 3981 ίεροῦ
1737 3913 1863 3968 διῶ-

1977 1198 2054 1252 De
2105 1197 2360 1264 prazdiclo
2412 1196 2672 1260 mendico,
2722 1199 2884 1253 electo
2935 1201 3267 1268 imperatore,
3329 1217 3450 1261 uan
3499 1223 3550 1265 et

2043 1269 2242 1392 illisalia,
2285 1268 2608 1337 praecipuam
2653 1284 2825 1323 arcem
2881 1269 3197 1341 Byzantina:
3254 1278 3398 1332 urbis
3447 1282 3548 1333 Im-

2079 1356 2096 1392 ι
2124 1355 2156 1391 ιι
2182 1354 2302 1391 uro.
3185 1351 3192 1358 ο

2051 1538 2223 1596 Verus
2260 1538 2351 1596 ille
2397 1539 2716 1611 imperator,
2767 1539 3026 1597 humidus
3066 1541 3137 1596 ob
3172 1543 3412 1599 calorem
3453 1546 3553 1600 ha-

1973 1630 2157 1686 bitans
2191 1631 2364 1698 locos,
2405 1638 2695 1701 postquam
2726 1631 2978 1686 homines
3010 1631 3161 1687 illum
3209 1650 3273 1688 ex
3327 1638 3547 1706 propria

1975 1723 2142 1780 domo
2187 1724 2523 1794 expulerint,
2566 1722 2862 1793 sedemque
2906 1723 3106 1780 habere
3159 1728 3442 1797 coegerint
3491 1729 3546 1782 in

1974 1815 2192 1881 insulis,
2235 1814 2325 1869 ubi
2394 1815 2796 1885 navigationem
2845 1815 3308 1887 piscatoriamqne
3361 1829 3534 1873 artem

1973 1913 2192 1962 exercet
2222 1921 2318 1977 per
2333 1913 2502 1961 totam
2528 1905 2941 1971 hebdomadam,
2961 1907 3180 1962 tandem
3199 1924 3264 1963 ex
3291 1907 3540 1964 lsmaeli-

1973 1999 2044 2055 tis
2075 1997 2427 2053 revelabitur.
2457 1996 2728 2067 Sequetur
2754 1997 2845 2053 ille
2875 1999 2928 2052 in
2961 1997 3124 2069 Libys
3151 1999 3343 2054 dielms
3369 2017 3383 2064 ;
3413 2003 3541 2066 erit,

1971 2090 2066 2160 qui
2111 2091 2342 2161 primus,
2401 2088 2697 2154 secundus,
2746 2097 2800 2144 et
2848 2090 2944 2160 qui
2983 2091 3261 2147 secundus
3301 2093 3544 2163 primus.

1971 2182 2085 2237 Cur
2131 2191 2321 2252 postea
2358 2181 2376 2251 (
2409 2181 2558 2234 illius
2609 2181 2711 2234 erit
2755 2182 2808 2234 in
2848 2181 3012 2250 ofﬁcio
3045 2181 3062 2252 )
3101 2182 3278 2237 caedes
3326 2191 3545 2252 patrare

1973 2275 2028 2328 in
2073 2271 2248 2328 media
2297 2273 2452 2334 urbe,
2486 2271 2540 2325 in
2580 2271 2784 2325 forensi
2842 2271 3137 2339 platea?ln
3191 2271 3282 2326 die
3339 2270 3544 2328 Paras-

1973 2379 2125 2429 ceve,
2174 2364 2335 2419 tertia
2367 2363 2524 2427 hora,
2577 2361 2758 2416 tribus
2811 2360 3067 2426 turbatis,
3103 2361 3302 2416 tertius
3337 2362 3550 2432 primus

1973 2456 2166 2511 evadet
2205 2465 2306 2522 ;et
2373 2465 2572 2508 unctus
2619 2452 2972 2512 revelabitur,
3021 2453 3138 2522 qui.
3191 2453 3542 2518 revelandus,

1973 2547 2215 2603 arcubus
2263 2545 2547 2614 signisque
2613 2543 2707 2598 Dei
2778 2541 3257 2607 manifestabitur,
3317 2557 3546 2599 vocatus

1973 2639 2044 2693 ab
2069 2637 2262 2706 angelo
2293 2651 2452 2706 quem
2489 2636 2653 2690 homo
2681 2635 2808 2690 albo
2839 2635 3072 2690 vestitus
3102 2634 3398 2706 significat.
3438 2634 3542 2701 Qui

1973 2737 2041 2791 ad
2079 2736 2203 2804 ejus
2231 2733 2556 2788 dormientis
2587 2747 2775 2798 aures,
2807 2733 3151 2801 apprehensa
3201 2731 3413 2794 dextra,
3463 2732 3548 2785 di-

1970 2826 2112 2880 xerit
2141 2841 2155 2879 :
2193 2840 2212 2875 ι
2253 2821 2669 2892 Expergiscere,
2691 2835 2726 2875 ο
2755 2821 2850 2890 qui
2879 2821 3106 2883 dormis,
3155 2828 3211 2874 et
3239 2835 3307 2875 ex
3348 2835 3544 2874 monu-

1972 2922 2154 2968 mento
2215 2929 2433 2981 surge;
2471 2926 2638 2981 super
2693 2919 2747 2967 te
2806 2911 3090 2966 illucescet
3148 2909 3405 2966 Christus
3439 2929 3454 2966 :
3488 2921 3544 2967 te

1970 3004 2117 3056 enim
2171 3010 2333 3055 vocat
2383 3010 2442 3054 ut
2501 3001 2761 3070 populum
2825 3017 3184 3057 numerosum
3247 3018 3442 3071 pascas
3475 3019 3538 3070 ;l

1971 3098 2026 3147 et
2056 3091 2240 3145 denuo
2272 3091 2473 3144 dixerit
2505 3108 2520 3144 :
2562 3109 2580 3142 ι
2622 3089 2913 3159 Egredere,
2943 3091 3035 3161 qui
3078 3092 3132 3145 in
3180 3092 3421 3147 obscuro
3455 3093 3546 3162 ja-

1973 3183 2160 3248 cebas,
2190 3197 2366 3252 neque
2384 3181 2496 3251 jam
2518 3181 2596 3236 sis
2617 3181 2930 3236 occultatus
2958 3201 2970 3236 :
3001 3191 3052 3236 Ie
3075 3190 3328 3251 quaerunt
3358 3183 3538 3250 multi,

1971 3288 2163 3330 omnes
2219 3273 2568 3344 egredientur
2601 3288 2617 3337 ;
2653 3279 2712 3326 tu
2747 3285 2876 3325 vero
2897 3271 3047 3327 solus
3097 3271 3422 3342 iugredieris
3467 3292 3487 3326 ι
3523 3290 3539 3338 ;

1968 3363 2130 3433 eique
2181 3373 2371 3432 postea
2425 3361 2668 3432 lapideas
2718 3361 2871 3417 dabit
2925 3362 3165 3427 tabulas,
3226 3363 3279 3416 in
3320 3364 3524 3433 quibus

1971 3457 2078 3510 duo
2129 3454 2398 3525 insculpta
2461 3462 2752 3526 praecepta,
2808 3455 3020 3511 scilicet
3054 3471 3068 3508 :
3101 3470 3292 3524 poenas
3318 3472 3348 3510 e
3375 3457 3537 3510 malis

1970 3547 2290 3612 sumendas,
2315 3547 2460 3616 jusla
2498 3548 2761 3617 ntiliaque
2794 3547 2941 3602 inter
2975 3547 3205 3616 populos
3229 3545 3540 3612 obicienda,

1970 3639 2350 3710 expellendam
2420 3641 2781 3710 impietatem.
2857 3639 3186 3696 sodomitica
3249 3645 3544 3707 operantcs

1970 3731 2203 3786 ﬂammis
2229 3730 2546 3796 tradendos,
2585 3739 2876 3802 corruptus
2907 3731 3225 3787 sacerdotes
3247 3747 3311 3785 ex
3337 3732 3542 3801 templo

1970 3822 2297 3892 cjiciendos,
2352 3832 2538 3880 castos
2591 3839 2723 3878 vero
2773 3823 2976 3879 divinis
3028 3823 3418 3886 restituendos,
3471 3824 3543 3879 ad

1967 3914 2299 3986 placandum
2331 3915 2500 3970 Deum
2545 3915 2676 3968 cmli-
2699 3921 2753 3969 et
2787 3923 2962 3970 terrae.

278 3998 401 4064 ξαν
437 4002 531 4055 καὶ
582 4001 709 4063 τοὺς
755 4001 939 4068 ἀξίους
986 4003 1068 4065 είς
1113 4003 1174 4055 τὸ
1204 4001 1345 4056 Θεῖον
1396 4003 1870 4075 ἀποκαταστῆσαι,
1911 4005 1993 4069 εἰς
2035 4005 2394 4076 εὐαρέστησιν
2448 4003 2542 4057 τοῦ
2589 4001 2722 4056 Θεοῦ
2771 4005 2865 4058 τοῦ
2895 4004 3124 4076 ούρανοῦ
3157 4005 3378 4074 καὶτῆς
3405 4008 3530 4074 γῆς.

352 4097 504 4166 Ἔχει
527 4097 585 4150 δὲ
622 4090 776 4160 οὗτος
804 4098 1026 4166 σημεῖαο
1057 4099 1085 4150 6
1117 4097 1242 4162 ὄνυξ
1275 4097 1368 4152 τοῦ
1399 4099 1634 4169 μεγάλου
1659 4098 1856 4153 δακτύ-

273 4186 369 4240 λου
403 4185 498 4240 τοῦ
528 4186 702 4250 δεξιοῦ
753 4187 914 4250 ποδὸς
942 4186 1167 4258 τηλώμα
1218 4188 1377 4259 ἔχων,
1408 4190 1441 4258 ἡ
1486 4189 1648 4242 λαλιά
1684 4189 1851 4243 αὐτοῦ

274 4278 510 4349 ήδεῖαοὴ
541 4277 663 4345 ὄψις
715 4277 882 4330 αὑτοῦ
933 4279 1174 4348 εὐειδής·
1204 4279 1266 4332 τὸ
1305 4277 1444 4344 εἶδος
1487 4282 1652 4334 αὑτοῦ
1699 4299 1855 4349 γυνα-

272 4370 454 4423 κείον·
481 4369 644 4439 μέσος
675 4369 773 4440 τὴν
804 4369 1036 4440 ἡλικίαν,
1062 4370 1359 4442 φαλακρὸς,
1388 4373 1608 4442 μικρὸν,
1645 4375 1851 4439 πολιὸς,

2033 4098 2184 4154 Talia
2205 4107 2386 4154 autem
2407 4099 2526 4169 ejus
2551 4109 2678 4155 sunt
2694 4100 2847 4170 signa
2869 4115 2882 4150 :
2903 4100 3144 4168 ungulus
3166 4099 3332 4153 medii
3349 4097 3530 4151 dextri

1961 4193 2114 4262 pedis
2143 4192 2296 4263 digiti
2334 4191 2564 4262 τηλὼμα
2599 4192 2824 4255 habens,
2844 4190 3020 4245 dulcis
3055 4191 3270 4259 loquela
3297 4207 3313 4254 ;
3344 4189 3532 4242 vultus

1963 4299 2234 4346 amamus.
2273 4285 2558 4339 muliebris
2587 4283 2804 4352 quidem
2829 4292 2996 4349 μεως
3023 4282 3234 4346 media;
3260 4281 3530 4346 calvities,

1961 4389 2013 4431 et
2047 4375 2160 4447 jazn
2197 4377 2541 4432 albescentcs
2572 4375 2758 4445 capilli
2787 4391 2803 4442 ;
2835 4373 2990 4429 varia
3028 4381 3297 4441 vastaque
3337 4374 3526 4428 scicn-

1787 4486 2020 4544 NOTAS.

341 4573 452 4646 (46)
483 4575 585 4627 Ἑν
616 4571 692 4641 τῇ
721 4571 918 4640 πρώτῃ
941 4570 1093 4640 ἄκρῃ
1116 4571 1228 4646 τῆς
1253 4575 1646 4642 Βυσαντίὸος.
1680 4577 1846 4632 Simi-

269 4642 718 4720 liter_aliquauto
751 4656 874 4714 post
904 4644 1206 4706 κατοικῶν,
1234 4649 1433 4715 inquit,
1489 4650 1546 4700 ἐν
1581 4647 1658 4717 τῷ
1689 4649 1845 4720 ἄκρῳ

265 4714 364 4779 τῆς
389 4714 728 4777 Βυσαντίδος.

338 4785 450 4851 (47)
491 4787 594 4837 Ἐν
628 4785 758 4849 ταῖς
783 4783 1030 4853 ἡμέραις
1065 4785 1172 4840 τοῦ
1199 4785 1387 4849 λιϐός.
1433 4783 1550 4842 Huc
1584 4786 1715 4843 facit
1750 4789 1840 4848 ille

265 4855 474 4907 oraculi
513 4856 688 4909 octavi
716 4871 908 4910 versus
936 4872 949 4907 :

227 4939 239 4984 ’
333 4945 641 5014 Δράκοντα
667 4947 990 5013 συρίξουσι
1020 4947 1128 5000 τὸν
1150 4948 1524 5006 λιϐοκτόνον.

362 5040 452 5106 48)
495 5039 556 5091 '0
584 5038 782 5106 τρίτος
809 5037 1062 5105 πρῶτος.
1103 5038 1351 5106 Respicit
1379 5041 1446 5094 ad
1475 5043 1757 5098 oraculum
1786 5045 1838 5099 9.

339 5040 450 5179 (49)
480 5109 589 5162 Καὶ
618 5110 1214 5179 ἀποκαλυφθήσεται
1235 5109 1267 5160 d
1296 5108 1673 5179 ήλειμμένος.
1719 5115 1838 5172 llaec

361 5109 450 5195 f9)
477 5109 589 5195 Καὶ
618 5109 1267 5195 ἀῖίῗκέτλΨΨΟᾎηίῗέῖίῖᾒῖδ
1295 5108 1673 5195 ἵδῖίείμμένος·
1719 5115 1842 5172 "me
1940 5140 1983 5195 ιι

265 5178 438 5233 verba
458 5183 742 5246 desumpta
771 5190 899 5231 sunt
930 5193 993 5231 ex
1032 5178 1257 5246 oraculo
1295 5179 1378 5231 ll.

338 5249 448 5321 (50)
492 5245 798 5321 ’Emzij0r1_
838 5248 1009 5321 παρὰΔ
1046 5245 1152 5321 τοῦ
1201 5246 1502 5321 (ὁρωμένου
1549 5251 1835 5321 ἀγγέλου,

264 5317 372 5372 τοῦ
408 5318 940 5391 ᾀποκαξιλφθρντος
978 5317 1058 5381 ὡς
1108 5316 1424 5391 ἁιοθριρποο
1453 5316 1832 5391 ,λευκορόρού

263 5389 581 5454 εὐνούχου.
612 5385 704 5441 Sic
734 5388 1012 5456 aliquanto
1054 5398 1176 5455 post
1205 5403 1217 5439 :
1253 5388 1361 5439 Καὶ
1406 5389 1498 5441 δύο
1526 5385 1746 5459 ἄγγελοι
1773 5398 1830 5448 ὲν

1951 4581 2260 4654 ὁμοιώματι
2312 4582 2603 4654 ἀνθρώπου
2657 4581 2988 4654 λευκοφόρου
3020 4581 3332 4654 ῲεύνούχου.
3359 4580 3523 4654 item

1950 4649 2194 4706 Codinus
2215 4655 2269 4706 in
2291 4654 2386 4706 lib.
2413 4649 2484 4706 De
2512 4663 2784 4706 structura
2808 4649 2982 4719 (enipli
3009 4650 3070 4707 S.
3098 4649 3528 4720 δορίιῖίεεῈφώ-

1951 4739 2113 4791 νησεν
2137 4722 2282 4792 αὐτῷ
2314 4723 2644 4793 λευκοτρόρος
2676 4741 2759 4785 τις
2789 4723 3078 4793 εύνοῦχος;
3128 4734 3180 4776 ct
3211 4722 3398 4793 puniris
3444 4721 3528 4772 in-

1950 4789 2214 4862 terjcctis,
2239 4789 2627 4862 s’ubjuugi‘tu'r:
2671 4793 2852 4860 Ἔγνω
2879 4793 2906 4844 6
2938 4789 3318 4861 βασιλεὺς,ὃτι
3349 4789 3520 4862 ἄγγε-

1947 4860 2038 4933 λός
2068 4864 2185 4915 ἐστι
2219 4860 2466 4930 Κυρίου(
2491 4863 2648 4928 Quod
2695 4877 2826 4916 vero
2855 4860 2976 4933 hoc
3008 4863 3142 4933 loco
3168 4869 3426 4915 narratur
3455 4861 3523 4912 dc

1945 4931 2116 4985 futuri
2153 4933 2298 4987 illius
2332 4935 2522 5002 optimi
2551 4931 2904 5002 imperatoris
2926 4932 3259 5002 revelatione
3295 4944 3516 5002 peran-

1943 5003 2144 5070 gclnm,
2183 4998 2534 5072 paraplirasis
2565 4998 2649 5057 est
2686 5001 2771 5063 12,
2811 5003 2892 5064 l3,
2929 5001 2994 5055 l4
3024 5013 3078 5056 et
3104 5002 3170 5054 15
3193 4998 3426 5072 oraculi.

2017 5072 2132 5141 (51)
2163 5073 2271 5125 Καὶ
2305 5070 2447 5138 τοὺς
2474 5074 2546 5126 τὰ
2584 5072 2936 5140 Σοδομιτικὰ
2972 5072 3117 5138 ἔργα
3159 5070 3510 5134 ποιοῦντας.

1993 5158 2058 5196 uc
2093 5142 2301 5197 faciunt
2336 5144 2411 5196 illi
2450 5157 2641 5197 versus
2672 5143 2880 5197 oraculi
2909 5145 3087 5197 octavi
3120 5160 3133 5196 :

2008 5255 2118 5309 Kal
2141 5254 2260 5320 πᾶς
2283 5255 2553 5322 ἀσελγὴς
2578 5255 2677 5307 καί
2703 5253 2868 5323 φόνῳ
2892 5254 3304 5324 κεχραμμένος

2010 5326 2252 5393 Μοιχὸς,
2285 5325 2510 5392 ἅρπαξ,
2540 5323 2766 5391 ἄδικος,
2802 5323 3249 5394 ἀρρενοφθόρος

2007 5399 2081 5449 Τὰ
2103 5397 2348 5450 λοίσθια
2369 5397 2712 5449 λεύσσουσι
2739 5395 3138 5464 προὺμμάτων
3165 5395 3340 5464 φάος.

325 5500 397 5609 (a)
421 5501 513 5560 Qui
535 5501 661 5549 hanc
680 5500 1019 5571 Parapbrasim
1040 5513 1131 5549 seu
1163 5502 1328 5572 potius
1349 5504 1558 5566 aenigma
1581 5521 1640 5555 ex
1667 5508 1834 5559 (inero
1855 5513 1902 5559 in
1933 5510 2154 5560 Latinum
2180 5509 2430 5560 transtulit
2452 5510 2526 5558 vir
2547 5509 2721 5558 doctus
2746 5510 2802 5559 D.
2831 5507 3068 5562 Mouﬂlet.
3092 5507 3140 5557 in
3168 5506 3500 5556 Universilate

325 5563 446 5609 lllca
486 5563 826 5609 humaniorum
850 5562 1125 5609 litterarum
1165 5568 1432 5609 DI‘OIOSSOI‘.
1457 5574 1638 5609 monet,
1669 5571 1810 5609 lnmm
1838 5574 2012 5609 nlmusn
2053 5579 2102 5609 nl
2145 5587 2344 5609 cornuum
2378 5574 2524 5609 huius
2555 5571 2723 5609 scrinii
2747 5569 3070 5609 amnalvntini
3109 5569 3291 5609 uhimm
3311 5569 3500 5609 annum

264 5562 826 5635 Gallicahht't‘manig‘t‘um
850 5562 1125 5613 litterarum
1165 5566 1433 5627 ρτοιθδδοτ,
1453 5562 1643 5632 ῐιιοιιει,
1669 5571 1811 5635 longe
1837 5574 2013 5625 abesse
2053 5579 2106 5623 ut
2145 5587 2346 5624 sensum
2378 5574 2524 5635 hujus
2554 5571 2725 5635 scripti
2747 5569 3072 5634 apocglyplici
3109 5569 3291 5631 ubique
3311 5568 3512 5630 assequi

263 5623 500 5684 potuerit.
529 5623 663 5673 Eutr.
694 5624 842 5675 Parii.
