3964 6206
458 226 597 293 mg
1734 218 2011 279 LEONts
2040 215 2502 277 PHILOSOPIII
3644 213 3765 281 nn

452 354 523 397 na
563 359 579 408 ;
627 337 938 411 prudentia,
1010 318 1482 401 divinationisque
1544 330 1898 401 participatio
1982 337 2036 383 et

2167 326 2479 395 τολυῖστωρ,
2517 324 2610 377 καὶ
2659 324 2861 395 μᾶλλον
2893 324 3049 391 εἰδὼς
3080 326 3218 396 (52),
3254 331 3657 400 προορατικὺς
3684 327 3765 385 καὶ

451 431 922 496 communicatio;
952 428 1227 483 demissus
1288 440 1503 491 nasus;
1543 423 1687 479 oculi
1725 423 1791 477 ad
1833 422 2031 477 coelum

2167 417 2481 487 προφητείας
2544 416 2788 487 μετέχων
2845 417 2996 489 (55),
3027 419 3121 471 καὶ
3172 420 3514 489 μεταδιδούς
3545 438 3562 451 ⁶
3596 423 3630 491 ή
3692 425 3765 492 5'2;

451 522 624 577 erecti
675 525 1016 589 ;paupertas
1051 558 1065 582 ,
1138 514 1371 571 sordidae
1441 515 1741 583 lacermqne
1831 521 2031 575 vestes.

2167 509 2303 563 ιῦτοῦ
2340 510 2711 579 έπικεκυφυῖα
2738 526 2751 539 ·
2801 511 2850 563 οἱ
2894 510 3165 581 ὀφθαλμοὶ
3198 514 3490 581 μετέωροι
3525 529 3540 541 ·
3576 515 3762 581 πένης,

456 623 743 684 prepterea
794 611 939 679 quod
1000 609 1125 664 aliis
1171 608 1472 663 studuerit.
1521 606 1637 661 Erit
1681 606 1826 660 enim
1860 605 2035 670 mitis,

2167 603 2518 675 τεκαρμένος,
2564 603 2661 655 καὶ
2717 601 2885 674 ῥάκια
2933 602 3315 673 ἐνδεδυμένος,
3370 604 3481 657 διὰ
3558 605 3627 657 τὸ
3676 608 3764 677 μὲν

457 709 754 767 humanus,
798 702 1063 765 liberalis,
1095 701 1503 770 magnanimus,
1542 699 1830 761 terribilis,
1867 713 2035 767 gene-

2167 694 2727 767 ςρησιμεύειν.Ἔσται
2761 694 2819 747 δὲ
2856 695 3039 765 πραῢς
3066 698 3159 750 καὶ
3178 696 3602 767 φιλάνθρωπος
3640 700 3756 767 (5⁸).

454 812 639 852 ιιοευε.
667 794 901 865 Insignis
929 795 1047 864 ejus
1075 793 1266 846 dextra
1285 808 1350 847 eo
1374 791 1521 862 quod
1557 791 1611 844 in
1640 790 1885 859 scapulis
1917 789 2038 843 dna:

2174 784 2525 854 ὑμετάδοτος,
2590 784 2988 856 μεγαλόψυχος,
3052 788 3309 860 φοϐερὸς,
3367 792 3673 857 γενναῖος.
3707 791 3757 846 Ἡ

453 900 662 944 calente
693 905 707 953 ;
744 888 811 941 ad
862 887 1167 957 omoplatas
1209 886 1272 956 (?)
1314 886 1436 940 dua:
1472 897 1758 953 purpureze
1795 898 2035 948 cruces;

2167 876 2289 943 ίεξιὰ
2325 876 2492 931 αὑτοῦ
2546 878 2759 948 ἁρμοὺς
2786 878 2881 931 δύο
2910 880 3097 951 σειράς
3119 898 3132 909 ·
3170 881 3264 935 καὶ
3306 884 3609 952 σταυροὺς
3636 900 3755 953 πορσ

457 980 509 1033 in
554 992 772 1047 pectore
824 988 1004 1031 autem
1064 986 1120 1032 et
1165 977 1231 1031 ad
1277 977 1475 1031 collum
1521 974 1779 1043 αὑτοφίον
1807 973 1874 1044 (⁸2)
1906 988 2038 1043 prae-

2167 969 2353 1040 ρυροῦς
2377 969 2518 1040 ἔχων
2541 970 2635 1024 ἐπὶ
2659 971 2787 1034 τοὺς
2818 970 2913 1024 δύο
2944 971 3304 1042 ὠμοπλάτας,
3334 974 3443 1026 ἐπὶ
3494 975 3602 1026 τοῦ
3649 978 3755 1044 cui-

455 1082 601 1126 terea
642 1080 849 1124 catena:
881 1071 933 1123 in
968 1070 1233 1124 lateribus
1260 1109 1274 1133 ,
1310 1069 1362 1123 in
1393 1068 1606 1138 jugulo,
1644 1068 1695 1121 in
1735 1066 2037 1121 femoribus

2167 1064 2270 1121 lou;
2304 1057 2362 1111 δὲ
2389 1059 2482 1111 καὶ
2509 1059 2601 1111 ἐπὶ
2626 1058 2718 1112 τὸν
2745 1059 2949 1129 αὐχένα
2974 1061 3251 1129 αὑτόφιον.
3275 1062 3500 1133 Σειρὰς
3538 1064 3636 1116 ἐπὶ
3663 1068 3751 1117 τῶν

458 1165 833 1234 brachiisque.
860 1162 1073 1218 Nomen
1098 1162 1447 1233 imperatoris
1478 1162 1534 1217 in
1565 1161 1825 1233 gentibus
1848 1161 2040 1215 occul-

2167 1150 2417 1222 πλευρῶν,
2445 1151 2539 1203 κα)⁵
2574 1151 2666 1204 ἐπὶ
2710 1152 2805 1204 τοῦ
2836 1154 3131 1223 τραχήλου,
3183 1154 3277 1206 καὶ
3338 1156 3453 1207 ἐπὶ
3506 1155 3623 1208 τῶν
3666 1176 3752 1225 μή·

457 1266 653 1321 tatum,
678 1257 856 1312 simile
885 1256 1079 1311 ultimo
1109 1255 1240 1319 diei,
1279 1254 1535 1323 septimo,
1584 1254 1785 1309 litteris
1828 1253 2036 1307 conﬂa-

2167 1243 2257 1295 »ῶν
2308 1244 2403 1296 καὶ
2458 1243 2787 1315 βραχιόνων·
2820 1245 2884 1297 τὸ
2908 1244 2965 1297 δὲ
2994 1246 3166 1316 δνομα
3206 1246 3301 1300 τοῦ
3350 1247 3649 1317 βασιλέως
3677 1268 3746 1303 xz-

458 1360 571 1403 tum
599 1363 721 1418 quae
779 1355 909 1402 sunt
962 1360 992 1399 a
1038 1345 1211 1416 prima
1265 1345 1445 1398 littera
1500 1342 1649 1398 verbi
1712 1343 2040 1396 ὀκτωκαιδε-

2167 1334 2463 1405 ιρυμμένον
2508 1336 2567 1388 έν
2622 1336 2737 1397 τοῖς
2795 1334 2996 1390 ἔθνεσι.
3054 1337 3268 1406 Ὁμοιοῖ
3315 1339 3371 1392 δὲ
3426 1343 3505 1411 τῇ
3571 1342 3749 1413 ἐσχάτῃ

457 1442 629 1511 xit-qi,
658 1440 772 1493 sive
791 1438 1081 1493 verborum
1124 1435 1516 1508 τριακοσιοστῷ
1537 1434 1757 1504 πρώτῳ.
1783 1434 2041 1488 Pietatem

2167 1427 2330 1497 λμέρᾳ
2360 1429 2427 1496 τῇ
2484 1426 2709 1500 ἐϐδόμῃ.
2745 1427 3023 1499 Γράφεται
3052 1429 3107 1482 δὲ
3140 1430 3234 1483 καὶ
3250 1430 3358 1484 ἀπὸ
3392 1430 3508 1484 τοῦ
3550 1433 3744 1504 πρῶτον

458 1529 966 1596 divinationemque
1023 1526 1154 1581 colit
1208 1542 1223 1580 :
1273 1541 1397 1580 eum
1465 1539 1596 1580 vero
1643 1525 1895 1580 homines
1944 1540 2044 1593 pro

2167 1518 2478 1591 γράμματος
2539 1520 2598 1572 ὲν
2657 1519 2735 1591 τῷ
2803 1521 3297 1594 ὀκτωκαιδεκάτῳ,
3364 1525 3514 1594 ἤτοι
3577 1527 3635 1578 ἐν
3686 1529 3744 1597 τῷ

460 1622 637 1675 nihilo
678 1628 1089 1689 repntaverunt,
1132 1617 1337 1671 scilicet
1371 1631 1650 1685 nunquam
1682 1617 1891 1670 utilem.
1937 1614 2042 1669 lm-

2167 1610 2548 1681 τριακοσιοστῷ
2612 1610 2836 1683 πρώτῳ.
2910 1612 3202 1667 Φυλάττων
3268 1615 3632 1682 θεοσέϐειαν,
3670 1622 3741 1673 καί

461 1720 625 1782 ponet
682 1710 949 1766 Dominus
1027 1724 1249 1763 manum
1333 1723 1492 1762 suam
1568 1708 1620 1761 in
1675 1707 1857 1776 capite
1918 1706 2041 1773 ejus

2167 1703 2486 1774 προφητείαν
2506 1720 2520 1734 ο
2549 1703 2610 1757 ὃν
2658 1704 2879 1758 ἐδόκουν
2910 1706 2961 1758 οἱ
2991 1706 3269 1777 ἄνθρωποι
3295 1708 3371 1773 ὡς
3430 1709 3598 1764 οὐδὲν
3617 1714 3741 1775 ὄντα,

464 1807 728 1874 illumque
780 1804 901 1858 oleo
968 1813 1136 1873 unget
1187 1803 1242 1856 in
1296 1800 1573 1871 supremis
1621 1798 1841 1864 diebus,
1893 1799 2039 1853 unde

2167 1795 2236 1847 ια).
2267 1798 2347 1859 εἰς
2402 1796 2556 1849 οὐδὲν
2607 1796 3035 1867 χρησιμεύοντα.
3082 1801 3367 1873 Ἐπιθήσει
3418 1803 3637 1873 Κύριος

462 1906 657 1951 mtctus
683 1895 980 1951 scribetur.
1015 1892 1337 1961 Egredietur
1359 1907 1426 1948 ex
1462 1890 1773 1954 lsmaelitis,
1794 1899 1849 1945 et
1874 1905 2040 1959 super

2167 1890 2303 1959 ςεῖρα
2334 1888 2500 1941 αὐτοῦ
2527 1890 2623 1943 ἐπὶ
2648 1889 2747 1960 τὴν
2773 1890 3020 1961 κορυφήν
3054 1892 3243 1956 αὐτοῦ,
3288 1896 3384 1947 καὶ
3444 1896 3632 1965 χρίσει
3657 1899 3737 1950 αὖ-

462 2005 560 2044 eos
616 1987 1040 2053 dominabitur;
1076 1988 1187 2043 illis
1232 1989 1378 2042 enim
1433 1987 1487 2040 in
1545 1987 1740 2041 diebus
1787 1984 2041 2039 homines

2167 1980 2233 2033 ςὸν
2263 1981 2439 2035 έλαιον
2470 1983 2551 2046 είς
2575 1981 2643 2035 τὰ
2685 1982 2813 2048 τέλη
2849 1983 2959 2037 τῶν
2986 1985 3229 2057 ήμερῶν,
3265 1987 3324 2050 ὃς
3362 1988 3733 2059 γραφθήσεται

462 2086 843 2144 conterentur,
876 2078 1043 2134 facies
1103 2093 1233 2133 suas
1284 2078 1352 2132 ad
1400 2088 1599 2132 terram
1658 2084 2042 2147 prosternent,

2167 2072 2508 2143 ήλειμμένος,
2534 2075 2628 2127 καὶ
2659 2074 3001 2139 ἐξελεύσεται
3032 2078 3176 2131 κατὰ
3213 2078 3322 2132 τῶν
3365 2079 3731 2151 Ἰσμαηλιτῶν.

464 2172 743 2241 pulverem
795 2186 962 2240 super
1012 2172 1192 2239 capita
1232 2184 1331 2226 sua
1388 2167 1691 2231 effundent,
1742 2168 2045 2223 clamantes

2167 2165 2255 2218 (at
2286 2166 2552 2236 κρατήσει
2583 2168 2804 2231 αὐτοὺς,
2837 2169 2922 2221 ὅτι
2952 2169 3009 2221 ὲν
3059 2172 3178 2232 ταῖς
3204 2170 3464 2241 ἡμέραις
3520 2173 3731 2235 ἐκείναις
3840 2172 3843 2265 1

462 2264 529 2317 ad
568 2262 857 2316 hominum
884 2262 1007 2317 coeli
1042 2270 1098 2317 et
1125 2270 1305 2317 terrae.
1355 2260 1511 2315 Tunc
1545 2260 1805 2315 exaudiet
1861 2256 2047 2313 Domi-

465 2373 568 2412 nus
609 2371 803 2426 preces
833 2370 1048 2419 eorum,
1100 2371 1263 2411 aures
1300 2355 1365 2411 ad
1410 2356 1621 2409 incolas
1667 2367 1827 2409 terrae
1884 2353 2045 2407 incli-

464 2463 623 2512 nans,
654 2461 925 2515 suumque
951 2447 1054 2501 sub
1083 2446 1322 2499 humana
1371 2445 1546 2502 forma
1580 2446 1762 2500 mittet
1809 2445 2046 2499 archan-

463 2538 669 2608 gelum,
708 2538 826 2607 qui,
861 2546 1154 2608 postquam
1186 2552 1283 2608 per
1317 2538 1531 2593 insulas
1568 2544 1822 2593 versatus
1854 2535 2046 2599 fuerit,

468 2628 713 2683 inveniet
765 2637 1044 2695 sanctum,
1100 2636 1341 2683 mactum
1396 2629 1695 2693 hominem,
1745 2627 1882 2681 nulli
1944 2628 2047 2681 ho-

467 2722 601 2775 mini
638 2722 843 2782 visum,
883 2722 1018 2774 nulli
1051 2723 1335 2791 cognitum
1379 2738 1394 2786 ;
1428 2722 1618 2776 utilem
1662 2730 1717 2776 et
1746 2721 1996 2775 inutilem
2032 2737 2048 2785 ;

468 2813 779 2865 mendicum
833 2819 890 2865 et
941 2824 1051 2863 non
1090 2825 1365 2886 egenum;
1404 2810 1823 2865 misericordem
1857 2820 1912 2884 et
1945 2808 2051 2862 mi-

468 2901 830 2957 sericordiam
885 2908 1245 2966 moventem;
1300 2900 1509 2956 nudum
1559 2909 1615 2955 et
1650 2901 1763 2955 lino
1809 2900 2053 2970 pretioso

470 2996 777 3057 vestitum;
820 3011 1053 3066 corpore
1124 3003 1402 3050 mortuum
1468 3006 1525 3051 et
1602 2996 1786 3051 valido
1854 2996 2051 3066 spiritu

473 3093 789 3154 viventem;
851 3103 1045 3143 sanum
1106 3096 1160 3143 et
1218 3088 1536 3156 infirmum;
1570 3088 1931 3159 imperantem
1994 3101 2052 3144 et

471 3180 604 3234 nihil
639 3180 1006 3249 prolicientem
1048 3196 1065 3247 ;
1109 3180 1357 3250 ignarum
1392 3189 1449 3235 et
1502 3182 1672 3233 multa
1728 3181 1994 3235 scientem
2035 3198 2050 3245 ;

470 3272 727 3327 omnibus
790 3272 1089 3328 obscurum
1173 3273 1560 3342 ignotumque,
1607 3270 1717 3326 Deo
1760 3279 1945 3325 autem
1998 3278 2054 3325 et

473 3362 577 3415 sibi
609 3360 1003 3427 manifestum;
1030 3362 1215 3417 servili
1248 3361 1567 3417 conditione
1614 3361 1914 3424 viventem,
1952 3362 2051 3417 sed

471 3467 667 3521 genere
702 3452 970 3521 imperiali
1003 3462 1183 3507 ortum
1211 3452 1594 3522 ;imperatoris
1620 3451 1811 3516 filium,
1841 3452 2054 3520 ipsum-

473 3559 581 3613 que
631 3544 819 3613 gloria:
871 3546 1284 3614 imperatorem.
1334 3542 1557 3599 Sedebit
1589 3553 1773 3599 autem
1815 3544 1869 3598 in
1924 3558 2053 3598 arce

474 3636 744 3707 Byzantii,
804 3637 966 3707 longe
1003 3637 1073 3691 ab
1104 3636 1441 3691 occidentali
1493 3647 1671 3706 porta,
1709 3638 1764 3691 in
1798 3637 2053 3704 sigmatis

472 3729 718 3799 regione.
796 3726 948 3784 Illius
1000 3726 1256 3784 educatio
1302 3743 1368 3783 ex
1430 3728 1720 3783 nativitate
1768 3728 2053 3800 octoginta

472 3822 717 3876 calculos
764 3821 972 3876 habens
1031 3835 1227 3876 nomen
1267 3820 1410 3890 ejus.
1467 3821 1562 3877 Est
1594 3819 1741 3876 enim
1775 3835 1805 3874 a
1842 3819 2055 3875 duode-

473 3912 614 3965 cima
648 3912 831 3965 littera
868 3911 1146 3976 ;alterum
1183 3920 1369 3965 autem
1398 3926 1427 3964 a
1455 3911 1637 3981 prima
1683 3912 1866 3967 littera
1911 3911 2056 3967 scri-

481 4003 632 4057 bitur
680 4002 735 4055 in
795 4001 963 4056 verbo
1016 4000 1497 4071 ὀκτωκαιδεκὰτῳ.
1541 4000 1657 4056 Erit
1711 4001 2056 4058 assimilatus

482 4093 594 4149 Deo
647 4094 955 4148 Altissimo.
998 4091 1147 4146 Patri
1200 4091 1322 4161 ejus
1379 4107 1580 4147 nomen
1630 4092 1898 4149 divinum.
1948 4094 2051 4149 Cui

477 4185 807 4257 profundum
845 4185 1143 4257 ingenium.
1178 4183 1309 4240 Sine
1335 4194 1589 4255 patreest
1615 4193 1670 4240 et
1702 4187 1823 4241 sine
1851 4198 2050 4254 matre,

477 4280 598 4335 sine
629 4280 968 4351 genealogia.
1024 4278 1200 4334 Simul
1250 4287 1305 4333 et
1358 4295 1423 4333 ex
1476 4294 1585 4333 una
1631 4294 1803 4335 uxore
1854 4281 2058 4337 liberos

2080 3049 2123 3107 C

2148 2257 2498 2327 ολιϐήσονται
2528 2260 2577 2312 οἱ
2612 2258 2914 2331 ἄνθρωποι,
2963 2263 3057 2314 καὶ
3090 2263 3323 2317 δώσουσι
3370 2265 3458 2318 τὰ
3498 2268 3723 2336 πρόσωπα

2148 2350 2329 2403 αὐτῶν
2357 2351 2450 2403 ἐπὶ
2485 2352 2584 2419 τῆς
2632 2352 2754 2422 γῆς,
2792 2355 2890 2406 καὶ
2920 2354 3049 2422 χοῦν
3099 2355 3346 2408 πὰσουσν
3382 2358 3496 2411 ἐπὶ
3540 2360 3631 2420 τὰς
3655 2377 3719 2411 κερ

2149 2441 2325 2511 φαλὰς
2374 2442 2578 2509 αὐτῶν,
2635 2444 2733 2498 καὶ
2772 2444 3029 2515 βοήσουσι
3086 2448 3223 2515 πρὸς
3253 2448 3482 2519 Κύριον
3507 2451 3593 2504 τὸν
3618 2453 3703 2503 De}:

2148 2533 2243 2587 τοῦ
2275 2534 2506 2605 οὐρανοῦ
2565 2534 2660 2587 καὶ
2716 2534 2819 2605 τῆς
2856 2537 2981 2606 γῆς,
3023 2537 3120 2590 καὶ
3172 2538 3295 2590 τότε
3369 2542 3699 2594 εἰσακούπτιι

2148 2626 2357 2696 Κύριος
2400 2626 2499 2696 τῆς
2542 2625 2782 2696 δεήσεως
2836 2629 3034 2695 αὐτῶν,
3067 2630 3159 2682 καὶ
3209 2630 3375 2700 θήσει
3416 2634 3499 2687 τὰ
3523 2628 3607 2687 ἔστι
3629 2633 3705 2685 tr).

2149 2716 2275 2777 τοὺς
2300 2715 2691 2779 κατοικοῦντας
2719 2716 2817 2787 τὴν
2863 2718 2967 2787 γῆν
2989 2760 3002 2782 ,
3037 2719 3135 2772 καὶ
3163 2719 3475 2775 ἀποστελεῖ
3514 2724 3593 2775 τὸν
3610 2724 3711 2791 tier

2152 2803 2383 2872 ἄγγελον
2416 2806 2583 2859 αὑτοῦ
2614 2809 2673 2862 έν
2706 2811 2949 2880 σχήματι
2990 2809 3280 2880 ἀνθρώπου
3300 2853 3316 2875 ,
3355 2814 3458 2865 καὶ
3496 2813 3710 2882 αὐλισθῆ-

2155 2913 2311 2951 σεται
2344 2899 2404 2951 ὲν
2466 2902 2591 2964 ταῖς
2653 2904 2843 2972 νήσοις
2877 2903 3012 2973 (55).
3058 2903 3169 2956 Καὶ
3197 2904 3421 2974 εὑρήσει
3451 2907 3542 2960 τὸι
3588 2906 3715 2973 ἅγιον

2156 2990 2345 3052 αὑτοῦ,
2376 2990 2468 3044 τὸν
2494 2991 2825 3063 ήλειμμένον
2850 2996 2981 3065 παρ’
3018 2995 3235 3059 οὐδενὸς
3268 2996 3603 3068 βλεπόμενον,
3630 2997 3711 3049 καὶ

2158 3082 2310 3152 παρὰ
2346 3083 2573 3152 μηδενὸς
2612 3086 3030 3157 γνωριζόμενον,
3057 3087 3149 3140 τὸν
3186 3090 3412 3159 χρηστὸν
3442 3090 3529 3143 καὶ
3553 3089 3711 3160 (Iqu-

2162 3188 2285 3225 στον
2309 3211 2325 3237 ,
2364 3175 2457 3227 τὸν
2480 3175 2697 3245 πτωχὸν
2737 3180 2831 3230 καὶ
2888 3177 2963 3248 μὴ
2994 3178 3373 3251 ὑστερούμενον
3414 3182 3551 3247 (56).
3612 3181 3701 3232 τὸν

2160 3263 2435 3329 ἐλεοῦντα,
2486 3267 2582 3319 καὶ
2613 3266 2936 3339 ἐλεούμενον
2960 3311 2975 3335 ,
3005 3271 3098 3323 τὸν
3149 3270 3322 3341 γυμνὸν
3356 3272 3441 3322 καὶ
3474 3270 3682 3339 βύσσινα

2153 3356 2529 3426 ἠμφιεσμένον
2580 3359 2672 3412 τὸν
2711 3360 2903 3431 νεκρὸν
2969 3363 3099 3416 ὄντα
3127 3364 3206 3435 τῷ
3250 3363 3461 3433 σώματι,
3487 3362 3571 3414 καὶ
3611 3360 3681 3414 εῦ-

2156 3464 2326 3503 πνουν
2359 3451 2455 3503 καὶ
2498 3452 2676 3515 ζῶντα
2709 3454 2786 3523 τῷ
2825 3454 3099 3526 πνεύματι
3124 3473 3138 3487 °
3182 3457 3252 3510 ’0
3271 3458 3444 3527 ἄρτιος
3476 3456 3561 3509 κα)⁸
3580 3454 3698 3507 κυλ-

2154 3541 2266 3604 λὸς,
2290 3544 2318 3595 ὀ
2345 3545 2729 3615 προκατάρξας
2782 3547 2878 3600 καὶ
2933 3550 3013 3611 είς
3050 3548 3204 3602 οὐδὲν
3267 3548 3616 3619 χρησιμεὺων.
3652 3547 3707 3597 ’0

2156 3634 2329 3703 ἀδαὴς
2356 3636 2451 3689 καὶ
2481 3637 2651 3691 πολλὰ
2685 3638 2841 3702 εἰδώς
2872 3655 2886 3670 ο
2920 3639 2981 3693 '0
3012 3642 3126 3705 τοῖς
3155 3642 3291 3694 πᾶσι
3319 3641 3601 3705 σκοτεινὸς,
3628 3640 3711 3692 καὶ

2156 3726 2391 3796 ἀφανής,
2426 3727 2504 3799 τῷ
2532 3729 2588 3782 δὲ
2610 3729 2729 3801 Θεῷ
2767 3732 2861 3785 καὶ
2887 3732 3071 3802 ἐαυτῷ
3128 3734 3437 3807 φανερός-ὁ
3468 3736 3529 3787 ὲκ
3547 3734 3716 3802 μοίρας

2156 3819 2442 3892 δουλικῆς,
2469 3824 2562 3876 καὶ
2594 3825 2657 3877 ἐκ
2688 3823 2878 3892 γένους
2910 3824 3187 3895 βασιλικοῦ
3210 3828 3575 3897 καταγόμενος
3601 3824 3716 3895 (57).

2158 3909 2430 3977 Βασιλέως
2464 3913 2579 3977 υίὸς
2597 3914 2691 3967 καὶ
2723 3915 2886 3979 αὐτὸς
2918 3916 3173 3987 βασιλεὺς
3214 3918 3315 3989 τῆς
3341 3920 3505 3989 δόξης
3527 3937 3542 3950 ·
3563 3934 3720 3971 κατοιο

2159 4002 2273 4056 κῶν
2300 4004 2360 4057 ὲν
2391 4003 2468 4074 τῷ
2519 4006 2674 4077 ἄκρῳ
2721 4007 2821 4079 τῆς
2872 4008 3217 4076 Βυζαντίδος,
3246 4011 3357 4065 ἀπὸ
3385 4015 3488 4082 τῆς
3534 4008 3720 4075 δυτικῆς

2159 4093 2259 4161 τῆς
2310 4093 2516 4159 πόλεως
2581 4095 2757 4165 πύλης
2786 4097 2899 4167 (58)
2928 4099 3153 4169 πλησίον
3192 4100 3286 4154 τοῦ
3318 4101 3589 4170 σίγματος
3616 4098 3724 4167 (59)-

2159 4183 2334 4240 Αὑτοῦ
2388 4186 2421 4254 ή
2465 4187 2744 4258 ἁνατροφὴ
2795 4189 2860 4242 ἐκ
2902 4189 3093 4257 γένους
3143 4191 3482 4261 ὀγδοήκοντα
3544 4192 3726 4261 ψήφους

2161 4277 2299 4347 ἔχων
2329 4278 2387 4330 τὸ
2408 4278 2578 4349 ὄνομα
2610 4279 2797 4333 αὑτοῦ.
2830 4282 2986 4334 Ἐστι
3034 4283 3091 4335 δὲ
3122 4284 3215 4336 καὶ
3243 4284 3350 4337 ἀπὸ
3382 4282 3482 4336 τοῦ
3523 4281 3729 4336 δωδεκά-

476 4371 741 4440 snscepit,
778 4370 918 4426 filios
947 4370 1167 4441 quidem
1210 4378 1264 4425 et
1300 4370 1463 4426 tilias.
1536 4370 1642 4425 Ista
1682 4380 1867 4426 autem
1914 4371 2053 4428 libe-

2167 4386 2254 4422 του
2284 4370 2550 4442 στοιχείου
2571 4386 2585 4401 ο
2608 4372 2667 4426 τὸ
2694 4372 2751 4426 δὲ
2795 4372 2982 4443 ἕτερον
3017 4376 3288 4446 γράφεται
3326 4376 3435 4429 ἀπὸ
3476 4376 3575 4429 τοῦ
3604 4370 3731 4444 πρώ-

1961 4484 2193 4541 NOTAE.

547 4598 658 4669 (52)
695 4598 931 4663 nenec,
977 4600 1344 4665 πολυΐστωρ,
1376 4599 1474 4653 καὶ
1526 4599 1697 4669 μάλα
1723 4599 1916 4668 εἰδώς.
1958 4598 2061 4656 lle-

477 4668 641 4741 spicit
668 4668 733 4722 ad
770 4671 901 4723 illud
930 4669 1143 4723 oraculi
1184 4674 1313 4722 noni
1343 4686 1358 4722 :

556 4761 652 4826 Ὠς
684 4758 838 4829 ἄγαν
867 4759 1135 4827 πρέσϐυς
1162 4757 1260 4811 καὶ
1291 4756 1504 4822 πολιὸς
1529 4757 1821 4827 ἐχέφρων.

546 4852 660 4923 (55)
688 4849 1089 4923 Προορατικὸς
1119 4849 1217 4923 καί
1248 4850 1613 4923 προφητείας
1636 4849 1928 4916 μετέχων.
1956 4847 2063 4906 Re-

479 4919 649 4993 Spi'cn’
669 4922 736 4977 ad
771 4924 917 4976 hunc
941 4921 1155 4975 oraculi
1183 4919 1378 4974 decimi
1419 4920 1564 4973 tertii
1598 4936 1811 4974 versum
1840 4936 1852 4973 :

552 5016 624 5070 Τὸ
650 5014 887 5085 μέλλον
914 5014 1211 5079 ὀξύτατον
1246 5011 1469 5066 εἰδέναι
1496 5011 1760 5081 μᾶλλον.

550 5108 662 5173 (54)
700 5110 913 5162 Ἔσται
952 5107 1021 5160 δὲ
1064 5106 1259 5175 πραῢς
1302 5106 1400 5159 καί
1446 5104 1894 5175 φιλάνθρωπος,
1948 5112 2055 5160 etc.

485 5176 731 5248 Respicit
768 5179 833 5233 ad
865 5178 998 5233 illud
1024 5178 1235 5233 oraculi
1259 5177 1454 5231 decimi
1491 5177 1637 5230 tertii
1673 5191 1684 5226 :

551 5271 968 5339 Μηνόκρανον,
990 5271 1292 5341 μείλιχον,
1331 5269 1550 5339 πραῢν,
1588 5269 1871 5337 utﬁt-our.

558 5359 737 5434 (εὶ-ΛΠ
766 5363 1131 5434 τρικόνδολος,
1155 5374 1232 5418 ter
1257 5363 1569 5434 articulutos
1613 5360 1807 5434 digitos
1850 5361 2062 5434 habens.

560 5432 671 5501 (55)
708 5432 813 5485 Καὶ
864 5434 1303 5501 αὐλισθήσεται
1360 5433 1429 5487 ἐν
1470 5432 1597 5500 ταῖς
1656 5432 1891 5497 νήσοις.
1952 5433 2065 5487 Iluc

492 5496 625 5551 facit
657 5496 745 5553 ille
772 5505 898 5556 noni
933 5496 1142 5557 oraculi
1178 5521 1368 5560 versus
1402 5521 1415 5557 :

550 5568 801 5622 διελθὼν
830 5574 897 5625 δὲ
931 5576 1159 5637 δισσῶς
1204 5577 1306 5642 τὰς
1342 5576 1576 5643 νήσους
1618 5572 2061 5639 intricatur/vc.

2241 4597 2352 4670 (56)
2409 4600 2518 4652 Τὸν
2567 4600 2810 4669 πτωχὸν
2847 4600 2944 4654 καὶ
2990 4602 3075 4670 μὴ
3128 4602 3605 4670 ὐστεροὺμενον.
3636 4599 3735 4670 lluc

2166 4668 2440 4742 pertinent
2492 4670 2581 4725 illa
2622 4668 2831 4725 oraculi
2864 4668 3137 4726 undecimi
3183 4668 3352 4728 verba
3387 4668 3400 4725 ἐ
3439 4674 3478 4742 ή
3532 4668 3729 4741 πτωχοῦ

2164 4743 2189 4791 ε
2203 4740 2552 4810 πικράτησις.

2236 4829 2349 4898 (57)
2394 4827 2445 4879 Ὁ
2477 4828 2545 4881 ἐκ
2573 4829 2786 4897 μοίρας
2815 4828 3105 4899 δουκικῆς
3159 4831 3258 4885 καὶ
3297 4832 3368 4886 ἐκ
3398 4831 3619 4899 γένους
3638 4832 3737 4897 ,βα-

2163 4898 2406 4979 σιλικοῦ
2456 4903 2885 4970 καταγόμενος,
2946 4898 3063 4956 lluc
3114 4903 3349 4974 pertinet
3395 4898 3495 4958 ille
3546 4898 3736 4958 oracul-

2164 4978 2305 5025 SL‘XU
2342 4984 2529 5025 VCI‘SIIS
2558 4988 2572 5023 ζ

2237 5063 2435 5128 Μόνος
2465 5062 2749 5131 ἀναχθεὶς
2779 5063 2848 5127 ἐξ
2878 5063 3226 5133 ἀνακτόρων
3249 5063 3497 5131 κλέους.

2240 5155 2352 5223 (58)
2389 5155 2525 5208 Ἀπὸ
2554 5154 2664 5223 τῆς
2688 5155 2944 5227 δυτικῆς
2973 5156 3084 5225 τῆς
3107 5158 3341 5223 πόλεως
3370 5158 3601 5227 πύλης.
3633 5154 3735 5210 lluc

2166 5224 2301 5281 facit
2332 5228 2421 5280 ille
2443 5242 2636 5280 versus
2674 5225 2871 5280 decimi
2904 5227 3049 5281 tertii
3081 5229 3293 5282 oraculi
3326 5245 3341 5283 :

2243 5345 2440 5397 ’Λπιτε
2467 5341 2714 5412 σπουδῇ
2743 5343 2894 5412 πρὸς
2920 5341 3160 5412 δυσμὰς
3189 5343 3572 5415 ἐπτιιλόρου.

2245 5436 2356 5505 (39)
2396 5438 2668 5503 Πλησίον
2722 5435 2829 5489 τοῦ
2857 5437 3170 5504 cinnama.
3236 5436 3308 5492 De
3344 5438 3446 5495 hoc
3478 5442 3601 5496 loco
3632 5437 3734 5491 ride

2172 5524 2322 5564 nicas
2353 5508 2419 5563 ad
2449 5509 2717 5564 Cudinunt
2752 5509 3155 5563 adnotationcs.
