4036 6218
306 372 441 436 1145

1186 373 1552 433 ORACULA.
1583 398 1648 408 -
1670 370 2013 432 ANONYMI
2040 365 2583 431 PARAPHRASIS.
2615 451 2618 455 ἴ

3427 363 3562 427 1116

302 502 394 538 του
451 485 779 556 γράμματος
831 482 889 539 ὲν
951 486 1029 557 τῷ
1091 487 1564 560 ὀκτωκαιδεκάτῳ.
1610 488 1806 542 Ἔσται
1833 488 1888 540 δὲ

1996 503 2181 542 rorum
2224 487 2624 555 mulierumque
2685 483 2906 537 nomina
2938 491 3197 538 constant
3225 493 3287 536 es
3339 481 3563 535 Iitttcris

304 576 737 645 ἀφωμοιωμένος
770 575 850 645 τῷ
874 575 994 647 Θεῷ
1022 577 1100 647 τῷ
1133 577 1364 648 ὑψίστῳ.
1396 577 1469 630 Τὸ
1498 579 1553 631 δὲ
1577 578 1747 648 ὄνομα
1792 577 1886 632 τοῦ

308 668 520 738 Πατρὸς
549 667 716 721 αὐτοῦ
752 668 1022 732 θεῖον.⁶¹ος
1050 671 1196 722 ἐστιν
1220 669 1439 739 ύψίνους
1462 688 1476 703 ο
1503 671 1616 725 ἔστι
1648 672 1705 726 δὲ
1732 673 1890 726 ἀπά-

306 776 443 830 τωρ,
459 761 716 831 ἀμήτωρ,
741 761 836 813 καὶ
862 760 1294 832 ἀγενεαλόγητος
1313 777 1328 791 ·
1348 761 1463 831 ἅμα
1480 762 1537 816 δὲ
1561 763 1655 816 καὶ
1672 765 1890 835 τρικόνο

304 851 459 922 δηλος
475 853 606 922 (59')
630 854 694 906 ἐκ
713 851 997 915 συνουσίας
1015 853 1210 916 παῖδας
1225 855 1458 925 ποιήσας
1484 858 1716 924 γυναῖκα
1737 857 1888 927 μίαν,

305 943 430 1007 τοὺς
466 945 564 1012 μὲν
585 943 956 1016 ἄρῤενας,τὰς
975 943 1030 997 δὲ
1052 943 1293 1014 θηλείας.
1311 945 1422 998 Καὶ
1439 947 1611 1000 ταῦτα
1632 947 1738 1000 τῶν
1761 948 1891 1002 παί-

301 1031 406 1086 δων
441 1033 534 1086 καὶ
575 1033 684 1086 τῶν
701 1032 978 1100 γυναικῶν
1002 1035 1068 1086 τὰ
1093 1035 1334 1103 ὀνόματα
1371 1033 1486 1105 ἅμα
1517 1042 1591 1106 μ’,
1615 1034 1690 1105 β’,
1725 1035 1793 1106 γ’,
1819 1035 1889 1103 α’,

305 1128 375 1186 α’,
403 1120 475 1186 α’,
511 1128 543 1174 ι’
590 1124 700 1177 Καὶ
728 1124 880 1178 ἔσται
911 1123 967 1176 δὲ
1009 1123 1142 1192 δῆλα
1173 1123 1347 1179 ταῦτα
1387 1127 1495 1179 ἀπὸ
1523 1127 1618 1179 τοῦ
1664 1130 1890 1199 σημείου

304 1211 396 1263 τοῦ
445 1211 631 1282 ὄνυχος
680 1213 772 1266 τοῦ
818 1213 996 1278 δεξιοῦ
1056 1215 1218 1278 ποδός
1242 1255 1257 1280 ,
1299 1215 1392 1270 καὶ
1428 1216 1533 1270 ἀπὸ
1588 1217 1682 1272 τοῦ
1716 1218 1891 1284 δεξιοῦ

304 1301 582 1373 ὀφθαλμοῦ
609 1303 796 1370 αὐτοῦ,
828 1305 887 1368 ὃς
909 1307 1025 1358 ἐστι
1061 1306 1319 1372 στρεϐλδς
1340 1307 1620 1378 ὀφθαλμὸς
1647 1311 1748 1380 τῆς
1768 1327 1894 1381 πορ-

307 1392 475 1456 νείας.
535 1394 646 1448 Καὶ
693 1393 849 1462 ἅγιος
908 1394 986 1466 τῷ
1032 1397 1258 1468 Κυρίῳο
1299 1398 1485 1464 ἐλαίας
1529 1398 1668 1470 ἔχων
1715 1403 1793 1465 είς
1824 1402 1894 1455 τὰ

305 1482 453 1549 δεξιὰ
510 1485 674 1556 μέρη,
707 1486 787 1550 είς
814 1503 875 1540 τε
921 1487 982 1540 τὸ
1039 1488 1340 1559 ύπομάζιον
1379 1504 1396 1522 ο
1432 1491 1526 1544 καὶ
1561 1492 1760 1561 μᾶλλον
1797 1493 1890 1548 τοῦ

307 1574 652 1644 ώμοπλάτου,
708 1579 800 1629 ἐπί
843 1595 903 1632 τε
958 1578 1050 1633 τοῦ
1109 1580 1286 1652 μηροῦ
1345 1583 1438 1636 καὶ
1477 1583 1568 1636 τοῦ
1608 1583 1766 1651 ὠτός,
1800 1587 1894 1638 καὶ

308 1664 399 1716 ἐπὶ
445 1663 544 1735 τὴν
586 1666 766 1731 δεξιὰν
813 1666 984 1740 ὀφρὺν
1016 1669 1106 1723 διὰ
1153 1670 1215 1724 τὸ
1269 1672 1368 1742 τῆς
1396 1671 1764 1746 ὲλεημοσύνης
1799 1676 1896 1746 μέ-

308 1771 456 1825 τρον.
495 1756 923 1828 Ἐξερυθραίνων
961 1761 1034 1814 τὰ
1067 1764 1213 1833 μῆλα
1267 1765 1495 1836 χαρίεις.
1545 1767 1806 1840 Εύμὴκης
1835 1767 1895 1821 τὸ

1991 579 2315 636 notantibus
2375 593 2633 633 numeros
2698 577 2788 643 ιο,
2823 577 2876 641 4,
2922 577 2976 639 5,
3015 575 3068 641 1,
3114 576 3166 639 1,
3207 572 3392 640 1,10;
3443 588 3564 642 quae

1993 671 2283 727 manifesta
2331 677 2494 726 erunt
2527 659 2594 726 ex
2630 669 2818 738 unguli
2858 668 3011 738 pedis
3051 667 3227 721 dextri
3283 667 3461 738 signo,
3508 678 3565 721 et

1992 780 2056 819 ex
2128 763 2325 818 dextro
2379 764 2562 825 oculo,
2625 761 2720 832 qui
2789 769 2876 815 est
2937 769 3198 814 versutus
3256 756 3562 812 meretricis

1995 855 2212 910 oculus.
2254 853 2493 908 Sanctus
2524 860 2652 907 ante
2687 851 2852 905 Deum
2885 859 2990 904 est.
3018 847 3204 902 Olivas
3257 847 3465 900 habens
3507 846 3564 900 in

1998 948 2190 1004 dextra
2239 947 2492 1018 corporis
2529 953 2709 1016 parte,
2746 944 2936 998 subter
2985 941 3277 1005 mamillas,
3331 950 3565 1010 praeser-

2009 1039 2107 1097 tim
2155 1040 2211 1094 in
2268 1037 2542 1108 omoplata
2577 1033 2644 1107 (?)
2669 1035 2923 1099 chore,
2961 1048 3113 1096 aure,
3140 1043 3191 1086 et
3223 1031 3288 1086 ad
3312 1030 3565 1085 dextrum

1994 1131 2352 1204 supercilium
2395 1131 2702 1185 secundum
2733 1125 3104 1181 miserationis
3132 1122 3380 1196 gradum.
3424 1120 3568 1176 Sua-

1994 1226 2139 1279 viter
2153 1223 2308 1292 genis
2331 1219 2688 1276 erubescens.
2715 1215 2960 1286 Longum
2984 1215 3032 1270 ei
3056 1223 3300 1268 mentum
3326 1221 3568 1284 mystace

1994 1327 2344 1374 coronatum.
2364 1313 2629 1378 Blandus,
2661 1308 2974 1374 melliﬂuus,
3001 1309 3156 1380 nigro
3171 1307 3392 1376 capillo,
3419 1314 3569 1359 ante—

1996 1407 2142 1461 riore
2181 1402 2380 1473 capitis
2435 1409 2591 1471 parte
2647 1399 2859 1464 calvus,
2919 1411 3107 1459 senex,
3142 1395 3335 1456 victor,
3372 1394 3569 1447 trinm~

1996 1495 2194 1566 plians.
2228 1492 2339 1548 Rex
2371 1506 2556 1563 regum
2589 1491 2851 1560 Optimus.
2895 1485 3158 1543 l‘labitans
3189 1488 3243 1542 in
3277 1485 3567 1556 tetrapylo,

1998 1589 2051 1640 in
2128 1583 2439 1639 humidiore
2499 1581 2750 1652 sigmatis
2806 1586 2980 1649 parte,
3043 1577 3098 1632 in
3157 1577 3326 1630 maris
3383 1577 3569 1631 littore

2008 1690 2244 1746 aquoso,
2295 1672 2555 1729 inferiore
2585 1678 2639 1728 et
2669 1684 2918 1726 cmnoso.
2951 1669 3034 1723 illi
3068 1666 3368 1738 egredienti
3422 1665 3569 1719 foras

1997 1769 2119 1822 dure
2155 1773 2350 1837 portat,
2400 1779 2508 1819 una
2542 1762 2762 1835 quidem
2809 1776 2999 1825 anrea,
3045 1761 3214 1814 altera
3261 1758 3407 1828 ligno
3438 1772 3568 1811 con-

216 1913 218 1916 ν
312 1845 518 1912 γένειον
545 1848 975 1920 μεσηλιωμὲνον,
989 1851 1128 1923 ἔχων
1153 1854 1250 1926 τὴν
1269 1856 1478 1927 ὑπήνην
1496 1856 1611 1926 ἅμα
1628 1862 1692 1930 τῇ
1710 1860 1892 1932 κρατί.

2001 1860 2124 1915 ﬂata
2187 1865 2507 1927 armataque
2553 1856 2617 1926 (?)
2666 1854 2864 1911 Omnia
2927 1868 3146 1909 sursum
3202 1851 3570 1920 deorsumque

310 1937 566 2008 Μείλιχος
615 1941 966 2012 μελισταγὴς,
1021 1947 1314 2018 μελάθριξ,
1363 1949 1758 2019 ἀναφάλαντος,
1799 1970 1900 2024 γη-

313 2029 485 2096 ραιὸς,
504 2031 750 2102 νικητὴς,
777 2035 1158 2108 τροπαιοῦχος.
1194 2039 1363 2107 Ἀναξ
1379 2040 1626 2096 ἀνάκτων
1655 2042 1896 2114 ἄριστος.

312 2117 597 2175 Κατοικῶν
627 2125 685 2176 ὲν
727 2127 794 2196 τῇ
827 2129 1151 2200 τετραπύλῳ
1189 2130 1284 2184 ἐπὶ
1329 2131 1391 2185 τὸ
1428 2132 1762 2205 ψυχρότερον
1802 2135 1900 2206 μέ⁴

313 2229 404 2283 ρος
449 2211 544 2265 τοῦ
589 2213 874 2283 σίγματος,
908 2219 1003 2275 καὶ
1035 2221 1092 2272 ὲν
1130 2220 1208 2288 τῷ
1229 2223 1448 2292 νοτιαίῳ
1477 2224 1630 2295 μέρει
1671 2226 1769 2296 τῆς
1801 2226 1898 2281 θα-

311 2302 653 2374 λάσσης,-καὶ
681 2308 740 2360 ἐν
777 2307 929 2380 τόπῳ
961 2312 1160 2381 ἀσήμῳ
1210 2313 1305 2366 καὶ
1346 2313 1668 2386 βορϐορώδει
1697 2335 1709 2348 ·
1743 2318 1897 2390 ἐξερ-

312 2397 540 2466 χομένου
564 2397 627 2451 ἐκ
659 2401 756 2470 τῆς
781 2400 956 2472 πύλης
987 2404 1086 2473 τῆς
1120 2405 1376 2476 χρυσέας,
1398 2409 1492 2463 καὶ
1521 2408 1618 2480 τῆς
1640 2410 1896 2484 ξυλοκέρ-

311 2503 440 2540 κου’
469 2489 648 2543 πάντα
697 2491 766 2544 τὰ
822 2493 1226 2561 ἁντακάταντα,
1285 2499 1557 2566 κατάντα,
1590 2503 1745 2571 νόγια
1769 2521 1899 2576 κρε-

311 2587 438 2652 psi”
483 2585 545 2639 τὸ
578 2586 636 2639 δὲ
676 2588 936 2660 σκήνωμα
972 2590 1111 2660 ἔχων
1143 2592 1418 2662 ἡνωμένον
1447 2597 1510 2648 ὲκ
1547 2596 1641 2650 δύο
1676 2598 1898 2663 άξωπυ-

309 2673 436 2728 λῶν.
485 2672 548 2729 Ἡ
586 2675 736 2740 δεξιὰ
767 2677 867 2746 μὲν
915 2679 1034 2741 ὁδὸς
1072 2680 1322 2743 πλατεῖα,
1379 2684 1472 2737 καὶ
1518 2684 1892 2756 λιθόστρωτος,

313 2763 513 2832 ἔχουσα⁵
571 2767 751 2830 λίθους
818 2769 982 2838 ξεφὺς
1043 2771 1138 2823 καὶ
1196 2772 1587 2842 τετραδιαίους.
1629 2776 1896 2848 Ὀφιώδης

314 2853 567 2924 κείμενος
592 2857 686 2909 καὶ
729 2856 997 2930 θηριώδης
1030 2859 1220 2924 στύλος
1261 2863 1541 2934 τέταρτος,
1567 2867 1662 2920 καὶ
1709 2867 1897 2939 διφρο-

316 2941 486 3014 λάτης
539 2944 744 3018 θηλυκη
775 2948 987 3003 ἵσταται
1021 2951 1276 3005 ἀπέναντι
1311 2953 1412 3022 τῆς
1469 2953 1675 3024 σκηνῆς
1703 2955 1891 3011 αὐτοῦ.

314 3035 428 3088 Καὶ
456 3040 647 3108 κρατεί
674 3040 933 3108 στέφανον
951 3042 1166 3110 κράζων
1186 3042 1284 3115 τὴν
1313 3043 1481 3116 τύχην
1507 3045 1603 3100 τοῦ
1637 3045 1894 3100 ὲκλεκτοῦ

316 3126 603 3230 ξασιλέως.
632 3128 915 3230 ἶΑπέναντι
944 3134 1040 3230 τῆς
1073 3136 1276 3208 σκηνῆς
1301 3136 1465 3190 αὑτοῦ
1496 3137 1698 3209 ἵδρυμα
1731 3137 1892 3192 θεανο
1919 3166 1965 3230 c

314 3217 498 3288 δρικὸν
560 3217 836 3290 θυόμενον,
881 3223 975 3276 καὶ
1030 3225 1505 3296 προσκυνούμενον
1531 3267 1548 3292 ,
1581 3227 1674 3280 ὐπ’
1722 3228 1890 3282 αὐτοῦ

314 3307 452 3378 ἔχων
502 3306 677 3380 ζώνην
730 3311 900 3380 μίανο
941 3315 1035 3368 καὶ
1087 3317 1147 3368 τὸ
1192 3315 1365 3385 ὄνομα
1423 3317 1585 3371 αὑτοῦ
1633 3319 1892 3385 γλυπτόν.

309 3401 495 3470 Φέρων
526 3418 585 3454 τε
610 3404 702 3454 τὸν
757 3404 1014 3472 πόλεμον,
1059 3406 1152 3457 καὶ
1205 3406 1313 3458 τῶν
1358 3406 1562 3469 ξανθῶν
1591 3409 1687 3470 τὰς
1719 3427 1895 3478 μηχα-

311 3492 407 3556 νάς
430 3492 578 3563 (60),
620 3493 720 3556 τὰς
786 3493 971 3564 χύσεις
1021 3495 1128 3548 τῶν
1165 3497 1414 3567 αἱμάτων
1457 3497 1570 3570 (61)
1622 3500 1702 3563 είς
1748 3501 1897 3554 κυλί-

310 3601 430 3638 κιον
465 3587 521 3638 ὲν
550 3587 616 3656 τῇ
647 3588 718 3657 γῇ
739 3587 1100 3658 ἐστρωμένον.
1120 3590 1300 3660 Ἐχων
1324 3591 1437 3664 Lini.
1489 3591 1585 3645 τοῦ
1615 3593 1765 3646 νότου
1803 3593 1895 3647 τὸν

312 3678 551 3747 ἄρχοντα
597 3678 705 3732 τῶν
753 3678 977 3750 θηρίων,
1028 3682 1122 3736 καὶ
1171 3682 1265 3736 ἐπὶ
1287 3682 1380 3737 τοῦ
1426 3685 1655 3755 στήθους
1681 3685 1773 3740 τὸν
1801 3685 1894 3740 τοῦ

315 3766 550 3838 στρατοῦ
577 3770 765 3826 τύπον.
796 3770 1090 3843 Εὐωνύμου
1118 3773 1176 3828 δὲ
1206 3775 1404 3847 μέρους
1423 3777 1518 3830 τοῦ
1539 3778 1896 3849 σκηνώματος

313 3857 478 3911 αὐτοῦ
507 3859 621 3922 ὁδὸς
658 3862 998 3933 ὲστενωμένη
1023 3902 1037 3928 ,
1072 3866 1314 3939 ρυμίσκη
1337 3884 1351 3899 ο
1378 3870 1472 3922 καὶ
1496 3868 1684 3934 ὓδατος
1714 3871 1895 3943 πλημ-

316 3949 483 4022 μύρα,
513 3953 603 4005 καὶ
637 3952 848 4024 βαθεῖα,
899 3957 994 4010 καὶ
1041 3958 1484 4032 πλημμυροῦσα,
1529 3964 1624 4018 καὶ
1661 3964 1895 4036 ἠχοῦσα,

313 4044 407 4096 καὶ
449 4045 820 4116 κυμαινόμενα
873 4049 964 4102 ἐπὶ
989 4051 1088 4121 τὴν
1139 4054 1445 4124 ἁκρότομον
1495 4057 1767 4111 θάλασσαν
1794 4059 1895 4130 τῆς

311 4133 636 4205 ἑπταλόφου,
669 4139 763 4192 καὶ
786 4141 1029 4212 ποταμὸς
1079 4142 1427 4216 βρυχώμενος
1479 4147 1588 4201 ἀπὸ
1623 4149 1724 4219 τῆς
1756 4149 1898 4222 σιδη-

315 4227 413 4293 ρᾶς
435 4227 738 4298 ἀκροτόμου
770 4231 1092 4290 ἀναδίδοται.
1129 4236 1228 4299 "0;
1266 4239 1415 4291 ἐστιν
1445 4239 1686 4304 ὲλάτινος
1721 4257 1894 4312 πεφυ-

295 4317 546 4388 ντευμένη
603 4321 660 4371 ὲν
702 4321 768 4392 τῇ
793 4322 1298 4399 αὑτοῦγεννήσειο
1327 4328 1466 4400 ἔχων
1521 4332 1893 4401 παρακλόνους

311 4408 498 4462 ἐπάνω
528 4410 704 4465 αὐτῶν
743 4411 853 4466 τῶν
898 4415 1178 4483 ἐλατίνων,
1236 4419 1399 4476 καλιὰ
1446 4423 1633 4494 ὀρνέου
1679 4424 1892 4495 ἐπέχων

1999 1952 2158 2021 νὸγία
2190 1949 2499 2021 suspendit.
2536 1949 2596 2004 Ei
2625 1944 3043 2002 tabernaculum
3079 1942 3296 1997 duabus
3319 1942 3567 1996 clausum

1998 2045 2175 2118 portis
2234 2045 2288 2098 in
2349 2057 2453 2097 axe
2499 2039 2868 2096 vertentibus.
2923 2037 3184 2106 Dextrum
3231 2035 3393 2090 limen
3447 2033 3570 2102 pla-

2000 2153 2128 2193 num
2154 2180 2167 2202 ,
2201 2134 2633 2192 versicoloribus
2677 2139 2913 2189 stratum
2972 2128 3246 2200 lapidibus
3300 2134 3569 2198 quaterno

1997 2231 2190 2288 ordine
2220 2228 2526 2299 dispositis.
2579 2225 2659 2280 Ad
2715 2223 2975 2280 draconis
3030 2224 3260 2274 formam
3313 2218 3568 2274 columna

1997 2333 2193 2395 quarta
2214 2331 2318 2378 est.
2357 2319 2592 2377 Currum
2618 2331 2785 2390 agens
2815 2314 3010 2370 mulier
3059 2323 3183 2369 ante
3245 2311 3571 2366 tabernacu-

2001 2418 2110 2472 lum
2130 2424 2252 2472 stat.
2285 2412 2460 2469 Homo
2502 2424 2765 2466 coronam
2815 2408 2872 2463 in
2924 2406 3105 2462 fronte
3155 2418 3351 2475 gerens
3397 2403 3570 2456 fortu-

1998 2524 2120 2563 nam
2141 2507 2299 2564 electi
2333 2504 2682 2577 imperatoris
2725 2500 3048 2573 proclamat.
3085 2496 3572 2553 Antetahernacu-

1997 2601 2108 2656 lum
2123 2609 2302 2654 statua
2329 2599 2420 2652 Dei
2437 2596 2680 2652 hominis
2699 2592 2964 2648 immolati
2984 2601 3036 2646 et
3054 2590 3287 2654 adorati,
3309 2602 3444 2642 zona
3465 2600 3571 2641 una

1998 2690 2203 2753 cincta,
2225 2688 2387 2758 cujus
2409 2701 2610 2741 nomen
2637 2683 2994 2752 insculptum.
3028 2679 3234 2733 Bellum
3268 2677 3574 2746 bellicaque

1995 2778 2259 2831 ﬂavorum
2337 2772 2666 2843 populorum
2715 2777 2968 2834 exercet,
3021 2767 3309 2836 funditque
3357 2765 3572 2821 cruoris

1995 2872 2049 2925 in
2094 2877 2258 2925 terrae
2305 2866 2556 2929 calicem,
2609 2861 2851 2918 ferarum
2907 2872 3151 2930 reginam
3217 2859 3272 2911 in
3307 2857 3493 2919 dorso,
3519 2866 3574 2911 et

1993 2961 2049 3015 in
2073 2967 2298 3029 pectore
2324 2955 2451 3011 belli
2485 2956 2701 3023 signum
2741 2952 2953 3005 habens
2983 2950 3276 3005 delineata.
3320 2947 3575 3004 Sinistra;

1993 3065 2126 3104 vero
2182 3057 2354 3120 portae
2409 3046 2579 3099 limen
2646 3053 2888 3105 arctum,
2951 3040 3253 3095 detersum.
3301 3039 3454 3095 Unda
3487 3055 3576 3095 re-

1995 3140 2251 3197 dundans
2318 3135 2629 3208 profunda,
2682 3147 3053 3203 magnumque
3121 3146 3327 3187 sonans
3374 3140 3570 3186 contra

1997 3241 2331 3306 praeruptum
2366 3226 2733 3300 septemcollis
2760 3223 2909 3280 urbis
2940 3225 3093 3278 littns
3120 3222 3278 3277 irruit
3318 3223 3570 3292 rugiens-

1996 3341 2102 3397 que
2142 3326 2303 3393 longo
2321 3321 2490 3376 ﬂuctu
2525 3334 2553 3372 a
2581 3320 2696 3388 ripa
2746 3317 2920 3371 ferrea
2958 3314 3179 3385 refugit.
3203 3313 3371 3368 Pinus
3404 3322 3486 3369 est
3513 3314 3570 3369 in

1993 3415 2188 3471 eodem
2224 3427 2288 3468 ac
2321 3412 2412 3466 ille
2449 3419 2694 3481 tempore
2739 3415 2866 3463 nata
2892 3407 3150 3463 surculos
3172 3423 3236 3461 ex
3259 3406 3550 3462 altissimis

1996 3507 2164 3564 ramis
2187 3505 2464 3562 emittens.
2493 3503 2705 3570 Quibus
2728 3504 2845 3558 avis
2863 3499 3277 3557 nidus‘insidet.
3297 3500 3571 3569 Apparent

1997 3599 2291 3656 levissimae
2369 3597 2553 3652 avium
2636 3596 3132 3664 columbarumque
3182 3593 3419 3663 species.
3489 3592 3568 3647 ibi

1994 3691 2166 3747 turris
2201 3689 2469 3747 altissima
2511 3697 2565 3746 et
2610 3687 2814 3744 mmnia
2870 3685 3236 3742 formidanda.
3287 3685 3367 3739 Illi
3399 3685 3572 3740 servit

1999 3785 2160 3842 homo
2194 3785 2354 3856 nigro
2399 3784 2726 3839 vestimento
2778 3779 3024 3835 indutus.
3069 3779 3418 3834 Miserantem
3463 3779 3570 3832 mi-

1995 3886 2271 3936 serantur.
2327 3877 2487 3933 lllum
2543 3877 2683 3931 male
2733 3875 2979 3930 dicerent
3030 3873 3418 3939 hlanditorem,
3472 3872 3569 3942 qni

1998 3972 2220 4045 proprie
2247 3971 2430 4040 lupus.
2464 3968 2524 4025 1n
2556 3967 2746 4024 eodem
2781 3966 2978 4022 ordine
3019 3973 3277 4021 nascetur
3310 3965 3569 4030 lllnstris,

1995 4071 2316 4120 servatnrns
2345 4077 2564 4118 omnem
2601 4060 2862 4132 pietatem
2910 4073 3240 4128 omnemque
3271 4058 3570 4112 divinatio-

1996 4170 2142 4211 nem.
2179 4153 2297 4210 Non
2328 4154 2617 4225 praefectus
2657 4152 2966 4223 prophetis,
3009 4165 3189 4221 neque
3235 4150 3290 4204 in
3348 4150 3456 4203 ulla
3510 4164 3571 4202 re

1997 4245 2169 4311 utilis,
2197 4259 2360 4316 quem
2395 4244 2647 4299 homines
2673 4241 3053 4312 despiciebant
3098 4241 3255 4311 quasi
3291 4249 3566 4295 mortuum

1995 4335 2378 4405 inutilemque.
2463 4332 2746 4388 llevelabit
2814 4329 2958 4386 Deus
3018 4337 3072 4384 et
3127 4329 3338 4382 clarum
3404 4328 3568 4383 faciet

1995 4437 2223 4485 unctum
2245 4427 2300 4482 in
2333 4425 2544 4481 ultimis
2565 4424 2781 4487 diebus,
2820 4432 3046 4477 unctum
3074 4435 3104 4474 a
3141 4430 3329 4476 ventre
3370 4421 3566 4476 matris

310 4497 510 4568 λαμοῦ.
546 4502 725 4573 Ἔχων
764 4505 1027 4575 βλαστοὺς
1059 4513 1152 4564 καὶ
1189 4512 1334 4577 ίδέας
1355 4512 1581 4585 ὀρνέων,
1617 4516 1709 4570 καὶ
1735 4532 1890 4587 περι-

1995 4521 2118 4575 oleo
2135 4525 2351 4574 sancto.
2377 4515 2470 4570 Sic
2497 4513 2941 4571 manifestabitur
2959 4527 2973 4566 :
2992 4512 3274 4582 apparebit
3293 4511 3444 4566 sidus
3467 4527 3562 4582 per

313 4591 554 4661 στερῶν·
587 4595 645 4647 ἐν
692 4588 736 4664 ᾧ
772 4600 868 4652 καὶ
919 4598 1128 4671 πύργος
1174 4603 1454 4672 μέγιστος,
1513 4608 1607 4660 καὶ
1654 4608 1894 4679 θηριώδη

309 4682 488 4754 τείχη.
512 4687 937 4760 Διακονούμενος
968 4693 1072 4746 ὑπὸ
1106 4696 1434 4766 μελανδύτου
1465 4714 1480 4730 ’
1515 4700 1681 4752 ὲλεῶν
1716 4716 1777 4754 τε
1804 4701 1901 4755 καὶ

311 4774 628 4848 ἐλεούμενος
655 4797 668 4812 ·
694 4781 808 4837 ἔστι
836 4783 892 4838 δὲ
913 4785 1225 4859 δυσώνυμος
1253 4789 1479 4860 κήλησις
1504 4790 1668 4845 αὑτοῦ
1694 4791 1896 4863 θηριώ-

313 4885 483 4938 νυμος
517 4870 698 4936 λύκος,
724 4876 818 4929 καὶ¹
853 4878 990 4950 αὐτῇ
1021 4882 1087 4950 τῇ
1113 4880 1266 4948 τάξει
1312 4865 1554 4951 πέφυκεν
1594 4883 1893 4958 ίλούστριος

313 4961 601 5030 φυλάττειν
644 4967 824 5021 πᾶσαν
870 4967 1200 5036 θεοσέϐειαν,
1245 4973 1341 5025 καὶ
1414 4975 1768 5046 προφητείαν.
1801 4977 1891 5041 ,ού

312 5054 721 5126 προφητάρξας,
787 5059 883 5113 καὶ
931 5061 1012 5126 είς
1040 5062 1205 5134 μηδὲν
1233 5065 1704 5134 χρησιμεύσας,ὃν
1735 5065 1888 5132 ἐξου-

306 5142 498 5198 δένουν
525 5148 573 5200 οί
595 5148 870 5221 ἄνθρωποι
901 5151 976 5216 ὡς
1007 5154 1200 5225 νεκρὸν
1225 5155 1375 5222 ὄντα,
1411 5155 1507 5209 καὶ
1543 5157 1711 5228 μηδὲν
1748 5174 1885 5229 χρη-

312 5238 624 5308 σιμεύοντα.
669 5242 1034 5316 Ἀποκαλύψει
1071 5249 1099 5302 ὀ
1137 5247 1271 5313 Θεὸς
1327 5249 1420 5303 καὶ
1461 5250 1768 5321 ἐμφανίσει,
1791 5254 1884 5307 καὶ

1995 4623 2108 4668 tres
2165 4610 2286 4667 dies
2340 4619 2563 4679 tresque
2596 4607 2760 4663 horas
2796 4606 2999 4670 noctis,
3053 4605 3328 4661 interdum
3368 4621 3397 4659 a
3432 4604 3567 4674 (die

1994 4703 2135 4759 festo
2166 4702 2186 4772 )
2217 4701 2404 4756 Matris
2433 4697 2729 4765 Altissimi,
2762 4712 2870 4753 non
2899 4713 3004 4752 una
3042 4713 3072 4752 e
3103 4694 3328 4767 (notis)
3374 4695 3566 4766 plane-

1992 4798 2086 4861 tis,
2137 4812 2309 4866 usque
2335 4797 2400 4850 ad
2435 4796 2632 4852 testam
2682 4794 2947 4851 salutaris
2989 4791 3194 4850 Christi
3238 4793 3563 4848 nativitatis.

1992 4886 2057 4941 Et
2089 4887 2107 4956 (
2135 4887 2390 4941 audietur
2416 4886 2434 4955 )
2460 4900 2640 4956 prmi-0
2672 4886 2822 4940 clara
2851 4900 2982 4940 voce
3018 4885 3289 4948 clamans,
3322 4898 3566 4938 evocans

1990 4987 2042 5033 et
2073 4980 2320 5034 revelans
2347 4986 2646 5048 speratum.
2664 4977 2801 5033 Tum
2832 4977 3066 5048 populus
3095 4976 3286 5032 videns
3303 4975 3564 5030 audiens-

1993 5086 2101 5140 quc
2152 5078 2430 5126 tonantem
2484 5071 2754 5140 praeconis
2824 5084 3014 5124 vocem
3087 5067 3562 5133 commovebitur,

1993 5177 2334 5232 snrgensque
2382 5177 2505 5216 cum
2563 5161 2746 5217 laetitia
2782 5170 2838 5216 et
2873 5169 3019 5217 metu
3051 5177 3111 5216 se
3137 5169 3414 5231 speratum
3451 5173 3560 5214 non

1996 5268 2226 5309 noscere
2301 5253 2561 5308 clamabit
2629 5268 3020 5324 :omnesque,
3094 5261 3388 5324 postquam
3454 5251 3561 5306 l'er-

1862 5388 2096 5448 NOTAE.

309 5498 518 5624 ὁ
547 5499 631 5557 An
673 5501 1040 5573 τρικόνδυλος,
1091 5513 1171 5560 ter
1218 5506 1529 5564 articulate:
1571 5508 1762 5579 digitos
1786 5508 1883 5563 Ita-

527 5639 637 5695 Ka!
666 5641 785 5698 τῶν
815 5642 1053 5719 ξανθῶν
1079 5645 1186 5714 τὰς
1206 5647 1503 5719 μηχανάς.
1559 5649 1676 5704 Huc
1709 5651 1878 5719 perti-

309 5709 739 5847 ggteglseyersus
777 5717 992 5777 oraculi
1019 5716 1088 5777 de
1117 5709 1476 5777 resiitii'tione'
1493 5709 1877 5777 Constantino-

2075 5507 2254 5562 Ἀλλά
2274 5523 2346 5562 σε
2386 5507 2758 5572 πυρίστατον
2787 5507 2885 5561 καί
2920 5506 3147 5572 ξανθὸν
3167 5505 3364 5576 γένος.

1984 5577 2217 5634 Videtur
2245 5588 2426 5633 autem
2459 5578 2607 5647 loqui
2635 5579 2717 5647 de
2746 5576 2979 5633 Latinis.

2058 5649 2170 5719 (61)
2204 5647 2312 5716 Τὰς
2347 5646 2554 5719 χκύσεις
2577 5646 2699 5702 τῶν
2722 5647 3004 5718 αἱμάτων.
3043 5646 3287 5719 ReSpicit
3312 5647 3379 5703 ad
3412 5647 3560 5706 hunc

1989 5717 2196 5773 oraculi
2225 5717 2403 5773 octavi
2429 5733 2650 5773 versum
2678 5736 2692 5772 :

2062 5788 2290 5860 Σεραγαί
2323 5789 2433 5859 γὰρ
2454 5786 2522 5843 ἐν
2546 5789 2643 5842 σοί
2672 5790 2771 5845 καί
2807 5790 3136 5860 προκύσεις
3167 5789 3450 5861 αἱμάτων.
