  <div class='ocr_page' id='page_1' title='image "/cluster/home/n/w/nwhite01/storage/ocr_20150623/107/hvd.32044073502338/617.png"; bbox 0 0 4036 6218; ppageno 0'>
   <div class='ocr_carea' id='block_1_1' title="bbox 523 336 657 401">
    <p class='ocr_par' dir='ltr' id='par_1_1' title="bbox 523 336 657 401">
     <span class='ocr_line' id='line_1_1' title="bbox 523 336 657 401; baseline 0 0"><span class='ocrx_word' id='word_1_1' title='bbox 523 336 657 401; x_wconf 77' lang='lat' dir='ltr'>1H7</span> 
     </span>
    </p>
   </div>
   <div class='ocr_carea' id='block_1_2' title="bbox 1785 338 2550 401">
    <p class='ocr_par' dir='ltr' id='par_1_2' title="bbox 1785 338 2550 401">
     <span class='ocr_line' id='line_1_2' title="bbox 1785 338 2550 401; baseline 0 -1"><span class='ocrx_word' id='word_1_2' title='bbox 1785 338 2059 400; x_wconf 86' lang='lat' dir='ltr'>LEONIS</span> <span class='ocrx_word' id='word_1_3' title='bbox 2086 339 2550 401; x_wconf 76' lang='lat' dir='ltr'>PHILOSOPHI</span> 
     </span>
    </p>
   </div>
   <div class='ocr_carea' id='block_1_3' title="bbox 3663 345 3830 411">
    <p class='ocr_par' dir='ltr' id='par_1_3' title="bbox 3663 345 3830 411">
     <span class='ocr_line' id='line_1_3' title="bbox 3663 345 3830 411; baseline -0.024 0"><span class='ocrx_word' id='word_1_4' title='bbox 3663 345 3830 411; x_wconf 75' lang='grc'>1143</span> 
     </span>
    </p>
   </div>
   <div class='ocr_carea' id='block_1_4' title="bbox 519 448 2105 529">
    <p class='ocr_par' dir='ltr' id='par_1_4' title="bbox 519 448 2096 521">
     <span class='ocr_line' id='line_1_4' title="bbox 519 448 2096 521; baseline 0.001 -18"><span class='ocrx_word' id='word_1_5' title='bbox 519 459 712 506; x_wconf 87' lang='lat' dir='ltr'><strong>venter</strong></span> <span class='ocrx_word' id='word_1_6' title='bbox 734 448 1097 505; x_wconf 86' lang='lat' dir='ltr'><strong>clamaverint</strong></span> <span class='ocrx_word' id='word_1_7' title='bbox 1120 448 1319 521; x_wconf 84' lang='grc' dir='ltr'>Κύριε,</span> <span class='ocrx_word' id='word_1_8' title='bbox 1346 449 1397 503; x_wconf 83' lang='grc' dir='ltr'>ἐ)</span> <span class='ocrx_word' id='word_1_9' title='bbox 1409 448 1591 519; x_wconf 86' lang='grc' dir='ltr'>έησον,</span> <span class='ocrx_word' id='word_1_10' title='bbox 1616 449 1863 505; x_wconf 83' lang='lat' dir='ltr'><strong>vultibus</strong></span> <span class='ocrx_word' id='word_1_11' title='bbox 1898 460 2096 506; x_wconf 88' lang='lat' dir='ltr'><strong>terram</strong></span> 
     </span>
    </p>
   </div>
   <div class='ocr_carea' id='block_1_5' title="bbox 2214 448 3833 529">
    <p class='ocr_par' dir='ltr' id='par_1_5' title="bbox 2214 451 3833 529">
     <span class='ocr_line' id='line_1_5' title="bbox 2214 451 3833 529; baseline 0.006 -25"><span class='ocrx_word' id='word_1_12' title='bbox 2214 452 2382 522; x_wconf 74' lang='grc' dir='ltr'>ίρίσει</span> <span class='ocrx_word' id='word_1_13' title='bbox 2444 451 2606 508; x_wconf 78' lang='grc' dir='ltr'>αὐτὸν</span> <span class='ocrx_word' id='word_1_14' title='bbox 2666 452 2846 508; x_wconf 81' lang='grc' dir='ltr'>ἔλαιον</span> <span class='ocrx_word' id='word_1_15' title='bbox 2875 453 2956 519; x_wconf 78' lang='grc' dir='ltr'>εἷς</span> <span class='ocrx_word' id='word_1_16' title='bbox 3010 453 3081 509; x_wconf 82' lang='grc' dir='ltr'>τὰ</span> <span class='ocrx_word' id='word_1_17' title='bbox 3114 454 3243 525; x_wconf 87' lang='grc' dir='ltr'>τέλη</span> <span class='ocrx_word' id='word_1_18' title='bbox 3275 455 3384 509; x_wconf 91' lang='grc' dir='ltr'>τῶν</span> <span class='ocrx_word' id='word_1_19' title='bbox 3416 457 3689 529; x_wconf 78' lang='grc' dir='ltr'>ἡμερῶνο</span> <span class='ocrx_word' id='word_1_20' title='bbox 3761 461 3833 521; x_wconf 82' lang='grc' dir='ltr'>ὃς</span> 
     </span>
    </p>
   </div>
   <div class='ocr_carea' id='block_1_6' title="bbox 517 542 2091 612">
    <p class='ocr_par' dir='ltr' id='par_1_6' title="bbox 517 542 2091 612">
     <span class='ocr_line' id='line_1_6' title="bbox 517 542 2091 612; baseline 0.001 -17"><span class='ocrx_word' id='word_1_21' title='bbox 517 542 804 608; x_wconf 81' lang='lat' dir='ltr'><strong>ferientes,</strong></span> <span class='ocrx_word' id='word_1_22' title='bbox 840 543 1233 611; x_wconf 86' lang='lat' dir='ltr'><strong>pulveremque</strong></span> <span class='ocrx_word' id='word_1_23' title='bbox 1274 558 1441 611; x_wconf 83' lang='lat' dir='ltr'><strong>supra</strong></span> <span class='ocrx_word' id='word_1_24' title='bbox 1499 543 1679 612; x_wconf 80' lang='lat' dir='ltr'><strong>capita</strong></span> <span class='ocrx_word' id='word_1_25' title='bbox 1725 542 2091 611; x_wconf 83' lang='lat' dir='ltr'><strong>ell&#39;undentes,</strong></span> 
     </span>
    </p>
   </div>
   <div class='ocr_carea' id='block_1_7' title="bbox 517 633 2097 706">
    <p class='ocr_par' dir='ltr' id='par_1_7' title="bbox 517 633 2097 706">
     <span class='ocr_line' id='line_1_7' title="bbox 517 633 2097 706; baseline 0.003 -19"><span class='ocrx_word' id='word_1_26' title='bbox 517 642 745 704; x_wconf 75' lang='lat' dir='ltr'>propter</span> <span class='ocrx_word' id='word_1_27' title='bbox 773 633 1151 688; x_wconf 75' lang='lat' dir='ltr'>imminentem</span> <span class='ocrx_word' id='word_1_28' title='bbox 1178 633 1316 702; x_wconf 87' lang='lat' dir='ltr'>ipsis</span> <span class='ocrx_word' id='word_1_29' title='bbox 1345 634 1761 690; x_wconf 85' lang='lat' dir='ltr'><strong>tribulationem</strong></span> <span class='ocrx_word' id='word_1_30' title='bbox 1792 646 2012 706; x_wconf 83' lang='lat' dir='ltr'><strong>gement</strong></span> <span class='ocrx_word' id='word_1_31' title='bbox 2043 646 2097 693; x_wconf 92' lang='lat' dir='ltr'>et</span> 
     </span>
    </p>
   </div>
   <div class='ocr_carea' id='block_1_8' title="bbox 519 724 2095 797">
    <p class='ocr_par' dir='ltr' id='par_1_8' title="bbox 519 724 2095 797">
     <span class='ocr_line' id='line_1_8' title="bbox 519 724 2095 797; baseline 0.001 -17"><span class='ocrx_word' id='word_1_32' title='bbox 519 727 750 791; x_wconf 72' lang='lat' dir='ltr'><strong>flebunt,</strong></span> <span class='ocrx_word' id='word_1_33' title='bbox 779 724 1130 781; x_wconf 88' lang='lat' dir='ltr'><strong>lnvocabitur</strong></span> <span class='ocrx_word' id='word_1_34' title='bbox 1157 727 1302 782; x_wconf 90' lang='lat' dir='ltr'><strong>Deus</strong></span> <span class='ocrx_word' id='word_1_35' title='bbox 1325 728 1415 797; x_wconf 92' lang='lat' dir='ltr'>qui</span> <span class='ocrx_word' id='word_1_36' title='bbox 1443 727 1676 796; x_wconf 81' lang='lat' dir='ltr'><strong>benigne</strong></span> <span class='ocrx_word' id='word_1_37' title='bbox 1700 742 1890 797; x_wconf 87' lang='lat' dir='ltr'>preces</span> <span class='ocrx_word' id='word_1_38' title='bbox 1907 743 2095 783; x_wconf 91' lang='lat' dir='ltr'><strong>eorum</strong></span> 
     </span>
    </p>
   </div>
   <div class='ocr_carea' id='block_1_9' title="bbox 522 816 2099 890">
    <p class='ocr_par' dir='ltr' id='par_1_9' title="bbox 522 816 2099 890">
     <span class='ocr_line' id='line_1_9' title="bbox 522 816 2099 890; baseline 0.002 -20"><span class='ocrx_word' id='word_1_39' title='bbox 522 816 812 885; x_wconf 83' lang='lat' dir='ltr'><strong>suscipiet,</strong></span> <span class='ocrx_word' id='word_1_40' title='bbox 873 827 1271 888; x_wconf 90' lang='lat' dir='ltr'><strong>mansuetoqne</strong></span> <span class='ocrx_word' id='word_1_41' title='bbox 1311 817 1473 873; x_wconf 93' lang='lat' dir='ltr'><strong>oculo</strong></span> <span class='ocrx_word' id='word_1_42' title='bbox 1504 826 1665 872; x_wconf 79' lang='lat' dir='ltr'><strong>terrae</strong></span> <span class='ocrx_word' id='word_1_43' title='bbox 1698 818 1909 875; x_wconf 84' lang='lat' dir='ltr'><strong>incolas</strong></span> <span class='ocrx_word' id='word_1_44' title='bbox 1952 817 2099 890; x_wconf 89' lang='lat' dir='ltr'><strong>aspi-</strong></span> 
     </span>
    </p>
   </div>
   <div class='ocr_carea' id='block_1_10' title="bbox 518 908 2096 981">
    <p class='ocr_par' dir='ltr' id='par_1_10' title="bbox 518 908 2096 981">
     <span class='ocr_line' id='line_1_10' title="bbox 518 908 2096 981; baseline 0.003 -21"><span class='ocrx_word' id='word_1_45' title='bbox 518 910 628 960; x_wconf 80' lang='lat' dir='ltr'><strong>ciet</strong></span> <span class='ocrx_word' id='word_1_46' title='bbox 670 924 689 972; x_wconf 88' lang='lat'><strong><em>;</em></strong></span> <span class='ocrx_word' id='word_1_47' title='bbox 723 916 779 962; x_wconf 90' lang='lat' dir='ltr'>et</span> <span class='ocrx_word' id='word_1_48' title='bbox 820 908 966 963; x_wconf 90' lang='lat' dir='ltr'><strong>inter</strong></span> <span class='ocrx_word' id='word_1_49' title='bbox 1008 922 1202 963; x_wconf 88' lang='lat' dir='ltr'><strong>omnes</strong></span> <span class='ocrx_word' id='word_1_50' title='bbox 1251 908 1459 964; x_wconf 89' lang='lat' dir='ltr'><strong>electos</strong></span> <span class='ocrx_word' id='word_1_51' title='bbox 1508 909 1718 964; x_wconf 87' lang='lat' dir='ltr'><strong>electus</strong></span> <span class='ocrx_word' id='word_1_52' title='bbox 1743 918 2096 981; x_wconf 85' lang='lat' dir='ltr'><strong>agnoscetur.</strong></span> 
     </span>
    </p>
   </div>
   <div class='ocr_carea' id='block_1_11' title="bbox 520 996 2100 1072">
    <p class='ocr_par' dir='ltr' id='par_1_11' title="bbox 520 996 2100 1072">
     <span class='ocr_line' id='line_1_11' title="bbox 520 996 2100 1072; baseline 0.003 -21"><span class='ocrx_word' id='word_1_53' title='bbox 520 996 808 1055; x_wconf 82' lang='lat' dir='ltr'><strong>Videbitur</strong></span> <span class='ocrx_word' id='word_1_54' title='bbox 836 999 890 1053; x_wconf 90' lang='lat' dir='ltr'>in</span> <span class='ocrx_word' id='word_1_55' title='bbox 923 1000 1065 1054; x_wconf 70' lang='lat' dir='ltr'><strong>caelo</strong></span> <span class='ocrx_word' id='word_1_56' title='bbox 1097 1015 1196 1070; x_wconf 92' lang='lat' dir='ltr'>per</span> <span class='ocrx_word' id='word_1_57' title='bbox 1241 1001 1499 1055; x_wconf 86' lang='lat' dir='ltr'><strong>nebulam</strong></span> <span class='ocrx_word' id='word_1_58' title='bbox 1539 1001 1693 1056; x_wconf 87' lang='lat' dir='ltr'><strong>orbis</strong></span> <span class='ocrx_word' id='word_1_59' title='bbox 1730 1001 1887 1069; x_wconf 89' lang='lat' dir='ltr'><strong>solis,</strong></span> <span class='ocrx_word' id='word_1_60' title='bbox 1938 1002 2100 1072; x_wconf 91' lang='lat' dir='ltr'><strong>quasi</strong></span> 
     </span>
    </p>
   </div>
   <div class='ocr_carea' id='block_1_12' title="bbox 517 1095 2100 1167">
    <p class='ocr_par' dir='ltr' id='par_1_12' title="bbox 517 1095 2100 1167">
     <span class='ocr_line' id='line_1_12' title="bbox 517 1095 2100 1167; baseline 0.003 -19"><span class='ocrx_word' id='word_1_61' title='bbox 517 1095 707 1149; x_wconf 78' lang='lat' dir='ltr'><strong>aestiva</strong></span> <span class='ocrx_word' id='word_1_62' title='bbox 745 1109 871 1150; x_wconf 88' lang='lat' dir='ltr'><strong>area</strong></span> <span class='ocrx_word' id='word_1_63' title='bbox 909 1109 1005 1150; x_wconf 83' lang='lat' dir='ltr'><strong>sex</strong></span> <span class='ocrx_word' id='word_1_64' title='bbox 1039 1095 1216 1149; x_wconf 90' lang='lat' dir='ltr'><strong>bobus</strong></span> <span class='ocrx_word' id='word_1_65' title='bbox 1250 1096 1378 1149; x_wconf 89' lang='lat' dir='ltr'><strong>trita</strong></span> <span class='ocrx_word' id='word_1_66' title='bbox 1427 1110 1662 1166; x_wconf 83' lang='lat' dir='ltr'><strong>magnus</strong></span> <span class='ocrx_word' id='word_1_67' title='bbox 1696 1095 1833 1167; x_wconf 65' lang='grc' dir='ltr'>(δι’)</span> <span class='ocrx_word' id='word_1_68' title='bbox 1858 1095 2100 1152; x_wconf 84' lang='lat' dir='ltr'><strong>Inferius</strong></span> 
     </span>
    </p>
   </div>
   <div class='ocr_carea' id='block_1_13' title="bbox 522 1184 2099 1254">
    <p class='ocr_par' dir='ltr' id='par_1_13' title="bbox 522 1184 2099 1254">
     <span class='ocr_line' id='line_1_13' title="bbox 522 1184 2099 1254; baseline 0 -16"><span class='ocrx_word' id='word_1_69' title='bbox 522 1194 705 1240; x_wconf 89' lang='lat' dir='ltr'><strong>autem</strong></span> <span class='ocrx_word' id='word_1_70' title='bbox 752 1185 805 1239; x_wconf 94' lang='lat' dir='ltr'>in</span> <span class='ocrx_word' id='word_1_71' title='bbox 850 1200 1123 1254; x_wconf 86' lang='lat' dir='ltr'><strong>suspenso</strong></span> <span class='ocrx_word' id='word_1_72' title='bbox 1172 1184 1341 1239; x_wconf 85' lang='lat' dir='ltr'><strong>stabit</strong></span> <span class='ocrx_word' id='word_1_73' title='bbox 1375 1184 1676 1251; x_wconf 80' lang='lat' dir='ltr'><strong>exercitus,</strong></span> <span class='ocrx_word' id='word_1_74' title='bbox 1722 1192 1777 1241; x_wconf 84' lang='lat' dir='ltr'>et</span> <span class='ocrx_word' id='word_1_75' title='bbox 1810 1200 1841 1239; x_wconf 88' lang='lat' dir='ltr'>a</span> <span class='ocrx_word' id='word_1_76' title='bbox 1876 1185 2099 1241; x_wconf 78' lang='lat' dir='ltr'><strong>siniStra</strong></span> 
     </span>
    </p>
   </div>
   <div class='ocr_carea' id='block_1_14' title="bbox 526 1278 2102 1349">
    <p class='ocr_par' dir='ltr' id='par_1_14' title="bbox 526 1278 2102 1349">
     <span class='ocr_line' id='line_1_14' title="bbox 526 1278 2102 1349; baseline -0.001 -15"><span class='ocrx_word' id='word_1_77' title='bbox 526 1280 764 1334; x_wconf 87' lang='lat' dir='ltr'><strong>militum</strong></span> <span class='ocrx_word' id='word_1_78' title='bbox 824 1288 1255 1349; x_wconf 86' lang='lat' dir='ltr'><strong>purpuratorum</strong></span> <span class='ocrx_word' id='word_1_79' title='bbox 1316 1294 1480 1334; x_wconf 89' lang='lat' dir='ltr'><strong>arcus</strong></span> <span class='ocrx_word' id='word_1_80' title='bbox 1538 1287 1751 1343; x_wconf 85' lang='lat' dir='ltr'><strong>tensus.</strong></span> <span class='ocrx_word' id='word_1_81' title='bbox 1814 1279 1993 1349; x_wconf 83' lang='lat' dir='ltr'><strong>qualis</strong></span> <span class='ocrx_word' id='word_1_82' title='bbox 2046 1278 2102 1333; x_wconf 89' lang='lat' dir='ltr'>in</span> 
     </span>
    </p>
   </div>
   <div class='ocr_carea' id='block_1_15' title="bbox 518 1370 2103 1442">
    <p class='ocr_par' dir='ltr' id='par_1_15' title="bbox 518 1370 2103 1442">
     <span class='ocr_line' id='line_1_15' title="bbox 518 1370 2103 1442; baseline 0.001 -15"><span class='ocrx_word' id='word_1_83' title='bbox 518 1373 687 1428; x_wconf 89' lang='lat' dir='ltr'><strong>rebus</strong></span> <span class='ocrx_word' id='word_1_84' title='bbox 715 1373 923 1427; x_wconf 85' lang='lat' dir='ltr'><strong>nostris</strong></span> <span class='ocrx_word' id='word_1_85' title='bbox 953 1372 1285 1427; x_wconf 88' lang='lat' dir='ltr'><strong>constitutus</strong></span> <span class='ocrx_word' id='word_1_86' title='bbox 1318 1370 1419 1426; x_wconf 88' lang='lat' dir='ltr'><strong>fuit</strong></span> <span class='ocrx_word' id='word_1_87' title='bbox 1443 1371 1510 1426; x_wconf 89' lang='lat' dir='ltr'>ad</span> <span class='ocrx_word' id='word_1_88' title='bbox 1542 1383 1861 1442; x_wconf 92' lang='lat' dir='ltr'><strong>perpetuum</strong></span> <span class='ocrx_word' id='word_1_89' title='bbox 1880 1371 2103 1428; x_wconf 66' lang='lat' dir='ltr'><strong>foederis</strong></span> 
     </span>
    </p>
   </div>
   <div class='ocr_carea' id='block_1_16' title="bbox 522 1462 2103 1535">
    <p class='ocr_par' dir='ltr' id='par_1_16' title="bbox 522 1462 2103 1535">
     <span class='ocr_line' id='line_1_16' title="bbox 522 1462 2103 1535; baseline -0.001 -16"><span class='ocrx_word' id='word_1_90' title='bbox 522 1465 776 1535; x_wconf 89' lang='lat' dir='ltr'><strong>perpetui</strong></span> <span class='ocrx_word' id='word_1_91' title='bbox 811 1466 1054 1531; x_wconf 87' lang='lat' dir='ltr'><strong>signum.</strong></span> <span class='ocrx_word' id='word_1_92' title='bbox 1086 1462 1316 1516; x_wconf 82' lang='lat' dir='ltr'><strong>Cunctis</strong></span> <span class='ocrx_word' id='word_1_93' title='bbox 1364 1477 1494 1516; x_wconf 82' lang='lat' dir='ltr'><strong>vero</strong></span> <span class='ocrx_word' id='word_1_94' title='bbox 1536 1473 1815 1533; x_wconf 87' lang='lat' dir='ltr'><strong>speratum</strong></span> <span class='ocrx_word' id='word_1_95' title='bbox 1851 1462 2103 1518; x_wconf 84' lang='lat' dir='ltr'><strong>infician-</strong></span> 
     </span>
    </p>
   </div>
   <div class='ocr_carea' id='block_1_17' title="bbox 521 1553 2101 1624">
    <p class='ocr_par' dir='ltr' id='par_1_17' title="bbox 521 1553 2101 1624">
     <span class='ocr_line' id='line_1_17' title="bbox 521 1553 2101 1624; baseline 0 -15"><span class='ocrx_word' id='word_1_96' title='bbox 521 1556 672 1609; x_wconf 86' lang='lat' dir='ltr'><strong>tibus</strong></span> <span class='ocrx_word' id='word_1_97' title='bbox 705 1553 992 1624; x_wconf 81' lang='lat' dir='ltr'><strong>frangetur</strong></span> <span class='ocrx_word' id='word_1_98' title='bbox 1036 1566 1200 1608; x_wconf 91' lang='lat' dir='ltr'><strong>arcus</strong></span> <span class='ocrx_word' id='word_1_99' title='bbox 1233 1568 1301 1607; x_wconf 80' lang='lat' dir='ltr'><strong>ex</strong></span> <span class='ocrx_word' id='word_1_100' title='bbox 1333 1553 1599 1608; x_wconf 85' lang='lat' dir='ltr'><strong>inclinata</strong></span> <span class='ocrx_word' id='word_1_101' title='bbox 1647 1561 1803 1623; x_wconf 88' lang='lat' dir='ltr'><strong>parte</strong></span> <span class='ocrx_word' id='word_1_102' title='bbox 1844 1570 1966 1623; x_wconf 64' lang='lat' dir='ltr'><strong>quae</strong></span> <span class='ocrx_word' id='word_1_103' title='bbox 2014 1560 2101 1609; x_wconf 87' lang='lat' dir='ltr'>est</span> 
     </span>
    </p>
   </div>
   <div class='ocr_carea' id='block_1_18' title="bbox 525 1645 2103 1716">
    <p class='ocr_par' dir='ltr' id='par_1_18' title="bbox 525 1645 2103 1716">
     <span class='ocr_line' id='line_1_18' title="bbox 525 1645 2103 1716; baseline -0.003 -12"><span class='ocrx_word' id='word_1_104' title='bbox 525 1650 581 1704; x_wconf 91' lang='lat' dir='ltr'>in</span> <span class='ocrx_word' id='word_1_105' title='bbox 613 1648 756 1703; x_wconf 75' lang='lat' dir='ltr'><strong>ccelo</strong></span> <span class='ocrx_word' id='word_1_106' title='bbox 807 1648 1097 1702; x_wconf 87' lang='lat' dir='ltr'><strong>involucro</strong></span> <span class='ocrx_word' id='word_1_107' title='bbox 1130 1646 1535 1716; x_wconf 89' lang='lat' dir='ltr'><strong>perfectissima</strong></span> <span class='ocrx_word' id='word_1_108' title='bbox 1569 1653 1622 1699; x_wconf 90' lang='lat' dir='ltr'>et</span> <span class='ocrx_word' id='word_1_109' title='bbox 1656 1645 2103 1701; x_wconf 81' lang='lat' dir='ltr'><strong>manifestabitur</strong></span> 
     </span>
    </p>
   </div>
   <div class='ocr_carea' id='block_1_19' title="bbox 521 1735 2106 1807">
    <p class='ocr_par' dir='ltr' id='par_1_19' title="bbox 521 1735 2106 1807">
     <span class='ocr_line' id='line_1_19' title="bbox 521 1735 2106 1807; baseline -0.003 -11"><span class='ocrx_word' id='word_1_110' title='bbox 521 1741 579 1796; x_wconf 91' lang='lat' dir='ltr'>in</span> <span class='ocrx_word' id='word_1_111' title='bbox 626 1739 935 1793; x_wconf 87' lang='lat' dir='ltr'><strong>structione</strong></span> <span class='ocrx_word' id='word_1_112' title='bbox 981 1739 1180 1793; x_wconf 89' lang='lat' dir='ltr'><strong>domus</strong></span> <span class='ocrx_word' id='word_1_113' title='bbox 1232 1738 1349 1791; x_wconf 88' lang='lat' dir='ltr'><strong>veri</strong></span> <span class='ocrx_word' id='word_1_114' title='bbox 1399 1736 1773 1807; x_wconf 85' lang='lat' dir='ltr'><strong>imperatoris.</strong></span> <span class='ocrx_word' id='word_1_115' title='bbox 1812 1735 1969 1792; x_wconf 88' lang='lat' dir='ltr'><strong>Tunc</strong></span> <span class='ocrx_word' id='word_1_116' title='bbox 2006 1751 2106 1807; x_wconf 88' lang='lat' dir='ltr'><strong>po-</strong></span> 
     </span>
    </p>
   </div>
   <div class='ocr_carea' id='block_1_20' title="bbox 2201 543 3829 616">
    <p class='ocr_par' dir='ltr' id='par_1_20' title="bbox 2201 543 3829 616">
     <span class='ocr_line' id='line_1_20' title="bbox 2201 543 3829 616; baseline 0.006 -22"><span class='ocrx_word' id='word_1_117' title='bbox 2201 543 2353 596; x_wconf 86' lang='grc' dir='ltr'>ἐστιν</span> <span class='ocrx_word' id='word_1_118' title='bbox 2394 543 2723 614; x_wconf 81' lang='grc' dir='ltr'>ἡλειμμένος</span> <span class='ocrx_word' id='word_1_119' title='bbox 2770 544 2880 598; x_wconf 74' lang='grc' dir='ltr'>άπὸ</span> <span class='ocrx_word' id='word_1_120' title='bbox 2917 546 3156 616; x_wconf 79' lang='grc' dir='ltr'>γαστρὸς</span> <span class='ocrx_word' id='word_1_121' title='bbox 3196 546 3376 600; x_wconf 85' lang='grc' dir='ltr'>ἐλαίου</span> <span class='ocrx_word' id='word_1_122' title='bbox 3400 548 3557 615; x_wconf 83' lang='grc' dir='ltr'>ἁγίου</span> <span class='ocrx_word' id='word_1_123' title='bbox 3603 549 3829 603; x_wconf 71' lang='grc' dir='ltr'>αὑτοῦ.</span> 
     </span>
    </p>
   </div>
   <div class='ocr_carea' id='block_1_21' title="bbox 2211 632 3835 712">
    <p class='ocr_par' dir='ltr' id='par_1_21' title="bbox 2211 632 3835 712">
     <span class='ocr_line' id='line_1_21' title="bbox 2211 632 3835 712; baseline 0.006 -27"><span class='ocrx_word' id='word_1_124' title='bbox 2211 632 2758 705; x_wconf 83' lang='grc' dir='ltr'>Ἀποκαλυφθήσεται</span> <span class='ocrx_word' id='word_1_125' title='bbox 2780 636 2836 688; x_wconf 81' lang='grc' dir='ltr'>δὲ</span> <span class='ocrx_word' id='word_1_126' title='bbox 2867 635 3042 699; x_wconf 75' lang='grc' dir='ltr'>οὕτως</span> <span class='ocrx_word' id='word_1_127' title='bbox 3061 653 3074 665; x_wconf 91' lang='grc'><strong>·</strong></span> <span class='ocrx_word' id='word_1_128' title='bbox 3101 637 3401 708; x_wconf 71' lang='grc' dir='ltr'>φανήσεται</span> <span class='ocrx_word' id='word_1_129' title='bbox 3430 641 3610 711; x_wconf 75' lang='grc' dir='ltr'>ἀστὴρ</span> <span class='ocrx_word' id='word_1_130' title='bbox 3669 641 3835 712; x_wconf 74' lang='grc' dir='ltr'>ἡμέ-</span> 
     </span>
    </p>
   </div>
   <div class='ocr_carea' id='block_1_22' title="bbox 2202 726 3828 800">
    <p class='ocr_par' dir='ltr' id='par_1_22' title="bbox 2202 726 3828 800">
     <span class='ocr_line' id='line_1_22' title="bbox 2202 726 3828 800; baseline 0.004 -23"><span class='ocrx_word' id='word_1_131' title='bbox 2202 742 2301 795; x_wconf 87' lang='grc' dir='ltr'>ρας</span> <span class='ocrx_word' id='word_1_132' title='bbox 2353 728 2525 796; x_wconf 84' lang='grc' dir='ltr'>τρεῖς,</span> <span class='ocrx_word' id='word_1_133' title='bbox 2565 726 2660 779; x_wconf 70' lang='grc' dir='ltr'>καὶ</span> <span class='ocrx_word' id='word_1_134' title='bbox 2700 726 2894 791; x_wconf 83' lang='grc' dir='ltr'>νυκτὸς</span> <span class='ocrx_word' id='word_1_135' title='bbox 2952 726 3101 796; x_wconf 84' lang='grc' dir='ltr'>ὥρας</span> <span class='ocrx_word' id='word_1_136' title='bbox 3126 734 3196 796; x_wconf 91' lang='grc' dir='ltr'>γ’,</span> <span class='ocrx_word' id='word_1_137' title='bbox 3241 729 3406 798; x_wconf 85' lang='grc' dir='ltr'>μέσον</span> <span class='ocrx_word' id='word_1_138' title='bbox 3442 731 3541 800; x_wconf 75' lang='grc' dir='ltr'>τῆς</span> <span class='ocrx_word' id='word_1_139' title='bbox 3587 732 3828 794; x_wconf 85' lang='grc' dir='ltr'>πόλεως</span> 
     </span>
    </p>
   </div>
   <div class='ocr_carea' id='block_1_23' title="bbox 2199 816 3823 893">
    <p class='ocr_par' dir='ltr' id='par_1_23' title="bbox 2199 816 3823 893">
     <span class='ocr_line' id='line_1_23' title="bbox 2199 816 3823 893; baseline 0.003 -24"><span class='ocrx_word' id='word_1_140' title='bbox 2199 816 2273 870; x_wconf 73' lang='grc' dir='ltr'>ἔω</span> <span class='ocrx_word' id='word_1_141' title='bbox 2295 816 2397 886; x_wconf 84' lang='grc' dir='ltr'>τῆς</span> <span class='ocrx_word' id='word_1_142' title='bbox 2424 819 2649 888; x_wconf 79' lang='grc' dir='ltr'>Μητρὸς</span> <span class='ocrx_word' id='word_1_143' title='bbox 2681 819 2775 871; x_wconf 90' lang='grc' dir='ltr'>τοῦ</span> <span class='ocrx_word' id='word_1_144' title='bbox 2820 818 3099 889; x_wconf 79' lang='grc' dir='ltr'>Ὑψίστου.</span> <span class='ocrx_word' id='word_1_145' title='bbox 3152 820 3210 873; x_wconf 88' lang='lat'>&#39;0</span> <span class='ocrx_word' id='word_1_146' title='bbox 3234 821 3288 873; x_wconf 79' lang='grc' dir='ltr'>δὲ</span> <span class='ocrx_word' id='word_1_147' title='bbox 3312 821 3489 893; x_wconf 81' lang='grc' dir='ltr'>ἀστὴρ</span> <span class='ocrx_word' id='word_1_148' title='bbox 3515 823 3616 876; x_wconf 70' lang='grc' dir='ltr'>οὐκ</span> <span class='ocrx_word' id='word_1_149' title='bbox 3651 823 3823 876; x_wconf 79' lang='grc' dir='ltr'>ἔστιν</span> 
     </span>
    </p>
   </div>
   <div class='ocr_carea' id='block_1_24' title="bbox 2198 909 3823 985">
    <p class='ocr_par' dir='ltr' id='par_1_24' title="bbox 2198 909 3823 985">
     <span class='ocr_line' id='line_1_24' title="bbox 2198 909 3823 985; baseline 0.001 -24"><span class='ocrx_word' id='word_1_150' title='bbox 2198 909 2266 962; x_wconf 88' lang='grc' dir='ltr'>ἐκ</span> <span class='ocrx_word' id='word_1_151' title='bbox 2321 910 2430 963; x_wconf 90' lang='grc' dir='ltr'>τῶν</span> <span class='ocrx_word' id='word_1_152' title='bbox 2480 909 2791 981; x_wconf 85' lang='grc' dir='ltr'>πλανήτων,</span> <span class='ocrx_word' id='word_1_153' title='bbox 2830 911 2945 964; x_wconf 81' lang='grc' dir='ltr'>ἀλλ’</span> <span class='ocrx_word' id='word_1_154' title='bbox 2980 912 3013 982; x_wconf 81' lang='grc' dir='ltr'>ἢ</span> <span class='ocrx_word' id='word_1_155' title='bbox 3047 912 3122 976; x_wconf 85' lang='grc' dir='ltr'>ὡς</span> <span class='ocrx_word' id='word_1_156' title='bbox 3158 912 3411 981; x_wconf 72' lang='grc' dir='ltr'>ἐμφαίνει</span> <span class='ocrx_word' id='word_1_157' title='bbox 3456 916 3536 977; x_wconf 84' lang='grc' dir='ltr'>είς</span> <span class='ocrx_word' id='word_1_158' title='bbox 3564 915 3670 985; x_wconf 79' lang='grc' dir='ltr'>τὴν</span> <span class='ocrx_word' id='word_1_159' title='bbox 3702 932 3823 967; x_wconf 79' lang='grc' dir='ltr'>σω-</span> 
     </span>
    </p>
   </div>
   <div class='ocr_carea' id='block_1_25' title="bbox 2198 1000 3821 1078">
    <p class='ocr_par' dir='ltr' id='par_1_25' title="bbox 2198 1000 3821 1078">
     <span class='ocr_line' id='line_1_25' title="bbox 2198 1000 3821 1078; baseline 0.004 -25"><span class='ocrx_word' id='word_1_160' title='bbox 2198 1002 2389 1070; x_wconf 83' lang='grc' dir='ltr'>τήριον</span> <span class='ocrx_word' id='word_1_161' title='bbox 2416 1000 2672 1073; x_wconf 78' lang='grc' dir='ltr'>γέννησιν</span> <span class='ocrx_word' id='word_1_162' title='bbox 2701 1002 2795 1055; x_wconf 91' lang='grc' dir='ltr'>τοῦ</span> <span class='ocrx_word' id='word_1_163' title='bbox 2833 1004 3095 1074; x_wconf 79' lang='grc' dir='ltr'>Χριστοῦ.</span> <span class='ocrx_word' id='word_1_164' title='bbox 3142 1005 3252 1057; x_wconf 76' lang='grc' dir='ltr'>Καὶ</span> <span class='ocrx_word' id='word_1_165' title='bbox 3280 1004 3459 1075; x_wconf 79' lang='grc' dir='ltr'>κήρυξ</span> <span class='ocrx_word' id='word_1_166' title='bbox 3496 1006 3640 1076; x_wconf 87' lang='grc' dir='ltr'>βοῶν</span> <span class='ocrx_word' id='word_1_167' title='bbox 3667 1024 3821 1078; x_wconf 73' lang='grc' dir='ltr'>τρασ-</span> 
     </span>
    </p>
   </div>
   <div class='ocr_carea' id='block_1_26' title="bbox 2202 1092 3822 1166">
    <p class='ocr_par' dir='ltr' id='par_1_26' title="bbox 2202 1092 3822 1166">
     <span class='ocr_line' id='line_1_26' title="bbox 2202 1092 3822 1166; baseline 0.003 -22"><span class='ocrx_word' id='word_1_168' title='bbox 2202 1092 2307 1155; x_wconf 87' lang='grc' dir='ltr'>νῶς</span> <span class='ocrx_word' id='word_1_169' title='bbox 2339 1092 2450 1164; x_wconf 68' lang='grc'>(62)</span> <span class='ocrx_word' id='word_1_170' title='bbox 2491 1109 2507 1125; x_wconf 75' lang='grc'><strong>⁸</strong></span> <span class='ocrx_word' id='word_1_171' title='bbox 2550 1094 2610 1147; x_wconf 88' lang='grc' dir='ltr'>ἐν</span> <span class='ocrx_word' id='word_1_172' title='bbox 2662 1096 2786 1157; x_wconf 81' lang='grc' dir='ltr'>ταῖς</span> <span class='ocrx_word' id='word_1_173' title='bbox 2839 1094 3023 1165; x_wconf 81' lang='grc' dir='ltr'>τρισὶν</span> <span class='ocrx_word' id='word_1_174' title='bbox 3084 1095 3321 1166; x_wconf 79' lang='grc' dir='ltr'>ἡμέραις</span> <span class='ocrx_word' id='word_1_175' title='bbox 3378 1096 3669 1149; x_wconf 79' lang='grc' dir='ltr'>ἀνακαλῶν</span> <span class='ocrx_word' id='word_1_176' title='bbox 3714 1100 3822 1150; x_wconf 76' lang='grc' dir='ltr'>καὶ</span> 
     </span>
    </p>
   </div>
   <div class='ocr_carea' id='block_1_27' title="bbox 2203 1184 3821 1259">
    <p class='ocr_par' dir='ltr' id='par_1_27' title="bbox 2203 1184 3821 1259">
     <span class='ocr_line' id='line_1_27' title="bbox 2203 1184 3821 1259; baseline 0.005 -23"><span class='ocrx_word' id='word_1_177' title='bbox 2203 1184 2603 1240; x_wconf 76' lang='grc' dir='ltr'>ἀνακαλύπτων</span> <span class='ocrx_word' id='word_1_178' title='bbox 2620 1187 2714 1241; x_wconf 82' lang='grc' dir='ltr'>τὸν</span> <span class='ocrx_word' id='word_1_179' title='bbox 2740 1187 3115 1259; x_wconf 79' lang='grc' dir='ltr'>ἐλπιζόμενον.</span> <span class='ocrx_word' id='word_1_180' title='bbox 3134 1189 3267 1243; x_wconf 84' lang='grc' dir='ltr'>Τότε</span> <span class='ocrx_word' id='word_1_181' title='bbox 3290 1192 3318 1243; x_wconf 92' lang='grc' dir='ltr'>ό</span> <span class='ocrx_word' id='word_1_182' title='bbox 3336 1189 3505 1259; x_wconf 82' lang='grc' dir='ltr'>δῆμος</span> <span class='ocrx_word' id='word_1_183' title='bbox 3528 1190 3679 1259; x_wconf 83' lang='grc' dir='ltr'>ὁρῶν</span> <span class='ocrx_word' id='word_1_184' title='bbox 3714 1192 3821 1246; x_wconf 75' lang='grc' dir='ltr'>καὶ</span> 
     </span>
    </p>
   </div>
   <div class='ocr_carea' id='block_1_28' title="bbox 2202 1276 3797 1353">
    <p class='ocr_par' dir='ltr' id='par_1_28' title="bbox 2202 1276 3797 1353">
     <span class='ocr_line' id='line_1_28' title="bbox 2202 1276 3797 1353; baseline 0.006 -24"><span class='ocrx_word' id='word_1_185' title='bbox 2202 1276 2416 1331; x_wconf 84' lang='grc' dir='ltr'>ἁκούων</span> <span class='ocrx_word' id='word_1_186' title='bbox 2435 1279 2535 1350; x_wconf 83' lang='grc' dir='ltr'>τὴν</span> <span class='ocrx_word' id='word_1_187' title='bbox 2566 1278 2661 1333; x_wconf 89' lang='grc' dir='ltr'>τοῦ</span> <span class='ocrx_word' id='word_1_188' title='bbox 2692 1279 3049 1352; x_wconf 80' lang='grc' dir='ltr'>κηρύγματος</span> <span class='ocrx_word' id='word_1_189' title='bbox 3084 1280 3355 1352; x_wconf 63' lang='grc' dir='ltr'>βῳντὼδη</span> <span class='ocrx_word' id='word_1_190' title='bbox 3381 1282 3566 1353; x_wconf 81' lang='grc' dir='ltr'>φωνὴν</span> <span class='ocrx_word' id='word_1_191' title='bbox 3602 1285 3797 1338; x_wconf 77' lang='grc' dir='ltr'>ἐκπλα</span> 
     </span>
    </p>
   </div>
   <div class='ocr_carea' id='block_1_29' title="bbox 2202 1367 3818 1441">
    <p class='ocr_par' dir='ltr' id='par_1_29' title="bbox 2202 1367 3818 1441">
     <span class='ocr_line' id='line_1_29' title="bbox 2202 1367 3818 1441; baseline 0.002 -22"><span class='ocrx_word' id='word_1_192' title='bbox 2202 1369 2463 1437; x_wconf 80' lang='grc' dir='ltr'>γὴσονται</span> <span class='ocrx_word' id='word_1_193' title='bbox 2479 1384 2494 1399; x_wconf 73' lang='grc' dir='ltr'><strong>ο</strong></span> <span class='ocrx_word' id='word_1_194' title='bbox 2530 1369 2626 1422; x_wconf 79' lang='grc' dir='ltr'>καὶ</span> <span class='ocrx_word' id='word_1_195' title='bbox 2657 1367 3011 1438; x_wconf 73' lang='grc' dir='ltr'>ἐξεστηκότες</span> <span class='ocrx_word' id='word_1_196' title='bbox 3028 1370 3146 1440; x_wconf 84' lang='grc' dir='ltr'>ἆμα</span> <span class='ocrx_word' id='word_1_197' title='bbox 3174 1372 3239 1439; x_wconf 77' lang='grc' dir='ltr'>τῇ</span> <span class='ocrx_word' id='word_1_198' title='bbox 3267 1371 3411 1440; x_wconf 78' lang='grc' dir='ltr'>χαρᾷ</span> <span class='ocrx_word' id='word_1_199' title='bbox 3427 1370 3629 1440; x_wconf 80' lang='grc' dir='ltr'>καὶτῷ</span> <span class='ocrx_word' id='word_1_200' title='bbox 3653 1371 3818 1441; x_wconf 73' lang='grc' dir='ltr'>φόϐῳ</span> 
     </span>
    </p>
   </div>
   <div class='ocr_carea' id='block_1_30' title="bbox 2206 1460 3820 1533">
    <p class='ocr_par' dir='ltr' id='par_1_30' title="bbox 2206 1460 3820 1533">
     <span class='ocr_line' id='line_1_30' title="bbox 2206 1460 3820 1533; baseline 0.003 -23"><span class='ocrx_word' id='word_1_201' title='bbox 2206 1460 2304 1530; x_wconf 80' lang='grc' dir='ltr'>βοή</span> <span class='ocrx_word' id='word_1_202' title='bbox 2314 1476 2498 1513; x_wconf 90' lang='grc' dir='ltr'>σουσιν</span> <span class='ocrx_word' id='word_1_203' title='bbox 2518 1461 2733 1529; x_wconf 84' lang='grc' dir='ltr'>ἀγνοεῖν</span> <span class='ocrx_word' id='word_1_204' title='bbox 2750 1462 2840 1515; x_wconf 88' lang='grc' dir='ltr'>τὸν</span> <span class='ocrx_word' id='word_1_205' title='bbox 2862 1460 3236 1533; x_wconf 74' lang='grc' dir='ltr'>ἐλπιζόμενονο</span> <span class='ocrx_word' id='word_1_206' title='bbox 3260 1462 3381 1515; x_wconf 87' lang='grc' dir='ltr'>τότε</span> <span class='ocrx_word' id='word_1_207' title='bbox 3398 1461 3659 1530; x_wconf 84' lang='grc' dir='ltr'>ὁρώντων</span> <span class='ocrx_word' id='word_1_208' title='bbox 3678 1464 3820 1515; x_wconf 82' lang='grc' dir='ltr'>πάν-</span> 
     </span>
    </p>
   </div>
   <div class='ocr_carea' id='block_1_31' title="bbox 2202 1551 3803 1626">
    <p class='ocr_par' dir='ltr' id='par_1_31' title="bbox 2202 1551 3803 1626">
     <span class='ocr_line' id='line_1_31' title="bbox 2202 1551 3803 1626; baseline 0.002 -22"><span class='ocrx_word' id='word_1_209' title='bbox 2202 1551 2447 1616; x_wconf 74' lang='grc' dir='ltr'>των,καὶ</span> <span class='ocrx_word' id='word_1_210' title='bbox 2462 1551 2542 1620; x_wconf 87' lang='grc' dir='ltr'>τδ,</span> <span class='ocrx_word' id='word_1_211' title='bbox 2586 1552 2758 1624; x_wconf 81' lang='grc' dir='ltr'>Κύριε</span> <span class='ocrx_word' id='word_1_212' title='bbox 2780 1593 2794 1619; x_wconf 94' lang='grc'>,</span> <span class='ocrx_word' id='word_1_213' title='bbox 2818 1554 3062 1624; x_wconf 87' lang='grc' dir='ltr'>ἐλέησον,</span> <span class='ocrx_word' id='word_1_214' title='bbox 3091 1554 3329 1626; x_wconf 84' lang='grc' dir='ltr'>θερμῶς,</span> <span class='ocrx_word' id='word_1_215' title='bbox 3356 1553 3598 1618; x_wconf 83' lang='grc' dir='ltr'>ἐκτενῶς</span> <span class='ocrx_word' id='word_1_216' title='bbox 3649 1554 3803 1625; x_wconf 77' lang='grc' dir='ltr'>βοῶν</span> 
     </span>
    </p>
   </div>
   <div class='ocr_carea' id='block_1_32' title="bbox 2204 1645 3820 1718">
    <p class='ocr_par' dir='ltr' id='par_1_32' title="bbox 2204 1645 3820 1718">
     <span class='ocr_line' id='line_1_32' title="bbox 2204 1645 3820 1718; baseline 0 -20"><span class='ocrx_word' id='word_1_217' title='bbox 2204 1659 2333 1698; x_wconf 84' lang='grc' dir='ltr'>των⁶</span> <span class='ocrx_word' id='word_1_218' title='bbox 2364 1645 2457 1699; x_wconf 77' lang='grc' dir='ltr'>καὶ</span> <span class='ocrx_word' id='word_1_219' title='bbox 2499 1646 2565 1699; x_wconf 78' lang='grc' dir='ltr'>τά</span> <span class='ocrx_word' id='word_1_220' title='bbox 2601 1646 2833 1716; x_wconf 87' lang='grc' dir='ltr'>μέτωπα</span> <span class='ocrx_word' id='word_1_221' title='bbox 2862 1645 3041 1700; x_wconf 75' lang='grc' dir='ltr'>αὐτῶν</span> <span class='ocrx_word' id='word_1_222' title='bbox 3072 1648 3154 1709; x_wconf 85' lang='grc' dir='ltr'>είς</span> <span class='ocrx_word' id='word_1_223' title='bbox 3178 1647 3276 1718; x_wconf 80' lang='grc' dir='ltr'>τὴν</span> <span class='ocrx_word' id='word_1_224' title='bbox 3311 1646 3417 1717; x_wconf 81' lang='grc' dir='ltr'>γῆν</span> <span class='ocrx_word' id='word_1_225' title='bbox 3442 1645 3820 1717; x_wconf 81' lang='grc' dir='ltr'>κρούσαντες,</span> 
     </span>
    </p>
   </div>
   <div class='ocr_carea' id='block_1_33' title="bbox 2207 1736 3825 1808">
    <p class='ocr_par' dir='ltr' id='par_1_33' title="bbox 2207 1736 3825 1808">
     <span class='ocr_line' id='line_1_33' title="bbox 2207 1736 3825 1808; baseline 0.001 -18"><span class='ocrx_word' id='word_1_226' title='bbox 2207 1739 2301 1791; x_wconf 81' lang='grc' dir='ltr'>καὶ</span> <span class='ocrx_word' id='word_1_227' title='bbox 2330 1736 2459 1808; x_wconf 87' lang='grc' dir='ltr'>χοῦν</span> <span class='ocrx_word' id='word_1_228' title='bbox 2484 1738 2564 1801; x_wconf 82' lang='grc' dir='ltr'>είς</span> <span class='ocrx_word' id='word_1_229' title='bbox 2582 1738 2682 1801; x_wconf 83' lang='grc' dir='ltr'>τὰς</span> <span class='ocrx_word' id='word_1_230' title='bbox 2704 1737 2948 1807; x_wconf 85' lang='grc' dir='ltr'>κεφαλὰς</span> <span class='ocrx_word' id='word_1_231' title='bbox 2963 1737 3144 1792; x_wconf 81' lang='grc' dir='ltr'>αὐτῶν</span> <span class='ocrx_word' id='word_1_232' title='bbox 3170 1738 3465 1803; x_wconf 81' lang='grc' dir='ltr'>πάσαντες,</span> <span class='ocrx_word' id='word_1_233' title='bbox 3492 1740 3593 1791; x_wconf 77' lang='grc' dir='ltr'>καὶ</span> <span class='ocrx_word' id='word_1_234' title='bbox 3624 1739 3825 1791; x_wconf 77' lang='grc' dir='ltr'>στενά-</span> 
     </span>
    </p>
   </div>
   <div class='ocr_carea' id='block_1_34' title="bbox 520 1798 2105 1902">
    <p class='ocr_par' dir='ltr' id='par_1_34' title="bbox 520 1798 2103 1902">
     <span class='ocr_line' id='line_1_34' title="bbox 520 1798 2103 1902; baseline -0.003 -16"><span class='ocrx_word' id='word_1_235' title='bbox 520 1832 635 1902; x_wconf 92' lang='lat' dir='ltr'><strong>puli</strong></span> <span class='ocrx_word' id='word_1_236' title='bbox 678 1830 909 1902; x_wconf 83' lang='lat' dir='ltr'><strong>gloriam</strong></span> <span class='ocrx_word' id='word_1_237' title='bbox 968 1831 1077 1886; x_wconf 86' lang='lat' dir='ltr'><strong>Deo</strong></span> <span class='ocrx_word' id='word_1_238' title='bbox 1131 1829 1429 1886; x_wconf 87' lang='lat' dir='ltr'><strong>reddentes</strong></span> <span class='ocrx_word' id='word_1_239' title='bbox 1472 1798 1541 1883; x_wconf 77' lang='lat' dir='ltr'>ad</span> <span class='ocrx_word' id='word_1_240' title='bbox 1587 1844 1775 1885; x_wconf 90' lang='lat' dir='ltr'><strong>arcum</strong></span> <span class='ocrx_word' id='word_1_241' title='bbox 1827 1798 2103 1885; x_wconf 73' lang='lat' dir='ltr'><strong>summum</strong></span> 
     </span>
    </p>
   </div>
   <div class='ocr_carea' id='block_1_35' title="bbox 2214 1798 3804 1902">
    <p class='ocr_par' dir='ltr' id='par_1_35' title="bbox 2214 1798 3804 1900">
     <span class='ocr_line' id='line_1_35' title="bbox 2214 1798 3804 1900; baseline -0.001 -17"><span class='ocrx_word' id='word_1_242' title='bbox 2214 1798 2401 1895; x_wconf 74' lang='grc' dir='ltr'>ξαντες</span> <span class='ocrx_word' id='word_1_243' title='bbox 2441 1798 2557 1883; x_wconf 34' lang='grc' dir='ltr'>καὶ-</span> <span class='ocrx_word' id='word_1_244' title='bbox 2588 1798 2798 1899; x_wconf 75' lang='grc' dir='ltr'>δάκρυα</span> <span class='ocrx_word' id='word_1_245' title='bbox 2825 1798 3091 1900; x_wconf 70' lang='grc' dir='ltr'>χύσαντες</span> <span class='ocrx_word' id='word_1_246' title='bbox 3119 1830 3209 1884; x_wconf 82' lang='grc' dir='ltr'>διά</span> <span class='ocrx_word' id='word_1_247' title='bbox 3264 1831 3366 1900; x_wconf 84' lang='grc' dir='ltr'>τὴν</span> <span class='ocrx_word' id='word_1_248' title='bbox 3416 1798 3691 1883; x_wconf 55' lang='grc' dir='ltr'>ἐπιοῦσαν</span> <span class='ocrx_word' id='word_1_249' title='bbox 3726 1830 3804 1884; x_wconf 81' lang='grc' dir='ltr'>αύ</span> 
     </span>
    </p>
   </div>
   <div class='ocr_carea' id='block_1_36' title="bbox 520 1922 2105 1993">
    <p class='ocr_par' dir='ltr' id='par_1_36' title="bbox 520 1922 2105 1993">
     <span class='ocr_line' id='line_1_36' title="bbox 520 1922 2105 1993; baseline -0.002 -14"><span class='ocrx_word' id='word_1_250' title='bbox 520 1924 853 1979; x_wconf 83' lang='lat' dir='ltr'><strong>festinanter</strong></span> <span class='ocrx_word' id='word_1_251' title='bbox 926 1931 1175 1991; x_wconf 87' lang='lat' dir='ltr'><strong>current,</strong></span> <span class='ocrx_word' id='word_1_252' title='bbox 1219 1922 1698 1993; x_wconf 83' lang='lat' dir='ltr'><strong>suscipientesque</strong></span> <span class='ocrx_word' id='word_1_253' title='bbox 1729 1922 2105 1978; x_wconf 86' lang='lat' dir='ltr'><strong>venerandum</strong></span> 
     </span>
    </p>
   </div>
   <div class='ocr_carea' id='block_1_37' title="bbox 523 2014 2108 2089">
    <p class='ocr_par' dir='ltr' id='par_1_37' title="bbox 523 2014 2108 2089">
     <span class='ocr_line' id='line_1_37' title="bbox 523 2014 2108 2089; baseline 0 -18"><span class='ocrx_word' id='word_1_254' title='bbox 523 2018 985 2089; x_wconf 66' lang='lat' dir='ltr'><strong>grandaevumque</strong></span> <span class='ocrx_word' id='word_1_255' title='bbox 1046 2033 1229 2088; x_wconf 88' lang='lat' dir='ltr'><strong>regem</strong></span> <span class='ocrx_word' id='word_1_256' title='bbox 1288 2032 1413 2071; x_wconf 80' lang='lat' dir='ltr'><strong>cuin</strong></span> <span class='ocrx_word' id='word_1_257' title='bbox 1473 2014 1843 2086; x_wconf 87' lang='lat' dir='ltr'><strong>lampadibus,</strong></span> <span class='ocrx_word' id='word_1_258' title='bbox 1909 2015 2108 2086; x_wconf 87' lang='lat' dir='ltr'><strong>palmis</strong></span> 
     </span>
    </p>
   </div>
   <div class='ocr_carea' id='block_1_38' title="bbox 523 2107 2107 2182">
    <p class='ocr_par' dir='ltr' id='par_1_38' title="bbox 523 2107 2107 2182">
     <span class='ocr_line' id='line_1_38' title="bbox 523 2107 2107 2182; baseline 0 -19"><span class='ocrx_word' id='word_1_259' title='bbox 523 2124 830 2182; x_wconf 86' lang='lat' dir='ltr'><strong>magnaque</strong></span> <span class='ocrx_word' id='word_1_260' title='bbox 886 2125 1081 2180; x_wconf 81' lang='lat' dir='ltr'><strong>pompa</strong></span> <span class='ocrx_word' id='word_1_261' title='bbox 1129 2108 1196 2182; x_wconf 90' lang='lat'>[?]</span> <span class='ocrx_word' id='word_1_262' title='bbox 1230 2107 1565 2180; x_wconf 81' lang='grc' dir='ltr'>(ὠφραδῶν),</span> <span class='ocrx_word' id='word_1_263' title='bbox 1586 2116 1645 2162; x_wconf 92' lang='lat' dir='ltr'>ut</span> <span class='ocrx_word' id='word_1_264' title='bbox 1674 2109 1755 2164; x_wconf 90' lang='lat' dir='ltr'>sic</span> <span class='ocrx_word' id='word_1_265' title='bbox 1785 2109 1954 2165; x_wconf 77' lang='lat' dir='ltr'><strong>variis</strong></span> <span class='ocrx_word' id='word_1_266' title='bbox 1983 2123 2107 2164; x_wconf 87' lang='lat' dir='ltr'>cum</span> 
     </span>
    </p>
   </div>
   <div class='ocr_carea' id='block_1_39' title="bbox 524 2201 1646 2272">
    <p class='ocr_par' dir='ltr' id='par_1_39' title="bbox 524 2201 1646 2272">
     <span class='ocr_line' id='line_1_39' title="bbox 524 2201 1646 2272; baseline 0.002 -18"><span class='ocrx_word' id='word_1_267' title='bbox 524 2202 860 2256; x_wconf 84' lang='lat' dir='ltr'><strong>testimoniis</strong></span> <span class='ocrx_word' id='word_1_268' title='bbox 896 2203 1077 2257; x_wconf 83' lang='lat' dir='ltr'><strong>ferant</strong></span> <span class='ocrx_word' id='word_1_269' title='bbox 1110 2203 1163 2257; x_wconf 93' lang='lat' dir='ltr'>in</span> <span class='ocrx_word' id='word_1_270' title='bbox 1201 2217 1457 2272; x_wconf 82' lang='lat' dir='ltr'><strong>magnam</strong></span> <span class='ocrx_word' id='word_1_271' title='bbox 1493 2201 1646 2256; x_wconf 89' lang='lat' dir='ltr'><strong>Sion.</strong></span> 
     </span>
    </p>
   </div>
   <div class='ocr_carea' id='block_1_40' title="bbox 2204 1921 3822 1995">
    <p class='ocr_par' dir='ltr' id='par_1_40' title="bbox 2204 1921 3822 1995">
     <span class='ocr_line' id='line_1_40' title="bbox 2204 1921 3822 1995; baseline -0.001 -19"><span class='ocrx_word' id='word_1_272' title='bbox 2204 1925 2317 1987; x_wconf 89' lang='grc' dir='ltr'>τοῖς</span> <span class='ocrx_word' id='word_1_273' title='bbox 2379 1922 2580 1994; x_wconf 80' lang='grc' dir='ltr'>θλίψιν.</span> <span class='ocrx_word' id='word_1_274' title='bbox 2632 1923 3128 1995; x_wconf 80' lang='grc' dir='ltr'>Παρακληθήσεται</span> <span class='ocrx_word' id='word_1_275' title='bbox 3164 1922 3224 1976; x_wconf 85' lang='grc' dir='ltr'>τὺ</span> <span class='ocrx_word' id='word_1_276' title='bbox 3256 1921 3398 1976; x_wconf 88' lang='grc' dir='ltr'>θεῖον</span> <span class='ocrx_word' id='word_1_277' title='bbox 3431 1923 3526 1975; x_wconf 76' lang='grc' dir='ltr'>καὶ</span> <span class='ocrx_word' id='word_1_278' title='bbox 3551 1921 3822 1992; x_wconf 80' lang='grc' dir='ltr'>εὐμενῶς</span> 
     </span>
    </p>
   </div>
   <div class='ocr_carea' id='block_1_41' title="bbox 2206 2012 3821 2087">
    <p class='ocr_par' dir='ltr' id='par_1_41' title="bbox 2206 2012 3821 2087">
     <span class='ocr_line' id='line_1_41' title="bbox 2206 2012 3821 2087; baseline 0.002 -20"><span class='ocrx_word' id='word_1_279' title='bbox 2206 2012 2558 2085; x_wconf 79' lang='grc' dir='ltr'>προσδέξεται</span> <span class='ocrx_word' id='word_1_280' title='bbox 2605 2015 2704 2085; x_wconf 81' lang='grc' dir='ltr'>τὴν</span> <span class='ocrx_word' id='word_1_281' title='bbox 2732 2015 2916 2086; x_wconf 88' lang='grc' dir='ltr'>δέησιν</span> <span class='ocrx_word' id='word_1_282' title='bbox 2936 2014 3115 2069; x_wconf 80' lang='grc' dir='ltr'>αὐτῶν</span> <span class='ocrx_word' id='word_1_283' title='bbox 3133 2030 3149 2046; x_wconf 81' lang='grc'><em>’</em></span> <span class='ocrx_word' id='word_1_284' title='bbox 3184 2016 3276 2069; x_wconf 75' lang='grc' dir='ltr'>καὶ</span> <span class='ocrx_word' id='word_1_285' title='bbox 3296 2015 3421 2086; x_wconf 83' lang='grc' dir='ltr'>ίλέῳ</span> <span class='ocrx_word' id='word_1_286' title='bbox 3450 2016 3672 2087; x_wconf 74' lang='grc' dir='ltr'>ὄμματι</span> <span class='ocrx_word' id='word_1_287' title='bbox 3692 2019 3821 2070; x_wconf 74' lang='grc' dir='ltr'>ἐπι-</span> 
     </span>
    </p>
   </div>
   <div class='ocr_carea' id='block_1_42' title="bbox 2206 2106 3800 2177">
    <p class='ocr_par' dir='ltr' id='par_1_42' title="bbox 2206 2106 3800 2177">
     <span class='ocr_line' id='line_1_42' title="bbox 2206 2106 3800 2177; baseline 0.003 -19"><span class='ocrx_word' id='word_1_288' title='bbox 2206 2106 2393 2176; x_wconf 80' lang='grc' dir='ltr'>ϐλέψει</span> <span class='ocrx_word' id='word_1_289' title='bbox 2417 2108 2510 2161; x_wconf 80' lang='grc' dir='ltr'>ἐπὶ</span> <span class='ocrx_word' id='word_1_290' title='bbox 2528 2109 2652 2170; x_wconf 79' lang='grc' dir='ltr'>τοὺς</span> <span class='ocrx_word' id='word_1_291' title='bbox 2677 2106 3065 2170; x_wconf 81' lang='grc' dir='ltr'>κατοικοῦντας</span> <span class='ocrx_word' id='word_1_292' title='bbox 3094 2108 3193 2177; x_wconf 79' lang='grc' dir='ltr'>τὴν</span> <span class='ocrx_word' id='word_1_293' title='bbox 3211 2107 3316 2177; x_wconf 81' lang='grc' dir='ltr'>γῆν</span> <span class='ocrx_word' id='word_1_294' title='bbox 3334 2124 3347 2137; x_wconf 91' lang='grc'>·</span> <span class='ocrx_word' id='word_1_295' title='bbox 3368 2107 3458 2160; x_wconf 65' lang='grc' dir='ltr'>διὰ</span> <span class='ocrx_word' id='word_1_296' title='bbox 3487 2109 3625 2171; x_wconf 82' lang='grc' dir='ltr'>τοὺς</span> <span class='ocrx_word' id='word_1_297' title='bbox 3648 2126 3800 2162; x_wconf 75' lang='grc' dir='ltr'>κατα</span> 
     </span>
    </p>
   </div>
   <div class='ocr_carea' id='block_1_43' title="bbox 2206 2198 3804 2271">
    <p class='ocr_par' dir='ltr' id='par_1_43' title="bbox 2206 2198 3804 2271">
     <span class='ocr_line' id='line_1_43' title="bbox 2206 2198 3804 2271; baseline 0.002 -19"><span class='ocrx_word' id='word_1_298' title='bbox 2206 2198 2513 2269; x_wconf 78' lang='grc' dir='ltr'>ληφθέντας</span> <span class='ocrx_word' id='word_1_299' title='bbox 2566 2200 2689 2254; x_wconf 82' lang='grc' dir='ltr'>τότε</span> <span class='ocrx_word' id='word_1_300' title='bbox 2716 2199 3010 2263; x_wconf 78' lang='grc' dir='ltr'>ἐκλεκτοὺς</span> <span class='ocrx_word' id='word_1_301' title='bbox 3034 2199 3408 2271; x_wconf 82' lang='grc' dir='ltr'>γνωσθήσεται</span> <span class='ocrx_word' id='word_1_302' title='bbox 3438 2202 3469 2254; x_wconf 84' lang='grc' dir='ltr'>ό</span> <span class='ocrx_word' id='word_1_303' title='bbox 3494 2201 3804 2266; x_wconf 79' lang='grc' dir='ltr'>ἐκλεκτός’</span> 
     </span>
    </p>
   </div>
   <div class='ocr_carea' id='block_1_44' title="bbox 520 2293 3817 2368">
    <p class='ocr_par' dir='ltr' id='par_1_44' title="bbox 520 2293 3817 2368">
     <span class='ocr_line' id='line_1_44' title="bbox 520 2293 3817 2368; baseline 0 -17"><span class='ocrx_word' id='word_1_304' title='bbox 520 2296 854 2368; x_wconf 81' lang='grc' dir='ltr'>όραθήσεται</span> <span class='ocrx_word' id='word_1_305' title='bbox 894 2296 953 2349; x_wconf 88' lang='grc' dir='ltr'>ἐν</span> <span class='ocrx_word' id='word_1_306' title='bbox 987 2296 1069 2367; x_wconf 87' lang='grc' dir='ltr'>τῷ</span> <span class='ocrx_word' id='word_1_307' title='bbox 1119 2296 1335 2367; x_wconf 79' lang='grc' dir='ltr'>οὐρανῷ</span> <span class='ocrx_word' id='word_1_308' title='bbox 1392 2295 1628 2366; x_wconf 81' lang='grc' dir='ltr'>νεφῶδες</span> <span class='ocrx_word' id='word_1_309' title='bbox 1684 2294 1970 2366; x_wconf 83' lang='grc' dir='ltr'>στερέωμα</span> <span class='ocrx_word' id='word_1_310' title='bbox 2020 2293 2113 2349; x_wconf 84' lang='grc' dir='ltr'>τοῦ</span> <span class='ocrx_word' id='word_1_311' title='bbox 2147 2295 2303 2366; x_wconf 77' lang='grc' dir='ltr'>ἡλίου</span> <span class='ocrx_word' id='word_1_312' title='bbox 2328 2336 2343 2361; x_wconf 95' lang='grc'>,</span> <span class='ocrx_word' id='word_1_313' title='bbox 2371 2295 2493 2366; x_wconf 77' lang='grc' dir='ltr'>ἔχον</span> <span class='ocrx_word' id='word_1_314' title='bbox 2542 2294 2603 2348; x_wconf 82' lang='grc' dir='ltr'>τὸ</span> <span class='ocrx_word' id='word_1_315' title='bbox 2654 2295 2883 2366; x_wconf 87' lang='grc' dir='ltr'>μέγεθος</span> <span class='ocrx_word' id='word_1_316' title='bbox 2918 2296 3108 2366; x_wconf 89' lang='grc' dir='ltr'>ῶσπερ</span> <span class='ocrx_word' id='word_1_317' title='bbox 3131 2294 3334 2358; x_wconf 79' lang='grc' dir='ltr'>ἅλωνος</span> <span class='ocrx_word' id='word_1_318' title='bbox 3363 2294 3588 2367; x_wconf 83' lang='grc' dir='ltr'>θερινῆς</span> <span class='ocrx_word' id='word_1_319' title='bbox 3620 2297 3817 2352; x_wconf 54' lang='lat' dir='ltr'>eam</span> 
     </span>
    </p>
   </div>
   <div class='ocr_carea' id='block_1_45' title="bbox 520 2368 3809 2460">
    <p class='ocr_par' dir='ltr' id='par_1_45' title="bbox 520 2368 3809 2460">
     <span class='ocr_line' id='line_1_45' title="bbox 520 2368 3809 2460; baseline 0 -19"><span class='ocrx_word' id='word_1_320' title='bbox 520 2388 629 2442; x_wconf 83' lang='grc' dir='ltr'>τῶν</span> <span class='ocrx_word' id='word_1_321' title='bbox 663 2388 821 2459; x_wconf 84' lang='grc' dir='ltr'>βωῶν</span> <span class='ocrx_word' id='word_1_322' title='bbox 874 2388 954 2457; x_wconf 79' lang='grc' dir='ltr'>ἓξ,</span> <span class='ocrx_word' id='word_1_323' title='bbox 1017 2389 1262 2444; x_wconf 83' lang='grc' dir='ltr'>κάτωθεν</span> <span class='ocrx_word' id='word_1_324' title='bbox 1289 2388 1345 2442; x_wconf 81' lang='grc' dir='ltr'>δὲ</span> <span class='ocrx_word' id='word_1_325' title='bbox 1392 2387 1835 2460; x_wconf 79' lang='grc' dir='ltr'>κρεμασθήσεται</span> <span class='ocrx_word' id='word_1_326' title='bbox 1882 2386 2108 2458; x_wconf 77' lang='grc' dir='ltr'>στρατὸς</span> <span class='ocrx_word' id='word_1_327' title='bbox 2143 2368 2441 2457; x_wconf 76' lang='grc' dir='ltr'>εύῶνύμως</span> <span class='ocrx_word' id='word_1_328' title='bbox 2465 2385 2523 2439; x_wconf 86' lang='grc' dir='ltr'>δέ</span> <span class='ocrx_word' id='word_1_329' title='bbox 2544 2385 2640 2440; x_wconf 90' lang='grc' dir='ltr'>τοῦ</span> <span class='ocrx_word' id='word_1_330' title='bbox 2680 2387 2913 2458; x_wconf 86' lang='grc' dir='ltr'>στρατοῦ</span> <span class='ocrx_word' id='word_1_331' title='bbox 2939 2387 3034 2441; x_wconf 88' lang='grc' dir='ltr'>τοῦ</span> <span class='ocrx_word' id='word_1_332' title='bbox 3076 2386 3380 2457; x_wconf 76' lang='grc' dir='ltr'>πορφύρου,</span> <span class='ocrx_word' id='word_1_333' title='bbox 3442 2387 3809 2459; x_wconf 78' lang='grc' dir='ltr'>ἐκτεταμένον</span> 
     </span>
    </p>
   </div>
   <div class='ocr_carea' id='block_1_46' title="bbox 520 2474 3800 2552">
    <p class='ocr_par' dir='ltr' id='par_1_46' title="bbox 520 2474 3800 2552">
     <span class='ocr_line' id='line_1_46' title="bbox 520 2474 3800 2552; baseline 0 -21"><span class='ocrx_word' id='word_1_334' title='bbox 520 2476 695 2543; x_wconf 78' lang='grc' dir='ltr'>τόξον,</span> <span class='ocrx_word' id='word_1_335' title='bbox 727 2474 839 2532; x_wconf 76' lang='grc' dir='ltr'>οἷον</span> <span class='ocrx_word' id='word_1_336' title='bbox 868 2479 1075 2533; x_wconf 91' lang='grc' dir='ltr'>διέθετο</span> <span class='ocrx_word' id='word_1_337' title='bbox 1106 2483 1219 2543; x_wconf 87' lang='grc' dir='ltr'>τοῖς</span> <span class='ocrx_word' id='word_1_338' title='bbox 1274 2479 1595 2551; x_wconf 85' lang='grc' dir='ltr'>πράγμασιν</span> <span class='ocrx_word' id='word_1_339' title='bbox 1620 2481 1777 2551; x_wconf 78' lang='grc' dir='ltr'>ἡμῶν</span> <span class='ocrx_word' id='word_1_340' title='bbox 1831 2480 1912 2543; x_wconf 81' lang='grc' dir='ltr'>εἰς</span> <span class='ocrx_word' id='word_1_341' title='bbox 1962 2480 2229 2552; x_wconf 81' lang='grc' dir='ltr'>διαθήκην</span> <span class='ocrx_word' id='word_1_342' title='bbox 2282 2478 2526 2533; x_wconf 78' lang='grc' dir='ltr'>αἰώνιον·</span> <span class='ocrx_word' id='word_1_343' title='bbox 2569 2479 2908 2547; x_wconf 83' lang='grc' dir='ltr'>ἀγνοούντων</span> <span class='ocrx_word' id='word_1_344' title='bbox 2942 2480 2999 2533; x_wconf 86' lang='grc' dir='ltr'>δὲ</span> <span class='ocrx_word' id='word_1_345' title='bbox 3032 2480 3248 2535; x_wconf 85' lang='grc' dir='ltr'>πάντων</span> <span class='ocrx_word' id='word_1_346' title='bbox 3299 2480 3393 2533; x_wconf 81' lang='grc' dir='ltr'>τὸν</span> <span class='ocrx_word' id='word_1_347' title='bbox 3422 2479 3800 2549; x_wconf 60' lang='grc' dir='ltr'>ἐλπιζόμενον,</span> 
     </span>
    </p>
   </div>
   <div class='ocr_carea' id='block_1_47' title="bbox 521 2566 3817 2644">
    <p class='ocr_par' dir='ltr' id='par_1_47' title="bbox 521 2566 3817 2644">
     <span class='ocr_line' id='line_1_47' title="bbox 521 2566 3817 2644; baseline -0 -17"><span class='ocrx_word' id='word_1_348' title='bbox 521 2572 998 2643; x_wconf 82' lang='grc' dir='ltr'>ἁνακλασθήσεται</span> <span class='ocrx_word' id='word_1_349' title='bbox 1035 2572 1096 2625; x_wconf 85' lang='grc' dir='ltr'>τὸ</span> <span class='ocrx_word' id='word_1_350' title='bbox 1135 2572 1288 2639; x_wconf 83' lang='grc' dir='ltr'>τόξον</span> <span class='ocrx_word' id='word_1_351' title='bbox 1326 2572 1414 2627; x_wconf 74' lang='grc' dir='ltr'>διὰ</span> <span class='ocrx_word' id='word_1_352' title='bbox 1437 2572 1530 2627; x_wconf 90' lang='grc' dir='ltr'>τοῦ</span> <span class='ocrx_word' id='word_1_353' title='bbox 1566 2573 1820 2627; x_wconf 85' lang='grc' dir='ltr'>νωτιαίου</span> <span class='ocrx_word' id='word_1_354' title='bbox 1853 2572 2053 2644; x_wconf 82' lang='grc' dir='ltr'>μέρους</span> <span class='ocrx_word' id='word_1_355' title='bbox 2081 2574 2110 2627; x_wconf 84' lang='grc' dir='ltr'><strong>ὃ</strong></span> <span class='ocrx_word' id='word_1_356' title='bbox 2135 2574 2283 2627; x_wconf 85' lang='grc' dir='ltr'>ἐστιν</span> <span class='ocrx_word' id='word_1_357' title='bbox 2320 2572 2705 2643; x_wconf 87' lang='grc' dir='ltr'>εύτελούμενον</span> <span class='ocrx_word' id='word_1_358' title='bbox 2760 2576 2819 2627; x_wconf 84' lang='grc' dir='ltr'>ἐν</span> <span class='ocrx_word' id='word_1_359' title='bbox 2862 2572 2940 2643; x_wconf 83' lang='grc' dir='ltr'>τῷ</span> <span class='ocrx_word' id='word_1_360' title='bbox 2984 2573 3238 2644; x_wconf 78' lang='grc' dir='ltr'>είλήματι</span> <span class='ocrx_word' id='word_1_361' title='bbox 3269 2570 3366 2624; x_wconf 90' lang='grc' dir='ltr'>τοῦ</span> <span class='ocrx_word' id='word_1_362' title='bbox 3415 2572 3675 2644; x_wconf 79' lang='grc' dir='ltr'>ούρανοῦ.</span> <span class='ocrx_word' id='word_1_363' title='bbox 3700 2566 3817 2627; x_wconf 62' lang='grc' dir='ltr'>Καὶ</span> 
     </span>
    </p>
   </div>
   <div class='ocr_carea' id='block_1_48' title="bbox 520 2663 3816 2737">
    <p class='ocr_par' dir='ltr' id='par_1_48' title="bbox 520 2663 3816 2737">
     <span class='ocr_line' id='line_1_48' title="bbox 520 2663 3816 2737; baseline 0 -20"><span class='ocrx_word' id='word_1_364' title='bbox 520 2663 867 2733; x_wconf 75' lang='grc' dir='ltr'>δειχθήσεται</span> <span class='ocrx_word' id='word_1_365' title='bbox 898 2665 964 2734; x_wconf 80' lang='grc' dir='ltr'>τῇ</span> <span class='ocrx_word' id='word_1_366' title='bbox 1013 2663 1162 2716; x_wconf 84' lang='grc' dir='ltr'>θέσει</span> <span class='ocrx_word' id='word_1_367' title='bbox 1192 2664 1291 2734; x_wconf 81' lang='grc' dir='ltr'>τῆς</span> <span class='ocrx_word' id='word_1_368' title='bbox 1344 2664 1538 2727; x_wconf 82' lang='grc' dir='ltr'>καλιᾶς</span> <span class='ocrx_word' id='word_1_369' title='bbox 1590 2664 1969 2735; x_wconf 76' lang='grc' dir='ltr'>τοῦάληθινοῦ</span> <span class='ocrx_word' id='word_1_370' title='bbox 2022 2665 2323 2736; x_wconf 87' lang='grc' dir='ltr'>βασιλέως·</span> <span class='ocrx_word' id='word_1_371' title='bbox 2360 2664 2482 2719; x_wconf 86' lang='grc' dir='ltr'>τότε</span> <span class='ocrx_word' id='word_1_372' title='bbox 2521 2667 2568 2719; x_wconf 80' lang='grc' dir='ltr'>οἱ</span> <span class='ocrx_word' id='word_1_373' title='bbox 2617 2666 2738 2720; x_wconf 81' lang='grc' dir='ltr'>λαοὶ</span> <span class='ocrx_word' id='word_1_374' title='bbox 2802 2666 2983 2731; x_wconf 88' lang='grc' dir='ltr'>δόντες</span> <span class='ocrx_word' id='word_1_375' title='bbox 3026 2666 3186 2731; x_wconf 84' lang='grc' dir='ltr'>δόξαν</span> <span class='ocrx_word' id='word_1_376' title='bbox 3227 2664 3308 2735; x_wconf 84' lang='grc' dir='ltr'>τῷ</span> <span class='ocrx_word' id='word_1_377' title='bbox 3360 2665 3484 2736; x_wconf 83' lang='grc' dir='ltr'>Θεῷ</span> <span class='ocrx_word' id='word_1_378' title='bbox 3532 2666 3816 2737; x_wconf 79' lang='grc' dir='ltr'>δρομαίως</span> 
     </span>
    </p>
   </div>
   <div class='ocr_carea' id='block_1_49' title="bbox 523 2751 3819 2828">
    <p class='ocr_par' dir='ltr' id='par_1_49' title="bbox 523 2751 3819 2828">
     <span class='ocr_line' id='line_1_49' title="bbox 523 2751 3819 2828; baseline 0.001 -22"><span class='ocrx_word' id='word_1_379' title='bbox 523 2752 850 2806; x_wconf 85' lang='grc' dir='ltr'>σπεύσουσιν</span> <span class='ocrx_word' id='word_1_380' title='bbox 906 2752 999 2804; x_wconf 76' lang='grc' dir='ltr'>ἐπὶ</span> <span class='ocrx_word' id='word_1_381' title='bbox 1063 2751 1125 2804; x_wconf 81' lang='grc' dir='ltr'>τὸ</span> <span class='ocrx_word' id='word_1_382' title='bbox 1173 2753 1343 2821; x_wconf 78' lang='grc' dir='ltr'>ἄκρον</span> <span class='ocrx_word' id='word_1_383' title='bbox 1389 2751 1483 2805; x_wconf 90' lang='grc' dir='ltr'>τοῦ</span> <span class='ocrx_word' id='word_1_384' title='bbox 1531 2753 1722 2819; x_wconf 79' lang='grc' dir='ltr'>τόξου·</span> <span class='ocrx_word' id='word_1_385' title='bbox 1777 2754 1873 2807; x_wconf 77' lang='grc' dir='ltr'>καὶ</span> <span class='ocrx_word' id='word_1_386' title='bbox 1940 2753 2195 2818; x_wconf 86' lang='grc' dir='ltr'>λαϐόντες</span> <span class='ocrx_word' id='word_1_387' title='bbox 2247 2754 2339 2808; x_wconf 83' lang='grc' dir='ltr'>τὸν</span> <span class='ocrx_word' id='word_1_388' title='bbox 2402 2755 2768 2827; x_wconf 79' lang='grc' dir='ltr'>πολυτίμητον</span> <span class='ocrx_word' id='word_1_389' title='bbox 2820 2758 2913 2811; x_wconf 66' lang='lat' dir='ltr'><strong>atati.</strong></span> <span class='ocrx_word' id='word_1_390' title='bbox 2956 2756 3188 2828; x_wconf 78' lang='grc' dir='ltr'>γηραιὸν</span> <span class='ocrx_word' id='word_1_391' title='bbox 3239 2756 3603 2828; x_wconf 67' lang='grc' dir='ltr'>άνακτορίδςν</span> <span class='ocrx_word' id='word_1_392' title='bbox 3671 2756 3819 2827; x_wconf 84' lang='grc' dir='ltr'>μετά</span> 
     </span>
    </p>
   </div>
   <div class='ocr_carea' id='block_1_50' title="bbox 520 2846 3161 2925">
    <p class='ocr_par' dir='ltr' id='par_1_50' title="bbox 520 2846 3161 2925">
     <span class='ocr_line' id='line_1_50' title="bbox 520 2846 3161 2925; baseline 0.002 -21"><span class='ocrx_word' id='word_1_393' title='bbox 520 2849 847 2921; x_wconf 84' lang='grc' dir='ltr'>λαμπάδων,</span> <span class='ocrx_word' id='word_1_394' title='bbox 874 2846 969 2901; x_wconf 69' lang='grc' dir='ltr'>καὶ</span> <span class='ocrx_word' id='word_1_395' title='bbox 999 2846 1189 2918; x_wconf 79' lang='grc' dir='ltr'>βαῒων,</span> <span class='ocrx_word' id='word_1_396' title='bbox 1224 2847 1317 2901; x_wconf 70' lang='grc' dir='ltr'>καὶ</span> <span class='ocrx_word' id='word_1_397' title='bbox 1346 2847 1613 2919; x_wconf 85' lang='grc' dir='ltr'>ὠφραδῶν</span> <span class='ocrx_word' id='word_1_398' title='bbox 1636 2865 1650 2879; x_wconf 73' lang='grc' dir='ltr'><strong><em>ο</em></strong></span> <span class='ocrx_word' id='word_1_399' title='bbox 1687 2850 1769 2903; x_wconf 83' lang='grc' dir='ltr'>ὅτι</span> <span class='ocrx_word' id='word_1_400' title='bbox 1794 2849 2052 2915; x_wconf 78' lang='grc' dir='ltr'>ποικίλως</span> <span class='ocrx_word' id='word_1_401' title='bbox 2079 2852 2287 2923; x_wconf 78' lang='grc' dir='ltr'>φερῶσι</span> <span class='ocrx_word' id='word_1_402' title='bbox 2309 2851 2375 2905; x_wconf 83' lang='grc' dir='ltr'>ἂν</span> <span class='ocrx_word' id='word_1_403' title='bbox 2399 2852 2561 2907; x_wconf 79' lang='grc' dir='ltr'>αὑτὸν</span> <span class='ocrx_word' id='word_1_404' title='bbox 2579 2855 2638 2906; x_wconf 87' lang='grc' dir='ltr'>ἐν</span> <span class='ocrx_word' id='word_1_405' title='bbox 2662 2857 2731 2925; x_wconf 80' lang='grc' dir='ltr'>τῇ</span> <span class='ocrx_word' id='word_1_406' title='bbox 2760 2854 2969 2925; x_wconf 83' lang='grc' dir='ltr'>μεγάλῃ</span> <span class='ocrx_word' id='word_1_407' title='bbox 2999 2852 3161 2909; x_wconf 86' lang='grc' dir='ltr'>Σιών.</span> 
     </span>
    </p>
   </div>
   <div class='ocr_carea' id='block_1_51' title="bbox 594 2961 2112 3032">
    <p class='ocr_par' dir='ltr' id='par_1_51' title="bbox 594 2961 2112 3032">
     <span class='ocr_line' id='line_1_51' title="bbox 594 2961 2112 3032; baseline 0 -12"><span class='ocrx_word' id='word_1_408' title='bbox 594 2965 731 3020; x_wconf 87' lang='lat' dir='ltr'><strong>Cum</strong></span> <span class='ocrx_word' id='word_1_409' title='bbox 776 2971 957 3018; x_wconf 85' lang='lat' dir='ltr'><strong>autem</strong></span> <span class='ocrx_word' id='word_1_410' title='bbox 1013 2963 1222 3018; x_wconf 83' lang='lat' dir='ltr'><strong>venerit</strong></span> <span class='ocrx_word' id='word_1_411' title='bbox 1269 2976 1437 3017; x_wconf 86' lang='lat' dir='ltr'><strong>verus</strong></span> <span class='ocrx_word' id='word_1_412' title='bbox 1487 2961 1789 3032; x_wconf 88' lang='lat' dir='ltr'><strong>imperator</strong></span> <span class='ocrx_word' id='word_1_413' title='bbox 1842 2972 1969 3020; x_wconf 88' lang='lat' dir='ltr'><strong>ante</strong></span> <span class='ocrx_word' id='word_1_414' title='bbox 2015 2964 2112 3019; x_wconf 86' lang='lat' dir='ltr'><strong>do-</strong></span> 
     </span>
    </p>
   </div>
   <div class='ocr_carea' id='block_1_52' title="bbox 538 3054 2109 3127">
    <p class='ocr_par' dir='ltr' id='par_1_52' title="bbox 538 3054 2109 3127">
     <span class='ocr_line' id='line_1_52' title="bbox 538 3054 2109 3127; baseline -0.001 -15"><span class='ocrx_word' id='word_1_415' title='bbox 538 3072 689 3112; x_wconf 73' lang='lat' dir='ltr'><strong>nium</strong></span> <span class='ocrx_word' id='word_1_416' title='bbox 739 3070 894 3111; x_wconf 89' lang='lat' dir='ltr'><strong>suam</strong></span> <span class='ocrx_word' id='word_1_417' title='bbox 950 3055 1092 3110; x_wconf 89' lang='lat' dir='ltr'><strong>inter</strong></span> <span class='ocrx_word' id='word_1_418' title='bbox 1145 3054 1284 3110; x_wconf 88' lang='lat' dir='ltr'><strong>duas</strong></span> <span class='ocrx_word' id='word_1_419' title='bbox 1341 3054 1587 3125; x_wconf 87' lang='lat' dir='ltr'><strong>apsidcs,</strong></span> <span class='ocrx_word' id='word_1_420' title='bbox 1636 3065 1691 3110; x_wconf 92' lang='lat' dir='ltr'>et</span> <span class='ocrx_word' id='word_1_421' title='bbox 1754 3057 1935 3127; x_wconf 81' lang='lat' dir='ltr'><strong>imago</strong></span> <span class='ocrx_word' id='word_1_422' title='bbox 1987 3055 2109 3126; x_wconf 86' lang='lat' dir='ltr'><strong>ejus</strong></span> 
     </span>
    </p>
   </div>
   <div class='ocr_carea' id='block_1_53' title="bbox 2288 2966 3825 3042">
    <p class='ocr_par' dir='ltr' id='par_1_53' title="bbox 2288 2966 3825 3042">
     <span class='ocr_line' id='line_1_53' title="bbox 2288 2966 3825 3042; baseline 0.002 -20"><span class='ocrx_word' id='word_1_423' title='bbox 2288 2968 2401 3023; x_wconf 79' lang='grc' dir='ltr'>Καὶ</span> <span class='ocrx_word' id='word_1_424' title='bbox 2436 2970 2567 3023; x_wconf 84' lang='grc' dir='ltr'>ὅταν</span> <span class='ocrx_word' id='word_1_425' title='bbox 2595 2968 2651 3021; x_wconf 85' lang='grc' dir='ltr'>δὲ</span> <span class='ocrx_word' id='word_1_426' title='bbox 2704 2967 2834 3042; x_wconf 79' lang='grc' dir='ltr'>ἔλθῃ</span> <span class='ocrx_word' id='word_1_427' title='bbox 2875 2969 2904 3021; x_wconf 87' lang='grc' dir='ltr'><strong>ὀ</strong></span> <span class='ocrx_word' id='word_1_428' title='bbox 2938 2966 3191 3037; x_wconf 78' lang='grc' dir='ltr'>ἀληθινὸς</span> <span class='ocrx_word' id='word_1_429' title='bbox 3231 2966 3486 3037; x_wconf 77' lang='grc' dir='ltr'>βασιλεὺς</span> <span class='ocrx_word' id='word_1_430' title='bbox 3541 2969 3825 3026; x_wconf 65' lang='grc' dir='ltr'>ἀπέναντι</span> 
     </span>
    </p>
   </div>
   <div class='ocr_carea' id='block_1_54' title="bbox 2214 3053 3842 3127">
    <p class='ocr_par' dir='ltr' id='par_1_54' title="bbox 2214 3053 3842 3127">
     <span class='ocr_line' id='line_1_54' title="bbox 2214 3053 3842 3127; baseline 0.003 -18"><span class='ocrx_word' id='word_1_431' title='bbox 2214 3056 2314 3127; x_wconf 78' lang='grc' dir='ltr'>τῆς</span> <span class='ocrx_word' id='word_1_432' title='bbox 2345 3056 2538 3120; x_wconf 78' lang='grc' dir='ltr'>καλιᾶς</span> <span class='ocrx_word' id='word_1_433' title='bbox 2590 3055 2755 3109; x_wconf 83' lang='grc' dir='ltr'>αὐτοῦ</span> <span class='ocrx_word' id='word_1_434' title='bbox 2808 3055 3082 3126; x_wconf 83' lang='grc' dir='ltr'>ἁναμέσον</span> <span class='ocrx_word' id='word_1_435' title='bbox 3114 3053 3210 3108; x_wconf 86' lang='grc' dir='ltr'>δύο</span> <span class='ocrx_word' id='word_1_436' title='bbox 3258 3056 3480 3126; x_wconf 76' lang='grc' dir='ltr'>ἀψίδων,</span> <span class='ocrx_word' id='word_1_437' title='bbox 3525 3060 3626 3111; x_wconf 72' lang='grc' dir='ltr'>καὶ</span> <span class='ocrx_word' id='word_1_438' title='bbox 3659 3060 3842 3115; x_wconf 77' lang='grc' dir='ltr'>ἰνδάλ-</span> 
     </span>
    </p>
   </div>
   <div class='ocr_carea' id='block_1_55' title="bbox 528 3130 2105 3220">
    <p class='ocr_par' dir='ltr' id='par_1_55' title="bbox 528 3142 2105 3217">
     <span class='ocr_line' id='line_1_55' title="bbox 528 3142 2105 3217; baseline 0 -15"><span class='ocrx_word' id='word_1_439' title='bbox 528 3148 583 3202; x_wconf 92' lang='lat' dir='ltr'>in</span> <span class='ocrx_word' id='word_1_440' title='bbox 645 3146 816 3200; x_wconf 89' lang='lat' dir='ltr'><strong>altum</strong></span> <span class='ocrx_word' id='word_1_441' title='bbox 880 3142 1046 3199; x_wconf 85' lang='lat' dir='ltr'><strong>fuerit</strong></span> <span class='ocrx_word' id='word_1_442' title='bbox 1099 3153 1321 3211; x_wconf 85' lang='lat' dir='ltr'><strong>erecta,</strong></span> <span class='ocrx_word' id='word_1_443' title='bbox 1363 3145 1516 3202; x_wconf 90' lang='lat' dir='ltr'><strong>sidus</strong></span> <span class='ocrx_word' id='word_1_444' title='bbox 1570 3146 1717 3216; x_wconf 90' lang='lat' dir='ltr'><strong>quod</strong></span> <span class='ocrx_word' id='word_1_445' title='bbox 1778 3155 2105 3217; x_wconf 87' lang='lat' dir='ltr'><strong>apparuerat</strong></span> 
     </span>
    </p>
   </div>
   <div class='ocr_carea' id='block_1_56' title="bbox 2214 3130 3828 3220">
    <p class='ocr_par' dir='ltr' id='par_1_56' title="bbox 2216 3144 3828 3220">
     <span class='ocr_line' id='line_1_56' title="bbox 2216 3144 3828 3220; baseline 0.004 -21"><span class='ocrx_word' id='word_1_446' title='bbox 2216 3163 2384 3217; x_wconf 89' lang='grc' dir='ltr'>ματος</span> <span class='ocrx_word' id='word_1_447' title='bbox 2429 3145 2656 3217; x_wconf 79' lang='grc' dir='ltr'>ἐφίψους</span> <span class='ocrx_word' id='word_1_448' title='bbox 2687 3146 2797 3217; x_wconf 80' lang='grc'>(65)</span> <span class='ocrx_word' id='word_1_449' title='bbox 2846 3144 3159 3217; x_wconf 73' lang='grc' dir='ltr'>ἱσταμένου,</span> <span class='ocrx_word' id='word_1_450' title='bbox 3192 3148 3220 3201; x_wconf 84' lang='grc' dir='ltr'>ό</span> <span class='ocrx_word' id='word_1_451' title='bbox 3253 3148 3440 3216; x_wconf 75' lang='grc' dir='ltr'>φανεὶς</span> <span class='ocrx_word' id='word_1_452' title='bbox 3481 3149 3669 3220; x_wconf 78' lang='grc' dir='ltr'>ἀστὴρ</span> <span class='ocrx_word' id='word_1_453' title='bbox 3706 3153 3828 3206; x_wconf 79' lang='grc' dir='ltr'>άπὸ</span> 
     </span>
    </p>
   </div>
   <div class='ocr_carea' id='block_1_57' title="bbox 529 3236 2111 3309">
    <p class='ocr_par' dir='ltr' id='par_1_57' title="bbox 529 3236 2111 3309">
     <span class='ocr_line' id='line_1_57' title="bbox 529 3236 2111 3309; baseline -0.002 -14"><span class='ocrx_word' id='word_1_454' title='bbox 529 3238 844 3296; x_wconf 83' lang='lat' dir='ltr'><strong>ell&#39;undetur</strong></span> <span class='ocrx_word' id='word_1_455' title='bbox 893 3236 949 3291; x_wconf 93' lang='lat' dir='ltr'>in</span> <span class='ocrx_word' id='word_1_456' title='bbox 979 3237 1101 3306; x_wconf 85' lang='lat' dir='ltr'><strong>ejus</strong></span> <span class='ocrx_word' id='word_1_457' title='bbox 1132 3252 1298 3291; x_wconf 90' lang='lat' dir='ltr'><strong>manu</strong></span> <span class='ocrx_word' id='word_1_458' title='bbox 1330 3248 1384 3293; x_wconf 86' lang='lat' dir='ltr'>et</span> <span class='ocrx_word' id='word_1_459' title='bbox 1424 3239 1580 3292; x_wconf 84' lang='lat' dir='ltr'><strong>illum</strong></span> <span class='ocrx_word' id='word_1_460' title='bbox 1616 3238 1895 3309; x_wconf 87' lang='lat' dir='ltr'><strong>spirituali</strong></span> <span class='ocrx_word' id='word_1_461' title='bbox 1944 3246 2111 3309; x_wconf 82' lang='lat' dir='ltr'><strong>unget</strong></span> 
     </span>
    </p>
   </div>
   <div class='ocr_carea' id='block_1_58' title="bbox 526 3328 2109 3395">
    <p class='ocr_par' dir='ltr' id='par_1_58' title="bbox 526 3328 2109 3395">
     <span class='ocr_line' id='line_1_58' title="bbox 526 3328 2109 3395; baseline -0.003 -6"><span class='ocrx_word' id='word_1_462' title='bbox 526 3332 755 3389; x_wconf 89' lang='lat' dir='ltr'><strong>lumine.</strong></span> <span class='ocrx_word' id='word_1_463' title='bbox 787 3328 974 3386; x_wconf 72' lang='lat' dir='ltr'><strong>Pramo</strong></span> <span class='ocrx_word' id='word_1_464' title='bbox 996 3340 1175 3384; x_wconf 89' lang='lat' dir='ltr'><strong>autem</strong></span> <span class='ocrx_word' id='word_1_465' title='bbox 1205 3344 1339 3385; x_wconf 90' lang='lat' dir='ltr'><strong>voce</strong></span> <span class='ocrx_word' id='word_1_466' title='bbox 1370 3337 1593 3395; x_wconf 86' lang='lat' dir='ltr'><strong>tonans,</strong></span> <span class='ocrx_word' id='word_1_467' title='bbox 1648 3329 1742 3386; x_wconf 85' lang='lat' dir='ltr'>sed</span> <span class='ocrx_word' id='word_1_468' title='bbox 1798 3345 1907 3384; x_wconf 91' lang='lat' dir='ltr'>non</span> <span class='ocrx_word' id='word_1_469' title='bbox 1939 3330 2109 3394; x_wconf 86' lang='lat' dir='ltr'><strong>visus,</strong></span> 
     </span>
    </p>
   </div>
   <div class='ocr_carea' id='block_1_59' title="bbox 526 3421 2113 3494">
    <p class='ocr_par' dir='ltr' id='par_1_59' title="bbox 526 3421 2113 3494">
     <span class='ocr_line' id='line_1_59' title="bbox 526 3421 2113 3494; baseline -0.002 -14"><span class='ocrx_word' id='word_1_470' title='bbox 526 3442 557 3481; x_wconf 90' lang='lat' dir='ltr'>c</span> <span class='ocrx_word' id='word_1_471' title='bbox 590 3426 733 3480; x_wconf 74' lang='lat' dir='ltr'><strong>cmlo</strong></span> <span class='ocrx_word' id='word_1_472' title='bbox 784 3424 932 3480; x_wconf 82' lang='lat' dir='ltr'><strong>dicet</strong></span> <span class='ocrx_word' id='word_1_473' title='bbox 985 3424 1189 3494; x_wconf 89' lang='lat' dir='ltr'><strong>popqu</strong></span> <span class='ocrx_word' id='word_1_474' title='bbox 1225 3441 1239 3478; x_wconf 90' lang='lat'><strong>:</strong></span> <span class='ocrx_word' id='word_1_475' title='bbox 1270 3421 1448 3477; x_wconf 90' lang='lat' dir='ltr'><strong>lstene</strong></span> <span class='ocrx_word' id='word_1_476' title='bbox 1503 3422 1658 3478; x_wconf 78' lang='lat' dir='ltr'><strong>vobis</strong></span> <span class='ocrx_word' id='word_1_477' title='bbox 1703 3421 1929 3492; x_wconf 82' lang='lat' dir='ltr'><strong>placet?</strong></span> <span class='ocrx_word' id='word_1_478' title='bbox 1956 3421 2113 3477; x_wconf 90' lang='lat' dir='ltr'><strong>Tunc</strong></span> 
     </span>
    </p>
   </div>
   <div class='ocr_carea' id='block_1_60' title="bbox 527 3514 2113 3584">
    <p class='ocr_par' dir='ltr' id='par_1_60' title="bbox 527 3514 2113 3584">
     <span class='ocr_line' id='line_1_60' title="bbox 527 3514 2113 3584; baseline 0.001 -15"><span class='ocrx_word' id='word_1_479' title='bbox 527 3530 719 3570; x_wconf 87' lang='lat' dir='ltr'><strong>omnes</strong></span> <span class='ocrx_word' id='word_1_480' title='bbox 750 3524 919 3579; x_wconf 89' lang='lat' dir='ltr'><strong>metu,</strong></span> <span class='ocrx_word' id='word_1_481' title='bbox 942 3523 1201 3579; x_wconf 88' lang='lat' dir='ltr'><strong>tremore,</strong></span> <span class='ocrx_word' id='word_1_482' title='bbox 1225 3522 1450 3584; x_wconf 87' lang='lat' dir='ltr'><strong>stupore</strong></span> <span class='ocrx_word' id='word_1_483' title='bbox 1475 3514 1864 3584; x_wconf 89' lang='lat' dir='ltr'><strong>corripientur,</strong></span> <span class='ocrx_word' id='word_1_484' title='bbox 1890 3522 2113 3570; x_wconf 90' lang='lat' dir='ltr'><strong>tonante</strong></span> 
     </span>
    </p>
   </div>
   <div class='ocr_carea' id='block_1_61' title="bbox 529 3605 2113 3679">
    <p class='ocr_par' dir='ltr' id='par_1_61' title="bbox 529 3605 2113 3679">
     <span class='ocr_line' id='line_1_61' title="bbox 529 3605 2113 3679; baseline -0.001 -18"><span class='ocrx_word' id='word_1_485' title='bbox 529 3607 799 3679; x_wconf 69' lang='lat' dir='ltr'><strong>praeconis</strong></span> <span class='ocrx_word' id='word_1_486' title='bbox 822 3621 960 3662; x_wconf 90' lang='lat' dir='ltr'><strong>voce</strong></span> <span class='ocrx_word' id='word_1_487' title='bbox 991 3625 1004 3661; x_wconf 91' lang='lat'>:</span> <span class='ocrx_word' id='word_1_488' title='bbox 1040 3606 1115 3661; x_wconf 87' lang='lat' dir='ltr'>ita</span> <span class='ocrx_word' id='word_1_489' title='bbox 1146 3616 1200 3660; x_wconf 89' lang='lat' dir='ltr'>ut</span> <span class='ocrx_word' id='word_1_490' title='bbox 1224 3614 1448 3676; x_wconf 89' lang='lat' dir='ltr'><strong>pectora</strong></span> <span class='ocrx_word' id='word_1_491' title='bbox 1473 3605 1765 3660; x_wconf 90' lang='lat' dir='ltr'><strong>tundentes</strong></span> <span class='ocrx_word' id='word_1_492' title='bbox 1784 3620 1909 3660; x_wconf 91' lang='lat' dir='ltr'>cum</span> <span class='ocrx_word' id='word_1_493' title='bbox 1937 3606 2113 3678; x_wconf 83' lang='lat' dir='ltr'><strong>lacry-</strong></span> 
     </span>
    </p>
   </div>
   <div class='ocr_carea' id='block_1_62' title="bbox 530 3698 2113 3770">
    <p class='ocr_par' dir='ltr' id='par_1_62' title="bbox 530 3698 2113 3770">
     <span class='ocr_line' id='line_1_62' title="bbox 530 3698 2113 3770; baseline 0 -15"><span class='ocrx_word' id='word_1_494' title='bbox 530 3699 641 3756; x_wconf 89' lang='lat' dir='ltr'>mis</span> <span class='ocrx_word' id='word_1_495' title='bbox 695 3710 750 3756; x_wconf 92' lang='lat' dir='ltr'>et</span> <span class='ocrx_word' id='word_1_496' title='bbox 784 3700 1101 3770; x_wconf 73' lang='lat' dir='ltr'><strong>gemitibus,</strong></span> <span class='ocrx_word' id='word_1_497' title='bbox 1149 3714 1454 3769; x_wconf 86' lang='lat' dir='ltr'><strong>manusque</strong></span> <span class='ocrx_word' id='word_1_498' title='bbox 1496 3699 1563 3753; x_wconf 90' lang='lat' dir='ltr'>ad</span> <span class='ocrx_word' id='word_1_499' title='bbox 1614 3698 1815 3753; x_wconf 81' lang='lat' dir='ltr'><strong>etelum</strong></span> <span class='ocrx_word' id='word_1_500' title='bbox 1865 3699 2113 3756; x_wconf 87' lang='lat' dir='ltr'><strong>tollentes</strong></span> 
     </span>
    </p>
   </div>
   <div class='ocr_carea' id='block_1_63' title="bbox 532 3790 2112 3864">
    <p class='ocr_par' dir='ltr' id='par_1_63' title="bbox 532 3790 2112 3864">
     <span class='ocr_line' id='line_1_63' title="bbox 532 3790 2112 3864; baseline -0.001 -17"><span class='ocrx_word' id='word_1_501' title='bbox 532 3791 908 3864; x_wconf 85' lang='lat' dir='ltr'><strong>respondeant</strong></span> <span class='ocrx_word' id='word_1_502' title='bbox 938 3809 952 3845; x_wconf 92' lang='lat'><strong>:</strong></span> <span class='ocrx_word' id='word_1_503' title='bbox 981 3792 1166 3858; x_wconf 87' lang='lat' dir='ltr'><strong>Certe,</strong></span> <span class='ocrx_word' id='word_1_504' title='bbox 1225 3791 1474 3856; x_wconf 85' lang='lat' dir='ltr'><strong>Domine,</strong></span> <span class='ocrx_word' id='word_1_505' title='bbox 1524 3791 1654 3862; x_wconf 86' lang='lat' dir='ltr'><strong>quia</strong></span> <span class='ocrx_word' id='word_1_506' title='bbox 1702 3790 1921 3855; x_wconf 86' lang='lat' dir='ltr'><strong>dedisti,</strong></span> <span class='ocrx_word' id='word_1_507' title='bbox 1952 3790 2112 3847; x_wconf 88' lang='lat' dir='ltr'><strong>nobis</strong></span> 
     </span>
    </p>
   </div>
   <div class='ocr_carea' id='block_1_64' title="bbox 530 3882 2113 3957">
    <p class='ocr_par' dir='ltr' id='par_1_64' title="bbox 530 3882 2113 3957">
     <span class='ocr_line' id='line_1_64' title="bbox 530 3882 2113 3957; baseline 0 -18"><span class='ocrx_word' id='word_1_508' title='bbox 530 3886 586 3939; x_wconf 92' lang='lat' dir='ltr'>in</span> <span class='ocrx_word' id='word_1_509' title='bbox 636 3883 812 3957; x_wconf 83' lang='lat' dir='ltr'><strong>gratia</strong></span> <span class='ocrx_word' id='word_1_510' title='bbox 852 3892 937 3938; x_wconf 89' lang='lat' dir='ltr'>est</span> <span class='ocrx_word' id='word_1_511' title='bbox 971 3901 985 3950; x_wconf 91' lang='lat'><strong>;</strong></span> <span class='ocrx_word' id='word_1_512' title='bbox 1020 3892 1075 3938; x_wconf 92' lang='lat' dir='ltr'>et</span> <span class='ocrx_word' id='word_1_513' title='bbox 1110 3883 1288 3948; x_wconf 90' lang='lat' dir='ltr'><strong>illum,</strong></span> <span class='ocrx_word' id='word_1_514' title='bbox 1324 3892 1612 3953; x_wconf 88' lang='lat' dir='ltr'><strong>postquam</strong></span> <span class='ocrx_word' id='word_1_515' title='bbox 1635 3882 1984 3938; x_wconf 87' lang='lat' dir='ltr'><strong>adoraverint</strong></span> <span class='ocrx_word' id='word_1_516' title='bbox 2006 3923 2023 3950; x_wconf 92' lang='lat'>,</span> <span class='ocrx_word' id='word_1_517' title='bbox 2056 3885 2113 3939; x_wconf 91' lang='lat' dir='ltr'>in</span> 
     </span>
    </p>
   </div>
   <div class='ocr_carea' id='block_1_65' title="bbox 528 3974 2113 4048">
    <p class='ocr_par' dir='ltr' id='par_1_65' title="bbox 528 3974 2113 4048">
     <span class='ocr_line' id='line_1_65' title="bbox 528 3974 2113 4048; baseline 0.001 -19"><span class='ocrx_word' id='word_1_518' title='bbox 528 3988 787 4048; x_wconf 85' lang='lat' dir='ltr'><strong>magnam</strong></span> <span class='ocrx_word' id='word_1_519' title='bbox 830 3974 961 4028; x_wconf 81' lang='lat' dir='ltr'><strong>Sion</strong></span> <span class='ocrx_word' id='word_1_520' title='bbox 999 3974 1284 4030; x_wconf 85' lang='lat' dir='ltr'><strong>inducent.</strong></span> <span class='ocrx_word' id='word_1_521' title='bbox 1318 3974 1497 4030; x_wconf 49' lang='lat' dir='ltr'><strong>Porta).</strong></span> <span class='ocrx_word' id='word_1_522' title='bbox 1545 3984 1728 4030; x_wconf 90' lang='lat' dir='ltr'><strong>autem</strong></span> <span class='ocrx_word' id='word_1_523' title='bbox 1753 4015 1770 4042; x_wconf 93' lang='lat'>,</span> <span class='ocrx_word' id='word_1_524' title='bbox 1806 3989 1930 4030; x_wconf 92' lang='lat' dir='ltr'>cum</span> <span class='ocrx_word' id='word_1_525' title='bbox 1990 3974 2113 4030; x_wconf 85' lang='lat' dir='ltr'><strong>illas</strong></span> 
     </span>
    </p>
   </div>
   <div class='ocr_carea' id='block_1_66' title="bbox 530 4065 2113 4138">
    <p class='ocr_par' dir='ltr' id='par_1_66' title="bbox 530 4065 2113 4138">
     <span class='ocr_line' id='line_1_66' title="bbox 530 4065 2113 4138; baseline 0.001 -16"><span class='ocrx_word' id='word_1_526' title='bbox 530 4081 697 4122; x_wconf 86' lang='lat' dir='ltr'><strong>orans</strong></span> <span class='ocrx_word' id='word_1_527' title='bbox 740 4066 1081 4136; x_wconf 87' lang='lat' dir='ltr'><strong>sigillaverit,</strong></span> <span class='ocrx_word' id='word_1_528' title='bbox 1121 4067 1338 4122; x_wconf 89' lang='lat' dir='ltr'><strong>cunctis</strong></span> <span class='ocrx_word' id='word_1_529' title='bbox 1368 4065 1682 4123; x_wconf 79' lang='lat' dir='ltr'><strong>videntibus</strong></span> <span class='ocrx_word' id='word_1_530' title='bbox 1713 4067 2113 4138; x_wconf 83' lang='lat' dir='ltr'><strong>orantibusque</strong></span> 
     </span>
    </p>
   </div>
   <div class='ocr_carea' id='block_1_67' title="bbox 529 4159 2111 4231">
    <p class='ocr_par' dir='ltr' id='par_1_67' title="bbox 529 4159 2111 4231">
     <span class='ocr_line' id='line_1_67' title="bbox 529 4159 2111 4231; baseline 0.001 -17"><span class='ocrx_word' id='word_1_531' title='bbox 529 4159 869 4230; x_wconf 86' lang='lat' dir='ltr'><strong>aperientur.</strong></span> <span class='ocrx_word' id='word_1_532' title='bbox 928 4159 1031 4225; x_wconf 87' lang='lat' dir='ltr'><strong>Qui</strong></span> <span class='ocrx_word' id='word_1_533' title='bbox 1112 4160 1225 4215; x_wconf 91' lang='lat' dir='ltr'><strong>illic</strong></span> <span class='ocrx_word' id='word_1_534' title='bbox 1295 4169 1451 4217; x_wconf 90' lang='lat' dir='ltr'><strong>erant</strong></span> <span class='ocrx_word' id='word_1_535' title='bbox 1518 4161 1754 4231; x_wconf 85' lang='lat' dir='ltr'><strong>primum</strong></span> <span class='ocrx_word' id='word_1_536' title='bbox 1829 4161 2111 4217; x_wconf 89' lang='lat' dir='ltr'><strong>conterriti</strong></span> 
     </span>
    </p>
   </div>
   <div class='ocr_carea' id='block_1_68' title="bbox 528 4249 2112 4324">
    <p class='ocr_par' dir='ltr' id='par_1_68' title="bbox 528 4249 2112 4324">
     <span class='ocr_line' id='line_1_68' title="bbox 528 4249 2112 4324; baseline 0.003 -22"><span class='ocrx_word' id='word_1_537' title='bbox 528 4249 787 4321; x_wconf 87' lang='lat' dir='ltr'><strong>fugient;</strong></span> <span class='ocrx_word' id='word_1_538' title='bbox 826 4251 945 4317; x_wconf 88' lang='lat' dir='ltr'><strong>sed,</strong></span> <span class='ocrx_word' id='word_1_539' title='bbox 976 4260 1268 4324; x_wconf 88' lang='lat' dir='ltr'><strong>postquam</strong></span> <span class='ocrx_word' id='word_1_540' title='bbox 1317 4254 1620 4319; x_wconf 86' lang='lat' dir='ltr'><strong>oraverint,</strong></span> <span class='ocrx_word' id='word_1_541' title='bbox 1674 4252 1728 4307; x_wconf 92' lang='lat' dir='ltr'>in</span> <span class='ocrx_word' id='word_1_542' title='bbox 1786 4252 1934 4308; x_wconf 87' lang='lat' dir='ltr'><strong>celsa</strong></span> <span class='ocrx_word' id='word_1_543' title='bbox 1988 4253 2112 4308; x_wconf 86' lang='lat' dir='ltr'><strong>loca</strong></span> 
     </span>
    </p>
   </div>
   <div class='ocr_carea' id='block_1_69' title="bbox 526 4344 2113 4421">
    <p class='ocr_par' dir='ltr' id='par_1_69' title="bbox 526 4344 2113 4421">
     <span class='ocr_line' id='line_1_69' title="bbox 526 4344 2113 4421; baseline 0.001 -25"><span class='ocrx_word' id='word_1_544' title='bbox 526 4351 916 4421; x_wconf 82' lang='lat' dir='ltr'><strong>revertentur,</strong></span> <span class='ocrx_word' id='word_1_545' title='bbox 963 4360 1089 4401; x_wconf 89' lang='lat' dir='ltr'>eum</span> <span class='ocrx_word' id='word_1_546' title='bbox 1139 4345 1523 4416; x_wconf 89' lang='lat' dir='ltr'><strong>imperatorem</strong></span> <span class='ocrx_word' id='word_1_547' title='bbox 1578 4344 1903 4407; x_wconf 84' lang='lat' dir='ltr'><strong>salutantes,</strong></span> <span class='ocrx_word' id='word_1_548' title='bbox 1950 4358 2113 4413; x_wconf 82' lang='lat' dir='ltr'><strong>gene-</strong></span> 
     </span>
    </p>
   </div>
   <div class='ocr_carea' id='block_1_70' title="bbox 2212 3238 3826 3311">
    <p class='ocr_par' dir='ltr' id='par_1_70' title="bbox 2212 3238 3826 3311">
     <span class='ocr_line' id='line_1_70' title="bbox 2212 3238 3826 3311; baseline 0.004 -19"><span class='ocrx_word' id='word_1_549' title='bbox 2212 3239 2305 3292; x_wconf 91' lang='grc' dir='ltr'>τοῦ</span> <span class='ocrx_word' id='word_1_550' title='bbox 2325 3238 2498 3304; x_wconf 80' lang='grc' dir='ltr'>δεξιοῦ</span> <span class='ocrx_word' id='word_1_551' title='bbox 2520 3240 2719 3311; x_wconf 87' lang='grc' dir='ltr'>μέρους</span> <span class='ocrx_word' id='word_1_552' title='bbox 2738 3239 2832 3293; x_wconf 81' lang='grc' dir='ltr'>τοῦ</span> <span class='ocrx_word' id='word_1_553' title='bbox 2861 3239 3097 3311; x_wconf 90' lang='grc' dir='ltr'>στρατοῦ</span> <span class='ocrx_word' id='word_1_554' title='bbox 3128 3240 3470 3309; x_wconf 80' lang='grc' dir='ltr'>ἐκχυθήσεται</span> <span class='ocrx_word' id='word_1_555' title='bbox 3503 3242 3607 3296; x_wconf 77' lang='grc' dir='ltr'>καὶ</span> <span class='ocrx_word' id='word_1_556' title='bbox 3639 3243 3826 3299; x_wconf 84' lang='grc' dir='ltr'>δώσει</span> 
     </span>
    </p>
   </div>
   <div class='ocr_carea' id='block_1_71' title="bbox 2213 3331 3815 3405">
    <p class='ocr_par' dir='ltr' id='par_1_71' title="bbox 2213 3331 3815 3405">
     <span class='ocr_line' id='line_1_71' title="bbox 2213 3331 3815 3405; baseline 0.004 -21"><span class='ocrx_word' id='word_1_557' title='bbox 2213 3331 2375 3385; x_wconf 80' lang='grc' dir='ltr'>αὐτὸν</span> <span class='ocrx_word' id='word_1_558' title='bbox 2425 3332 2507 3396; x_wconf 83' lang='grc' dir='ltr'>είς</span> <span class='ocrx_word' id='word_1_559' title='bbox 2535 3332 2634 3397; x_wconf 75' lang='grc' dir='ltr'>τὰς</span> <span class='ocrx_word' id='word_1_560' title='bbox 2659 3333 2868 3405; x_wconf 85' lang='grc' dir='ltr'>χεῖρας,</span> <span class='ocrx_word' id='word_1_561' title='bbox 2900 3333 2995 3386; x_wconf 80' lang='grc' dir='ltr'>καὶ</span> <span class='ocrx_word' id='word_1_562' title='bbox 3028 3332 3199 3404; x_wconf 88' lang='grc' dir='ltr'>χρίσει</span> <span class='ocrx_word' id='word_1_563' title='bbox 3232 3331 3384 3385; x_wconf 78' lang='grc' dir='ltr'>αὑτὸν</span> <span class='ocrx_word' id='word_1_564' title='bbox 3420 3331 3539 3399; x_wconf 82' lang='grc' dir='ltr'>φῶς</span> <span class='ocrx_word' id='word_1_565' title='bbox 3570 3338 3815 3404; x_wconf 80' lang='grc' dir='ltr'>νοερόν.</span> 
     </span>
    </p>
   </div>
   <div class='ocr_carea' id='block_1_72' title="bbox 2213 3421 3814 3497">
    <p class='ocr_par' dir='ltr' id='par_1_72' title="bbox 2213 3421 3814 3497">
     <span class='ocr_line' id='line_1_72' title="bbox 2213 3421 3814 3497; baseline 0 -20"><span class='ocrx_word' id='word_1_566' title='bbox 2213 3423 2325 3478; x_wconf 74' lang='grc' dir='ltr'>Καὶ</span> <span class='ocrx_word' id='word_1_567' title='bbox 2357 3425 2386 3476; x_wconf 88' lang='grc' dir='ltr'>ό</span> <span class='ocrx_word' id='word_1_568' title='bbox 2407 3424 2582 3495; x_wconf 83' lang='grc' dir='ltr'>κήρυξ</span> <span class='ocrx_word' id='word_1_569' title='bbox 2612 3423 3031 3497; x_wconf 77' lang='grc' dir='ltr'>βροντοφωνῶν,</span> <span class='ocrx_word' id='word_1_570' title='bbox 3060 3424 3157 3478; x_wconf 68' lang='grc' dir='ltr'>καὶ</span> <span class='ocrx_word' id='word_1_571' title='bbox 3183 3422 3255 3495; x_wconf 78' lang='grc' dir='ltr'>μὴ</span> <span class='ocrx_word' id='word_1_572' title='bbox 3295 3421 3636 3492; x_wconf 75' lang='grc' dir='ltr'>φαινόμενος,</span> <span class='ocrx_word' id='word_1_573' title='bbox 3681 3425 3814 3477; x_wconf 68' lang='grc' dir='ltr'>ἀπὸ</span> 
     </span>
    </p>
   </div>
   <div class='ocr_carea' id='block_1_73' title="bbox 2213 3514 3825 3588">
    <p class='ocr_par' dir='ltr' id='par_1_73' title="bbox 2213 3514 3825 3588">
     <span class='ocr_line' id='line_1_73' title="bbox 2213 3514 3825 3588; baseline 0.001 -20"><span class='ocrx_word' id='word_1_574' title='bbox 2213 3514 2307 3569; x_wconf 90' lang='grc' dir='ltr'>τοῦ</span> <span class='ocrx_word' id='word_1_575' title='bbox 2350 3514 2582 3587; x_wconf 86' lang='grc' dir='ltr'>ούρανοῦ</span> <span class='ocrx_word' id='word_1_576' title='bbox 2638 3517 2775 3588; x_wconf 74' lang='grc' dir='ltr'>πρὸς</span> <span class='ocrx_word' id='word_1_577' title='bbox 2818 3516 2911 3570; x_wconf 81' lang='grc' dir='ltr'>τὸν</span> <span class='ocrx_word' id='word_1_578' title='bbox 2956 3515 3084 3570; x_wconf 73' lang='grc' dir='ltr'>λαὸν</span> <span class='ocrx_word' id='word_1_579' title='bbox 3144 3516 3294 3586; x_wconf 67' lang='grc' dir='ltr'>εἴπῃ*</span> <span class='ocrx_word' id='word_1_580' title='bbox 3358 3515 3609 3585; x_wconf 75' lang='grc' dir='ltr'>’Δρεστδς</span> <span class='ocrx_word' id='word_1_581' title='bbox 3674 3515 3825 3586; x_wconf 67' lang='grc' dir='ltr'>ὑμῖν</span> 
     </span>
    </p>
   </div>
   <div class='ocr_carea' id='block_1_74' title="bbox 2213 3602 3827 3681">
    <p class='ocr_par' dir='ltr' id='par_1_74' title="bbox 2213 3602 3827 3681">
     <span class='ocr_line' id='line_1_74' title="bbox 2213 3602 3827 3681; baseline -0.001 -20"><span class='ocrx_word' id='word_1_582' title='bbox 2213 3602 2370 3673; x_wconf 76' lang='grc' dir='ltr'>οὗτός</span> <span class='ocrx_word' id='word_1_583' title='bbox 2398 3611 2550 3674; x_wconf 66' lang='lat' dir='ltr'><strong>Ean;</strong></span> <span class='ocrx_word' id='word_1_584' title='bbox 2589 3609 2711 3663; x_wconf 88' lang='grc' dir='ltr'>τότε</span> <span class='ocrx_word' id='word_1_585' title='bbox 2730 3609 2960 3681; x_wconf 78' lang='grc' dir='ltr'>λήψεται</span> <span class='ocrx_word' id='word_1_586' title='bbox 2997 3609 3207 3673; x_wconf 87' lang='grc' dir='ltr'>πάντας</span> <span class='ocrx_word' id='word_1_587' title='bbox 3237 3608 3417 3677; x_wconf 82' lang='grc' dir='ltr'>φόϐος,</span> <span class='ocrx_word' id='word_1_588' title='bbox 3460 3608 3556 3661; x_wconf 69' lang='grc' dir='ltr'>καὶ¹</span> <span class='ocrx_word' id='word_1_589' title='bbox 3609 3610 3827 3680; x_wconf 75' lang='grc' dir='ltr'>τρόμος</span> 
     </span>
    </p>
   </div>
   <div class='ocr_carea' id='block_1_75' title="bbox 2214 3700 3825 3774">
    <p class='ocr_par' dir='ltr' id='par_1_75' title="bbox 2214 3700 3825 3774">
     <span class='ocr_line' id='line_1_75' title="bbox 2214 3700 3825 3774; baseline 0.001 -20"><span class='ocrx_word' id='word_1_590' title='bbox 2214 3702 2311 3755; x_wconf 66' lang='grc' dir='ltr'>καὶ⁸</span> <span class='ocrx_word' id='word_1_591' title='bbox 2374 3701 2630 3766; x_wconf 77' lang='grc' dir='ltr'>ἔκστασις</span> <span class='ocrx_word' id='word_1_592' title='bbox 2675 3704 2755 3766; x_wconf 76' lang='grc' dir='ltr'>εὶς</span> <span class='ocrx_word' id='word_1_593' title='bbox 2792 3703 2892 3774; x_wconf 82' lang='grc' dir='ltr'>τὴν</span> <span class='ocrx_word' id='word_1_594' title='bbox 2943 3700 3037 3756; x_wconf 88' lang='grc' dir='ltr'>τοῦ</span> <span class='ocrx_word' id='word_1_595' title='bbox 3079 3704 3435 3773; x_wconf 80' lang='grc' dir='ltr'>κηρύγματος</span> <span class='ocrx_word' id='word_1_596' title='bbox 3493 3700 3825 3772; x_wconf 79' lang='grc' dir='ltr'>βροντιαίαν</span> 
     </span>
    </p>
   </div>
   <div class='ocr_carea' id='block_1_76' title="bbox 2215 3787 3818 3863">
    <p class='ocr_par' dir='ltr' id='par_1_76' title="bbox 2215 3787 3818 3863">
     <span class='ocr_line' id='line_1_76' title="bbox 2215 3787 3818 3863; baseline 0.001 -17"><span class='ocrx_word' id='word_1_597' title='bbox 2215 3793 2421 3863; x_wconf 81' lang='grc' dir='ltr'>φωνήν.</span> <span class='ocrx_word' id='word_1_598' title='bbox 2470 3793 2582 3847; x_wconf 76' lang='grc' dir='ltr'>Καὶ</span> <span class='ocrx_word' id='word_1_599' title='bbox 2626 3787 2729 3846; x_wconf 79' lang='grc' dir='ltr'>εἶθ’</span> <span class='ocrx_word' id='word_1_600' title='bbox 2759 3791 2932 3856; x_wconf 75' lang='grc' dir='ltr'>οὕτως</span> <span class='ocrx_word' id='word_1_601' title='bbox 2999 3791 3300 3856; x_wconf 86' lang='grc' dir='ltr'>τύπτοντες</span> <span class='ocrx_word' id='word_1_602' title='bbox 3340 3793 3410 3845; x_wconf 79' lang='grc' dir='ltr'>τά</span> <span class='ocrx_word' id='word_1_603' title='bbox 3448 3791 3623 3863; x_wconf 71' lang='grc' dir='ltr'>στήθη</span> <span class='ocrx_word' id='word_1_604' title='bbox 3676 3795 3818 3863; x_wconf 80' lang='grc' dir='ltr'>μετά</span> 
     </span>
    </p>
   </div>
   <div class='ocr_carea' id='block_1_77' title="bbox 2214 3881 3821 3954">
    <p class='ocr_par' dir='ltr' id='par_1_77' title="bbox 2214 3881 3821 3954">
     <span class='ocr_line' id='line_1_77' title="bbox 2214 3881 3821 3954; baseline 0.001 -18"><span class='ocrx_word' id='word_1_605' title='bbox 2214 3882 2466 3954; x_wconf 87' lang='grc' dir='ltr'>δακρύων</span> <span class='ocrx_word' id='word_1_606' title='bbox 2514 3881 2611 3935; x_wconf 77' lang='grc' dir='ltr'>καὶ</span> <span class='ocrx_word' id='word_1_607' title='bbox 2666 3883 3023 3951; x_wconf 86' lang='grc' dir='ltr'>στεναγμῶν,</span> <span class='ocrx_word' id='word_1_608' title='bbox 3061 3886 3161 3946; x_wconf 78' lang='grc' dir='ltr'>τὰς</span> <span class='ocrx_word' id='word_1_609' title='bbox 3210 3885 3400 3954; x_wconf 86' lang='grc' dir='ltr'>χεῖρας</span> <span class='ocrx_word' id='word_1_610' title='bbox 3446 3882 3528 3945; x_wconf 84' lang='grc' dir='ltr'>είς</span> <span class='ocrx_word' id='word_1_611' title='bbox 3581 3883 3821 3951; x_wconf 77' lang='grc' dir='ltr'>οὐρανὸν</span> 
     </span>
    </p>
   </div>
   <div class='ocr_carea' id='block_1_78' title="bbox 2213 3973 3825 4047">
    <p class='ocr_par' dir='ltr' id='par_1_78' title="bbox 2213 3973 3825 4047">
     <span class='ocr_line' id='line_1_78' title="bbox 2213 3973 3825 4047; baseline -0.001 -18"><span class='ocrx_word' id='word_1_612' title='bbox 2213 3974 2447 4045; x_wconf 82' lang='grc' dir='ltr'>ἄραντες</span> <span class='ocrx_word' id='word_1_613' title='bbox 2483 3974 2679 4027; x_wconf 79' lang='grc' dir='ltr'>εἴπωσι</span> <span class='ocrx_word' id='word_1_614' title='bbox 2700 3989 2713 4004; x_wconf 73' lang='grc'><strong><em>⁸</em></strong></span> <span class='ocrx_word' id='word_1_615' title='bbox 2747 3974 2876 4041; x_wconf 79' lang='grc' dir='ltr'>Ναὶ,</span> <span class='ocrx_word' id='word_1_616' title='bbox 2926 3974 3119 4047; x_wconf 85' lang='grc' dir='ltr'>Κύριε,</span> <span class='ocrx_word' id='word_1_617' title='bbox 3144 3975 3226 4029; x_wconf 84' lang='grc' dir='ltr'>ὅτι</span> <span class='ocrx_word' id='word_1_618' title='bbox 3262 3976 3329 4029; x_wconf 83' lang='grc' dir='ltr'>σὺ</span> <span class='ocrx_word' id='word_1_619' title='bbox 3364 3973 3573 4038; x_wconf 73' lang='grc' dir='ltr'>ἔδωκας</span> <span class='ocrx_word' id='word_1_620' title='bbox 3626 3974 3825 4041; x_wconf 76' lang='grc' dir='ltr'>αὑτὸν,</span> 
     </span>
    </p>
   </div>
   <div class='ocr_carea' id='block_1_79' title="bbox 2214 4064 3828 4137">
    <p class='ocr_par' dir='ltr' id='par_1_79' title="bbox 2214 4064 3828 4137">
     <span class='ocr_line' id='line_1_79' title="bbox 2214 4064 3828 4137; baseline 0.003 -20"><span class='ocrx_word' id='word_1_621' title='bbox 2214 4064 2443 4134; x_wconf 84' lang='grc' dir='ltr'>ἀρεστὸς</span> <span class='ocrx_word' id='word_1_622' title='bbox 2480 4065 2616 4134; x_wconf 79' lang='grc' dir='ltr'>ἡμῖν</span> <span class='ocrx_word' id='word_1_623' title='bbox 2645 4065 2797 4119; x_wconf 89' lang='grc' dir='ltr'>ἐστι·</span> <span class='ocrx_word' id='word_1_624' title='bbox 2830 4065 2926 4120; x_wconf 76' lang='grc' dir='ltr'>καὶ</span> <span class='ocrx_word' id='word_1_625' title='bbox 2954 4066 3434 4137; x_wconf 81' lang='grc' dir='ltr'>προσκυνήσαντες</span> <span class='ocrx_word' id='word_1_626' title='bbox 3466 4066 3647 4131; x_wconf 74' lang='grc' dir='ltr'>αὑτὸν,</span> <span class='ocrx_word' id='word_1_627' title='bbox 3675 4068 3828 4122; x_wconf 78' lang='grc' dir='ltr'>ἀνά-</span> 
     </span>
    </p>
   </div>
   <div class='ocr_carea' id='block_1_80' title="bbox 2217 4154 3831 4230">
    <p class='ocr_par' dir='ltr' id='par_1_80' title="bbox 2217 4154 3831 4230">
     <span class='ocr_line' id='line_1_80' title="bbox 2217 4154 3831 4230; baseline 0.002 -21"><span class='ocrx_word' id='word_1_628' title='bbox 2217 4154 2398 4220; x_wconf 80' lang='grc' dir='ltr'>ξουσιν</span> <span class='ocrx_word' id='word_1_629' title='bbox 2437 4157 2599 4210; x_wconf 77' lang='grc' dir='ltr'>αὐτὸν</span> <span class='ocrx_word' id='word_1_630' title='bbox 2644 4158 2723 4221; x_wconf 87' lang='grc' dir='ltr'>εἰς</span> <span class='ocrx_word' id='word_1_631' title='bbox 2751 4156 2852 4229; x_wconf 77' lang='grc' dir='ltr'>τὴν</span> <span class='ocrx_word' id='word_1_632' title='bbox 2912 4158 3154 4229; x_wconf 83' lang='grc' dir='ltr'>μεγάλην</span> <span class='ocrx_word' id='word_1_633' title='bbox 3180 4158 3341 4213; x_wconf 85' lang='grc' dir='ltr'>Σιών.</span> <span class='ocrx_word' id='word_1_634' title='bbox 3379 4158 3491 4212; x_wconf 72' lang='grc' dir='ltr'>Καὶ</span> <span class='ocrx_word' id='word_1_635' title='bbox 3516 4160 3831 4230; x_wconf 72' lang='grc' dir='ltr'>προσευξά-</span> 
     </span>
    </p>
   </div>
   <div class='ocr_carea' id='block_1_81' title="bbox 2218 4248 3831 4321">
    <p class='ocr_par' dir='ltr' id='par_1_81' title="bbox 2218 4248 3831 4321">
     <span class='ocr_line' id='line_1_81' title="bbox 2218 4248 3831 4321; baseline 0.004 -22"><span class='ocrx_word' id='word_1_636' title='bbox 2218 4264 2400 4317; x_wconf 84' lang='grc' dir='ltr'>μενος,</span> <span class='ocrx_word' id='word_1_637' title='bbox 2419 4250 2513 4302; x_wconf 69' lang='grc' dir='ltr'>καὶ</span> <span class='ocrx_word' id='word_1_638' title='bbox 2551 4248 2861 4319; x_wconf 82' lang='grc' dir='ltr'>σφραγίσας</span> <span class='ocrx_word' id='word_1_639' title='bbox 2900 4249 3002 4314; x_wconf 81' lang='grc' dir='ltr'>τὰς</span> <span class='ocrx_word' id='word_1_640' title='bbox 3048 4250 3224 4314; x_wconf 84' lang='grc' dir='ltr'>πύλας</span> <span class='ocrx_word' id='word_1_641' title='bbox 3271 4250 3698 4321; x_wconf 76' lang='grc' dir='ltr'>άνοιχθήσονται</span> <span class='ocrx_word' id='word_1_642' title='bbox 3733 4253 3831 4305; x_wconf 81' lang='grc' dir='ltr'>εύ-</span> 
     </span>
    </p>
   </div>
   <div class='ocr_carea' id='block_1_82' title="bbox 2217 4340 3835 4416">
    <p class='ocr_par' dir='ltr' id='par_1_82' title="bbox 2217 4340 3835 4416">
     <span class='ocr_line' id='line_1_82' title="bbox 2217 4340 3835 4416; baseline 0.006 -25"><span class='ocrx_word' id='word_1_643' title='bbox 2217 4340 2575 4411; x_wconf 87' lang='grc' dir='ltr'>στρεμμένων</span> <span class='ocrx_word' id='word_1_644' title='bbox 2596 4341 2813 4395; x_wconf 87' lang='grc' dir='ltr'>πάντων</span> <span class='ocrx_word' id='word_1_645' title='bbox 2837 4341 2932 4395; x_wconf 80' lang='grc' dir='ltr'>καὶ</span> <span class='ocrx_word' id='word_1_646' title='bbox 2966 4341 3218 4416; x_wconf 83' lang='grc' dir='ltr'>ὁρώντων</span> <span class='ocrx_word' id='word_1_647' title='bbox 3240 4359 3255 4373; x_wconf 83' lang='lat'>&#39;</span> <span class='ocrx_word' id='word_1_648' title='bbox 3277 4345 3327 4397; x_wconf 82' lang='lat' dir='ltr'>el</span> <span class='ocrx_word' id='word_1_649' title='bbox 3374 4343 3432 4397; x_wconf 87' lang='grc' dir='ltr'>δὲ</span> <span class='ocrx_word' id='word_1_650' title='bbox 3463 4344 3645 4397; x_wconf 78' lang='grc' dir='ltr'>ἐκεῖσε</span> <span class='ocrx_word' id='word_1_651' title='bbox 3663 4343 3835 4409; x_wconf 75' lang='grc' dir='ltr'>ὄντες</span> 
     </span>
    </p>
   </div>
   <div class='ocr_carea' id='block_1_83' title="bbox 528 4432 2105 4506">
    <p class='ocr_par' dir='ltr' id='par_1_83' title="bbox 528 4432 2105 4504">
     <span class='ocr_line' id='line_1_83' title="bbox 528 4432 2105 4504; baseline 0.004 -19"><span class='ocrx_word' id='word_1_652' title='bbox 528 4432 610 4487; x_wconf 88' lang='lat' dir='ltr'>ris</span> <span class='ocrx_word' id='word_1_653' title='bbox 656 4432 783 4501; x_wconf 89' lang='lat' dir='ltr'><strong>jure</strong></span> <span class='ocrx_word' id='word_1_654' title='bbox 838 4436 1216 4504; x_wconf 85' lang='lat' dir='ltr'><strong>possidentem</strong></span> <span class='ocrx_word' id='word_1_655' title='bbox 1263 4454 1278 4503; x_wconf 90' lang='lat'><strong>;</strong></span> <span class='ocrx_word' id='word_1_656' title='bbox 1323 4447 1377 4491; x_wconf 91' lang='lat' dir='ltr'>et</span> <span class='ocrx_word' id='word_1_657' title='bbox 1431 4435 1631 4492; x_wconf 90' lang='lat' dir='ltr'><strong>deinde</strong></span> <span class='ocrx_word' id='word_1_658' title='bbox 1682 4451 1808 4491; x_wconf 89' lang='lat' dir='ltr'>cum</span> <span class='ocrx_word' id='word_1_659' title='bbox 1875 4435 2105 4491; x_wconf 87' lang='lat' dir='ltr'><strong>canticis</strong></span> 
     </span>
    </p>
   </div>
   <div class='ocr_carea' id='block_1_84' title="bbox 2214 4432 3835 4506">
    <p class='ocr_par' dir='ltr' id='par_1_84' title="bbox 2217 4432 3835 4506">
     <span class='ocr_line' id='line_1_84' title="bbox 2217 4432 3835 4506; baseline 0.004 -22"><span class='ocrx_word' id='word_1_660' title='bbox 2217 4432 2432 4502; x_wconf 83' lang='grc' dir='ltr'>φύγωσι</span> <span class='ocrx_word' id='word_1_661' title='bbox 2488 4432 2627 4503; x_wconf 82' lang='grc' dir='ltr'>μετὰ</span> <span class='ocrx_word' id='word_1_662' title='bbox 2664 4432 2865 4486; x_wconf 89' lang='grc' dir='ltr'>πολλοῦ</span> <span class='ocrx_word' id='word_1_663' title='bbox 2887 4434 2982 4488; x_wconf 89' lang='grc' dir='ltr'>τοῦ</span> <span class='ocrx_word' id='word_1_664' title='bbox 3018 4435 3206 4505; x_wconf 84' lang='grc' dir='ltr'>φόϐου,</span> <span class='ocrx_word' id='word_1_665' title='bbox 3243 4436 3337 4490; x_wconf 77' lang='grc' dir='ltr'>καὶ</span> <span class='ocrx_word' id='word_1_666' title='bbox 3375 4436 3835 4506; x_wconf 78' lang='grc' dir='ltr'>προσευξάμενοι</span> 
     </span>
    </p>
   </div>
   <div class='ocr_carea' id='block_1_85' title="bbox 530 4523 2110 4599">
    <p class='ocr_par' dir='ltr' id='par_1_85' title="bbox 530 4523 2110 4599">
     <span class='ocr_line' id='line_1_85' title="bbox 530 4523 2110 4599; baseline 0.001 -22"><span class='ocrx_word' id='word_1_667' title='bbox 530 4523 682 4578; x_wconf 87' lang='lat' dir='ltr'><strong>illum</strong></span> <span class='ocrx_word' id='word_1_668' title='bbox 708 4534 875 4581; x_wconf 89' lang='lat' dir='ltr'><strong>noctu</strong></span> <span class='ocrx_word' id='word_1_669' title='bbox 909 4527 1113 4583; x_wconf 91' lang='lat' dir='ltr'><strong>ducent</strong></span> <span class='ocrx_word' id='word_1_670' title='bbox 1145 4529 1213 4582; x_wconf 88' lang='lat' dir='ltr'>ad</span> <span class='ocrx_word' id='word_1_671' title='bbox 1247 4528 1534 4599; x_wconf 89' lang='lat' dir='ltr'><strong>palatium,</strong></span> <span class='ocrx_word' id='word_1_672' title='bbox 1578 4526 1739 4597; x_wconf 90' lang='lat' dir='ltr'><strong>cujus</strong></span> <span class='ocrx_word' id='word_1_673' title='bbox 1772 4526 1927 4597; x_wconf 85' lang='lat' dir='ltr'><strong>signa</strong></span> <span class='ocrx_word' id='word_1_674' title='bbox 1989 4541 2110 4579; x_wconf 77' lang='lat' dir='ltr'><strong>niu-</strong></span> 
     </span>
    </p>
   </div>
   <div class='ocr_carea' id='block_1_86' title="bbox 530 4610 2107 4682">
    <p class='ocr_par' dir='ltr' id='par_1_86' title="bbox 530 4610 2107 4682">
     <span class='ocr_line' id='line_1_86' title="bbox 530 4610 2107 4682; baseline -0.003 -12"><span class='ocrx_word' id='word_1_675' title='bbox 530 4614 818 4670; x_wconf 87' lang='lat' dir='ltr'><strong>tabuntur.</strong></span> <span class='ocrx_word' id='word_1_676' title='bbox 878 4614 997 4671; x_wconf 92' lang='lat' dir='ltr'><strong>Duo</strong></span> <span class='ocrx_word' id='word_1_677' title='bbox 1048 4624 1210 4672; x_wconf 86' lang='lat' dir='ltr'><strong>erunt</strong></span> <span class='ocrx_word' id='word_1_678' title='bbox 1266 4617 1484 4672; x_wconf 88' lang='lat' dir='ltr'><strong>itineris</strong></span> <span class='ocrx_word' id='word_1_679' title='bbox 1526 4614 1697 4670; x_wconf 88' lang='lat' dir='ltr'><strong>duces</strong></span> <span class='ocrx_word' id='word_1_680' title='bbox 1747 4612 1947 4682; x_wconf 83' lang='lat' dir='ltr'><strong>angeli,</strong></span> <span class='ocrx_word' id='word_1_681' title='bbox 2004 4610 2107 4665; x_wconf 87' lang='lat' dir='ltr'><strong>bu-</strong></span> 
     </span>
    </p>
   </div>
   <div class='ocr_carea' id='block_1_87' title="bbox 533 4704 2104 4779">
    <p class='ocr_par' dir='ltr' id='par_1_87' title="bbox 533 4704 2104 4779">
     <span class='ocr_line' id='line_1_87' title="bbox 533 4704 2104 4779; baseline 0 -20"><span class='ocrx_word' id='word_1_682' title='bbox 533 4720 697 4760; x_wconf 87' lang='lat' dir='ltr'><strong>mana</strong></span> <span class='ocrx_word' id='word_1_683' title='bbox 728 4708 1107 4763; x_wconf 88' lang='lat' dir='ltr'><strong>cunuchorum</strong></span> <span class='ocrx_word' id='word_1_684' title='bbox 1130 4708 1322 4779; x_wconf 83' lang='lat' dir='ltr'><strong>figura,</strong></span> <span class='ocrx_word' id='word_1_685' title='bbox 1353 4708 1599 4764; x_wconf 86' lang='lat' dir='ltr'><strong>vestibus</strong></span> <span class='ocrx_word' id='word_1_686' title='bbox 1622 4707 1762 4762; x_wconf 87' lang='lat' dir='ltr'><strong>albis</strong></span> <span class='ocrx_word' id='word_1_687' title='bbox 1783 4704 1982 4769; x_wconf 90' lang='lat' dir='ltr'><strong>induti,</strong></span> <span class='ocrx_word' id='word_1_688' title='bbox 2008 4704 2104 4773; x_wconf 87' lang='lat' dir='ltr'>qui</span> 
     </span>
    </p>
   </div>
   <div class='ocr_carea' id='block_1_88' title="bbox 528 4795 2104 4870">
    <p class='ocr_par' dir='ltr' id='par_1_88' title="bbox 528 4795 2104 4870">
     <span class='ocr_line' id='line_1_88' title="bbox 528 4795 2104 4870; baseline -0.003 -19"><span class='ocrx_word' id='word_1_689' title='bbox 528 4796 598 4851; x_wconf 89' lang='lat' dir='ltr'>ad</span> <span class='ocrx_word' id='word_1_690' title='bbox 652 4812 816 4853; x_wconf 86' lang='lat' dir='ltr'><strong>aures</strong></span> <span class='ocrx_word' id='word_1_691' title='bbox 868 4798 990 4868; x_wconf 82' lang='lat' dir='ltr'><strong>ejus</strong></span> <span class='ocrx_word' id='word_1_692' title='bbox 1047 4800 1187 4870; x_wconf 88' lang='lat' dir='ltr'><strong>quid</strong></span> <span class='ocrx_word' id='word_1_693' title='bbox 1226 4799 1538 4854; x_wconf 88' lang='lat' dir='ltr'><strong>faciendum</strong></span> <span class='ocrx_word' id='word_1_694' title='bbox 1591 4797 1663 4852; x_wconf 90' lang='lat' dir='ltr'>sit</span> <span class='ocrx_word' id='word_1_695' title='bbox 1712 4795 2104 4852; x_wconf 87' lang='lat' dir='ltr'><strong>susurrabunt.</strong></span> 
     </span>
    </p>
   </div>
   <div class='ocr_carea' id='block_1_89' title="bbox 528 4885 2102 4958">
    <p class='ocr_par' dir='ltr' id='par_1_89' title="bbox 528 4885 2102 4958">
     <span class='ocr_line' id='line_1_89' title="bbox 528 4885 2102 4958; baseline -0.001 -17"><span class='ocrx_word' id='word_1_696' title='bbox 528 4885 685 4942; x_wconf 81' lang='lat' dir='ltr'><strong>Multi</strong></span> <span class='ocrx_word' id='word_1_697' title='bbox 727 4895 908 4943; x_wconf 89' lang='lat' dir='ltr'><strong>autem</strong></span> <span class='ocrx_word' id='word_1_698' title='bbox 970 4887 1028 4944; x_wconf 86' lang='lat' dir='ltr'>in</span> <span class='ocrx_word' id='word_1_699' title='bbox 1085 4904 1211 4944; x_wconf 90' lang='lat' dir='ltr'>eum</span> <span class='ocrx_word' id='word_1_700' title='bbox 1268 4904 1464 4944; x_wconf 87' lang='lat' dir='ltr'><strong>manus</strong></span> <span class='ocrx_word' id='word_1_701' title='bbox 1542 4886 1772 4958; x_wconf 76' lang='lat' dir='ltr'><strong>injicere</strong></span> <span class='ocrx_word' id='word_1_702' title='bbox 1827 4885 2102 4953; x_wconf 84' lang='lat' dir='ltr'><strong>volentes,</strong></span> 
     </span>
    </p>
   </div>
   <div class='ocr_carea' id='block_1_90' title="bbox 530 4980 2097 5057">
    <p class='ocr_par' dir='ltr' id='par_1_90' title="bbox 530 4980 2097 5057">
     <span class='ocr_line' id='line_1_90' title="bbox 530 4980 2097 5057; baseline -0.003 -18"><span class='ocrx_word' id='word_1_703' title='bbox 530 4983 667 5039; x_wconf 83' lang='lat' dir='ltr'><strong>visis</strong></span> <span class='ocrx_word' id='word_1_704' title='bbox 735 4980 932 5057; x_wconf 74' lang='lat' dir='ltr'><strong>signis,</strong></span> <span class='ocrx_word' id='word_1_705' title='bbox 976 4985 1046 5041; x_wconf 88' lang='lat' dir='ltr'>ab</span> <span class='ocrx_word' id='word_1_706' title='bbox 1105 4986 1314 5055; x_wconf 85' lang='lat' dir='ltr'><strong>angelis</strong></span> <span class='ocrx_word' id='word_1_707' title='bbox 1351 4983 1817 5055; x_wconf 89' lang='lat' dir='ltr'><strong>probibebuntur,</strong></span> <span class='ocrx_word' id='word_1_708' title='bbox 1846 4989 1900 5035; x_wconf 91' lang='lat' dir='ltr'>et</span> <span class='ocrx_word' id='word_1_709' title='bbox 1952 4981 2097 5035; x_wconf 86' lang='lat' dir='ltr'><strong>intra</strong></span> 
     </span>
    </p>
   </div>
   <div class='ocr_carea' id='block_1_91' title="bbox 529 5072 2100 5147">
    <p class='ocr_par' dir='ltr' id='par_1_91' title="bbox 529 5072 2100 5147">
     <span class='ocr_line' id='line_1_91' title="bbox 529 5072 2100 5147; baseline -0.002 -16"><span class='ocrx_word' id='word_1_710' title='bbox 529 5090 592 5131; x_wconf 87' lang='lat' dir='ltr'>se</span> <span class='ocrx_word' id='word_1_711' title='bbox 640 5073 827 5131; x_wconf 90' lang='lat' dir='ltr'><strong>dicent</strong></span> <span class='ocrx_word' id='word_1_712' title='bbox 872 5094 887 5131; x_wconf 89' lang='lat'><strong>:</strong></span> <span class='ocrx_word' id='word_1_713' title='bbox 936 5094 955 5127; x_wconf 80' lang='grc' dir='ltr'>ι</span> <span class='ocrx_word' id='word_1_714' title='bbox 993 5074 1090 5130; x_wconf 89' lang='lat' dir='ltr'><strong>Dei</strong></span> <span class='ocrx_word' id='word_1_715' title='bbox 1118 5075 1514 5147; x_wconf 81' lang='lat' dir='ltr'><strong>benignitatem</strong></span> <span class='ocrx_word' id='word_1_716' title='bbox 1552 5089 1662 5129; x_wconf 91' lang='lat' dir='ltr'>non</span> <span class='ocrx_word' id='word_1_717' title='bbox 1704 5072 2100 5128; x_wconf 75' lang='lat' dir='ltr'><strong>intelleximus.</strong></span> 
     </span>
    </p>
   </div>
   <div class='ocr_carea' id='block_1_92' title="bbox 528 5164 2103 5238">
    <p class='ocr_par' dir='ltr' id='par_1_92' title="bbox 528 5164 2103 5238">
     <span class='ocr_line' id='line_1_92' title="bbox 528 5164 2103 5238; baseline 0.001 -19"><span class='ocrx_word' id='word_1_718' title='bbox 528 5164 775 5235; x_wconf 79' lang='lat' dir='ltr'><strong>Propriis</strong></span> <span class='ocrx_word' id='word_1_719' title='bbox 829 5167 1042 5223; x_wconf 87' lang='lat' dir='ltr'><strong>catenis</strong></span> <span class='ocrx_word' id='word_1_720' title='bbox 1115 5167 1586 5238; x_wconf 75' lang='lat' dir='ltr'><strong>constringimurl,</strong></span> <span class='ocrx_word' id='word_1_721' title='bbox 1645 5174 1963 5236; x_wconf 84' lang='lat' dir='ltr'><strong>peccatores</strong></span> <span class='ocrx_word' id='word_1_722' title='bbox 2023 5166 2103 5220; x_wconf 86' lang='lat' dir='ltr'><strong>le-</strong></span> 
     </span>
    </p>
   </div>
   <div class='ocr_carea' id='block_1_93' title="bbox 530 5257 2105 5330">
    <p class='ocr_par' dir='ltr' id='par_1_93' title="bbox 530 5257 2105 5330">
     <span class='ocr_line' id='line_1_93' title="bbox 530 5257 2105 5330; baseline -0.001 -18"><span class='ocrx_word' id='word_1_723' title='bbox 530 5257 692 5326; x_wconf 85' lang='lat' dir='ltr'><strong>gibus</strong></span> <span class='ocrx_word' id='word_1_724' title='bbox 768 5258 1126 5326; x_wconf 87' lang='lat' dir='ltr'><strong>reluctantes,</strong></span> <span class='ocrx_word' id='word_1_725' title='bbox 1200 5259 1307 5330; x_wconf 91' lang='lat' dir='ltr'><strong>ipsi</strong></span> <span class='ocrx_word' id='word_1_726' title='bbox 1378 5259 1713 5329; x_wconf 88' lang='lat' dir='ltr'><strong>inclytorum</strong></span> <span class='ocrx_word' id='word_1_727' title='bbox 1792 5257 2105 5322; x_wconf 87' lang='lat' dir='ltr'><strong>nominum,</strong></span> 
     </span>
    </p>
   </div>
   <div class='ocr_carea' id='block_1_94' title="bbox 528 5350 2092 5424">
    <p class='ocr_par' dir='ltr' id='par_1_94' title="bbox 528 5350 2092 5424">
     <span class='ocr_line' id='line_1_94' title="bbox 528 5350 2092 5424; baseline -0.003 -17"><span class='ocrx_word' id='word_1_728' title='bbox 528 5361 582 5407; x_wconf 86' lang='lat' dir='ltr'>et</span> <span class='ocrx_word' id='word_1_729' title='bbox 634 5351 837 5409; x_wconf 88' lang='lat' dir='ltr'><strong>tributa</strong></span> <span class='ocrx_word' id='word_1_730' title='bbox 872 5367 998 5409; x_wconf 89' lang='lat' dir='ltr'>cum</span> <span class='ocrx_word' id='word_1_731' title='bbox 1052 5352 1237 5424; x_wconf 87' lang='lat' dir='ltr'><strong>impiis</strong></span> <span class='ocrx_word' id='word_1_732' title='bbox 1289 5350 1672 5410; x_wconf 83' lang='lat' dir='ltr'><strong>sacerdotibus</strong></span> <span class='ocrx_word' id='word_1_733' title='bbox 1727 5350 2035 5422; x_wconf 81' lang='lat' dir='ltr'><strong>exigentes.</strong></span> <span class='ocrx_word' id='word_1_734' title='bbox 2074 5369 2092 5402; x_wconf 76' lang='grc' dir='ltr'>ι</span> 
     </span>
    </p>
   </div>
   <div class='ocr_carea' id='block_1_95' title="bbox 2142 4483 2190 4544">
    <p class='ocr_par' dir='ltr' id='par_1_95' title="bbox 2142 4483 2190 4544">
     <span class='ocr_line' id='line_1_95' title="bbox 2142 4483 2190 4544; baseline 0 0"><span class='ocrx_word' id='word_1_735' title='bbox 2142 4483 2190 4544; x_wconf 91' lang='lat' dir='ltr'><strong>D</strong></span> 
     </span>
    </p>
   </div>
   <div class='ocr_carea' id='block_1_96' title="bbox 2222 4523 3837 4597">
    <p class='ocr_par' dir='ltr' id='par_1_96' title="bbox 2222 4523 3837 4597">
     <span class='ocr_line' id='line_1_96' title="bbox 2222 4523 3837 4597; baseline 0.002 -21"><span class='ocrx_word' id='word_1_736' title='bbox 2222 4524 2655 4587; x_wconf 79' lang='grc' dir='ltr'>ἀναϐιϐάσαντες</span> <span class='ocrx_word' id='word_1_737' title='bbox 2678 4524 2763 4594; x_wconf 79' lang='grc' dir='ltr'>ἐφ’</span> <span class='ocrx_word' id='word_1_738' title='bbox 2795 4523 2999 4595; x_wconf 82' lang='grc' dir='ltr'>ὑψηλοῦ</span> <span class='ocrx_word' id='word_1_739' title='bbox 3019 4525 3185 4579; x_wconf 61' lang='grc' dir='ltr'>τόπσυ</span> <span class='ocrx_word' id='word_1_740' title='bbox 3217 4525 3519 4579; x_wconf 85' lang='grc' dir='ltr'>καλέσωσιν</span> <span class='ocrx_word' id='word_1_741' title='bbox 3552 4526 3695 4578; x_wconf 73' lang='grc' dir='ltr'>αὐτὸ</span> <span class='ocrx_word' id='word_1_742' title='bbox 3733 4526 3837 4597; x_wconf 80' lang='grc' dir='ltr'>βα-</span> 
     </span>
    </p>
   </div>
   <div class='ocr_carea' id='block_1_97' title="bbox 2220 4612 3840 4688">
    <p class='ocr_par' dir='ltr' id='par_1_97' title="bbox 2220 4612 3840 4688">
     <span class='ocr_line' id='line_1_97' title="bbox 2220 4612 3840 4688; baseline 0.002 -23"><span class='ocrx_word' id='word_1_743' title='bbox 2220 4614 2371 4668; x_wconf 81' lang='grc' dir='ltr'>σιλέα</span> <span class='ocrx_word' id='word_1_744' title='bbox 2400 4614 2597 4685; x_wconf 76' lang='grc' dir='ltr'>ἔχοντα</span> <span class='ocrx_word' id='word_1_745' title='bbox 2628 4615 2789 4669; x_wconf 73' lang='grc' dir='ltr'>αὐτὸν</span> <span class='ocrx_word' id='word_1_746' title='bbox 2815 4616 2880 4668; x_wconf 85' lang='grc' dir='ltr'>ἐκ</span> <span class='ocrx_word' id='word_1_747' title='bbox 2916 4614 3109 4684; x_wconf 90' lang='grc' dir='ltr'>γένους</span> <span class='ocrx_word' id='word_1_748' title='bbox 3130 4658 3145 4682; x_wconf 96' lang='grc'>,</span> <span class='ocrx_word' id='word_1_749' title='bbox 3182 4612 3282 4670; x_wconf 76' lang='grc' dir='ltr'>εἷθ’</span> <span class='ocrx_word' id='word_1_750' title='bbox 3321 4615 3493 4680; x_wconf 80' lang='grc' dir='ltr'>οὕτως</span> <span class='ocrx_word' id='word_1_751' title='bbox 3527 4617 3840 4688; x_wconf 69' lang='grc' dir='ltr'>ὑμνήσαν-</span> 
     </span>
    </p>
   </div>
   <div class='ocr_carea' id='block_1_98' title="bbox 2218 4706 3843 4780">
    <p class='ocr_par' dir='ltr' id='par_1_98' title="bbox 2218 4706 3843 4780">
     <span class='ocr_line' id='line_1_98' title="bbox 2218 4706 3843 4780; baseline 0.002 -21"><span class='ocrx_word' id='word_1_752' title='bbox 2218 4723 2308 4770; x_wconf 90' lang='grc' dir='ltr'>τες</span> <span class='ocrx_word' id='word_1_753' title='bbox 2340 4706 2782 4777; x_wconf 75' lang='grc' dir='ltr'>ὑποστρέψαντες</span> <span class='ocrx_word' id='word_1_754' title='bbox 2803 4707 3009 4773; x_wconf 76' lang='grc' dir='ltr'>οῖκαδε,</span> <span class='ocrx_word' id='word_1_755' title='bbox 3041 4710 3136 4762; x_wconf 76' lang='grc' dir='ltr'>καὶ</span> <span class='ocrx_word' id='word_1_756' title='bbox 3178 4709 3352 4772; x_wconf 75' lang='grc' dir='ltr'>οὕτως</span> <span class='ocrx_word' id='word_1_757' title='bbox 3384 4707 3611 4772; x_wconf 74' lang='grc' dir='ltr'>ἄξουσιν</span> <span class='ocrx_word' id='word_1_758' title='bbox 3658 4712 3730 4763; x_wconf 78' lang='grc' dir='ltr'>ἐν</span> <span class='ocrx_word' id='word_1_759' title='bbox 3760 4712 3843 4780; x_wconf 76' lang='grc' dir='ltr'>τῷ</span> 
     </span>
    </p>
   </div>
   <div class='ocr_carea' id='block_1_99' title="bbox 2213 4799 3841 4871">
    <p class='ocr_par' dir='ltr' id='par_1_99' title="bbox 2213 4799 3841 4871">
     <span class='ocr_line' id='line_1_99' title="bbox 2213 4799 3841 4871; baseline 0.002 -20"><span class='ocrx_word' id='word_1_760' title='bbox 2213 4799 2462 4869; x_wconf 80' lang='grc' dir='ltr'>παλατίῳ</span> <span class='ocrx_word' id='word_1_761' title='bbox 2521 4799 2738 4865; x_wconf 81' lang='grc' dir='ltr'>νυκτὸς,</span> <span class='ocrx_word' id='word_1_762' title='bbox 2787 4802 2881 4854; x_wconf 74' lang='grc' dir='ltr'>καὶ</span> <span class='ocrx_word' id='word_1_763' title='bbox 2928 4799 3383 4871; x_wconf 76' lang='grc' dir='ltr'>ἀλλοιωθήσονται</span> <span class='ocrx_word' id='word_1_764' title='bbox 3432 4801 3503 4853; x_wconf 76' lang='grc' dir='ltr'>τά</span> <span class='ocrx_word' id='word_1_765' title='bbox 3560 4806 3785 4870; x_wconf 81' lang='grc' dir='ltr'>σημεῖα</span> <span class='ocrx_word' id='word_1_766' title='bbox 3824 4820 3841 4834; x_wconf 92' lang='grc'><strong>·</strong></span> 
     </span>
    </p>
   </div>
   <div class='ocr_carea' id='block_1_100' title="bbox 2226 4890 3845 4962">
    <p class='ocr_par' dir='ltr' id='par_1_100' title="bbox 2226 4890 3845 4962">
     <span class='ocr_line' id='line_1_100' title="bbox 2226 4890 3845 4962; baseline 0.001 -19"><span class='ocrx_word' id='word_1_767' title='bbox 2226 4890 2581 4962; x_wconf 82' lang='grc' dir='ltr'>Όδηγήσουσι</span> <span class='ocrx_word' id='word_1_768' title='bbox 2606 4891 2664 4944; x_wconf 84' lang='grc' dir='ltr'>δέ</span> <span class='ocrx_word' id='word_1_769' title='bbox 2690 4892 2853 4945; x_wconf 83' lang='grc' dir='ltr'>αὑτὸν</span> <span class='ocrx_word' id='word_1_770' title='bbox 2884 4891 2979 4945; x_wconf 74' lang='grc' dir='ltr'>καὶ</span> <span class='ocrx_word' id='word_1_771' title='bbox 3027 4891 3120 4945; x_wconf 87' lang='grc' dir='ltr'>δύο</span> <span class='ocrx_word' id='word_1_772' title='bbox 3144 4890 3366 4960; x_wconf 79' lang='grc' dir='ltr'>ἄγγελοι</span> <span class='ocrx_word' id='word_1_773' title='bbox 3412 4891 3470 4943; x_wconf 91' lang='grc' dir='ltr'>ἐν</span> <span class='ocrx_word' id='word_1_774' title='bbox 3501 4890 3845 4962; x_wconf 77' lang='grc' dir='ltr'>ὁμοιώματι</span> 
     </span>
    </p>
   </div>
   <div class='ocr_carea' id='block_1_101' title="bbox 2212 4978 3841 5058">
    <p class='ocr_par' dir='ltr' id='par_1_101' title="bbox 2212 4978 3841 5058">
     <span class='ocr_line' id='line_1_101' title="bbox 2212 4978 3841 5058; baseline 0.001 -20"><span class='ocrx_word' id='word_1_775' title='bbox 2212 4983 2503 5055; x_wconf 83' lang='grc' dir='ltr'>ἀνθρώπου</span> <span class='ocrx_word' id='word_1_776' title='bbox 2556 4984 2886 5058; x_wconf 76' lang='grc' dir='ltr'>λευκοφόρου</span> <span class='ocrx_word' id='word_1_777' title='bbox 2924 4985 3179 5055; x_wconf 83' lang='grc' dir='ltr'>εὐνούχου</span> <span class='ocrx_word' id='word_1_778' title='bbox 3199 5000 3215 5015; x_wconf 77' lang='grc'><em>’</em></span> <span class='ocrx_word' id='word_1_779' title='bbox 3248 4984 3343 5039; x_wconf 74' lang='grc' dir='ltr'>καὶ</span> <span class='ocrx_word' id='word_1_780' title='bbox 3373 4986 3453 5047; x_wconf 83' lang='grc' dir='ltr'>εἰς</span> <span class='ocrx_word' id='word_1_781' title='bbox 3475 4984 3546 5037; x_wconf 81' lang='grc' dir='ltr'>τὰ</span> <span class='ocrx_word' id='word_1_782' title='bbox 3579 4978 3713 5038; x_wconf 75' lang='grc' dir='ltr'>ὦτα</span> <span class='ocrx_word' id='word_1_783' title='bbox 3742 4988 3841 5039; x_wconf 59' lang='lat' dir='ltr'><strong>ad.</strong></span> 
     </span>
    </p>
   </div>
   <div class='ocr_carea' id='block_1_102' title="bbox 2214 5076 3845 5150">
    <p class='ocr_par' dir='ltr' id='par_1_102' title="bbox 2214 5076 3845 5150">
     <span class='ocr_line' id='line_1_102' title="bbox 2214 5076 3845 5150; baseline 0.001 -19"><span class='ocrx_word' id='word_1_784' title='bbox 2214 5077 2308 5131; x_wconf 89' lang='grc' dir='ltr'>τοῦ</span> <span class='ocrx_word' id='word_1_785' title='bbox 2333 5077 2623 5148; x_wconf 73' lang='grc' dir='ltr'>λαλήσουσι</span> <span class='ocrx_word' id='word_1_786' title='bbox 2646 5079 2698 5131; x_wconf 89' lang='grc' dir='ltr'>τί</span> <span class='ocrx_word' id='word_1_787' title='bbox 2724 5078 2908 5149; x_wconf 87' lang='grc' dir='ltr'>μέλλει</span> <span class='ocrx_word' id='word_1_788' title='bbox 2934 5080 3212 5150; x_wconf 85' lang='grc' dir='ltr'>πράττειν.</span> <span class='ocrx_word' id='word_1_789' title='bbox 3245 5076 3435 5130; x_wconf 80' lang='grc' dir='ltr'>Πολλοὶ</span> <span class='ocrx_word' id='word_1_790' title='bbox 3455 5076 3511 5129; x_wconf 85' lang='grc' dir='ltr'>δὲ</span> <span class='ocrx_word' id='word_1_791' title='bbox 3544 5077 3635 5130; x_wconf 79' lang='grc' dir='ltr'>ἐπ’</span> <span class='ocrx_word' id='word_1_792' title='bbox 3665 5079 3845 5133; x_wconf 66' lang='grc' dir='ltr'>αὐτὸν</span> 
     </span>
    </p>
   </div>
   <div class='ocr_carea' id='block_1_103' title="bbox 2219 5168 3845 5241">
    <p class='ocr_par' dir='ltr' id='par_1_103' title="bbox 2219 5168 3845 5241">
     <span class='ocr_line' id='line_1_103' title="bbox 2219 5168 3845 5241; baseline -0.001 -18"><span class='ocrx_word' id='word_1_793' title='bbox 2219 5169 2552 5241; x_wconf 82' lang='grc' dir='ltr'>θελήσαντες</span> <span class='ocrx_word' id='word_1_794' title='bbox 2576 5170 2855 5224; x_wconf 84' lang='grc' dir='ltr'>ἐπιϐαλεῖν</span> <span class='ocrx_word' id='word_1_795' title='bbox 2901 5170 3003 5235; x_wconf 86' lang='grc' dir='ltr'>τὰς</span> <span class='ocrx_word' id='word_1_796' title='bbox 3061 5172 3271 5241; x_wconf 85' lang='grc' dir='ltr'>χεῖρας,</span> <span class='ocrx_word' id='word_1_797' title='bbox 3301 5168 3402 5223; x_wconf 87' lang='grc' dir='ltr'>οὐκ</span> <span class='ocrx_word' id='word_1_798' title='bbox 3460 5168 3845 5223; x_wconf 73' lang='grc' dir='ltr'>ἐπιϐάλλουσι</span> 
     </span>
    </p>
   </div>
   <div class='ocr_carea' id='block_1_104' title="bbox 2226 5262 3845 5335">
    <p class='ocr_par' dir='ltr' id='par_1_104' title="bbox 2226 5262 3845 5335">
     <span class='ocr_line' id='line_1_104' title="bbox 2226 5262 3845 5335; baseline 0.001 -20"><span class='ocrx_word' id='word_1_799' title='bbox 2226 5264 2522 5335; x_wconf 87' lang='grc' dir='ltr'>βλέποντες</span> <span class='ocrx_word' id='word_1_800' title='bbox 2548 5263 2615 5316; x_wconf 76' lang='grc' dir='ltr'>τά</span> <span class='ocrx_word' id='word_1_801' title='bbox 2643 5266 2844 5334; x_wconf 88' lang='grc' dir='ltr'>σημεῖα</span> <span class='ocrx_word' id='word_1_802' title='bbox 2876 5264 2973 5318; x_wconf 79' lang='grc' dir='ltr'>καὶ</span> <span class='ocrx_word' id='word_1_803' title='bbox 2998 5263 3359 5335; x_wconf 87' lang='grc' dir='ltr'>κρατούμενοι</span> <span class='ocrx_word' id='word_1_804' title='bbox 3383 5262 3488 5315; x_wconf 78' lang='grc' dir='ltr'>ὑπὸ</span> <span class='ocrx_word' id='word_1_805' title='bbox 3517 5262 3633 5316; x_wconf 88' lang='grc' dir='ltr'>τῶν</span> <span class='ocrx_word' id='word_1_806' title='bbox 3665 5265 3845 5331; x_wconf 76' lang='grc' dir='ltr'>ἁγγέο</span> 
     </span>
    </p>
   </div>
   <div class='ocr_carea' id='block_1_105' title="bbox 2220 5349 3843 5426">
    <p class='ocr_par' dir='ltr' id='par_1_105' title="bbox 2220 5349 3843 5426">
     <span class='ocr_line' id='line_1_105' title="bbox 2220 5349 3843 5426; baseline 0.004 -21"><span class='ocrx_word' id='word_1_807' title='bbox 2220 5352 2333 5408; x_wconf 87' lang='grc' dir='ltr'>λων</span> <span class='ocrx_word' id='word_1_808' title='bbox 2364 5355 2593 5409; x_wconf 76' lang='grc' dir='ltr'>εἴπωσιν</span> <span class='ocrx_word' id='word_1_809' title='bbox 2610 5356 2666 5410; x_wconf 86' lang='grc' dir='ltr'>ἐν</span> <span class='ocrx_word' id='word_1_810' title='bbox 2686 5357 2917 5420; x_wconf 79' lang='grc' dir='ltr'>ἑαυτοῖς·</span> <span class='ocrx_word' id='word_1_811' title='bbox 2940 5349 3015 5410; x_wconf 75' lang='grc' dir='ltr'>Οῦ</span> <span class='ocrx_word' id='word_1_812' title='bbox 3042 5356 3313 5426; x_wconf 78' lang='grc' dir='ltr'>ἠκούομεν</span> <span class='ocrx_word' id='word_1_813' title='bbox 3327 5352 3567 5425; x_wconf 79' lang='grc' dir='ltr'>χρηστὸν</span> <span class='ocrx_word' id='word_1_814' title='bbox 3589 5355 3843 5426; x_wconf 81' lang='grc' dir='ltr'>Κυρίου.</span> 
     </span>
    </p>
   </div>
   <div class='ocr_carea' id='block_1_106' title="bbox 2070 5482 2302 5544">
    <p class='ocr_par' dir='ltr' id='par_1_106' title="bbox 2070 5482 2302 5544">
     <span class='ocr_line' id='line_1_106' title="bbox 2070 5482 2302 5544; baseline 0.026 -6"><span class='ocrx_word' id='word_1_815' title='bbox 2070 5482 2302 5544; x_wconf 63' lang='lat' dir='ltr'>NOTAE.</span> 
     </span>
    </p>
   </div>
   <div class='ocr_carea' id='block_1_107' title="bbox 602 5599 2120 5672">
    <p class='ocr_par' dir='ltr' id='par_1_107' title="bbox 602 5599 2120 5672">
     <span class='ocr_line' id='line_1_107' title="bbox 602 5599 2120 5672; baseline -0.001 -17"><span class='ocrx_word' id='word_1_816' title='bbox 602 5600 735 5671; x_wconf 84' lang='lat' dir='ltr'>(6l’)</span> <span class='ocrx_word' id='word_1_817' title='bbox 758 5599 1264 5672; x_wconf 78' lang='lat' dir='ltr'><strong>Vel,magnitudine</strong></span> <span class='ocrx_word' id='word_1_818' title='bbox 1284 5617 1421 5657; x_wconf 68' lang='lat' dir='ltr'><strong>arere</strong></span> <span class='ocrx_word' id='word_1_819' title='bbox 1455 5603 1647 5659; x_wconf 73' lang='lat' dir='ltr'><strong>mtivw</strong></span> <span class='ocrx_word' id='word_1_820' title='bbox 1678 5617 1770 5656; x_wconf 78' lang='lat' dir='ltr'><strong>sex</strong></span> <span class='ocrx_word' id='word_1_821' title='bbox 1794 5601 1957 5656; x_wconf 74' lang='lat' dir='ltr'><strong>bubus</strong></span> <span class='ocrx_word' id='word_1_822' title='bbox 1980 5600 2120 5655; x_wconf 81' lang='lat' dir='ltr'><strong>trita:</strong></span> 
     </span>
    </p>
   </div>
   <div class='ocr_carea' id='block_1_108' title="bbox 535 5683 736 5734">
    <p class='ocr_par' dir='ltr' id='par_1_108' title="bbox 535 5683 736 5734">
     <span class='ocr_line' id='line_1_108' title="bbox 535 5683 736 5734; baseline 0.02 -14"><span class='ocrx_word' id='word_1_823' title='bbox 535 5683 736 5734; x_wconf 69' lang='lat' dir='ltr'><strong>(equus.</strong></span> 
     </span>
    </p>
   </div>
   <div class='ocr_carea' id='block_1_109' title="bbox 2311 5603 3499 5676">
    <p class='ocr_par' dir='ltr' id='par_1_109' title="bbox 2311 5603 3499 5676">
     <span class='ocr_line' id='line_1_109' title="bbox 2311 5603 3499 5676; baseline -0.002 -17"><span class='ocrx_word' id='word_1_824' title='bbox 2311 5603 2520 5676; x_wconf 66' lang='grc' dir='ltr'>Κῆρυξ</span> <span class='ocrx_word' id='word_1_825' title='bbox 2548 5603 2790 5676; x_wconf 68' lang='grc' dir='ltr'>ᾁερανὴς</span> <span class='ocrx_word' id='word_1_826' title='bbox 2819 5605 2946 5674; x_wconf 74' lang='grc' dir='ltr'>τρὶς</span> <span class='ocrx_word' id='word_1_827' title='bbox 2970 5607 3299 5676; x_wconf 77' lang='grc' dir='ltr'>ἁνακράξει</span> <span class='ocrx_word' id='word_1_828' title='bbox 3326 5604 3499 5676; x_wconf 76' lang='grc' dir='ltr'>μέγα.</span> 
     </span>
    </p>
   </div>
   <div class='ocr_carea' id='block_1_110' title="bbox 2306 5673 3850 5747">
    <p class='ocr_par' dir='ltr' id='par_1_110' title="bbox 2306 5673 3850 5747">
     <span class='ocr_line' id='line_1_110' title="bbox 2306 5673 3850 5747; baseline 0.003 -20"><span class='ocrx_word' id='word_1_829' title='bbox 2306 5673 2418 5744; x_wconf 82' lang='grc'>(65)</span> <span class='ocrx_word' id='word_1_830' title='bbox 2461 5673 2858 5747; x_wconf 16' lang='grc' dir='ltr'>Ἰνδάλμιιτᾼῡς</span> <span class='ocrx_word' id='word_1_831' title='bbox 2891 5673 3174 5746; x_wconf 43' lang='lat' dir='ltr'><strong>(igniti-ove.</strong></span> <span class='ocrx_word' id='word_1_832' title='bbox 3228 5673 3547 5747; x_wconf 70' lang='lat' dir='ltr'><strong>Legendum</strong></span> <span class='ocrx_word' id='word_1_833' title='bbox 3605 5674 3850 5732; x_wconf 79' lang='lat' dir='ltr'><strong>videtur</strong></span> 
     </span>
    </p>
   </div>
   <div class='ocr_carea' id='block_1_111' title="bbox 572 5736 2105 5819">
    <p class='ocr_par' dir='ltr' id='par_1_111' title="bbox 572 5736 2105 5819">
     <span class='ocr_line' id='line_1_111' title="bbox 572 5736 2105 5819; baseline 0.007 -34"><span class='ocrx_word' id='word_1_834' title='bbox 572 5736 692 5819; x_wconf 56' lang='grc' dir='ltr'>(βε)</span> <span class='ocrx_word' id='word_1_835' title='bbox 716 5736 834 5819; x_wconf 56' lang='grc' dir='ltr'>βαι</span> <span class='ocrx_word' id='word_1_836' title='bbox 865 5738 1061 5819; x_wconf 56' lang='grc' dir='ltr'>κῆρυξ</span> <span class='ocrx_word' id='word_1_837' title='bbox 1087 5740 1257 5819; x_wconf 67' lang='grc' dir='ltr'>,βοῶν</span> <span class='ocrx_word' id='word_1_838' title='bbox 1294 5742 1549 5813; x_wconf 80' lang='grc' dir='ltr'>τρανῶς.</span> <span class='ocrx_word' id='word_1_839' title='bbox 1595 5745 1715 5802; x_wconf 81' lang='lat' dir='ltr'><strong>Huc</strong></span> <span class='ocrx_word' id='word_1_840' title='bbox 1747 5741 1983 5817; x_wconf 88' lang='lat' dir='ltr'><strong>pertinet</strong></span> <span class='ocrx_word' id='word_1_841' title='bbox 2012 5740 2105 5815; x_wconf 31' lang='lat' dir='ltr'><strong>.illt</strong></span> 
     </span>
    </p>
   </div>
   <div class='ocr_carea' id='block_1_112' title="bbox 2214 5736 3844 5819">
    <p class='ocr_par' dir='ltr' id='par_1_112' title="bbox 2232 5736 3844 5819">
     <span class='ocr_line' id='line_1_112' title="bbox 2232 5736 3844 5819; baseline 0.004 -22"><span class='ocrx_word' id='word_1_842' title='bbox 2232 5736 2489 5819; x_wconf 76' lang='grc' dir='ltr'>ἐφίπτου.</span> <span class='ocrx_word' id='word_1_843' title='bbox 2525 5746 2608 5819; x_wconf 74' lang='lat' dir='ltr'>vel</span> <span class='ocrx_word' id='word_1_844' title='bbox 2755 5736 3267 5819; x_wconf 42' lang='grc' dir='ltr'>ξύιιξρυςέίσὲαμένου,</span> <span class='ocrx_word' id='word_1_845' title='bbox 3303 5736 3357 5803; x_wconf 61' lang='lat' dir='ltr'>id</span> <span class='ocrx_word' id='word_1_846' title='bbox 3388 5754 3491 5815; x_wconf 88' lang='lat' dir='ltr'><strong>est,</strong></span> <span class='ocrx_word' id='word_1_847' title='bbox 3544 5754 3609 5802; x_wconf 87' lang='lat' dir='ltr'>ut</span> <span class='ocrx_word' id='word_1_848' title='bbox 3665 5748 3844 5818; x_wconf 75' lang='lat' dir='ltr'><strong>paulo</strong></span> 
     </span>
    </p>
   </div>
   <div class='ocr_carea' id='block_1_113' title="bbox 539 5804 1432 5895">
    <p class='ocr_par' dir='ltr' id='par_1_113' title="bbox 539 5804 1432 5895">
     <span class='ocr_line' id='line_1_113' title="bbox 539 5804 1432 5895; baseline 0.017 -40"><span class='ocrx_word' id='word_1_849' title='bbox 539 5804 751 5861; x_wconf 85' lang='lat' dir='ltr'><strong>oraculi</strong></span> <span class='ocrx_word' id='word_1_850' title='bbox 781 5804 991 5888; x_wconf 25' lang='lat' dir='ltr'><strong>decimi.</strong></span> <span class='ocrx_word' id='word_1_851' title='bbox 1010 5811 1159 5865; x_wconf 89' lang='lat' dir='ltr'><strong>tertii</strong></span> <span class='ocrx_word' id='word_1_852' title='bbox 1174 5804 1384 5895; x_wconf 49' lang='lat' dir='ltr'><strong>fersus</strong></span> <span class='ocrx_word' id='word_1_853' title='bbox 1414 5829 1432 5870; x_wconf 85' lang='lat'><strong>:</strong></span> 
     </span>
    </p>
   </div>
   <div class='ocr_carea' id='block_1_114' title="bbox 1410 5892 1454 5907">
    <p class='ocr_par' dir='ltr' id='par_1_114' title="bbox 1410 5892 1454 5907">
     <span class='ocr_line' id='line_1_114' title="bbox 1410 5892 1454 5907; baseline 0 0"><span class='ocrx_word' id='word_1_854' title='bbox 1410 5892 1454 5907; x_wconf 60' lang='grc' dir='ltr'><strong><em>υ</em></strong></span> 
     </span>
    </p>
   </div>
   <div class='ocr_carea' id='block_1_115' title="bbox 2237 5814 3070 5906">
    <p class='ocr_par' dir='ltr' id='par_1_115' title="bbox 2237 5814 3070 5906">
     <span class='ocr_line' id='line_1_115' title="bbox 2237 5814 3070 5906; baseline 0.001 -34"><span class='ocrx_word' id='word_1_855' title='bbox 2237 5823 2362 5887; x_wconf 87' lang='lat' dir='ltr'><strong>post</strong></span> <span class='ocrx_word' id='word_1_856' title='bbox 2390 5817 2487 5906; x_wconf 67' lang='lat' dir='ltr'><strong>ait,</strong></span> <span class='ocrx_word' id='word_1_857' title='bbox 2522 5815 2607 5885; x_wconf 82' lang='grc' dir='ltr'>ἐφ’</span> <span class='ocrx_word' id='word_1_858' title='bbox 2643 5814 2848 5898; x_wconf 54' lang='grc' dir='ltr'>ὑψηλοῦ</span> <span class='ocrx_word' id='word_1_859' title='bbox 2882 5818 3070 5874; x_wconf 80' lang='grc' dir='ltr'>τόπου.</span> 
     </span>
    </p>
   </div>
  </div>
