4036 6218
461 230 599 294 1159

1872 220 2215 281 ANONYMI

3615 212 3815 274 1160

3498 364 3791 382 -ῃ

1556 530 2059 607 AUCTORIS
2133 530 2601 606 ANHNYMI

1191 702 1299 763 QU
1350 702 1668 753 CREDITL’R
1696 702 1848 751 ESSE
1873 701 2257 753 FRANCISCUS
2301 701 2632 751 PATRICIUS
2668 699 2967 750 DALMATA

858 876 1887 1030 EXPOSITIO
2033 875 3323 1032 ORACULORUM

1684 1146 2157 1203 IMPERATORIS
2212 1148 2459 1205 LEONIS

459 1302 553 1359 Uti
579 1319 646 1359 ea:
669 1302 851 1360 Grtcro
886 1304 940 1358 in
977 1302 1228 1357 Latinum
1252 1311 1301 1355 et
1333 1301 1601 1370 vulgarem
1634 1300 1834 1353 Italum
1867 1317 2157 1356 sermonem
2187 1304 2474 1367 translata,
2496 1317 2633 1354 anno
2664 1302 2820 1369 1596,
2861 1302 3061 1357 Brixiae
3094 1304 3147 1355 in
3181 1302 3345 1357 lucem
3378 1302 3759 1371 prodierunt.

800 1605 1299 1663 EPIGRAMMATA
1344 1605 1625 1662 FIGURAE
1664 1606 1706 1662 1.

454 1701 519 1755 Α.
556 1699 621 1773 In
666 1701 836 1773 medio
895 1704 1223 1773 geminorum
1278 1716 1578 1763 cori-orum,
1618 1708 1667 1752 et
1726 1699 2022 1752 volatilium

526 1771 842 1824 absumeris.

458 1836 517 1893 Β.
551 1837 619 1892 Et
660 1838 950 1893 linearibus
1001 1839 1186 1909 ﬁguris
1232 1848 1421 1892 notans
1461 1847 1661 1904 tempus
1710 1836 1899 1906 quibus
1946 1852 2027 1889 re-

524 1908 755 1963 manebit
786 1910 1097 1976 patrimonii
1131 1909 1275 1975 ﬁnis,
1300 1924 1439 1961 ursa:
1464 1918 1637 1959 autem
1677 1923 1885 1959 eversor
1918 1922 2027 1959 ser-

522 1992 649 2058 pens
698 1979 858 2031 miser
887 1979 1033 2033 solus
1087 1994 1104 2031 :
1151 1994 1181 2031 o
1232 1977 1442 2045 quando
1473 1977 1637 2045 {ueris
1690 1992 1810 2029 esca
1847 1977 2029 2029 imma-

527 2061 672 2098 nium
706 2062 1003 2100 corvorum.

448 2113 518 2168 (ἶ.
552 2113 798 2183 Secunda
830 2118 1004 2182 proles
1045 2115 1155 2168 alia
1185 2114 1380 2176 bellua,
1407 2115 1726 2183 supinusque
1769 2114 1837 2167 ad
1861 2114 2024 2167 meri-

518 2182 661 2235 diem
685 2198 916 2252 serpens.
969 2186 1188 2252 supinus
1238 2185 1411 2253 nigro,
1441 2194 1489 2237 et
1524 2182 1672 2253 niger
1714 2193 1876 2248 totus,
1914 2185 2028 2253 luce

516 2253 692 2322 corvis
719 2251 1003 2307 crudeliter
1033 2251 1319 2320 adempta}
1356 2251 1780 2322 Etenim‘qenusf
1811 2268 1875 2307 ea:
1914 2251 2026 2307 an

526 2320 741 2389 familia
766 2323 962 2391 infame
981 2323 1175 2377 ducens
1209 2323 1500 2376 miserabili
1527 2320 1695 2375 clade.
1742 2321 1810 2375 Te
1851 2323 2026 2391 ipsum

519 2406 632 2445 una
663 2407 778 2446 cum
820 2395 1031 2447 civitate
1060 2393 1267 2462 perdes,
1297 2401 1347 2446 et
1380 2393 1457 2446 tui
1503 2394 1728 2462 gemitus
1779 2402 1936 2446 testas
1978 2401 2026 2446 et

523 2475 631 2517 κν.

1026 2551 1460 2609 EXPOSITIO.

520 2660 656 2718 Cum
714 2664 1043 2734 signiﬁcatio
1102 2665 1377 2735 serpentis
1420 2666 1478 2720 in
1531 2664 1767 2717 maxima
1802 2677 2027 2718 venera-

456 2754 602 2809 tione
666 2755 855 2808 habita
900 2755 1069 2809 fuerit
1123 2755 1269 2822 apud
1333 2757 1589 2821 antiquos
1642 2754 1944 2819 Romanos,
1974 2764 2028 2808 et

452 2850 640 2911 postea
677 2845 822 2911 apud
880 2843 1122 2908 Graecos,
1175 2851 1229 2896 et
1269 2841 1604 2911 Egyptios;
1645 2844 1902 2911 quoniam
1931 2858 2031 2911 pro

453 2941 711 3002 serpente
758 2934 852 2987 illo
886 2934 1262 3003 intelligebant
1292 2933 1455 2987 deum
1485 2931 1867 3002 [Esculapium
1901 2932 2031 3002 Epi-

451 3027 685 3081 duurum
718 3042 733 3080 :
762 3026 883 3081 ideo
914 3024 1087 3080 Graeci
1122 3025 1226 3079 sub
1254 3031 1505 3093 serpente
1544 3024 1749 3077 coloris
1795 3022 2026 3077 subﬂavi

450 3116 692 3189 depicta,
754 3131 944 3172 eorum
1003 3114 1305 3171 dominium
1366 3114 1655 3170 ostendere
1714 3114 2027 3180 voluerunt,

451 3205 616 3262 sicuti
668 3203 770 3261 sub
821 3205 1005 3276 aquila
1068 3204 1371 3260 Romanum
1431 3204 1719 3274 imperium
1786 3204 2028 3259 ostendi-

453 3305 567 3361 tur,
607 3304 664 3352 et
686 3297 790 3352 sub
817 3297 992 3353 tribus
1019 3296 1164 3352 Iunis
1202 3295 1502 3349 Turcarum
1537 3296 1849 3365 imperium,
1882 3296 2029 3366 quod

451 3396 539 3444 est
568 3386 803 3457 primum
839 3387 1056 3457 signum
1092 3388 1277 3457 magni
1310 3384 1615 3442 Sulthanis.
1640 3385 1871 3455 Propter
1901 3386 2024 3452 hoc,

453 3479 510 3533 in
543 3480 719 3549 prima
755 3477 926 3547 ﬁgura
958 3477 1048 3531 ubi
1072 3476 1339 3546 aspicitur
1379 3491 1630 3545 serpens,
1690 3475 2031 3546 signiﬁcatur

453 3568 659 3624 Graecia
689 3567 905 3632 amicta,
940 3582 1062 3638 qua:
1088 3577 1210 3636 post
1242 3566 1478 3621 Leonem
1511 3566 1899 3635 Philosophum
1930 3567 2032 3621 im-

454 3669 762 3731 peratorem
817 3659 1491 3728 Cunstautinopolitanum
1548 3658 1703 3713 valde
1754 3658 1857 3713 luit
1911 3667 2028 3712 tur-

453 3753 604 3818 bata,
638 3759 692 3806 et
734 3752 803 3806 ab
847 3751 1185 3817 internis,et
1242 3750 1312 3805 ab
1358 3749 1624 3815 externis,
1655 3756 1709 3804 et
1741 3764 1771 3803 a
1814 3749 2025 3814 vicinis,

452 3852 508 3896 et
535 3840 639 3895 hoc
675 3855 771 3911 per
794 3856 971 3906 annos
1006 3848 1314 3897 trecentum
1340 3848 1398 3895 et
1430 3848 1563 3905 tres,
1584 3840 1638 3893 id
1659 3850 1765 3903 est,
1790 3840 1859 3895 ab
1884 3854 2028 3894 anno

456 3932 939 4003 noningentesimo
982 3940 1036 3986 et
1065 3933 1258 4002 quinto
1287 3948 1316 3985 a
1343 3932 1564 3987 Christo
1594 3943 1724 3985 nato
1758 3948 1930 4002 usque
1960 3932 2027 3987 ad

456 4023 811 4079 millesimum
846 4023 1283 4078 ducentesimum
1324 4032 1601 4086 octavum,
1622 4039 1731 4093 quo
1761 4032 2027 4092 tempore,

456 4124 520 4168 ut
547 4112 743 4168 recitat
773 4108 1062 4182 Egnatius,
1091 4111 1243 4167 fuere
1270 4113 1495 4184 triginta
1534 4114 1912 4183 imperatores,
1946 4114 2031 4167 in-

456 4203 711 4274 cipiendo
739 4202 810 4259 ab
849 4206 972 4273 ipso
999 4202 1183 4259 Leone
1208 4219 1382 4270 usque
1425 4205 1491 4258 ad
1524 4204 1862 4258 Murcitllum
1898 4204 2025 4257 ulti-

457 4308 607 4349 tnum
662 4291 911 4351 Graecum
975 4294 1392 4364 imperatorem,
1460 4294 1516 4349 in
1593 4295 1753 4349 tertia
1816 4294 2028 4364 imperii

460 4387 788 4455 mutatione,
813 4386 939 4441 dico
968 4387 1128 4441 tertia
1164 4387 1496 4451 mutatione;
1524 4387 1651 4456 quia
1679 4387 1849 4456 prima
1878 4386 2029 4441 Grae-

456 4489 649 4529 corum
674 4474 803 4541 luit,
836 4475 1054 4544 quando
1084 4476 1393 4530 Alexander
1424 4475 1650 4546 Magnus
1699 4476 1751 4529 in
1793 4491 1887 4531 eos
1932 4477 2029 4531 de-

456 4566 582 4621 tulit
620 4566 906 4636 imperium
956 4581 1101 4621 auito
1148 4567 1534 4622 trecentesimo
1580 4562 1844 4622 vicesimo
1875 4576 2030 4621 sexto

458 4668 587 4714 ante
613 4657 894 4714 Christum
921 4670 1142 4722 natum,
1184 4657 1328 4712 unde
1368 4660 1603 4712 mutatio
1628 4659 1731 4713 ista
1768 4675 1873 4713 una
1903 4674 2029 4714 cum

459 4747 682 4804 nomine
711 4747 984 4817 imperiali
1015 4761 1191 4817 usque
1220 4746 1286 4800 ad
1317 4754 1545 4800 mortem
1569 4746 1801 4817 Philippi
1834 4750 2033 4817 perdu-

459 4837 625 4904 ravit,
654 4838 909 4893 videlicet
927 4851 1028 4907 per
1072 4850 1246 4890 annos
1286 4834 1582 4889 ducentum
1626 4838 1848 4905 triginta
1871 4839 2031 4908 quin-

458 4942 591 4997 que,
632 4942 746 5000 quo
786 4936 1032 4997 tempore
1084 4926 1251 4993 carpit
1290 4926 1531 4980 secunda
1573 4926 1869 4995 imperialis
1914 4946 2033 4983 mu-

457 5019 596 5075 latio
684 5018 789 5074 sub
851 5015 1227 5072 liomanorum
1285 5016 1564 5083 dominio;
1616 5031 1727 5087 quo
1785 5026 2034 5089 tempore

459 5108 690 5181 Iagnus
736 5107 1136 5164 Constantinus
1170 5106 1491 5177 Byzantium
1533 5108 1815 5161 transtulit
1855 5110 2029 5179 impe-

465 5203 606 5255 rium
636 5199 966 5265 Romanum,
988 5206 1046 5252 et
1077 5198 1145 5251 ab
1171 5198 1289 5268 ipso
1323 5198 1518 5253 civitas
1564 5197 1711 5252 dicta
1750 5199 1851 5254 fuit
1887 5200 2034 5256 Con-

460 5292 849 5364 stantinopolis
874 5308 891 5357 ;
918 5289 1291 5362 perseveravit
1338 5289 1483 5344 istud
1520 5288 1828 5346 Romanum
1865 5293 2034 5364 impe-

461 5382 624 5445 rium,
682 5382 826 5453 quod
881 5381 1100 5437 tenebat
1146 5380 1372 5452 gradum
1420 5381 1744 5437 orientalem
1783 5391 1837 5437 et
1885 5386 2031 5439 occi~

460 5472 734 5527 dentalem
762 5489 937 5546 usque
963 5472 1030 5527 ad
1071 5471 1443 5527 Theodosium
1474 5475 1879 5543 imperatorem,
1915 5486 2034 5546 post

2057 1612 2101 1667 Α
2132 1608 2517 1660 trecentesimo
2543 1605 2900 1673 nonagesimo
2939 1613 3170 1672 octavo;
3207 1607 3276 1661 ob
3304 1607 3355 1661 id
3388 1616 3592 1676 postea
3636 1609 3762 1663 iiu-

2138 1708 2421 1768 peratores
2451 1696 3047 1764 Constantinopolitani
3086 1698 3259 1752 vocati
3292 1707 3421 1752 sunt
3450 1696 3754 1757 Orienta-

2136 1788 2236 1853 les,
2282 1788 2513 1841 Romani
2569 1801 2697 1841 vero
2758 1785 3161 1849 Occidentales,
3210 1788 3300 1855 qui
3346 1803 3443 1857 per
3496 1787 3757 1856 aliquod

2138 1887 2355 1945 tempus
2382 1882 2675 1930 cessarunt
2705 1882 2929 1943 prepter
2965 1873 3264 1928 Gothorum
3296 1874 3641 1939 adventum,
3682 1885 3747 1929 et

2137 1968 2427 2037 imperium
2475 1969 2525 2020 in
2574 1966 2806 2021 Galliam
2842 1966 2943 2018 fuit
2972 1965 3210 2019 delatum
3245 1966 3439 2021 Carolo
3475 1966 3749 2037 Magno;

2134 2069 2190 2113 et
2236 2060 2316 2113 sic
2367 2074 2543 2127 usque
2596 2057 2662 2110 ad
2721 2058 2975 2111 Carolum
3024 2057 3277 2127 Magnum
3322 2058 3635 2126 imperavit
3691 2061 3751 2113 in

2136 2147 2411 2202 Orientem
2433 2155 2551 2213 post
2570 2146 2936 2200 Theodosium
2965 2146 3235 2213 juniorem
3252 2145 3741 2211 1Valentinianus,

2139 2244 2334 2297 tertius
2363 2240 2559 2295 deinde
2599 2237 2820 2292 Flavius
2856 2236 3107 2292 Valerius
3149 2237 3474 2302 Martianus,
3520 2239 3584 2292 in
3627 2256 3745 2309 quo

2136 2334 2299 2389 desiit
2330 2334 2623 2402 imperium
2648 2330 2778 2394 CP.,
2805 2331 2935 2401 quia
2978 2342 3095 2400 post
3132 2330 3468 2384 Martianum
3505 2341 3739 2387 creatus

2134 2436 2218 2481 est
2267 2425 2380 2480 Leo
2439 2425 2652 2496 primus
2700 2423 2768 2478 de
2820 2424 2989 2491 stirpe
3023 2421 3245 2488 Graeca;
3297 2422 3447 2476 unde
3491 2426 3726 2479 mutatio

2138 2518 2526 2586 imperatorum
2559 2514 2916 2573 Orientalium
2948 2513 3319 2566 Romanorum
3346 2514 3402 2566 in
3446 2515 3709 2568 Martiano

2134 2607 2318 2671 desiit,
2350 2615 2403 2660 et
2428 2606 2529 2659 huc
2561 2613 2723 2675 pacto
2759 2605 2924 2672 coepit
2955 2605 3110 2656 tertia
3141 2603 3377 2655 mutatio
3413 2603 3715 2672 imperia!“

2139 2697 2191 2749 in
2251 2695 2445 2750 Graeco
2495 2695 2762 2765 sanguine
2814 2694 2956 2747 circa
3000 2707 3207 2744 annum
3251 2692 3726 2763 quadringentesi~

2139 2799 2284 2837 mum
2332 2785 2732 2851 sexagesimum
2778 2783 2830 2834 in
2864 2780 3042 2834 Leone
3074 2780 3275 2850 primo,
3312 2791 3367 2835 et
3396 2784 3477 2837 sic
3502 2800 3602 2853 per
3643 2785 3729 2837 ri-

2135 2875 2269 2940 ginti
2301 2873 2544 2942 quinque
2597 2873 2952 2942 imperatores
3002 2872 3058 2924 in
3121 2869 3449 2942 Nicephoro,
3509 2875 3566 2927 id
3613 2885 3721 2937 est,

2065 2953 2107 3007 Β
2140 2973 2263 3035 post
2292 2965 2506 3033 imperii
2535 2963 2949 3016 translationem
2997 2963 3051 3015 in
3093 2962 3356 3029 Galliam;
3390 2965 3487 3019 sed
3520 2976 3715 3019 secuta

2136 3063 2220 3109 est
2264 3056 2427 3107 etiam
2481 3066 2603 3122 post
2654 3052 3015 3122 Nicephorum
3060 3053 3218 3106 tertia
3268 3055 3375 3107 haec
3403 3056 3715 3122 imperialis

2132 3145 2318 3199 Grzrca
2349 3145 2579 3198 mutatio
2620 3159 2795 3213 usque
2820 3144 2887 3198 ad
2917 3143 3229 3198 Murcililum
3248 3145 3572 3211 (secundum
3598 3147 3710 3201 ali-

2134 3235 2299 3302 quos)
2334 3233 2733 3302 sexagesimum
2769 3233 3142 3301 imperatorem
3171 3230 3322 3298 huius
3352 3231 3523 3283 tertiae
3556 3249 3693 3283 ηηι-

2132 3322 2358 3376 tationis
2387 3325 2442 3375 in
2474 3321 2741 3391 sanguine
2766 3321 2977 3387 Graeco,
3012 3329 3067 3375 et
3091 3321 3144 3374 in
3170 3319 3283 3388 ipso
3311 3318 3465 3371 desiit
3490 3318 3679 3387 stirpis

2130 3412 2330 3466 Graecas
2364 3412 2654 3480 imperium
2682 3427 2695 3475 ;
2727 3411 2872 3465 unde
2902 3410 3191 3479 hucusque
3240 3407 3540 3463 ostenditur
3584 3408 3694 3462 im-

2130 3503 2339 3573 perium
2364 3500 2612 3553 Grmeum
2647 3501 2748 3555 sub
2779 3502 2948 3569 ﬁgura
2992 3500 3264 3569 serpentis
3308 3499 3382 3567 (et
3434 3506 3698 3566 quantum

2130 3602 2247 3648 erat
2287 3591 2636 3663 duraturum)
2693 3592 2787 3661 qui
2832 3608 2861 3644 a
2902 3591 3117 3646 duobus
3170 3588 3478 3643 volatilibus
3526 3602 3701 3642 caecus

2129 3684 2397 3738 redditur.
2443 3685 2673 3750 PrOpter
2728 3682 2833 3736 huc
2896 3682 3027 3736 dicit
3103 3681 3451 3751 Epigramma
3510 3680 3601 3734 A:
3638 3679 3699 3733 In

2130 3777 2303 3831 medio
2330 3776 2657 3846 geminorum
2709 3790 2983 3827 corvorum
3034 3784 3081 3827 et
3130 3774 3427 3828 volatilium
3468 3771 3698 3825 absume-

2130 3870 2205 3922 ris
2232 3884 2251 3921 :
2280 3869 2438 3938 quasi
2470 3865 2617 3920 dicat
2646 3881 2659 3917 :
2693 3864 2737 3920 Ο
2775 3865 3060 3935 imperium
3098 3864 3371 3930 Grazcum,
3407 3864 3696 3937 absumeris

2132 3959 2278 4012 inter
2332 3958 2473 4012 duos
2526 3972 2745 4022 corvos,
2787 3965 2880 4011 aut
2918 3957 3204 4022 volatiles;
3233 3955 3286 4008 id
3337 3965 3446 4021 est,
3493 3955 3688 4009 alienos

2137 4055 2454 4117 potentatus
2487 4045 2579 4112 qui
2630 4053 2681 4099 te
2727 4044 3032 4114 expellent;
3088 4050 3143 4098 et
3193 4044 3269 4096 ita
3329 4042 3563 4113 Egyptii
3609 4056 3696 4112 per

2135 4149 2362 4187 corvum
2423 4132 2795 4202 intelligebant
2848 4130 3105 4185 infamem
3154 4131 3556 4201 expulsionem,
3617 4132 3698 4183 in-

2133 4226 2272 4293 quit,
2292 4210 2449 4293 quod
2479 4222 2729 4293 expulsio
2767 4222 2872 4277 erit
2927 4223 3162 4276 duorum
3190 4236 3480 4276 corvorum
3507 4239 3522 4273 :
3548 4230 3597 4274 et
3626 4221 3697 4273 ita

2134 4315 2234 4368 fuit
2270 4331 2286 4378 ;
2322 4313 2580 4382 quoniam
2636 4312 2773 4366 alter
2824 4327 3013 4367 eorum
3072 4312 3174 4366 fuit
3223 4311 3563 4374 Murcililus,
3608 4310 3696 4381 qui

2135 4405 2368 4460 credens
2401 4403 2653 4459 Grmcum
2690 4404 2979 4472 imperium
3010 4418 3305 4472 occupare,
3344 4402 3584 4455 Alexium
3609 4401 3701 4468 ju-

2133 4510 2325 4551 venem
2409 4496 2793 4564 imperatorem
2872 4496 3104 4560 occidit;
3183 4495 3276 4551 scd
3349 4495 3464 4563 ipse
3522 4494 3695 4546 statim

2133 4598 2330 4660 captus
2376 4587 2475 4640 fuit
2525 4602 2555 4639 a
2584 4586 2801 4640 Venetis
2827 4594 2881 4640 et
2914 4586 3107 4650 Gallis,
3148 4596 3203 4639 et
3252 4584 3567 4655 Byzantium
3598 4582 3695 4636 du-

2132 4691 2277 4744 ctus,
2336 4681 2506 4733 variis
2557 4678 2894 4733 cruciatibus
2956 4687 3240 4743 mortuus,
3299 4686 3355 4732 et
3413 4676 3700 4745 castigatus

2132 4769 2347 4823 acerbe.
2381 4765 2488 4821 Sed
2516 4767 2749 4819 'interim
2796 4765 2943 4835 quod
2978 4767 3287 4821 Murcililus
3332 4766 3512 4834 fugam
3547 4780 3701 4833 cepe-

2133 4869 2238 4925 rat,
2270 4874 2399 4915 ecce
2433 4858 2716 4914 secundus
2738 4872 2964 4923 corvus,
2995 4857 3048 4912 id
3088 4866 3193 4921 est,
3229 4856 3532 4911 Balduiuus
3551 4853 3701 4907 Flau-

2134 4954 2267 5009 dria:
2296 4967 2503 5018 comes,
2554 4952 2646 5022 qui
2683 4951 2989 5007 dominium
3020 4959 3075 5004 et
3119 4952 3306 5005 urbem
3340 4950 3504 5019 cepit,
3534 4958 3585 5002 et
3621 4949 3698 5001 sic

2136 5044 2239 5099 fuit
2268 5044 2566 5114 imperator
2594 5050 2837 5106 creatus,
2880 5050 2939 5095 ut
2968 5041 3100 5097 dicit
3129 5040 3417 5110 Egnatius,
3446 5050 3498 5094 et
3521 5039 3632 5092 alii.

2466 5171 2970 5228 EPIGRAMMATA
3008 5170 3293 5227 FIGURAE
3334 5170 3401 5227 ll.

2135 5290 2200 5341 Α.
2235 5284 2460 5355 Duplex,
2512 5284 2720 5349 triplex,
2772 5285 2963 5339 etenim
3010 5286 3123 5338 avis
3165 5299 3318 5338 eaues
3378 5278 3702 5348 crucigerula

2204 5358 2313 5409 avis
2342 5371 2601 5425 equusque
2635 5371 2818 5408 rursus
2854 5356 3111 5424 corniger.

2138 5444 2197 5497 Β.
2233 5440 2521 5517 Maximus,
2576 5444 2853 5513 aviumque
2886 5460 3002 5517 rex
3033 5445 3212 5517 Asolus,
3250 5437 3334 5494 hic
3373 5448 3522 5517 certe.
3562 5440 3699 5491 acci-

2208 5516 2354 5583 piens
2414 5529 2650 5581 regnum,
2701 5530 2727 5566 e
2768 5511 2984 5567 meridie
3023 5514 3077 5566 in
3125 5529 3256 5581 equo
3298 5511 3545 5579 quieverit
3574 5524 3698 5583 eor-

461 5578 626 5634 quem
645 5566 882 5621 divisum
914 5565 1018 5619 fuit
1049 5565 1335 5634 imperium
1365 5562 1690 5630 Romanum,
1719 5575 1773 5622 et
1801 5567 2029 5624 Arcadio

2208 5562 2408 5665 iugero,
2457 5562 2559 5637 riuo
2609 5562 2714 5648 die,
2768 5584 2939 5639 sidere
2962 5584 3067 5639 diei
3101 5562 3436 5651 peicenseiite
3477 5580 3691 5632 medium

459 5658 649 5712 datum
695 5654 798 5709 fuit
846 5658 1133 5723 orientale,
1168 5667 1219 5710 et
1260 5656 1457 5714 divisio
1509 5659 1620 5713 haec
1672 5658 1770 5712 fuit
1804 5661 1859 5715 in
1889 5676 2030 5714 anno

2209 5654 2335 5723 poli.
