3964 6206
213 346 343 408 1161

1158 337 1510 398 ORACULO
1522 336 1685 396 {1U}!
1733 334 2007 395 LEONIS
2086 334 2511 394 EXPOSITIO.

3338 339 3470 404 1162

209 459 270 512 C.
317 454 543 508 Monade
587 450 814 517 duplicis
858 445 1260 516 appellationis,
1311 444 1426 498 sola
1471 444 1645 511 prima
1700 458 1783 493 ra.
1818 445 1867 502 Α
1902 451 2083 497 ratore
2140 450 2266 512 post
2296 441 2616 497 Michaelem
2665 441 3026 515 Palmologum
3070 443 3469 503 Viterbiensem

279 527 464 578 mentis
519 535 880 580 numerorum,
920 526 1417 584 postero-tempore,
1458 522 1514 565 ut
1567 522 1616 567 et
1648 518 1785 584 bona

276 611 399 662 pars
458 581 1019 662 temporisuexsistis,
1094 581 1309 662 quando
1361 581 1811 662 tenebis_crucis

280 653 573 729 imaginem"
619 658 867 716 mediam,
921 664 971 710 et
1014 653 1196 707 audax
1233 670 1405 729 fragm
1454 653 1700 711 maxime.
1738 658 1789 729 et

277 717 416 786 celei:
436 748 511 795 es,
540 740 589 784 et
620 728 687 782 ad
718 728 851 781 bella
884 737 1180 795 promptus.
1222 717 1267 776 0
1300 723 1467 795 Byste
1496 738 1676 790 genus,
1699 717 1790 773 sed

278 801 345 856 ad
381 792 673 856 exirentunt
706 792 914 850 occasio
943 795 1103 863 fama:
1133 794 1339 846 lucrum
1363 792 1544 860 faciet.

799 882 1222 939 EXP'OSITIO.

280 984 475 1055 Aquila
516 997 641 1036 cum
679 995 842 1032 cruce
871 992 1071 1030 novum
1110 976 1495 1044 imperatorem
1539 972 1785 1035 denotat,

213 1075 266 1130 id
296 1082 401 1135 est,
436 1072 758 1126 Balduinum
802 1066 1204 1136 supradictum,
1245 1065 1335 1133 qui
1387 1065 1535 1117 circa
1586 1075 1788 1115 annum

212 1164 560 1220 millesimum
609 1158 1053 1213 ducentesimum
1099 1166 1376 1217 octavum,
1428 1152 1638 1207 auxilio
1687 1149 1793 1205 Vc-

214 1268 465 1311 uetorum
499 1261 553 1307 et
584 1250 863 1306 Gallorum
898 1255 1119 1301 creatus
1162 1255 1247 1299 est
1303 1244 1449 1298 illius
1482 1243 1586 1296 loci
1620 1243 1791 1310 impe-

215 1353 384 1408 rator,
435 1341 693 1413 quoniam
727 1340 871 1393 inter
922 1339 1071 1407 ipsos
1120 1335 1225 1390 fuit
1275 1342 1518 1405 paetum,
1561 1332 1607 1386 si
1650 1330 1791 1384 Galli

214 1441 469 1491 crearent
535 1432 824 1485 Dominum
876 1427 1256 1497 temporalem,
1303 1425 1492 1480 Veneti
1540 1429 1791 1477 crearent

216 1526 502 1580 Dominum
550 1520 927 1592 spiritualem;
975 1519 1121 1572 unde
1169 1516 1309 1571 Galli
1369 1523 1629 1569 crearunt
1670 1511 1794 1564 Bal-

214 1618 445 1671 duinum
480 1629 543 1669 ex
586 1612 865 1669 Gallorum
896 1610 1066 1680 stirpe
1112 1609 1494 1679 imperatorem
1524 1606 1795 1661 Constan-

215 1708 657 1778 tinopolitanum,
700 1704 889 1759 Veneti
919 1718 1047 1757 vero
1089 1701 1357 1756 Thomam
1406 1700 1792 1753 Maurocenum

216 1799 363 1853 illius
410 1796 651 1850 civitatis
703 1794 1076 1864 patriarcham
1134 1792 1404 1847 iecerunt.
1455 1790 1562 1843 Ista
1623 1789 1792 1858 ﬁgura
1825 1784 1867 1837 Β

214 1890 452 1944 ostendit
475 1897 690 1958 tempus
718 1887 880 1955 hujus
908 1885 1121 1955 imperii
1177 1885 1229 1938 in
1265 1893 1492 1938 externa
1521 1881 1689 1950 stirpe
1738 1879 1792 1933 iu

217 1980 324 2035 illis
368 1979 548 2034 verbis
596 1978 1007 2047 epigrammatis
1037 1976 1101 2035 Α.
1136 1975 1334 2044 duplex
1383 1973 1599 2042 triplex,
1632 1980 1785 2035 etc.;

217 2073 370 2142 quasi
395 2072 577 2127 dicere
614 2072 761 2134 velit,
793 2070 995 2138 duplex
1034 2068 1249 2137 triplex,
1286 2066 1388 2121 bo:
1419 2074 1526 2129 est,
1561 2079 1654 2119 sex
1694 2065 1797 2116 itu-

220 2173 500 2232 peratores
527 2176 651 2215 cum
690 2162 849 2229 signo
881 2160 1077 2229 aquilae
1117 2173 1338 2213 crucem
1371 2158 1596 2212 ferentis
1633 2162 1797 2211 erunt

219 2256 272 2309 in
309 2253 559 2323 imperio.
600 2250 666 2305 Et
715 2253 789 2306 ita
838 2250 961 2315 l'uit,
999 2250 1261 2321 quoniam
1314 2252 1417 2304 sub
1461 2249 1645 2319 aquila
1691 2250 1795 2302 ista

219 2346 580 2416 crucigerula,
604 2359 725 2414 quae
757 2359 851 2398 sex
884 2357 1094 2413 pennas
1147 2342 1287 2413 gerit
1317 2344 1370 2396 in
1421 2342 1580 2404 collo,
1612 2350 1797 2395 osten-

218 2440 421 2491 duntur
447 2451 542 2491 sex
573 2437 953 2504 imperatores,
1007 2433 1059 2487 id
1111 2443 1216 2496 est,
1254 2432 1576 2498 Balduinus,
1605 2430 1799 2485 Henri-

217 2544 336 2593 cus,
372 2528 589 2591 Petrus,
637 2528 933 2591 ltuhertus,
981 2533 1035 2579 et
1071 2522 1308 2578 Joannes
1351 2525 1623 2579 Brenuius
1650 2531 1799 2577 tutor

217 2633 342 2673 cum
378 2619 646 2673 Balduino
682 2617 984 2672 secundum
1030 2616 1343 2678 nonnullos,
1387 2624 1442 2670 et
1471 2616 1563 2685 qui
1602 2626 1789 2684 postea

220 2706 515 2757 suceedere
540 2704 785 2767 deberet,
818 2704 1033 2755 videtur
1071 2704 1125 2754 in
1163 2705 1558 2770 epigrammate
1598 2703 1661 2767 Β,
1692 2704 1785 2756 ubi

221 2792 424 2846 dicitur
454 2808 467 2844 :
502 2787 775 2841 Maximus
827 2793 1100 2855 aviumque
1137 2806 1231 2844 rea:
1264 2791 1433 2853 solus,
1463 2804 1595 2857 etc.;
1638 2794 1797 2862 quasi

218 2881 406 2937 dicere
440 2879 571 2933 velit
608 2896 620 2932 :
666 2875 893 2946 Magnus
921 2884 974 2929 et
1010 2876 1163 2929 solus
1198 2876 1377 2927 avium
1414 2889 1510 2928 rex
1544 2882 1646 2933 erit
1686 2883 1796 2945 ille,

220 2972 311 3043 qui
341 2971 523 3042 capiet
554 2969 860 3024 dominium
886 2966 1159 3031 Graecum,
1210 2965 1306 3020 sed
1360 2973 1642 3020 transacto
1681 2980 1798 3018 me-

218 3063 381 3127 ridie,
424 3061 477 3116 id
500 3070 603 3126 est,
635 3077 730 3131 per
762 3060 908 3115 aliud
964 3074 1190 3130 parvum
1220 3068 1436 3127 tempus
1469 3060 1711 3126 quiescet
1743 3056 1797 3109 in

222 3169 365 3225 equo
385 3153 689 3222 cornigero,
723 3159 777 3206 et
812 3152 884 3205 ita
936 3150 1062 3214 fuit,
1092 3149 1351 3216 quoniam
1386 3148 1581 3219 Aquila
1611 3163 1796 3204 cessa-
1821 3120 1868 3183 ο

224 3246 300 3299 vit
327 3246 382 3299 in
410 3242 678 3298 Balduino
702 3242 967 3297 secundo.

528 3347 1031 3406 EPIGRAMMATA
1086 3348 1249 3403 FIGU
1261 3348 1374 3402 [UE
1417 3347 1503 3402 lll.

222 3467 284 3519 Α.
312 3462 606 3519 Sultltanus
634 3459 1003 3526 Mecltemetes,
1048 3461 1093 3515 is
1147 3461 1239 3531 qui
1273 3459 1799 3529 Constantinopolim

291 3546 547 3601 capturus
571 3542 669 3585 est.

222 3606 283 3656 B.
327 3601 396 3657 In
451 3603 577 3655 locis
629 3600 881 3662 humidis,
914 3610 963 3654 et
1010 3611 1203 3667 prwter
1249 3616 1391 3669 spem
1439 3602 1635 3667 cades;
1662 3602 1715 3654 in
1748 3609 1796 3654 te

292 3674 431 3725 enim
476 3673 685 3725 initium
717 3681 764 3724 et
797 3671 915 3739 finis
947 3687 1109 3724 cornu
1139 3680 1237 3726 est.

219 3742 283 3797 C.
317 3742 483 3796 Fama
528 3743 801 3810 vulgatum
824 3749 922 3801 est,
958 3741 1094 3809 quod
1129 3757 1279 3794 aures
1322 3739 1519 3805 habes;
1553 3751 1599 3795 et
1623 3741 1799 3794 [tinnis

293 3813 427 3865 citra
454 3828 689 3865 amorem
725 3810 1072 3875 habenarum,
1112 3812 1165 3863 id
1197 3822 1293 3877 est,
1323 3812 1521 3866 laxatis
1553 3811 1795 3866 habenis.

795 3890 1218 3957 EXPOSITIO.

293 3991 592 4047 Videbatur
620 3990 766 4061 quod
793 3991 1002 4047 Gra'eia
1036 3992 1350 4063 relinquens
1371 3991 1672 4047 dominium
1704 4008 1800 4047 ex-

217 4095 438 4141 ternum
471 4084 681 4154 Aquilae
722 4084 777 4138 in
808 4082 1077 4138 Balduino
1126 4087 1387 4148 secundo.
1422 4092 1475 4139 et
1515 4086 1682 4139 alium
1708 4101 1801 4139 uo-

218 4190 349 4227 vutn
393 4181 447 4227 et
478 4173 738 4237 nativum.
773 4174 1050 4244 accipiens
1100 4174 1404 4230 dominium
1437 4175 1490 4229 in
1542 4173 1801 4230 Michaele

218 4264 526 4334 Palaeologo
555 4263 671 4333 (sed
701 4264 1029 4319 intermedio
1066 4266 1337 4333 imperiali
1375 4269 1676 4322 secundum
1700 4268 1800 4321 ali-

222 4372 365 4426 quos
394 4356 593 4421 Alexii,
650 4356 864 4425 Angeli,
930 4354 1433 4423 Theodorilascori,
1467 4369 1521 4413 et
1569 4356 1799 4414 Joannis

1892 550 2036 589 anno
2067 534 2279 590 Domini
2307 535 2602 590 millesimo
2639 535 3176 606 quadringentesimo
3200 540 3472 611 quinqua-

1893 627 2101 697 gesimo
2132 628 2314 691 tertio,
2348 635 2402 681 et
2444 626 2548 680 ista
2582 627 2952 695 perseverabit
2981 644 3078 697 per
3124 640 3329 699 septem
3365 631 3470 684 im-

1889 724 2173 787 peratores
2205 715 2638 769 Mauemetauos.
2673 716 2959 782 Quomodo
2992 726 3171 770 autem
3206 734 3470 784 pervene-

1890 811 1962 864 rit
2008 810 2291 880 imperium
2333 810 2480 866 istud
2536 810 2587 864 in
2625 810 2949 875 Mechemet,
2979 811 3168 865 dicunt
3218 812 3470 866 Historiae

1891 902 2331 967 Ottomanorum,
2363 911 2417 957 et
2463 904 2790 967 Turearum,
2838 911 2892 957 et
2952 901 3286 962 Graecorum,
3321 902 3470 971 quod

1895 993 2119 1047 Michael
2155 993 2492 1065 Palatologus
2522 994 2742 1065 reliquit
2772 993 3171 1057 Andronicum,
3198 994 3287 1062 qui
3335 992 3470 1048 duos

1894 1087 2282 1151 tilioshahens,
2331 1086 2711 1156 Calojannem,
2765 1095 2817 1140 et
2870 1084 3302 1149 Emmanuelem,
3347 1084 3473 1137 reli-

1888 1179 2011 1253 quit
2050 1186 2285 1231 tutorem
2332 1175 2599 1231 Joannem
2648 1176 3111 1240 Cautacuzenum,
3163 1173 3254 1242 qui
3315 1173 3474 1229 Calo-

1889 1269 2042 1340 janni
2088 1269 2250 1323 tiliam
2287 1269 2341 1323 in
2387 1269 2791 1324 matrimonium
2847 1267 3135 1322 collocavit
3174 1283 3188 1329 ;
3224 1267 3319 1320 sed
3352 1275 3471 1320 orta

1895 1361 2244 1416 dissensione
2282 1363 2425 1417 inter
2455 1362 2894 1416 Cantacuzenum
2928 1367 2982 1413 et
3016 1374 3298 1430 generum,
3330 1358 3471 1412 Can-

1897 1461 2193 1508 tacuzenus
2240 1468 2500 1523 generum
2551 1453 2783 1522 expulit,
2835 1467 2893 1508 se
2950 1452 3335 1521 imperatorem
3385 1451 3469 1504 fa-

1895 1547 2080 1610 ciens;
2110 1551 2205 1602 sed
2228 1546 2556 1615 Calojannes
2604 1546 2656 1600 in
2708 1555 2908 1599 statum
2938 1545 3250 1607 restitutus,
3277 1540 3477 1598 Canta-

1896 1658 2163 1697 cuzenum
2197 1642 2445 1697 multavit
2471 1641 2686 1706 exsilio,
2716 1642 2805 1713 qui
2849 1657 2907 1696 se
2945 1640 3270 1695 monachum
3318 1638 3469 1693 fecit.

1900 1733 1997 1787 llic
2027 1732 2357 1801 Calojannes
2398 1733 2807 1787 Emmanuelem
2861 1730 3069 1798 habuit,
3111 1731 3200 1800 qui
3235 1736 3355 1799 post
3382 1743 3479 1798 pa-

1898 1833 2035 1879 trem
2096 1825 2272 1878 tenuit
2327 1825 2635 1893 imperium,
2679 1831 2732 1877 et
2794 1834 3001 1891 septem
3065 1821 3258 1876 habuit
3309 1820 3475 1881 ﬁlios.

1893 1912 2197 1976 Joannem,
2248 1911 2650 1975 Andronicum,
2718 1909 3103 1970 Theodorum.
3160 1909 3478 1962 Constanti-

1895 2018 2047 2061 num.
2072 2001 2424 2067 Demetrium,
2445 1999 2732 2063 Thomam,
2758 2010 2809 2051 et
2847 1997 3189 2053 Michaelem.
3211 1996 3480 2064 Tempore

1898 2094 2057 2149 istius
2084 2093 2454 2147 Emmanuelis
2483 2091 2831 2160 imperatoris
2867 2090 3065 2144 accidit
3088 2088 3231 2157 qttnd
3275 2087 3483 2144 Mt‘O'lC‘

1899 2201 2003 2242 met
2024 2186 2329 2241 Turcarum
2364 2184 2684 2255 imperator,
2725 2194 3006 2252 postquam
3032 2198 3061 2235 a
3095 2180 3315 2235 Venetis
3342 2180 3479 2234 mari

1898 2278 2212 2351 proﬂigatus
2262 2286 2432 2342 esset,
2484 2287 2534 2331 et
2582 2292 2701 2332 cum
2737 2275 2871 2345 ipsis
2911 2272 3107 2328 deinde
3159 2286 3342 2341 pacem
3384 2270 3482 2325 ha-

1897 2372 2071 2434 beret,
2101 2379 2211 2423 uta
2247 2368 2416 2424 fratre
2448 2366 2691 2422 Mustal‘ae
2725 2367 3131 2437 aggrederetur,
3164 2363 3255 2431 qui
3290 2372 3477 2429 postea

1903 2460 2217 2515 Salonieum
2287 2459 2550 2527 aufugit:
2598 2457 2742 2527 quod
2798 2455 3107 2525 intelligens
3159 2452 3477 2516 Mecbeutet.

1906 2569 2027 2608 cum
2067 2554 2313 2608 exercitu
2351 2551 2570 2621 petehat
2610 2548 2857 2603 Mustafa!
2887 2548 3344 2617 gubernatorem;
3383 2543 3479 2615 qui

1908 2660 2033 2699 cum
2064 2643 2401 2698 Emmanueli
2425 2641 2614 2696 Grazco
2646 2641 2964 2708 imperatori
2991 2640 3056 2694 de
3093 2640 3193 2692 hoc
3228 2637 3483 2706 scripsis-

1903 2743 2010 2797 set,
2046 2748 2367 2803 responsum
2425 2733 2546 2787 tulit
2586 2730 2937 2797 huiusmodi:
2976 2728 3118 2797 quod
3159 2727 3480 2781 Emmanuel

1904 2831 1958 2876 et
1992 2822 2351 2876 Mechemetes
2400 2819 2704 2873 concordes
2747 2821 2931 2883 fuere;
2979 2832 3033 2873 et
3079 2820 3330 2886 promisit
3369 2817 3485 2872 Mtt-

1907 2914 2103 2960 statam
2136 2925 2359 2962 carcere
2399 2911 2770 2972 detenturum,
2810 2910 2862 2962 in
2912 2924 3020 2979 quo
3054 2911 3351 2979 permansit
3400 2925 3485 2964 us-

1902 3011 2008 3065 que
2055 2998 2121 3050 ad
2169 3008 2398 3051 mortem
2434 2998 2787 3052 Mechemetis
2817 3001 3002 3068 primi.
3047 3000 3276 3068 Propter
3313 3002 3477 3055 istam

1902 3086 2213 3141 Graecorum
2274 3089 2543 3140 actionem
2598 3097 2807 3140 tantum
2861 3100 3051 3142 auctus
3093 3098 3175 3143 est
3215 3104 3368 3144 amor
3425 3090 3481 3145 lu

1908 3176 2311 3239 Mt-chemetem,
2345 3185 2403 3228 ut
2435 3175 2582 3229 omni
2616 3190 2806 3230 eorum
2838 3175 3089 3243 petitioni
3125 3179 3421 3233 assentiret
3457 3196 3473 3232 :

1902 3269 2046 3322 unde
2073 3276 2183 3321 tam
2214 3268 2373 3322 valde
2413 3266 2600 3321 ﬂoruit
2625 3265 2836 3321 Graecia
2860 3268 2912 3321 in
2942 3266 3029 3321 illa
3066 3269 3481 3337 tranquillitate.

1904 3367 1962 3411 ut
1994 3367 2250 3425 tanquam
2280 3373 2417 3410 nova
2441 3373 2642 3426 sponsa
2680 3357 2734 3411 in
2763 3358 2876 3412 otio
2898 3366 2952 3412 et
2976 3359 3159 3428 quiete
3190 3374 3479 3429 permane-

1902 3451 2008 3508 ret,
2051 3444 2156 3498 nisi
2204 3443 2522 3500 Emmanttel
2564 3443 2864 3515 imperator
2904 3445 3026 3500 (iliis
3064 3462 3286 3516 regnum
3339 3448 3481 3504 divi-

1901 3537 2085 3601 sisset,
2124 3551 2352 3606 quorum
2401 3535 2774 3594 dissensiones
2819 3554 2983 3594 causa
3014 3538 3173 3595 fuere
3203 3542 3481 3609 augmenti

1902 3629 2337 3695 Ottomanorum,
2386 3637 2441 3682 et
2501 3631 2735 3698 propriae
2788 3630 3112 3699 perditionis
3152 3649 3166 3686 :
3216 3629 3475 3700 quoniam

1901 3717 2159 3773 defuncto
2188 3716 2563 3782 Emmanuel»,
2601 3718 2838 3773 JOaunes
2894 3721 3288 3790 primogenitus
3336 3721 3482 3790 cepit

1904 3809 2233 3879 imperium;
2270 3820 2324 3863 et
2354 3819 2470 3877 post
2507 3810 2682 3877 ipsum
2709 3827 2832 3865 cum
2858 3812 3251 3871 Constantinus
3290 3814 3341 3867 in
3378 3829 3479 3883 pa-

1901 3901 2059 3955 cilieo
2085 3900 2327 3954 dominio
2356 3911 2501 3955 esset
2536 3902 2887 3968 constitutus,
2925 3912 2977 3956 et
3011 3903 3183 3960 Graeci
3213 3920 3334 3959 cum
3368 3903 3479 3961 Me-

1902 3991 2149 4045 chemete
2205 3992 2444 4045 secundo
2501 3988 2679 4046 foedus
2728 3995 3153 4062 percussissent,
3221 4011 3326 4049 non
3382 3996 3475 4051 diu

1902 4084 2204 4152 permansit
2261 4085 2312 4139 in
2348 4086 2438 4140 illa
2496 4086 2907 4155 tranquillitate,
2941 4088 3066 4157 quia
3114 4085 3479 4142 Mechemetes

1904 4179 2174 4245 superbus
2211 4189 2263 4231 et
2298 4179 2532 4248 invidus,
2580 4181 2785 4237 hedera
2828 4195 2938 4235 non
2984 4181 3326 4248 respiciens.
3367 4181 3479 4237 imo

1901 4267 2010 4322 illis
2061 4272 2376 4338 postpositis
2426 4291 2530 4328 una
2599 4292 2720 4329 cum
2776 4272 2982 4342 legibus
3033 4281 3088 4325 et
3126 4271 3477 4340 iuramentis,

1902 4362 2368 4429 propugnaculum
2395 4366 2594 4427 erexit,
2622 4365 2765 4434 quod
2811 4364 3110 4418 vocabatur
3152 4364 3474 4434 Bogazator,

221 4447 618 4518 Deplobatarii)
647 4456 795 4502 esset
835 4456 1092 4516 tanquam
1141 4464 1281 4504 nova
1319 4466 1538 4519 sponsa,
1574 4464 1792 4505 ostensa
1828 4484 1873 4540 υ
1902 4465 2012 4520 quo
2033 4452 2325 4519 completo,
2354 4466 2413 4507 se
2439 4453 2753 4508 Gracorttm
2781 4454 2993 4510 hostem
3023 4455 3232 4509 detexit
3269 4474 3281 4508 :
3308 4466 3477 4527 raptt

220 4554 322 4608 per
357 4539 503 4591 illam
540 4538 890 4605 jttvenculam
916 4538 1230 4593 Graecorum
1258 4556 1409 4595 more
1446 4541 1714 4605 indutam,
1744 4551 1796 4596 et

216 4630 429 4695 laetam;
456 4630 549 4684 sed
599 4629 690 4681 illa
722 4628 904 4684 laetitia
934 4646 963 4683 a
1017 4632 1245 4686 meridie
1273 4634 1488 4688 sublata
1528 4635 1651 4700 fuit,
1689 4635 1797 4689 sic-

217 4723 299 4775 uti
344 4720 550 4775 dictum
585 4732 669 4776 est
701 4723 769 4775 ah
814 4738 957 4793 equo
996 4726 1305 4794 cornigero,
1341 4743 1369 4778 a
1403 4743 1510 4796 quo
1540 4729 1797 4797 depressa

216 4813 375 4867 fuit:
431 4828 600 4882 quare
650 4815 985 4885 epigramma
1052 4815 1097 4869 Β
1148 4817 1459 4886 juvenculaa
1514 4821 1648 4874 dicit
1689 4839 1701 4875 :
1736 4819 1797 4874 In

221 4905 355 4960 locis
377 4903 629 4970 humidis,
654 4915 702 4959 et
750 4919 943 4975 pra'ter
972 4925 1113 4977 spent
1141 4910 1317 4976 cades,
1343 4922 1448 4967 etc.
1476 4931 1491 4978 ;
1522 4916 1679 4983 quasi
1714 4913 1797 4967 di-

216 5010 347 5051 cere
380 4995 583 5052 vellet:
627 4996 685 5052 ln
712 4996 850 5051 locis
890 4996 1153 5064 humidis,
1189 5003 1293 5055 hoe
1327 5013 1433 5068 est,
1469 5006 1521 5058 iu
1569 5005 1796 5060 feliciori

216 5097 466 5158 tempore
497 5088 577 5142 tui
607 5087 859 5152 dominii,
891 5103 923 5143 ο
954 5087 1185 5155 Graecia,
1223 5108 1344 5161 qua:
1373 5101 1583 5149 tantum
1616 5105 1668 5152 te
1697 5112 1797 5152 ex-

217 5180 392 5247 tollis,
436 5180 633 5246 cades;
672 5179 771 5236 sed
822 5181 986 5247 scias,
1020 5184 1162 5251 quod
1199 5184 1252 5239 in
1288 5198 1337 5242 te
1379 5188 1710 5259 principium
1741 5202 1798 5248 et

215 5273 344 5327 linis
375 5281 459 5328 est
492 5287 686 5334 cornu.
717 5272 820 5328 hoc
851 5282 955 5337 est,
991 5275 1135 5343 quod
1166 5276 1219 5330 in
1247 5286 1298 5332 te
1334 5277 1434 5332 fuit
1465 5282 1792 5352 principium

216 5378 415 5429 cornu,
455 5364 507 5417 id
555 5372 657 5429 est,
695 5364 1022 5430 dominium,
1082 5367 1136 5420 in
1194 5378 1245 5424 te
1275 5371 1443 5425 etiam
1494 5374 1604 5428 erit
1645 5375 1792 5433 linis.

214 5453 324 5508 Sed
357 5455 480 5521 quis
505 5453 720 5508 futurus
749 5464 897 5511 esset
936 5455 1025 5511 hic
1073 5459 1284 5527 primus
1314 5464 1568 5534 corniger
1595 5484 1792 5537 equus,

213 5544 456 5598 declarat
498 5545 826 5613 epigramma
857 5545 923 5611 Α,
960 5548 1150 5605 dicens
1190 5568 1204 5604 :
1249 5550 1546 5611 Sulthunus
1581 5555 1792 5615 Nec/te-

216 5642 377 5687 metes
412 5635 501 5704 qui
532 5635 700 5701 capiet
731 5634 1265 5711 Constantinopolim,
1314 5646 1366 5700 id
1420 5658 1525 5712 est,
1569 5650 1791 5707 Sultlta-

226 5738 328 5778 nus
375 5723 735 5783 Mcchemetes
768 5733 871 5787 erit
930 5732 1039 5795 ille,
1081 5736 1171 5802 qui
1219 5736 1505 5807 imperium
1538 5741 1786 5800 Grmcnm

213 5818 523 5889 occupabit,
558 5822 647 5891 qui
691 5823 853 5882 desiit
892 5826 943 5881 in
992 5826 1353 5887 Constantino
1389 5836 1581 5903 quinto
1614 5838 1784 5910 impe-

1902 4545 2046 4598 euim
2082 4550 2360 4619 regionem
2404 4547 3065 4617 Constantinopolitanam
3104 4550 3303 4603 damno
3361 4549 3474 4604 am-

1901 4652 2059 4704 cere;
2095 4648 2148 4694 et
2182 4655 2306 4694 cum
2348 4640 2582 4694 maximo
2602 4642 2845 4696 exercitu
2876 4640 3159 4697 civitatem
3190 4640 3479 4698 obsidione

1903 4736 2108 4782 teneret
2161 4738 2324 4799 atque
2369 4731 2580 4799 magnis
2632 4732 2968 4794 bombardis.
3004 4748 3147 4788 anno
3185 4732 3474 4789 millesimo

1900 4820 2440 4889 quadringentesimo
2459 4825 2929 4894 ‘quinquagesimo
2979 4826 3140 4880 tertio
3196 4825 3473 4880 civitatem

1900 4917 1955 4963 et
1975 4909 2273 4964 dominium
2327 4912 2514 4967 habuit
2547 4932 2559 4967 :
2607 4924 2724 4967 erat
2765 4917 2963 4985 quippe
2996 4913 3353 4971 Mecltemetes
3388 4912 3473 4966 vir

1903 4994 2300 5061 fraudulentus,
2334 5007 2389 5053 et
2422 5001 2697 5071 deceptor,
2747 5003 2889 5070 quod
2921 5001 3154 5064 diceret,
3189 5000 3348 5057 (idem
3379 5015 3474 5055 so-

1900 5083 2009 5137 lum
2044 5100 2074 5138 a
2117 5086 2511 5141 mercatoribus
2535 5090 2885 5149 servandam,
2922 5102 3032 5141 non
3066 5102 3095 5141 δ
3135 5087 3476 5159 principibus

1898 5174 2247 5241 cupientibus
2286 5189 2515 5245 magnos
2571 5175 2685 5229 ﬁeri
2728 5193 2742 5229 :
2788 5184 2910 5231 erat
2934 5177 3098 5230 etiam
3144 5176 3230 5229 vir
3281 5190 3473 5245 sagax,

1900 5262 2238 5334 ingeniosus,
2275 5274 2331 5322 et
2354 5266 2795 5322 Christianorum
2835 5268 3008 5322 hostis
3039 5268 3363 5324 acerrimus.

2208 5403 2709 5463 EPIGRAMMATA
2756 5406 3040 5463 ῈΙΩΕΒΛΕ
3077 5406 3167 5465 ιν.

1897 5518 1961 5570 Α.
1994 5518 2282 5576 Sultlmnus
2308 5521 2575 5577 Pazaites.

1898 5586 1957 5641 Β.
1993 5588 2416 5664 Sectutdusibos,
2455 5605 2504 5648 et
2532 5594 2655 5663 finis
2705 5595 3063 5664 Arctotroplti.
3092 5594 3146 5648 id
3187 5608 3286 5662 est,
3333 5612 3475 5651 ursa

1970 5662 2213 5727 nutricis,
2252 5663 2425 5734 figura
2452 5662 2679 5719 ostendit
2711 5667 2884 5719 locum
2915 5662 2963 5720 et
2997 5682 3188 5722 mores.

2459 5754 2737 5813 EXPOSI
2746 5755 2887 5814 T10.

1966 5844 2200 5904 Dcuotat
2244 5860 2436 5922 quarta
2479 5852 2650 5925 tlgura
2682 5867 3059 5915 successorem
3092 5850 3469 5917 Mecheutetis.
