3964 6206
253 360 393 425 1165
1231 360 1380 408 una

339 495 346 499 -
556 461 1060 522 EPIGRAMMATA
1098 456 1382 516 FlGUR/E

242 567 300 620 Α.
347 563 560 632 Optima
598 573 814 632 quicque
860 556 1131 625 colligens,
1163 564 1212 607 et
1260 551 1490 632 aﬂligeus
1532 548 1810 632 pra'ntium

310 625 591 704 iujitstitiu:
619 625 931 704 pessimum,
961 644 1064 697 quo
1098 635 1324 690 tempore
1350 625 1580 676 medium
1606 629 1811 670 astrum

315 699 480 759 vilium
513 703 672 771 fuerit
706 699 997 769 nigricans.

828 806 1252 864 EXPOSITIO.

311 925 437 981 Istis
491 932 732 993 quatuor
783 920 970 989 figuris
1020 917 1362 988 conspicitur
1403 914 1560 970 ruina
1600 909 1815 982 imperii

240 1017 582 1080 Ottnmanni,
623 1015 744 1070 ideo
772 1013 1015 1068 ostendit
1037 1013 1272 1081 septima
1307 1009 1478 1080 figura
1505 1002 1819 1062 Constanti-

242 1109 482 1179 nopolim
534 1107 920 1176 depopulatam
951 1121 966 1158 :
999 1119 1170 1174 quare
1203 1103 1600 1172 epigrammate
1633 1099 1677 1154 Β
1731 1098 1816 1153 vi.

242 1203 398 1256 detur
434 1199 677 1252 civitatis
724 1198 994 1267 ploratus,
1023 1204 1187 1264 atque
1228 1195 1310 1250 sic
1346 1194 1691 1262 relinquetur
1724 1205 1819 1245 va-

243 1306 341 1345 cua
368 1290 526 1343 sedes
558 1287 882 1355 imperialis,
910 1286 1074 1340 sicuti
1111 1284 1330 1338 videtur
1362 1283 1418 1337 in
1442 1297 1586 1337 nona
1611 1281 1815 1351 figura;

243 1381 338 1436 sed
367 1379 584 1450 quando
603 1377 709 1431 huc
739 1376 986 1430 futurum
1009 1377 1100 1438 sit,
1125 1372 1366 1430 ostendit.
1390 1376 1724 1444 epigramma
1749 1373 1816 1436 A,

243 1472 412 1541 ipsius
463 1484 619 1523 noua
665 1465 894 1538 figurae,
933 1465 1171 1520 dicens:
1216 1463 1308 1518 Va:
1357 1465 1472 1528 tibi,
1498 1462 1814 1531 septicottis,

239 1561 451 1631 quando
485 1561 796 1614 vicesimum
835 1559 1152 1613 elementum
1181 1556 1377 1624 faustis
1410 1555 1818 1608 acclamationi-

241 1659 334 1710 bus
365 1655 656 1722 accipietur
693 1653 750 1705 in
791 1663 883 1704 tua
911 1654 1140 1714 mania;
1176 1649 1228 1702 id
1256 1657 1362 1713 est,
1402 1646 1489 1702 Va:
1526 1648 1650 1710 tibi,
1676 1644 1821 1700 Gon-

243 1745 628 1812 Statltinopolis
677 1741 979 1812 septicollis
1012 1741 1152 1810 (ipsa
1187 1738 1332 1792 dicta
1363 1744 1448 1791 est
1490 1734 1816 1804 septicollis,

242 1838 366 1904 quia
399 1836 795 1892 Constantinus
827 1833 1092 1903 Magnus,
1126 1845 1249 1886 cum
1271 1829 1360 1908 ibi
1393 1830 1408 1883 i

245 1946 463 1984 ntauum
518 1927 844 1993 detulisset,
879 1924 1167 1980 distribuit
1214 1924 1378 1978 etiam
1430 1923 1706 1977 civitatem
1764 1919 1818 1973 in

237 2020 457 2074 eosdem
483 2017 729 2080 ordines,
770 2015 948 2069 tribus
978 2025 1034 2068 et
1071 2013 1272 2078 ofﬁcia,
1297 2013 1443 2068 sicut
1467 2021 1612 2068 esset
1639 2010 1815 2064 Roma

245 2114 356 2178 ipsa
408 2124 529 2178 quin
571 2108 733 2162 habet
771 2117 980 2176 septem
1013 2105 1228 2176 colles),
1268 2105 1493 2173 quando
1549 2104 1820 2158 videbitur

247 2201 560 2252 vicesimum
622 2198 954 2252 elementum
1006 2198 1062 2252 in
1116 2199 1225 2251 luis
1272 2197 1533 2262 maniis,
1583 2196 1687 2250 hoc
1737 2205 1824 2248 est

247 2291 361 2343 'lau
393 2291 476 2342 vel
520 2288 626 2344 Tal
646 2329 662 2356 ,
687 2289 834 2359 quod
872 2288 1200 2344 elementum
1237 2297 1319 2344 eet
1360 2288 1727 2360 symbologica
1763 2288 1822 2340 ti-

249 2397 378 2449 gnra
401 2381 770 2436 sanctissima:
794 2381 1000 2444 crucis,
1031 2390 1084 2435 et
1105 2389 1330 2450 prepter
1350 2381 1452 2434 hoc
1480 2381 1821 2435 habitatores

245 2475 477 2529 civitatis
526 2475 699 2529 coacti
753 2483 916 2529 erunt
965 2489 1092 2530 sese
1144 2474 1197 2528 in
1261 2477 1445 2546 fugam
1513 2475 1822 2544 praecipites

243 2567 392 2628 dare,
439 2566 588 2634 quod
625 2579 812 2634 aperte
844 2566 1050 2619 dicitur
1082 2566 1133 2620 in
1166 2568 1375 2621 decima
1407 2565 1580 2637 figura
1628 2569 1684 2622 in
1717 2568 1826 2637 epi-

241 2667 541 2723 grammate
564 2657 630 2717 Α,
660 2659 750 2708 ubi
784 2659 863 2710 sic
899 2658 1132 2716 habetur
1165 2677 1177 2713 ε
1216 2659 1429 2726 Optima
1464 2676 1680 2730 quicque
1714 2662 1822 2738 col-7

244 2741 408 2807 ligans
436 2777 450 2801 ,
483 2755 532 2792 et
569 2749 802 2808 amigeus
847 2745 1126 2812 rrrcmium
1175 2751 1458 2818 injustitiw
1509 2754 1817 2820 pessintnm,

243 2843 345 2896 quo
376 2837 606 2897 tempore
638 2833 871 2884 medium
908 2843 1114 2884 astrum
1136 2841 1301 2884 visum
1337 2842 1493 2899 {aerii
1529 2842 1818 2910 ηὶφιὶσαηε,

252 2921 298 2973 id
332 2929 437 2987 est,
475 2921 695 2989 quando
738 2919 1014 2974 videbitur
1059 2921 1141 2976 sui
1176 2921 1352 2990 niger,
1380 2928 1483 2974 hoc
1510 2935 1614 2983 est,
1661 2931 1820 2973 Chr’i-

249 3017 364 3066 stus
393 3019 583 3065 contra
617 3009 864 3064 infideles
898 3012 1093 3064 iratus.

547 3123 1050 3180 EPIGRAMMATA
1094 3122 1380 3178 FIGURAE
1421 3122 1513 3177 XI.

249 3241 313 3294 Α.
353 3239 562 3302 Versus,
594 3256 722 3308 quos
750 3240 972 3308 angelus
1003 3238 1319 3307 imperatori
1347 3239 1584 3290 dicturus
1613 3245 1713 3291 est.

249 3329 303 3382 Β.
343 3329 586 3382 Mortuus
627 3338 862 3394 aspectu,
896 3328 1123 3389 solutus,
1171 3338 1362 3377 norunt
1387 3327 1559 3388 multi,
1584 3328 1820 3390 quamvis

316 3413 466 3450 nemo
509 3397 650 3448 videt
688 3405 746 3446 ut
780 3411 963 3449 somno
1017 3397 1280 3448 excitatus
1327 3394 1578 3446 continuo
1610 3405 1821 3462 sceptra

321 3467 520 3534 regina:
548 3463 760 3532 quidem
789 3464 1086 3530 occupabit.

247 3560 308 3610 υ.
345 3555 540 3627 Praxo
584 3555 953 3627 inconspicuus
1003 3565 1083 3610 ter
1128 3571 1376 3624 magnum
1403 3557 1841 3627 vociferabitur:-

317 3624 470 3678 Abite
490 3627 766 3692 confestim
812 3626 881 3677 ad
922 3641 1138 3680 occasus
1186 3624 1821 3692 septicollispinvenietis

321 3697 490 3764 uirum
542 3694 888 3762 familiarem,
931 3709 1205 3764 meumque
1233 3701 1612 3764 necessarium,
1645 3699 1820 3753 ducite

320 3763 457 3816 hunc
491 3765 544 3816 in
578 3765 776 3834 regiam
805 3764 1041 3820 domum.

833 3853 1103 3911 EXPOSI
1114 3857 1259 3914 TIO.

321 3941 531 3997 Relicta
565 3942 836 4013 imperiali
873 3951 1006 4001 sede
1036 3963 1210 4005 vacua
1236 3991 1254 4015 ,
1286 3958 1437 4016 ecce,
1481 3951 1616 4008 dicit
1644 3952 1823 4022 Ange-

248 4033 337 4088 lus
363 4035 758 4105 epigrammate
791 4035 856 4103 B,
891 4036 1138 4093 Mortuus
1169 4052 1405 4108 aspectu,
1439 4044 1669 4105 solutus,
1710 4054 1818 4098 etc.

245 4123 415 4189 Quasi
449 4124 635 4180 dicere
657 4125 850 4192 vellet,
875 4126 1036 4194 Ecce,
1062 4146 1096 4185 ο
1124 4129 1358 4199 Graecia,
1386 4142 1637 4189 mortuus
1666 4149 1824 4203 aspc-

246 4226 360 4278 ctu,
387 4224 442 4270 et
476 4215 716 4280 solutus,
760 4231 924 4287 quem
972 4222 1126 4276 multi
1175 4232 1396 4286 tuorum
1425 4235 1820 4294 cognoverunt,

245 4305 498 4375 quamvis
525 4321 629 4359 non
654 4307 930 4375 viderint;
967 4310 1017 4363 id
1048 4323 1155 4375 est,
1189 4314 1264 4366 tui
1301 4329 1424 4369 eum
1453 4315 1595 4368 fama
1618 4330 1824 4385 cogno~

248 4405 459 4462 verunt,
493 4399 747 4466 quamvis
773 4400 950 4456 oculis
983 4415 1092 4456 non
1127 4404 1386 4471 viderint,
1423 4405 1529 4460 iste
1562 4417 1820 4475 tanquam

246 4503 276 4543 a
298 4504 491 4545 somno
511 4490 951 4562 expergefactus,
990 4495 1175 4550 statim
1210 4509 1425 4568 sceptra
1457 4499 1683 4554 Graeciae
1711 4498 1818 4553 Re-

247 4581 385 4648 ginae
414 4581 741 4652 occupabit;
775 4580 873 4636 sed
909 4580 1000 4636 ubi
1033 4584 1118 4639 vir
1146 4585 1249 4641 iste
1283 4588 1608 4657 reperietur,
1628 4598 1815 4644 osten-

247 4667 322 4721 dit
351 4672 682 4740 epigramma
713 4670 754 4727 C
797 4670 991 4730 dicens
1017 4690 1033 4727 :
1062 4674 1250 4730 Prwco
1274 4678 1648 4746 inconspicua“
1678 4681 1819 4735 voci-

251 4759 527 4825 t‘erabitur,
555 4771 660 4817 etc.
701 4761 871 4832 llujus
905 4776 1136 4834 possent
1166 4768 1282 4823 fieri
1313 4769 1538 4824 diversae
1565 4771 1820 4828 conside-

249 4849 509 4905 rationes.
537 4850 682 4905 Dicit
710 4855 854 4908 enim
879 4857 1236 4928 epigramma,
1266 4861 1413 4931 quod
1448 4862 1552 4919 iste
1580 4880 1689 4920 non
1711 4864 1820 4920 erit

213 5009 219 5020 Ι
248 4939 302 4990 in
337 4939 569 4996 humana
614 4945 1056 5002 consideratione
1080 4989 1097 5015 ,
1125 4962 1180 5006 et
1217 4953 1362 5022 quod
1388 4954 1496 5009 erit
1523 4953 1577 5009 in
1616 4969 1819 5010 occasu

205 5041 219 5120 ’
249 5031 491 5088 civitatis
523 5035 848 5105 septicollis,
892 5049 948 5094 et
974 5039 1138 5095 homo
1169 5042 1478 5110 familiaris,
1504 5047 1559 5102 id
1584 5057 1690 5114 est,
1721 5065 1820 5103 ea-

249 5122 488 5180 tbolicus
520 5135 575 5181 et
623 5127 797 5184 ﬁdelis
821 5170 836 5195 ,
889 5141 943 5185 et
972 5133 1116 5201 quod
1154 5135 1258 5189 erit
1286 5138 1499 5193 amicus
1521 5179 1536 5203 ,
1593 5154 1719 5195 cum
1752 5157 1820 5198 ex

249 5216 476 5285 antiquo
504 5228 559 5271 et
609 5221 962 5278 nobilissimo
1007 5227 1274 5297 sanguine
1299 5230 1607 5298 proveniat.
1638 5230 1818 5297 Hunc,

248 5306 394 5361 dicet
425 5307 646 5364 divinus
678 5327 879 5382 praeco,
913 5317 1147 5386 quaerite
1191 5318 1244 5372 in
1295 5335 1518 5387 occasu,
1572 5331 1628 5378 et
1677 5325 1823 5380 inter

247 5407 567 5469 magnates;
623 5413 680 5459 et
717 5406 862 5475 quod
895 5407 1082 5477 (sicuti
1135 5410 1270 5465 dicit
1312 5413 1510 5484 figura)
1541 5414 1598 5468 in
1628 5431 1822 5473 somno

249 5489 521 5559 quiescat,
575 5492 792 5550 funebri
827 5505 882 5550 et
913 5500 1138 5570 antiqua
1189 5512 1340 5558 veste
1371 5503 1613 5572 indutus,
1660 5522 1822 5578 super

250 5583 357 5638 duo
386 5584 653 5642 trilormia
690 5591 944 5646 animalia
971 5611 987 5660 ;
1016 5595 1070 5649 id
1100 5604 1205 5662 est,
1225 5599 1452 5668 quaerite
1483 5615 1606 5655 eum
1642 5602 1694 5655 in
1723 5618 1819 5658 oc-

248 5673 483 5740 cidente,
518 5691 632 5734 non
659 5681 712 5735 in
744 5685 958 5740 oriente
985 5687 1243 5754 civitatis,
1279 5691 1409 5762 quia
1444 5692 1517 5748 ibi
1542 5708 1650 5748 non
1677 5694 1818 5761 erit;

246 5779 408 5835 quem
442 5769 754 5841 invenietis,
788 5785 847 5830 ut
875 5792 1062 5847 supra,
1093 5778 1148 5836 iu
1177 5789 1368 5839 somno
1397 5786 1655 5852 tanquam
1679 5802 1823 5842 mor-

1231 345 1478 408 ORACU
1488 339 1753 403 LORUM
1796 334 1988 397 LEON
1995 329 2069 395 IS
2105 333 2528 392 EXPOSl’l‘lO.

3365 333 3500 394 1136

1843 471 1888 526 Α
1919 478 2071 523 tuum
2103 468 2500 538 quiescentem,
2526 464 2629 518 hoc
2653 472 2756 528 est,
2791 464 2884 534 qui
2909 481 2976 520 ex
3005 463 3229 534 antiqua
3265 473 3318 517 et
3350 480 3498 534 rt-ga

1917 569 2085 626 stirpe
2114 557 2384 628 originem
2420 557 2624 610 trahat.

2204 641 2712 701 'EI‘IGRAMMATA
2758 643 3039 698 FIGURAE
3085 641 3200 697 XII.

1917 743 1980 795 Α.
2020 741 2232 793 Petram
2262 737 2518 800 incolens,
2549 755 2642 806 age
2664 737 2765 788 huc
2794 737 2918 790 mihi
2949 736 3156 804 hospes,
3189 737 3384 789 relictis
3420 737 3498 789 Ia-

1989 811 2184 880 crymis
2226 811 2436 880 vitaque
2484 809 2682 880 agresti
2727 817 2776 860 et
2811 806 3101 880 solitaria,
3133 819 3182 857 et
3217 808 3324 858 vice
3355 824 3498 859 mor-

1993 875 2113 949 tuus
2139 891 2188 934 et
2225 875 2492 949 afﬂictus,
2519 875 2699 933 nudus
2745 893 2933 932 rursus
2959 875 3073 930 redi
3107 880 3174 929 ad
3206 888 3446 944 superos.

2498 969 2776 1028 EXPOSI
2783 969 2933 1025 T10.

1991 1067 2220 1122 Videtur
2249 1068 2306 1122 in
2353 1066 2609 1137 pra-senti
2634 1066 2827 1136 figura,
2855 1063 3002 1134 quod
3037 1063 3169 1118 dum
3205 1062 3500 1133 requiritur

1918 1161 2004 1213 vir
2033 1161 2294 1229 superius
2343 1159 2560 1223 dictus,
2604 1157 2972 1213 ecce‘alilicta
3011 1156 3336 1227 septicollis,
3379 1171 3502 1226 que

1917 1255 2112 1311 dolens
2166 1265 2361 1310 versus
2389 1253 2744 1324 juveneulam
2796 1253 2944 1309 illam
2975 1254 3130 1318 dicit,
3164 1252 3382 1306 Petram
3420 1252 3502 1306 in-

1918 1351 2116 1412 colens,
2145 1356 2278 1414 etc.,
2330 1349 2490 1418 quasi
2526 1351 2706 1404 dicere
2751 1348 2901 1411 velit,
2929 1346 3011 1400 Ad
3043 1361 3132 1402 me
3165 1346 3501 1415 sapientis-tn

1917 1455 2038 1509 quae
2061 1440 2112 1492 in
2142 1443 2244 1493 hac
2266 1449 2415 1509 petra
2443 1439 2632 1493 clausa
2670 1454 2816 1503 sum,
2840 1438 3018 1503 idest,
3052 1437 3107 1490 in
3128 1437 3232 1491 hac
3250 1435 3510 1488 aﬂlictiod

1921 1547 2014 1592 ne,
2046 1531 2253 1592 venias,
2277 1547 2310 1583 ο
2331 1532 2568 1596 advena,
2602 1530 2868 1600 depositis
2899 1527 3225 1596 lacrymiset
3261 1527 3368 1579 vita
3407 1538 3499 1579 sn-

1921 1624 2100 1677 litaria
2137 1634 2357 1694 propter
2380 1626 2571 1693 jugum
2605 1623 3066 1681 Maucmetanum,
3091 1629 3311 1688 propter
3335 1632 3498 1686 quem

1921 1714 2064 1768 vivis
2093 1712 2348 1778 afﬂictus,
2382 1721 2438 1768 et
2466 1720 2729 1781 tanquam
2759 1718 3010 1765 mortuus
3047 1721 3060 1762 :
3092 1716 3223 1763 tunc
3271 1721 3499 1775 respon-

1416 1798 1682 1898 mperium
1711 1824 1819 1880 Bo-

1932 1805 2010 1860 ict
2052 1807 2346 1874 jnvencnla
2397 1806 2486 1860 illa
2556 1807 2698 1875 (qua:
2753 1804 3022 1858 advenam
3055 1811 3108 1856 et
3151 1798 3499 1869 peregrinum

1925 1913 2106 1968 regem
2130 1898 2416 1967 ostendit),
2440 1897 2702 1964 Quamvis
2739 1896 2817 1951 sis
2850 1894 3018 1957 nuda,
3053 1907 3088 1946 ο
3109 1891 3499 1946 Constantino-

1925 1989 2176 2059 polis,"et
2215 2006 2340 2062 rege
2370 1991 2634 2060 spoliata,
2661 1999 2884 2058 propter
2912 1986 3124 2042 cladem
3149 1999 3312 2053 quam
3338 1997 3499 2052 passa

1921 2098 2002 2145 cs,
2034 2082 2240 2136 redibis
2267 2089 2448 2135 tamen
2489 2081 2690 2134 iterum
2726 2079 2794 2132 ad
2829 2079 3030 2143 lucem,
3066 2091 3188 2145 qua:
3219 2075 3309 2128 ius
3349 2073 3499 2128 nulla

1925 2173 2029 2226 alia
2051 2182 2138 2228 est
2170 2172 2276 2226 nisi
2301 2170 2459 2227 lesus
2483 2155 2764 2234 Christus,
2791 2169 2883 2238 qui
2911 2167 3057 2224 dixit
3084 2181 3099 2218 :
3127 2165 3240 2235 Ego
3259 2179 3376 2220 sum
3409 2163 3502 2216 tua:

1927 2263 2152 2326 mimdi;
2207 2263 2327 2316 ideo
2355 2268 2658 2324 revertens,
2699 2275 2732 2312 o
2771 2258 2988 2321 civitas,
3022 2258 3090 2312 ad
3128 2256 3500 2312 Christianam

1925 2355 2270 2423 religionem,
2315 2353 2694 2407 Maucmetana
2763 2351 3012 2420 expulsa,
3067 2349 3264 2403 iterum
3321 2346 3500 2404 lucida

1929 2447 2022 2501 fies
2051 2447 2154 2501 sub
2181 2447 2300 2500 sole
2333 2444 2658 2512 splendente
2683 2442 2894 2497 Christi
2919 2440 3248 2497 Salvateris.

2209 2534 2706 2591 EPIGRAMMATA
2750 2533 2906 2590 FIGU
2919 2533 3035 2590 ΗΔΕ
3077 2532 3219 2588 XIII.

1926 2630 1992 2684 A.
2029 2628 2160 2683 Ecce
2182 2643 2366 2682 rursus
2392 2629 2544 2682 homo
2573 2640 2638 2684 es
2664 2630 2835 2697 prima
2863 2628 3024 2696 stirpe
3041 2625 3256 2685 occulta
3283 2627 3336 2678 in
3361 2625 3504 2678 mul-

1999 2712 2077 2752 tos
2101 2700 2507 2753 innumerabiles
2537 2717 2726 2753 annos.
2763 2697 2954 2751 Nudus
2978 2697 3152 2764 prodit
3187 2711 3250 2749 ea:
3281 2697 3502 2748 obscuro

1994 2783 2041 2821 et
2077 2770 2399 2822 tenebricoso
2445 2769 2667 2829 tumulo,
2704 2779 2751 2821 et
2785 2766 3015 2821 secunda
3060 2764 3360 2832 splendente
3395 2766 3503 2818 vita

1995 2837 2180 2902 incipit
2207 2840 2254 2887 et
2293 2835 2448 2887 venit.
2485 2833 2675 2901 Intago
2702 2847 2892 2886 rursus
2919 2838 3044 2889 sine
3067 2836 3365 2891 rerissimn.

2497 2917 2936 2975 EXPOSITIO.

1999 3007 2300 3062 Declaratio
2344 3009 2560 3078 Figura:
2611 3011 2684 3062 XI
2743 3012 3100 3066 confirmatur
3158 3012 3508 3069 demonstra-

1846 3136 1890 3194 ε
1927 3099 2076 3153 tione
2105 3101 2392 3169 praesentis
2415 3101 2618 3170 ﬁguris,
2642 3100 2835 3156 (licens
2865 3104 3199 3172 epigramma
3234 3104 3277 3155 Α
3310 3121 3329 3157 :
3369 3104 3506 3162 Ecce

1929 3203 2116 3240 rursus
2144 3187 2324 3251 homo,
2363 3197 2472 3242 etc.
2510 3186 2683 3253 Quasi
2722 3187 2906 3243 dicere
2932 3189 3082 3255 velit,
3113 3190 3250 3246 Ecce
3286 3193 3504 3248 novitcr

1926 3293 2074 3332 unus
2119 3279 2212 3346 qui
2253 3279 2418 3332 trahit
2462 3279 2730 3346 originem
2782 3294 2812 3332 a
2851 3281 3024 3349 prima
3079 3282 3250 3349 stirpe
3300 3289 3416 3347 tua,
3470 3299 3504 3338 ο

1923 3367 2456 3438 Constantinopolis,
2507 3370 2602 3424 sed
2637 3371 2854 3425 occulta
2903 3386 2999 3441 per
3025 3371 3272 3428 infinitos
3304 3387 3503 3440 annos,

1925 3457 2108 3524 idest,
2141 3475 2266 3514 cum
2297 3461 2580 3516 transierit
2619 3477 2687 3517 ex
2740 3478 2850 3515 uno
2878 3463 2931 3515 in
2983 3463 3151 3516 alium
3195 3479 3293 3534 per
3334 3445 3508 3522 multa

1924 3550 2146 3620 saecula,
2174 3557 2231 3605 et
2259 3552 2479 3607 occulta
2510 3552 2564 3605 in
2623 3551 2904 3606 hominum
2941 3553 3336 3623 imaginatione
3356 3597 3372 3621 ,
3408 3559 3500 3626 qui

1925 3641 2104 3695 nudus
2135 3641 2248 3696 exit
2295 3656 2324 3696 e
2356 3637 2586 3708 tumulo,
2631 3643 2682 3698 id
2727 3652 2834 3706 est,
2869 3644 2961 3713 qui
3001 3645 3210 3714 primtts
3237 3647 3306 3701 ab
3359 3651 3503 3702 anti-

1921 3732 2206 3803 quissimis
2247 3734 2486 3790 statibus
2545 3734 2612 3790 ad
2679 3747 2815 3790 nova
2873 3736 3116 3792 dominia
3172 3739 3304 3806 exit,
3359 3741 3504 3796 unde

1922 3821 2242 3893 splendente
2297 3824 2539 3880 secunda
2583 3825 2714 3892 vita,
2761 3818 2815 3879 id
2843 3834 2963 3891 est,
2990 3827 3211 3896 cognito
3241 3829 3392 3898 quod
3430 3830 3504 3885 sit

1925 3914 2027 3984 (uti
2072 3921 2439 3970 monstratum
2468 3915 2579 3987 est)
2603 3931 2672 3970 ex
2691 3917 2876 3987 .prima
2901 3917 3053 3988 regia
3082 3919 3255 3990 stirpe
3291 3929 3371 3974 tot
3397 3935 3501 3992 po-

1922 4004 2198 4075 pulorum,
2227 4014 2281 4062 et
2317 4014 2572 4077 tanquam
2620 4013 2970 4064 resurrectus
3014 4009 3083 4064 ad
3113 4011 3276 4065 aliam
3307 4011 3499 4079 vitam,

1923 4091 1977 4147 id
2014 4101 2119 4159 est,
2171 4092 2238 4147 ad
2285 4095 2570 4165 antiquum
2621 4103 2826 4151 statum
2879 4089 3073 4166 incipit
3117 4097 3397 4169 cognosci,
3445 4111 3502 4154 et

1921 4183 2120 4240 iterum
2159 4189 2345 4240 vivere
2398 4187 2465 4239 ad
2520 4188 2870 4244 verissimam
2916 4189 3040 4243 vita:
3084 4189 3402 4258 imaginem,
3443 4192 3496 4245 id

1923 4281 2030 4338 est,
2058 4273 2125 4328 ad
2159 4275 2517 4344 principalem
2547 4276 2984 4333 dominationem
3015 4280 3155 4348 regis
3175 4288 3231 4334 et
3259 4282 3501 4350 impera"

1926 4365 2083 4419 toris.
2121 4365 2216 4421 Ille
2263 4375 2446 4423 autem
2477 4369 2646 4424 homo
2667 4384 2735 4425 os
2779 4369 3006 4438 antiqua
3043 4371 3216 4440 stirpe
3237 4387 3367 4428 cum
3395 4372 3493 4428 de-

1847 4479 1895 4536 Ῑ)
1925 4456 2050 4512 beat
2101 4472 2222 4513 esse
2266 4460 2318 4513 in
2373 4469 2598 4527 occasu,
2630 4468 2810 4530 potest
2853 4461 3080 4531 intelligi
3109 4464 3258 4531 quod
3301 4465 3499 4520 debeat

1927 4562 2052 4602 esse
2083 4563 2152 4602 ex
2181 4543 2355 4618 stirpe
2410 4551 2578 4620 regia,
2640 4550 2872 4620 antiqua
2915 4547 3352 4621 Aestriacorutu,
3400 4558 3493 4624 qui

1921 4647 2051 4695 sunt
2077 4639 2130 4693 in
2162 4654 2359 4696 occasu
2392 4636 2715 4710 septieollis.

2205 4730 2714 4786 EPIGRAMMATA
2749 4726 3032 4791 FIGURIE
3069 4726 3210 4789 XIV.

1921 4821 1987 4874 A.
2020 4819 2101 4895 En
2135 4821 2314 4895 lupum
2345 4822 2436 4895 qui
2459 4837 2602 4895 orent
2630 4825 2870 4895 cupiebat
2898 4823 3172 4892 devorare,
3199 4834 3379 4895 pastor
3406 4844 3492 4882 oc-

1994 4891 2151 4954 cidet,
2176 4900 2225 4944 et
2259 4891 2524 4945 hominem
2552 4891 2795 4949 inveniet.

1923 4959 1985 5015 Β.
2020 4961 2112 5017 Sic
2134 4961 2314 5030 perdet
2333 4963 2434 5031 'qui
2473 4965 2767 5031 occupavit.

2490 5053 2928 5112 EXPOSITIO.

1995 5140 2069 5195 Ex
2101 5141 2186 5197 his
2212 5157 2332 5211 quae
2361 5142 2417 5198 in
2446 5144 2828 5214 superioribus
2867 5141 3058 5218 ﬁguris
3085 5147 3234 5203 dicta
3281 5158 3413 5206 sunt
3447 5163 3500 5207 ct

1924 5243 1988 5285 ex
2027 5236 2280 5302 praesenti
2310 5235 2505 5305 figura,
2533 5235 2884 5290 manifestum
2912 5236 3374 5294 Ottornanntrrum
3406 5256 3495 5294 ex-

1924 5321 2127 5376 cidium
2175 5323 2546 5392 conspicitur;
2593 5325 2881 5380 dicebatur
2915 5327 2969 5380 in
3021 5327 3412 5398 epigrammate
3457 5330 3496 5385 (ἐ

1926 5421 2091 5470 sextae
2119 5414 2326 5485 figurat,
2354 5415 2643 5471 Trimcstre
2675 5419 2906 5486 spatium
2933 5419 3026 5472 tibi
3051 5423 3372 5488 praescribo;
3400 5438 3496 5493 per

1925 5515 2038 5560 tres
2085 5521 2304 5561 menses
2335 5505 2600 5562 debemus
2630 5508 2934 5578 intelligere
2970 5516 3084 5564 tres
3129 5511 3491 5580 imperatores

1925 5604 2050 5664 post
2076 5595 2448 5663 Soiimanmn;
2486 5597 2539 5652 hi
2574 5606 2755 5654 autem
2785 5601 2942 5656 tuere
2975 5600 3236 5667 Solimus,
3259 5604 3492 5658 Amara-

1926 5693 2068 5756 tbcs,
2093 5701 2147 5748 et
2177 5691 2540 5750 Mcchemeles
2565 5695 2655 5764 qni
2692 5711 2837 5750 nunc
2870 5697 3122 5766 imperat,
3172 5709 3228 5754 et
3253 5709 3380 5754 cum
3419 5700 3491 5754 sit

1927 5785 2120 5841 tertius
2167 5787 2394 5854 mensis,
2427 5802 2522 5855 per
2572 5803 2912 5854 consequens
2960 5791 3064 5846 erit
3095 5790 3222 5846 finis
3257 5789 3492 5847 imocrii.
