4016 6520
2118 584 2418 595 ’.Ψ-...-

1553 769 1740 883 AD
1833 667 2295 884 ΟΡΕΒΑ

737 1042 969 1246 Β.
1131 1030 1998 1242 ΒΑΒΑΝ
2008 1033 2100 1235 Ι
2258 1027 3110 1245 ΜΑΠΒΙ

1212 1379 2657 1500 Ριιοιιιιαοιπεωι.

669 1735 776 1824 Β.
856 1729 1291 1826 RABANI
1367 1728 1748 1820 MAURI
1824 1729 2367 1824 ELOGIUM
2440 1726 3195 1823 HISTORICUM

1454 1922 1828 1988 AUCTORE
1870 1922 2394 1986 MABILLONIO.

806 2203 1046 2271 .CAPUT
1079 2202 1368 2261 PRIMUM.
1379 2205 1391 2226 "

343 2302 555 2357 Rabans
577 2299 809 2365 nomina,
822 2299 1018 2369 patria,
1043 2306 1302 2369 parentes,
1319 2297 1604 2352 nativitatis
1627 2305 1847 2368 tempus.

378 2391 720 2458 Libanvs,
747 2391 924 2461 patrio
951 2390 1172 2446 nomine
1200 2391 1279 2445 sic
1308 2389 1505 2456 dictus,
1529 2389 1673 2446 aliud
1688 2405 1887 2445 nomen

308 2482 534 2539 MAURUS
567 2481 776 2551 accepit
803 2480 872 2536 ab
896 2479 1124 2538 Alcuino
1151 2487 1485 2550 praeceptore
1511 2495 1629 2546 suo,
1662 2480 1742 2534 uti
1773 2479 1888 2550 ipse

310 2573 366 2628 in
410 2571 728 2644 praefatione
764 2571 1170 2629 commentariis
1220 2570 1425 2641 Regum
1473 2570 1693 2640 praeﬁxa
1733 2571 1888 2626 testis

309 2672 414 2731 est,
449 2665 542 2720 ubi
571 2664 646 2720 ait
686 2678 745 2720 se
787 2663 843 2717 in
890 2663 958 2718 iis
984 2662 1118 2718 locis
1145 2678 1264 2731 quae
1301 2678 1400 2734 per
1441 2677 1500 2718 se
1527 2662 1770 2733 exponit,
1819 2663 1889 2718 ad

313 2754 612 2826 marginem
647 2772 665 2805 ‹
695 2761 1026 2824 praenotasse
1067 2753 1119 2808 Μ
1163 2753 1424 2819 litteram,
1465 2753 1637 2809 Mauri
1689 2767 1888 2808 nomen

313 2846 704 2916 exprimentem
748 2863 762 2898 :
808 2845 952 2916 quod
988 2844 1263 2915 magister,
1297 2845 1491 2914 inquit,
1522 2860 1676 2900 meus
1717 2845 1889 2899 beatae

317 2935 593 2990 memoria:
622 2934 847 2990 Albinus
873 2935 1004 2989 mihi
1029 2934 1240 2990 indidit.
1273 2954 1291 2986 ›
1327 2934 1592 2990 Nimirum
1632 2935 1738 2991 isto
1773 2951 1890 2992 aevo

317 3042 438 3082 mos
465 3027 760 3083 invaluerat
790 3027 931 3098 apud
959 3027 1230 3081 litteratos
1258 3026 1404 3082 viros
1434 3026 1489 3080 in
1531 3026 1618 3082 his
1643 3027 1890 3096 partibus

317 3116 595 3188 degentes,
643 3125 703 3172 ut
744 3124 941 3188 praeter
970 3115 1294 3187 gentilitium
1336 3131 1557 3182 nomen,
1586 3117 1728 3187 quod
1771 3117 1890 3188 ple-

315 3220 545 3276 rumque
573 3221 708 3262 sono
732 3205 1102 3262 duriusculum
1129 3213 1268 3272 erat,
1316 3205 1460 3260 aliud
1486 3221 1516 3260 a
1546 3205 1757 3260 Latinis
1796 3214 1892 3261 aut

315 3295 536 3365 Grzecis,
563 3299 740 3355 rarius
764 3301 832 3355 ab
856 3297 1097 3354 Hebraeis
1118 3298 1466 3363 asciscerent,
1489 3297 1756 3368 politioris
1777 3313 1892 3353 ser-

316 3390 492 3444 monis
519 3391 797 3446 lenitatem
834 3390 1165 3448 aﬂ'ectantes.
1212 3390 1348 3444 llinc
1379 3399 1568 3446 sancto
1606 3389 1891 3448 Fricborio

317 3481 661 3548 Hadrianus;
690 3483 918 3555 Biscopo
945 3497 1262 3554 cognomen,
1295 3483 1351 3536 id
1390 3491 1473 3537 est
1510 3483 1738 3538 alterum
1789 3499 1889 3539 no-

1911 2210 2040 2271 Aet
2079 2203 2367 2274 poematiis
2397 2203 2464 2258 ad
2509 2204 2660 2260 illum
2689 2201 2929 2275 scriptis.
2958 2202 3064 2271 Qui
3105 2203 3186 2260 sic
3233 2203 3432 2276 duplici
3473 2221 3574 2265 no-

1988 2295 2136 2351 mine
2182 2293 2360 2350 allecti
2397 2304 2577 2361 erant,
2637 2295 2962 2351 alterutrum
3022 2296 3287 2368 duntaxat
3342 2300 3574 2356 seorsim

1989 2386 2344 2457 usurpabant,
2373 2401 2498 2441 raro
2526 2395 2819 2458 utrumque
2848 2387 3038 2454 simul;
3071 2389 3232 2458 idque
3259 2389 3379 2446 aliis
3409 2392 3577 2447 etiam

1987 2478 2280 2534 observare
2328 2494 2448 2534 mos
2493 2487 2643 2546 erat;
2677 2481 2894 2538 tametsi
2923 2497 2978 2535 in
3025 2481 3252 2552 epistola
3291 2481 3578 2540 Humberti

1990 2569 2478 2643 Wirtziburgensis
2507 2574 2748 2645 episcopi
2778 2575 2848 2630 ad
2882 2575 3184 2641 Rabanum,
3232 2575 3578 2634 Commenta-

1990 2663 2087 2718 riis
2138 2663 2193 2718 in
2244 2661 2495 2719 Judicum
2553 2673 2610 2719 et
2656 2665 2804 2721 Ruth
2857 2666 3023 2723 libros
3072 2668 3407 2738 praemissam
3458 2668 3581 2740 lego

1991 2753 2134 2809 hanc
2174 2754 2583 2825 inscriptionem
2614 2774 2627 2810 :
2670 2755 2880 2811 Illustri
2919 2758 3029 2812 viro
3061 2759 3344 2828 meritoque
3386 2759 3583 2829 insigni

1993 2861 2056 2899 ac
2091 2846 2527 2916 praestantissimo
2583 2844 2738 2900 Patri
2772 2846 3052 2902 HRabano
3084 2848 3274 2902 Mauro
3317 2848 3584 2902 Humber—

1994 2946 2101 3004 tus,
2135 2953 2257 3010 qua:
2307 2937 2590 2993 nominum
2629 2939 2940 3009 conjunctio
2991 2939 3178 2994 itidem
3233 2941 3285 2993 in
3338 2938 3583 2996 Lotharii

1995 3029 2340 3100 imperatoris
2377 3030 2603 3100 epistola
2647 3030 2976 3102 expositioni
3025 3031 3330 3087 Ezechielis
3373 3046 3588 3102 praepe-

1996 3123 2103 3178 sita
2140 3123 2442 3178 invenitur.
2483 3123 2728 3193 Denique
2767 3140 3023 3195 agnomen
3061 3138 3219 3178 suum
3274 3121 3590 3180 HRabanus

1995 3221 2156 3269 vocat
2193 3214 2248 3267 in
2274 3212 2597 3283 praefatione
2640 3215 2707 3269 ad
2733 3213 2971 3269 Matthtei
3001 3214 3375 3285 Evangelium.
3421 3213 3586 3269 Joan-

1995 3319 2092 3360 nes
2119 3305 2450 3362 Trithemius
2498 3305 2784 3361 Rabanum
2816 3307 3021 3376 passim
3067 3307 3413 3377 cognominat
3460 3305 3555 3359 Ma

1995 3399 2264 3470 gnentium
2299 3414 2331 3451 a
2367 3397 2748 3469 Magnentiana
2784 3397 3008 3461 familia,
3045 3411 3110 3450 ex
3153 3412 3259 3466 qua
3304 3410 3429 3450 eum
3457 3411 3576 3466 pro-

1997 3489 2230 3544 cessisse
2281 3489 2532 3543 credidit.
2592 3489 2673 3541 Ex
2716 3489 2945 3543 vetustis
3002 3487 3359 3556 scriptoribus
3408 3485 3584 3549 nullus

317 3590 440 3631 men
497 3576 840 3645 Benedictus;
886 3577 1239 3632 Willibrordo
1286 3575 1567 3641 Clemens;
1623 3577 1893 3633 Winfrido
1921 3585 1970 3646 Β
2001 3581 2186 3654 (quem
2229 3579 2420 3651 sciam)
2460 3581 2564 3635 hoc
2603 3595 2901 3650 cognomen
2952 3579 3179 3634 Rabano
3225 3578 3418 3633 tribuit
3461 3587 3590 3633 ante

315 3667 656 3739 Bonifacius;
687 3670 894 3724 Arnoni
940 3668 1345 3739 Saltzburgensi
1389 3669 1640 3738 episcopo
1666 3669 1892 3740 Aquila;

313 3758 547 3814 Alcuino
577 3759 797 3813 Albinus
829 3758 1086 3824 Flaccus;
1113 3758 1306 3816 Carolo
1328 3759 1519 3829 Magno
1542 3759 1749 3826 David;
1778 3761 1892 3816 An-

317 3848 549 3918 gilberto
579 3847 874 3910 Homerus;
906 3847 1117 3903 Riculfo
1140 3848 1418 3914 Damnata;
1448 3849 1757 3905 Adalhardo
1779 3849 1894 3905 An-

317 3941 525 4006 tonius;
553 3938 723 3994 Wala:
746 3940 1014 4005 Arsenius,
1046 3948 1099 3995 et
1120 3940 1446 4006 Hieremias;
1474 3941 1736 3997 Ratberto
1761 3942 1895 3996 Pas-

317 4037 562 4102 chasius;
611 4035 835 4090 Warino
881 4036 1122 4091 Corbeize
1164 4036 1326 4106 Novae
1352 4037 1536 4092 abbati
1587 4033 1894 4100 Placidi-us;

317 4125 436 4180 aliis
459 4124 563 4181 alia
609 4125 867 4181 vocabula
913 4127 1188 4197 supposita
1223 4136 1366 4183 sunt.
1403 4127 1628 4182 Hariulti
1657 4129 1897 4182 chrono-

319 4218 508 4288 graphi
538 4217 876 4274 Centulensis
903 4219 968 4274 de
1002 4228 1190 4275 sancto
1235 4218 1518 4275 Frichoiio
1547 4220 1756 4290 agentis
1793 4233 1896 4275 no-

322 4312 483 4366 tanda
523 4321 651 4368 sunt
681 4313 845 4367 verba
893 4313 946 4365 in
973 4311 1066 4367 lib.
1102 4329 1139 4377 ι,
1178 4327 1297 4382 cap.
1329 4313 1404 4369 6:
1460 4331 1479 4364 ‹
1514 4312 1751 4367 Alterius
1794 4327 1896 4369 no-

321 4420 462 4469 men,
519 4419 584 4460 eo
633 4405 777 4474 quod
819 4405 960 4460 rictu
1000 4404 1197 4476 lingua!
1232 4405 1482 4461 barbarae
1527 4405 1771 4476 ineptum
1817 4405 1899 4459 vi-

321 4513 440 4552 sum
468 4508 574 4564 est,
605 4514 635 4552 a
664 4499 937 4570 prioribus
977 4507 1246 4554 mutatum
1283 4509 1528 4566 vocatur,
1561 4507 1616 4554 et
1642 4500 1898 4556 scribitur

323 4588 650 4643 Hadrianus.
688 4610 706 4642 »
741 4590 888 4646 Adeo
914 4606 1042 4646 vero
1074 4591 1353 4646 lenitatem
1381 4593 1522 4646 hanc
1554 4593 1899 4647 sectabantur

319 4681 464 4734 illius
507 4681 763 4749 temporis
786 4682 1052 4750 homines,
1088 4689 1148 4736 ut
1186 4681 1451 4750 ejusmodi
1491 4682 1772 4752 popularia
1798 4698 1899 4737 no-

319 4772 488 4838 mina,
523 4773 675 4842 quasi
721 4774 989 4839 barbara,
1037 4775 1388 4844 pronuntiare
1423 4773 1538 4828 fere
1586 4790 1696 4828 non
1737 4775 1901 4830 aude-

320 4872 459 4926 rent,
498 4864 603 4918 nisi
629 4865 797 4934 petita
821 4865 981 4920 venia
1009 4863 1292 4920 lectorum.
1324 4863 1440 4919 Huc
1466 4873 1676 4934 spectat
1703 4865 1898 4921 Serva-

1999 3672 2330 3729 Ademarum
2369 3670 2795 3725 Ecolismensem
2835 3671 3162 3724 monachum
3209 3668 3265 3722 in
3317 3667 3588 3724 Chronico

1998 3766 2066 3820 ab
2096 3764 2254 3820 annis
2295 3764 2568 3820 sexcentis
2607 3770 2851 3825 exarato,
2897 3770 2952 3816 et
2988 3760 3331 3831 Sigebertum
3375 3760 3424 3815 ei
3458 3776 3589 3830 sup--

1996 3871 2187 3925 parem
2240 3855 2296 3908 in
2337 3854 2434 3908 lib.
2483 3854 2549 3908 de
2591 3853 2961 3922 Scriptoribus
3001 3851 3413 3917 ecclesiasticis,
3467 3867 3585 3920 cap.

1997 3947 2088 4011 89,
2131 3946 2224 4000 ubi
2253 3944 2532 4009 Rabanus,
2565 3943 2670 3997 alio
2693 3945 2910 3998 nomine
2939 3942 3162 3997 Maurus
3196 3945 3302 3998 sive
3333 3943 3392 3997 Μ
3397 3962 3592 4014 agnen-

1997 4039 2101 4092 tius
2126 4036 2446 4108 appellatur.
2463 4035 2790 4101 HRabanus,
2811 4037 2905 4105 qui
2934 4035 3055 4090 aliis
3083 4035 3342 4092 Rabanus
3368 4046 3423 4091 ct
3445 4037 3592 4090 Rha-

1999 4131 2174 4187 banus
2219 4130 2291 4185 ita
2340 4145 2539 4184 nomen
2567 4144 2725 4183 suum
2755 4129 2979 4201 pingere
3008 4140 3156 4184 amat
3197 4145 3321 4184 cum
3351 4130 3592 4201 aspirata

1997 4223 2220 4293 prmia,
2276 4231 2338 4278 ut
2363 4221 2742 4288 HLudovicus,
2796 4221 3158 4290 llLotharius,
3190 4238 3290 4292 pro
3332 4238 3485 4279 more
3523 4223 3590 4276 il—

1998 4311 2104 4368 lius
2130 4313 2328 4368 astatis.

2070 4405 2124 4458 2.
2167 4405 2393 4461 Rabano
2421 4405 2658 4474 patriam
2701 4405 2832 4470 alii,
2866 4406 3024 4460 aliam
3064 4422 3163 4477 pro
3201 4407 3380 4463 studio
3437 4407 3593 4477 quis-

2001 4509 2106 4565 que
2135 4510 2234 4550 suo
2281 4494 2580 4564 adﬁngunt,
2612 4494 2670 4549 hi
2697 4495 2986 4565 Angliam,
3021 4495 3262 4551 Scotiam
3310 4496 3422 4552 isti.
3471 4495 3592 4551 Non

1998 4596 2157 4640 vacat
2186 4584 2434 4641 refellere
2466 4586 2599 4641 istas
2628 4602 2819 4657 nugas.
2853 4587 3127 4642 Francum
3157 4603 3280 4642 eum
3311 4588 3499 4654 fuisse,
3535 4588 3589 4642 id

2001 4689 2082 4734 est
2112 4680 2166 4732 in
2191 4678 2426 4733 Francia
2448 4678 2700 4733 orientali
2732 4685 2934 4743 ortum,
2966 4686 3202 4743 constat,
3241 4693 3346 4731 non
3371 4678 3596 4746 quidem

2000 4775 2203 4840 Fuldae,
2235 4776 2330 4830 sed
2370 4775 2675 4844 Magontiar.
2703 4773 2842 4826 Audi
2872 4771 3157 4826 Rabanum
3184 4771 3361 4842 ipsum
3391 4772 3447 4826 in
3490 4772 3590 4826 Al-

2002 4865 2148 4920 cuini
2181 4879 2414 4934 persona
2452 4863 2619 4917 libros
2644 4862 2710 4916 de
2732 4861 2904 4918 Cruce
2931 4877 3060 4917 suos
3078 4859 3396 4918 ollerentem
3418 4877 3592 4932 papae,

322 4963 406 5010 tus
440 4956 625 5027 Lupus
674 4960 728 5013 in
770 4958 1085 5029 praefatione
1115 4960 1184 5014 ad
1217 4959 1414 5014 librum
1445 4960 1512 5014 de
1555 4958 1678 5014 Vita
1720 4959 1895 5016 sancti
1923 4955 1968 5018 C
1999 4964 2055 5012 et
2091 4956 2172 5012 sic
2211 4956 2278 5010 de
2314 4969 2372 5010 se
2402 4954 2712 5024 loquentem
2745 4972 2758 5009 :

319 5043 589 5118 Wigberti
625 5047 872 5103 abbatis:
913 5067 931 5100 ε
960 5049 1018 5104 Id
1046 5058 1226 5104 autem
1254 5065 1285 5103 a
1321 5050 1483 5119 periti
1522 5049 1898 5106 benevolentia

321 5135 538 5192 lectoris
578 5139 930 5207 obtinuerint,
963 5150 1024 5196 ut
1051 5141 1225 5196 sicubi
1255 5142 1432 5196 Latini
1461 5145 1728 5198 sermonis
1758 5145 1898 5200 leni-

322 5236 401 5283 tas
429 5231 708 5285 hominum
735 5232 1043 5287 locorumve
1065 5233 1400 5288 Germanicae
1420 5235 1614 5306 linguae
1637 5251 1894 5292 vernacu-

321 5320 386 5374 lis
413 5332 718 5392 asperatur,
753 5325 960 5380 modice
1009 5325 1168 5390 ferat,
1199 5342 1264 5380 ac
1294 5327 1601 5381 meminerit
1630 5344 1738 5382 non
1775 5344 1897 5384 car-

320 5430 442 5468 men
471 5431 558 5469 me
595 5417 854 5483 scribere,
900 5417 990 5473 ubi
1016 5419 1226 5487 poetica
1256 5418 1472 5474 licentia
1512 5436 1896 5492 nonnunquam

320 5506 540 5560 nomina
564 5507 901 5573 mutilantur,
932 5519 1093 5578 atque
1115 5509 1180 5564 ad
1196 5510 1548 5566 sonoritatem
1571 5513 1798 5568 Romani
1814 5515 1898 5569 di-

321 5595 569 5664 riguntur
601 5599 821 5668 eloquii,
847 5599 932 5654 vel
959 5601 1174 5670 penitus
1199 5603 1573 5671 immutantur,
1605 5606 1695 5660 sed
1722 5607 1896 5663 histo-

323 5687 457 5742 riam
488 5706 609 5760 quae
644 5707 703 5746 se
749 5692 1031 5748 obscurari
1077 5693 1317 5749 colorum
1353 5695 1758 5766 obliquitatibus
1807 5714 1898 5754 re-

321 5780 456 5834 nuit.
499 5800 519 5832 ›
553 5781 680 5838 Haec
705 5785 869 5854 igitur
898 5801 1062 5841 causa
1102 5793 1186 5840 est
1210 5786 1280 5840 ob
1305 5803 1469 5856 quam
1499 5787 1757 5845 Alcuinus
1784 5792 1894 5846 Ra-

321 5866 463 5924 bano
519 5885 934 5943 cognomentum
972 5891 1065 5930 seu
1115 5875 1345 5929 alterum
1387 5894 1582 5933 nomen
1640 5881 1894 5950 imposuit

325 5957 533 6028 Mauro,
578 5980 685 6034 quo
721 5967 938 6022 nomine
966 5980 1088 6020 eum
1125 5965 1361 6022 salutare
1390 5969 1524 6024 solet
1556 5971 1609 6025 in
1655 5975 1892 6043 epistolis

658 6057 919 6141 Puncta
966 6059 1142 6121 CVII.

2131 5051 2243 5113 Ipse
2268 5050 2468 5160 (“lidth
2491 5048 2706 5099 Francus
2729 5062 2921 5112 genere
2947 5055 3041 5114 est,
3059 5055 3210 5114 atque
3233 5049 3389 5100 incola
3408 5048 3543 5100 silvze
3589 5053 3594 5097 :

2191 5113 2290 5160 Boc
2327 5124 2470 5160 onue.
2492 5119 2590 5160 etc.

2191 5113 2470 5174 Bochonize,
2492 5119 2590 5160 etc.

2005 5193 2191 5249 Fuldae
2228 5193 2450 5263 quippe,
2508 5193 2652 5262 quod
2691 5193 2946 5264 oppidum
3001 5193 3056 5247 in
3096 5193 3374 5249 Bochonia
3427 5194 3591 5249 situm

2007 5295 2124 5352 est,
2171 5285 2471 5339 monachus
2509 5294 2628 5338 erat
2682 5303 2695 5338 :
2743 5300 2852 5340 non
2896 5293 3077 5339 tamen
3122 5300 3188 5340 eo
3230 5284 3335 5341 loci
3391 5294 3588 5350 natus,

2007 5378 2103 5433 sed
2141 5376 2195 5431 in
2255 5377 2393 5433 urbe
2430 5375 2719 5447 Magontia,
2762 5385 2821 5431 ut
2858 5377 2973 5446 ipse
3013 5377 3160 5432 canit
3207 5377 3266 5432 in
3313 5376 3590 5447 epitaphio

2002 5485 2100 5524 SUO
2134 5488 2147 5524 ε

2127 5559 2474 5622 υτὺθςυίἀειη
2495 5560 2585 5611 hac
2606 5561 2807 5622 genitus
2823 5572 2949 5621 sum,
2969 5573 3025 5609 ac
3041 5572 3178 5610 sacro
3197 5559 3330 5610 t‘onte
3352 5565 3587 5611 renatus:

2189 5622 2242 5671 ln
2270 5621 2552 5683 Fulda'post
2580 5621 2683 5671 haec
2706 5623 2878 5683 dogma
2901 5635 3092 5672 sacrum
3116 5623 3277 5674 didici.

2003 5702 2114 5759 Nec
2135 5703 2387 5758 audiendi
2413 5711 2540 5757 sunt
2566 5703 2659 5772 qui
2689 5702 3176 5772 interpunctionem
3204 5711 3328 5774 post
3355 5702 3593 5760 vocabu-

2000 5795 2111 5850 lum
2156 5795 2212 5849 in
2268 5793 2448 5849 Fulda
2498 5794 2697 5849 locant.
2763 5793 3018 5850 Rabanus
3055 5795 3201 5851 enim
3255 5794 3587 5865 sepulturam

1999 5901 2152 5940 suam
2187 5886 2564 5958 designaverat
2603 5885 2887 5956 Magontize
2919 5887 2972 5940 in
3023 5887 3352 5942 monasterio
3397 5885 3585 5940 Sancti

1997 5979 2210 6045 Albani,
2236 5995 2300 6034 ac
2325 5981 2546 6037 proinde
2576 5982 2737 6036 verba
2771 5979 2878 6047 illa,
2909 5979 3047 6035 Urbe
3083 5961 3291 6051 quidem
3316 5981 3413 6035 hac
3441 5979 3585 6050 geni-

3190 6073 3222 6134 1
