4016 6494
373 410 443 469 13
1737 416 1935 485 PBOL]

2036 426 2263 487 lMENA.
3559 450 3627 511 M

371 538 488 579 ram
538 524 762 582 dedisse
805 524 1022 594 Romae;
1076 529 1180 585 rati
1210 530 1313 586 hoc
1358 547 1601 607 carmen,
1647 540 1793 608 quod
1824 554 1951 595 san-
1979 546 2035 609 Α

373 621 463 670 cto
492 611 725 670 Martino
754 616 1054 673 Turonensi
1085 618 1313 699 antistiti
1344 621 1614 694 dirigitur,
1646 626 1950 703 intelligen-

371 702 501 765 dum
540 722 663 762 esse
691 706 757 773 de
782 707 1037 778 Dontiiice
1066 708 1332 780 Romano,
1368 711 1542 786 deque
1573 716 1815 775 Romana
1836 702 1948 776 Ec-

372 796 560 863 clesia,
590 799 645 855 in
674 814 783 875 qua
814 800 1024 859 litteras
1048 800 1329 877 professus
1360 802 1433 860 sit
1455 805 1737 865 Alcuinus.

445 891 496 945 7.
538 888 850 947 Studiorum
876 893 1055 955 socios
1100 894 1157 949 in
1183 893 1483 957 Turoneusi
1533 898 1809 959 academia
1839 899 1948 956 Ra-

368 977 545 1038 banus
569 982 759 1041 habuit
779 983 1065 1049 Hattonem
1096 1002 1164 1041 ex
1187 987 1364 1058 dictis,
1389 990 1505 1063 ejus
1541 1002 1732 1065 postea
1768 994 1829 1055 in
1855 995 1949 1051 ab-

369 1070 557 1127 batiali
609 1073 869 1144 dignitate
912 1089 1316 1143 successorem;
1369 1085 1426 1133 et
1469 1077 1819 1137 Hemmonem
1851 1100 1947 1139 seu

367 1161 689 1221 Haimonem
718 1206 735 1232 ,
782 1165 906 1233 dein
952 1166 1266 1243 episcopum
1319 1167 1848 1241 Halbcrstatensem;
1891 1173 1945 1228 id

366 1254 513 1309 enim
545 1256 816 1329 colligitur
858 1274 931 1313 ex
966 1258 1294 1328 praefatione
1348 1262 1533 1331 operis
1580 1263 1651 1320 de
1682 1264 1945 1322 Universo

366 1341 654 1403 Hemmoni
693 1345 857 1403 dicati
895 1346 952 1404 in
976 1348 1096 1405 haec
1121 1349 1321 1405 verba:
1360 1369 1378 1403 ι
1422 1350 1627 1408 Memor
1666 1368 1789 1409 sum
1812 1352 1942 1413 boni

365 1434 530 1488 studii
572 1435 675 1502 tui,
718 1447 906 1494 sancte
948 1437 1134 1508 Pater,
1180 1442 1327 1511 quod
1377 1442 1616 1503 habuisti
1666 1444 1945 1517 hpuerili

368 1532 531 1593 atque
552 1523 781 1595 juvenili
801 1535 962 1585 mtate
990 1530 1047 1585 in
1070 1530 1376 1597 litterarum
1399 1534 1664 1590 exercitio
1682 1541 1739 1590 et
1761 1546 1945 1592 saera-

369 1630 489 1679 rum
512 1617 823 1677 litterarum
852 1622 1223 1690 ntalitatione,
1251 1626 1470 1694 quando
1498 1642 1708 1689 mecum
1731 1627 1945 1699 legebas

367 1721 476 1761 non
497 1707 671 1763 solum
701 1709 912 1766 divinos
930 1712 1101 1769 libros
1125 1722 1181 1769 et
1197 1724 1509 1773 sanctorum
1538 1718 1761 1775 Patrum
1782 1733 1945 1795 super

363 1810 458 1851 eos
482 1798 870 1869 expositiones,
894 1802 997 1858 sed
1022 1804 1190 1861 etiam
1217 1805 1379 1876 hujus
1398 1808 1592 1869 mundi
1612 1809 1941 1880 sapientium

2180 541 2575 618 Quodquon‘datn
2606 552 2768 618 docuit
2787 546 2991 618 albidus
3014 552 3107 603 rite
3129 557 3363 617 magister
3388 595 3402 618 ,

2236 603 2341 654 Hoc
2359 603 2536 667 poetas
2557 613 2729 659 teneat
2747 646 2762 671 ,
2795 610 2886 659 hoc
2909 624 3031 675 Opus

2051 703 2187 761 Cum
2206 704 2562 765 Fuldensibus
2599 711 2799 767 scholis
2820 725 3081 783 praeesset
3115 718 3390 787 Rabanus,
3436 721 3657 781 Gildas'

2050 796 2322 881 Hibernus
2347 801 2515 873 ipsius
2538 813 2729 876 rogatu
2758 806 2955 865 librum
2982 809 3049 866 de
3078 809 3348 885 Computa
3370 818 3621 887 capitulis

2051 887 2120 945 99
2180 891 2366 959 edidit,
2432 892 2716 966 eidemque
2768 902 3114 972 nuncupavit.
3161 898 3619 978 Nuneupatoriam

2049 979 2330 1069 epistolam
2373 997 2441 1038 ex
2484 981 2805 1043 Cottoniana
2832 990 3161 1050 bibliotheca
3202 996 3443 1069 vulgavit
3476 999 3621 1056 inter

2048 1068 2366 1165 Hibernicas
2389 1073 2657 1133 Usserius.
2694 1080 2769 1135 Ea
2796 1081 2854 1136 in
2880 1084 3105 1159 epistola
3135 1089 3314 1165 operis
3332 1106 3621 1164 argumen-

2047 1170 2164 1255 tum
2207 1163 2395 1223 Gildas
2421 1168 2673 1241 explicat,
2713 1175 2915 1249 gratias
2948 1193 3113 1250 agens
3164 1163 3293 1251 Deo,
3322 1203 3342 1236 ι
3374 1186 3466 1255 qui
3494 1186 3616 1254 tibi,

2044 1252 2241 1325 inquit,
2264 1256 2381 1326 ejus
2408 1274 2646 1316 amorem
2674 1263 2975 1334 inspiravit,
3006 1276 3166 1341 teque
3185 1273 3365 1330 reddit
3388 1252 3487 1333 suo
3512 1252 3617 1333 iul;

2044 1358 2174 1416 gore
2201 1345 2534 1415 decoratum,
2564 1359 2619 1405 et
2642 1355 2906 1422 proximis
2929 1359 3038 1414 tuis
3060 1364 3482 1431 profectuosum.
3522 1387 3544 1422 ι

2114 1435 2202 1490 11.
2244 1438 2544 1511 Discipulos
2576 1443 2765 1501 habuit
2793 1452 3110 1520 permultos,
3152 1454 3209 1510 in
3246 1457 3333 1513 his
3359 1459 3619 1516 Walafri-
3656 1470 3661 1481 ’

2040 1524 2460 1621 dumStrabum,
2483 1530 2768 1591 Servatum
2794 1537 3025 1609 Lupum,
3054 1542 3365 1615 Rudoifum,
3390 1565 3622 1621 sequen—

2042 1616 2115 1713 tis
2147 1618 2282 1713 Vita:
2328 1624 2671 1694 scriptorem,
2700 1636 2758 1685 et
2785 1629 3081 1703 Otfridum,
3110 1637 3177 1693 de
3205 1641 3402 1710 quibus
3445 1616 3621 1713 pauca

2040 1709 2130 1765 hic
2151 1711 2477 1771 adnotanda.
2521 1717 2853 1779 Walal‘ridus
2898 1723 3147 1796 Strabus,
3182 1709 3277 1801 qui
3304 1709 3491 1802 postea
3517 1734 3623 1791 fuit

2038 1802 2225 1875 Augiae
2252 1807 2439 1875 abbas,
2470 1824 2529 1865 se
2555 1811 2671 1882 ipse
2713 1814 2857 1871 inter
2884 1814 3095 1875 Rabani
3132 1820 3426 1895 discipulos
3451 1826 3622 1882 adnu-

357 1887 429 1945 de
459 1905 641 1946 rerum
673 1894 886 1950 naturis
914 1894 1143 1953 solertes
1185 1896 1586 1972 inquisitiones,
1618 1917 1753 1981 quas
1792 1903 1852 1969 in
1873 1903 1942 1959 li-
1968 1907 2019 1977 Β
2044 1905 2220 1952 Inerat
2244 1897 2299 1953 in
2327 1901 2572 1959 cannine
2598 1905 2802 1977 scripto
2830 1908 2899 1962 ad
2944 1887 3288 1967 HRabanuni
3310 1918 3622 1987 magistram

359 1979 631 2038 beralium
668 1984 873 2043 artium
911 1985 1274 2059 descriptione
1308 1996 1365 2047 et
1408 2000 1726 2053 (δείδιθι-μω
1755 2009 1938 2052 rerum

359 2068 775 2144 investigatione
789 2086 1220 2151 composuerunt.
1244 2097 1265 2131 ο
1282 2078 1536 2145 Soddem
1557 2084 1719 2139 etiam
1750 2084 1941 2146 habuit

359 2160 692 2234 Samuelem,
722 2176 781 2224 ut
790 2170 998 2240 patebit
1015 2187 1085 2234 ex
1106 2189 1263 2237 ω.
1292 2173 1379 2239 1ορ
1404 2173 1625 2241 Dealiis
1643 2176 1939 2251 ejussociis

354 2254 614 2315 hariolari
638 2275 748 2317 non
769 2261 936 2319 lubet.

350 2462 640 2549 Fuldensis
654 2469 852 2549 schola
862 2474 1116 2549 regimen,
1134 2475 1434 2545 celebritas,
1461 2475 1558 2549 alii
1570 2483 1935 2549 praeceptores,

523 2537 729 2595 Rabani
755 2537 1022 2615 discipitli,
1052 2537 1113 2600 εἰ
1130 2563 1398 2603 successor
1418 2537 1476 2604 in
1498 2537 1752 2603 docendo:

421 2626 474 2683 8.
515 2628 749 2687 Turonis
794 2649 1064 2703 reversus,
1109 2636 1466 2696 Fuldensibus
1510 2638 1800 2712 przefectus
1852 2647 1936 2697 est

348 2716 551 2773 scholis
572 2718 828 2794 Ratgario
858 2724 1075 2792 abbate,
1117 2727 1209 2797 qui
1239 2741 1429 2798 parum
1476 2744 1662 2799 aequus
1689 2728 1746 2784 in
1789 2728 1937 2786 litte-

351 2823 445 2863 ras
467 2825 532 2865 ac
558 2809 823 2869 litteratos
838 2814 960 2871 fuit.
986 2814 1155 2872 istam
1167 2820 1501 2889 provinciam
1530 2821 1585 2875 in
1608 2834 1666 2875 se
1694 2820 1935 2891 suscepit

353 2899 627 2971 Babanus,
680 2906 895 2963 vivente
931 2910 1097 2965 etiam
1147 2920 1274 2968 tunc
1309 2912 1562 2981 Alcuino,
1594 2913 1686 2983 qui
1724 2914 1777 2969 in
1819 2928 1933 2985 epi-

348 2993 486 3048 stola
514 2994 603 3063 55,
632 2998 899 3055 benedicta
924 3003 1100 3057 sancti
1129 3002 1403 3059 Benedicti
1445 3021 1609 3077 puero
1634 3004 1844 3072 Mauro,
1877 3005 1933 3061 id

346 3092 425 3138 est
455 3085 695 3154 Rabano,
714 3090 997 3163 inscripta,
1013 3110 1145 3151 eum
1166 3095 1342 3152 malch
1367 3095 1593 3167 mf
1612 3114 1734 3156 (⁵⁸⁸⁸³⁸
1756 3098 1931 3169 pueris
1976 3165 1991 3183 .

343 3178 457 3232 suis
485 3181 658 3250 jubet.
698 3184 883 3254 Itaque
932 3187 978 3249 si
1035 3188 1349 3251 Rabanusa
1397 3190 1657 3265 Ratgario
1709 3190 1926 3258 abbate,

341 3355 558 3415 Alcuini
595 3363 837 3418 scholam
862 3367 1066 3423 missus
1090 3376 1205 3436 est;
1234 3369 1281 3425 si
1310 3371 1475 3429 etiam
1504 3371 1764 3427 Alcuinus
1783 3386 1926 3427 anno

340 3447 471 3517 804,
492 3467 678 3508 mense
699 3454 864 3523 Maio,
888 3456 1072 3518 vivere
1092 3458 1272 3525 desiit,
1303 3458 1561 3523 Balaam
1580 3462 1777 3534 exiguo
1801 3472 1927 3520 tem-

338 3546 474 3611 por'e
496 3544 733 3601 Turonis
760 3547 1048 3605 Alcuinum
1071 3558 1466 3622 praeceptorem
1486 3554 1828 3610 auseultavit.
1857 3593 1872 3601 -

408 3631 466 3687 9.
503 3632 731 3693 Rabano
753 3636 965 3702 litteras
983 3641 1302 3710 profitente,
1341 3658 1539 3714 magna
1568 3638 1674 3711 fuit
1699 3645 1927 3701 celebri-

336 3732 422 3780 tas
445 3724 733 3784 Fuldensis
758 3731 1075 3799 academize,
1102 3747 1224 3804 qua:
1248 3735 1490 3791 omnium
1510 3735 1925 3808 disciplinarum

333 3817 494 3874 libris
522 3827 636 3874 tum
678 3822 975 3881 abundarit
998 3865 1013 3889 ,
1041 3833 1097 3882 et
1120 3825 1411 3896 prmdaros
1454 3825 1572 3887 orbi
1614 3828 1924 3886 Christiano

335 3914 591 3971 doctores
611 3917 841 3987 peperit.
854 3917 1030 3985 Quam
1051 3919 1229 3990 ampla
1252 3920 1419 3975 fuerit
1436 3922 1779 3978 bibliothecae
1797 3922 1926 3978 Ful-

334 4007 520 4064 densis
568 4010 828 4080 supellex,
863 4014 1019 4069 docet
1051 4030 1153 4071 nos
1177 4013 1434 4070 Rabanus
1473 4014 1531 4071 in
1552 4017 1797 4072 carmine
1833 4017 1921 4086 16,

334 4098 402 4152 ad
414 4098 725 4156 Gerhohum
748 4104 1150 4176 presbyterum,
1173 4104 1261 4160 cui
1282 4106 1572 4162 commissa
1598 4115 1739 4175 erat,
1755 4122 1923 4178 quem

334 4189 541 4247 idcirco
567 4192 959 4263 clavipetentem
976 4195 1199 4267 fratrem
1218 4196 1487 4269 appellat:

457 4303 639 4376 Dicere
667 4306 778 4376 quid
804 4319 998 4376 possum
1021 4309 1085 4358 de
1107 4323 1283 4376 magna
1306 4309 1454 4360 laude
1476 4309 1715 4376 librorum
1730 4348 1751 4376 ,

520 4371 661 4432 Quos
673 4370 764 4432 sub
787 4369 926 4419 clave
946 4374 1112 4432 tenes,
1132 4369 1280 4421 lra'ter
1297 4381 1476 4432 amate,
1500 4382 1580 4425 tua
1605 4374 1630 4424 ‘I

458 4427 698 4490 Quidquid
719 4431 777 4477 ab
802 4442 914 4480 arce
941 4431 1075 4481 Deus
1096 4427 1210 4483 emit
1236 4435 1419 4485 direxit
1444 4427 1489 4483 in
1514 4434 1686 4489 orbem
1702 4428 1721 4448 ⁵

519 4490 779 4560 scripturas
802 4500 984 4560 sanctas
1010 4508 1098 4560 per
1122 4496 1201 4560 pia
1224 4497 1372 4560 verba
1398 4497 1517 4560 viris
1536 4508 1555 4560 ;

460 4549 562 4620 llch
586 4549 828 4620 invenies,
852 4549 1083 4616 quidquid
1101 4549 1342 4620 sapientia
1366 4559 1534 4609 mundi

517 4613 727 4663 Protulit
750 4616 802 4664 in
821 4613 1050 4665 mundum
1077 4613 1377 4679 temporibus
1403 4622 1563 4669 variis.
1633 4671 1640 4680 _

406 4718 495 4773 10.
534 4717 650 4774 Non
681 4719 827 4775 solus
852 4726 1039 4774 tamen
1067 4722 1121 4775 in
1149 4723 1270 4777 istis
1314 4722 1516 4778 scholis
1549 4723 1778 4779 docebat
1807 4724 1917 4779 Ra-

329 4813 525 4877 banus,
561 4812 778 4871 tametsi
800 4813 1108 4883 praecipuus
1134 4814 1393 4885 magister
1432 4822 1568 4868 erat.
1599 4814 1915 4885 Adiutorem

329 4903 676 4973 sodalemque
689 4904 879 4959 habuit
904 4905 1229 4971 Samuelem,
1244 4914 1431 4978 postea
1458 4905 1916 4973 Wormatiensem

327 4993 643 5063 episcopum
667 5035 682 5060 ,
725 5009 888 5064 quem
943 4993 1109 5061 etiam
1139 4994 1245 5055 sub
1296 4994 1527 5053 Alcuino
1581 5005 1914 5066 praeceptore

329 5087 761 5161 condiscipulum
802 5091 1085 5146 habuerat.
1118 5089 1421 5163 Utrumque
1455 5099 1674 5147 constat
1696 5105 1765 5147 ex
1792 5106 1913 5146 car-

329 5179 475 5235 mine
504 5180 619 5235 2|:

453 5295 703 5361 Quondam
730 5306 947 5361 namque
960 5300 1124 5349 meum
1148 5295 1424 5361 gaudebam
1449 5303 1500 5346 te
1529 5306 1641 5353 esse
1663 5293 1885 5349 sodalem.

515 5356 652 5406 Inter
675 5355 903 5414 lectores,
926 5357 1077 5407 frater
1105 5355 1285 5417 amate,
1302 5355 1443 5407 mihi.

449 5415 591 5491 Nunc
618 5432 819 5491 quoque
837 5426 887 5491 te
908 5421 1126 5491 gratulor
1160 5415 1512 5491 retinerejura
1534 5418 1755 5491 magistri

513 5479 753 5531 Crescere
778 5479 983 5543 virtute,
1006 5481 1156 5544 patris
1178 5481 1367 5531 habere
1382 5479 1567 5537 locum.

327 5783 432 5842 pus
452 5778 671 5831 creatus
689 5770 977 5835 retinebat.
1002 5768 1166 5829 Addit
1193 5768 1480 5865 post‘duos
1501 5785 1713 5865 versus,
1728 5770 1912 5833 eidem

332 5859 501 5918 etiam
524 5877 867 5920 communem
892 5859 1481 5933 praeceptorem'fuisse
1508 5859 1782 5917 Albinum.

1982 5820 2063 5855 ιςτιε

2040 2005 2216 2045 suum.
2268 1990 2451 2071 Lupus
2505 1994 2562 2050 in
2608 1996 2837 2068 epistola
2879 2000 2907 2054 1
2955 2000 3145 2058 scribit
3178 2019 3238 2060 se
3274 2006 3343 2061 ab
3401 2005 3621 2064 Aldrico

2038 2083 2457 2153 metropolitano
2483 2102 2581 2144 suo
2611 2089 2878 2147 directum
2902 2091 3071 2150 fuisse
3101 2112 3122 2146 α
3156 2096 3227 2152 ad
3250 2098 3617 2155 venerabilem

2038 2171 2393 2244 Hllabanum,
2424 2179 2506 2234 uti
2530 2180 2600 2236 ab
2639 2197 2705 2237 eo
2734 2183 3039 2255 ingressum
3070 2198 3291 2258 caperet
3314 2190 3620 2246 divinarum

2038 2267 2466 2339 Scripturarum.
2498 2291 2518 2325 ι
2542 2272 2732 2329 Eidem
2778 2278 3190 2333 reverentissimo
3216 2278 3374 2335 Patri
3400 2282 3623 2336 eximim-

2035 2377 2136 2433 que
2162 2364 2470 2434 prwceptori
2497 2379 2598 2421 suo
2626 2365 2877 2422 inscribit
2904 2366 3189 2439 epistolam
3215 2368 3308 2436 40,
3337 2371 3430 2439 qui
3456 2370 3620 2426 vicis-

2037 2453 2141 2509 sim
2161 2452 2314 2526 Lupo
2340 2464 2465 2527 post
2488 2456 2608 2527 ejus
2633 2460 2701 2514 ab
2731 2474 2789 2515 se
2815 2458 3117 2517 discessum
3146 2461 3415 2537 dedicavit
3437 2462 3619 2519 Colle—

2036 2545 2270 2601 ctarium
2316 2547 2374 2602 in
2402 2547 2674 2619 Epistolas
2700 2548 2876 2606 Pauli.
2908 2550 3175 2609 Budolfus
3203 2552 3490 2609 Rabanum
3528 2554 3619 2609 iti-

2035 2637 2160 2695 dem
2201 2650 2571 2712 praeceptarem
2617 2658 2682 2700 ac
2708 2646 3018 2717 magistram
3053 2663 3209 2704 suum
3255 2656 3417 2705 vocat
3450 2649 3507 2703 in
3533 2663 3621 2705 se-

2035 2737 2221 2800 quent.
2260 2730 2401 2786 Vita.
2454 2732 2697 2790 Otfridus
2731 2750 2863 2791 vero
2895 2738 3181 2819 presbyter
3218 2748 3276 2795 et
3323 2740 3621 2796 monachus

2035 2820 2538 2895 Wissenburgensis
2564 2826 2705 2895 apud
2736 2824 2952 2897 Spiram
2974 2826 3279 2897 Nemetum,
3317 2829 3373 2885 in
3393 2828 3620 2901 epistola

2028 2910 2325 2971 Liudberto
2342 2915 2651 2988 Maguntino
2672 2910 3079 2989 archiepiscopo
3092 2920 3292 2991 scripta
3313 2932 3415 2991 pro
3443 2928 3618 2975 trans-

2032 3004 2235 3063 latione
2272 3007 2341 3064 ab
2384 3023 2442 3064 se
2476 3009 2620 3064 facta
2651 3010 3054 3083 evangeliorum
3083 3012 3139 3067 in
3164 3011 3407 3085 linguam
3432 3012 3618 3068 Theo-

2032 3098 2245 3165 tiscam,
2279 3119 2298 3153 ι
2335 3099 2490 3157 Hunc
2518 3100 2688 3173 igitur
2712 3100 2912 3158 librum
2933 3143 2950 3171 ,
2990 3103 3187 3174 inquit,
3218 3110 3416 3182 vestrae
3437 3102 3617 3174 sagaci

2032 3195 2337 3262 prudentia:
2364 3195 2703 3267 probandum
2747 3195 2934 3252 curavi
2977 3195 3379 3252 transmittere:
3408 3202 3464 3250 et
3489 3195 3619 3265 quia

240 3270 248 3277 '
344 3280 505 3359 quem
527 3285 669 3327 anno
713 3274 819 3333 802
861 3275 1048 3335 Fuldai
1094 3280 1334 3352 regimen
1362 3282 1553 3340 iniisse
1584 3290 1825 3349 constat,
1857 3282 1926 3337 ad
1953 3271 1998 3341 C
2029 3300 2061 3339 a
2098 3284 2321 3342 Rabano
2352 3286 2675 3344 venerandae
2724 3287 3024 3355 memoriae,
3055 3286 3220 3359 digno
3250 3293 3445 3340 vestra:
3471 3283 3617 3339 sedis

2033 3376 2302 3448 quondam
2335 3379 2586 3450 prmsule,
2636 3379 2863 3434 educata
2906 3391 3027 3433 mea
3066 3377 3311 3448 parvitas
3343 3385 3448 3444 est,
3475 3390 3616 3446 pra:—

2031 3471 2240 3527 suiatus
2292 3473 2462 3528 vestri
2512 3473 2765 3547 dignitati
2792 3472 3182 3545 sapientiaeque
3234 3471 3620 3528 commendare

2030 3565 2238 3621 curavi.
2271 3585 2290 3619 ι

2101 3657 2190 3712 12.
2213 3655 2395 3715 Abbas
2423 3656 2602 3714 factus
2639 3657 2727 3715 vir
2758 3664 2982 3715 sanctus
3003 3673 3191 3714 curam
3220 3656 3452 3713 docendi
3484 3657 3618 3713 libe-
3644 3676 3651 3693 κ

2030 3750 2172 3807 rales
2195 3761 2342 3807 artes
2363 3751 2483 3811 aliis
2509 3750 2802 3817 commisit,
2825 3759 3107 3809 reservato
3123 3751 3223 3806 sibi
3245 3748 3422 3807 ofﬁcio
3449 3750 3617 3805 inter-

2026 3843 2273 3914 pretandi
2298 3842 2608 3913 Scripturas
2622 3857 2826 3909 sacras;
2846 3857 2973 3898 nam
2997 3840 3063 3901 ad
3078 3855 3203 3897 eum
3220 3840 3338 3911 jam
3366 3839 3614 3895 abbatem

2029 3935 2227 3992 missus
2248 3942 2331 3989 est
2353 3933 2557 4004 Lupus,
2574 3934 2653 3989 uti
2675 3935 2742 3989 ab
2767 3949 2831 3990 eo
2850 3933 3109 4005 praeludia
3134 3933 3292 3991 istius
3318 3932 3616 4002 disciplinae

2029 4026 2260 4081 disceret
2301 4041 2367 4082 ex
2404 4025 2584 4082 dictis.
2640 4025 2719 4081 Eo
2772 4024 2966 4083 abbate
3004 4024 3357 4081 humaniores
3402 4024 3614 4079 litteras

2027 4116 2369 4174 scholaribus
2400 4118 2623 4173 tradidit
2655 4116 2928 4175 Candidus
2958 4118 3279 4185 monachus,
3314 4117 3468 4188 cujus
3496 4116 3615 4172 haec

2025 4209 2193 4264 verba
2223 4219 2351 4266 sunt
2384 4210 2541 4269 initio
2575 4208 2741 4266 libelli
2771 4226 2932 4282 quem
2980 4212 3046 4265 de
3080 4208 3204 4266 'Vita
3230 4208 3420 4281 Eigilis
3440 4207 3613 4263 abba-

2024 4306 2099 4361 tis
2129 4307 2436 4379 composuit
2466 4326 2479 4359 :
2512 4325 2531 4357 ‹
2568 4305 2644 4361 De
2665 4314 2862 4362 caetero
2887 4319 3104 4377 quoque
3129 4313 3317 4361 notum
3346 4302 3488 4358 facio
3509 4309 3640 4388 tum.

2022 4392 2283 4450 charitati
2329 4394 2474 4465 quod
2514 4411 2662 4451 anno
2689 4395 2969 4467 praeterito
2997 4393 3228 4449 domnus
3256 4393 3423 4449 abbas
3456 4391 3612 4447 lilia-

2024 4482 2222 4553 banus,
2250 4502 2375 4541 cum
2402 4485 2479 4541 illi
2514 4485 2785 4557 querebar
2825 4486 2953 4557 quia
2982 4501 3087 4542 non
3120 4485 3382 4541 haberem
3425 4498 3611 4554 quem-

2028 4593 2194 4648 quam
2224 4593 2437 4633 mecum
2459 4577 2838 4635 consociorum
2866 4592 2989 4631 cum
3012 4591 3120 4647 quo
3142 4575 3195 4631 in
3223 4576 3405 4629 divina
3424 4574 3614 4630 lectio-

1941 4648 1998 4711 Ῑ)
2025 4684 2093 4723 ne
2123 4668 2447 4740 disputando
2473 4677 2530 4724 et
2576 4668 2804 4740 legendo
2837 4668 3103 4739 proiicere
3129 4666 3448 4735 potuissem,
3501 4664 3611 4719 tale

2025 4761 2159 4815 mihi
2192 4777 2508 4830 responsum
2548 4760 2863 4814 referebat:
2908 4758 3140 4822 Exerce,
3177 4755 3375 4827 inquit,
3422 4764 3608 4808 temet-

2024 4854 2197 4925 ipsum
2213 4853 2449 4925 legendo,
2474 4862 2521 4908 ct
2537 4853 2739 4925 aliquid
2754 4853 2995 4908 utilitatis
3017 4853 3153 4908 adde
3176 4852 3444 4908 dictando.
3463 4851 3607 4906 Nam

2024 4946 2151 5000 dum
2189 4962 2281 5016 ego
2338 4944 2552 5012 ibidem,
2586 4945 2675 5000 ubi
2721 4963 2858 5000 nunc
2884 4947 2991 5016 ipse
3031 4945 3277 5010 moraris,
3316 4960 3609 4998 commune-

2024 5052 2159 5101 rem,
2180 5035 2371 5089 librum
2394 5054 2556 5108 prosa
2584 5049 2631 5091 et
2658 5037 2889 5092 versibus
2915 5038 2969 5092 in
2989 5035 3199 5090 laudem
3219 5045 3415 5088 sancite
3437 5034 3608 5088 crucis
3708 5095 3714 5102 .

2021 5128 2203 5183 divina
2238 5130 2411 5200 gratia
2453 5130 2743 5201 inspirante
2787 5130 2989 5201 increpi.
3029 5148 3049 5180 ι
3081 5126 3247 5197 Atqui
3288 5125 3429 5181 istud
3474 5141 3612 5197 opus

2022 5233 2317 5290 aggressus
2347 5228 2429 5274 est
2451 5218 2729 5286 Rabanus,
2762 5221 2889 5275 dum
2920 5218 3265 5275 humaniores
3295 5217 3608 5289 disciplinas

2010 5311 2246 5369 doceret
2273 5309 2327 5367 in
2364 5312 2548 5371 schola
2581 5312 2909 5377 monasterii,
2945 5312 2999 5365 in
3030 5324 3134 5383 qua
3163 5310 3388 5383 proinde
3410 5310 3607 5365 Candi-

2026 5401 2126 5459 dus
2156 5410 2291 5468 tum,
2325 5417 2448 5458 cum
2474 5401 2661 5474 Eigilis
2704 5402 2885 5459 Yitam
2917 5401 3209 5479 scribebat,
3255 5400 3609 5477 praeceptoris

1981 5476 2304 5577 ;pbtmebat
2330 5493 2587 5559 oﬂicium.

328 5579 535 5649 Quibus
545 5583 1070 5655 versibussiguilicat
1091 5584 1401 5655 samuelem
1416 5599 1604 5639 secum
1627 5584 1917 5655 aliquando
1980 5634 2039 5669 ,η

329 5677 563 5746 gessisse
594 5677 841 5750 magistri
866 5691 965 5735 seu
992 5676 1213 5737 lectoris
1226 5675 1491 5743 ndicium.
1532 5677 1677 5747 quod
1704 5678 1916 5747 episco-
1976 5730 2039 5763 ω

2633 5585 2860 5677 ΟᾼΡΗΤ
2909 5585 3000 5643 IV.

2149 5678 2536 5745 Sacerdotium,
2568 5676 2790 5747 vexatio,
2825 5681 2926 5735 iter
2951 5679 3473 5751 Jerosolymitanum.

2098 5772 2180 5828 15.
2219 5770 2438 5829 Ordinis
2476 5766 2826 5826 sacerdotalis
2852 5771 3081 5843 gradum
3116 5772 3353 5841 suscepit
3380 5772 3448 5826 ab
3475 5769 3604 5825 ﬂai-

2022 5866 2187 5923 stuli‘o
2235 5865 2643 5933 archiepisc0po
2670 5860 3000 5954 Moguntiuo,
3027 5863 3169 5934 quod
3220 5862 3335 5933 ipse
3379 5871 3606 5926 testatur
