4016 6498
581 472 639 519 Ο

307 519 378 576 17
603 514 631 519 ⁷
1656 514 2187 573 PROLEGOMENA.
3503 516 3566 573 l8

310 643 416 698 diae
443 639 634 696 'ﬁnem
678 635 958 693 discimus.
987 633 1177 691 Delata
1223 648 1312 690 res
1341 641 1424 690 est
1451 635 1519 689 ad
1554 633 1886 690 Ludovicum
1913 632 1967 693 Α
2001 669 2010 673 -
2063 633 2150 687 18.
2179 632 2316 698 Quid
2343 631 2395 686 in
2417 639 2726 687 sanctorum
2755 632 3011 704 reliquias
3035 641 3090 688 et
3112 633 3228 687 loca
3255 645 3410 688 sacra
3431 646 3570 701 prte-

310 735 633 806 Augustum,
648 731 740 801 qui
755 728 1034 785 monachis
1051 727 1408 782 Fuldensibus
1421 725 1731 781 facultatem
1745 725 1893 781 dedit

311 824 540 896 eligendi
555 823 720 877 alium
734 820 998 875 abbatem.
1017 819 1158 883 Mox,
1175 817 1386 887 abjecto
1398 818 1676 889 Ratgario,
1690 818 1893 872 electus

311 927 400 975 est
424 931 565 973 anno
589 916 692 973 817
711 912 850 985 Eigil
873 911 1058 976 abbas,
1083 918 1144 965 ut
1171 910 1227 964 in
1262 911 1378 982 ejus
1397 911 1522 966 Vita
1551 910 1758 964 dictum
1785 918 1888 964 est.

312 1009 392 1066 Eo
413 1008 608 1064 abbate
634 1005 796 1061 rediit
848 1011 1028 1075 optata
1057 1001 1322 1058 serenitas
1347 1041 1363 1069 ,
1393 1000 1606 1056 collecti
1635 1001 1811 1055 denuo
1835 1000 1891 1054 in

311 1116 477 1157 unum
509 1098 758 1155 monachi
807 1095 1112 1168 regularem
1141 1093 1478 1164 disciplinam
1500 1101 1554 1148 et
1588 1092 1891 1148 studiorum

310 1206 471 1247 usum
508 1194 834 1246 revocarunt
858 1186 1084 1241 Rabano
1108 1173 1343 1239 maxime
1362 1191 1718 1254 praeceptore.

383 1279 470 1334 15.
503 1279 608 1334 Per
635 1293 758 1333 eam
796 1275 1039 1348 Ratgarii
1069 1280 1450 1344 tempestatem
1490 1273 1752 1328 accidisse
1797 1286 1889 1326 ar-

201 1369 211 1375 ’
311 1370 488 1426 bitror
518 1377 578 1424 ut
605 1369 864 1424 Rabanus
892 1367 1011 1423 loco
1053 1365 1248 1421 cedere
1273 1363 1582 1434 compulsus
1618 1362 1814 1418 abierit
1835 1362 1892 1417 in

310 1463 431 1520 loca
452 1472 669 1518 sancta:
694 1459 848 1529 cujus
861 1456 1318 1530 peregrinationis
1340 1456 1606 1512 hactenus
1629 1455 1893 1526 ignoratae

225 1541 262 1612 »ί
311 1555 564 1612 meminit
607 1553 722 1624 ipse
768 1553 823 1608 in
892 1567 1025 1606 mss.
1081 1548 1488 1605 commentariis
1534 1547 1658 1604 libri
1703 1546 1889 1613 Josue,

311 1666 434 1720 cap.
468 1649 558 1715 ll,
587 1661 748 1703 versu
772 1647 826 1713 8,
851 1647 940 1701 ubi
969 1647 1035 1701 de
1059 1644 1259 1700 Sidone
1288 1644 1418 1716 agit.
1457 1662 1477 1694 ‹
1507 1642 1619 1714 Ego
1648 1640 1890 1712 quidem,

312 1742 508 1812 inquit,
561 1756 684 1796 cum
721 1740 778 1794 in
823 1739 957 1793 locis
1007 1736 1225 1792 Sidonis
1264 1733 1550 1806 aliquoties
1570 1733 1894 1800 demoratus

313 1835 439 1898 sim,
480 1847 756 1902 nunquam
795 1829 1034 1900 comperi
1078 1829 1211 1883 duas
1252 1842 1372 1883 esse
1421 1826 1674 1891 Sidonas,
1725 1839 1892 1879 unam

313 1939 565 1993 magnam
599 1931 655 1977 et
687 1922 852 1976 aliam
895 1935 1116 1990 parvam
1139 1959 1155 1986 ,
1188 1913 1452 1990 quantum
1501 1918 1570 1972 ad
1617 1925 1892 1972 terrenum

1997 722 2183 779 stitum
2224 723 2292 777 ab
2319 738 2384 777 eo
2412 723 2501 789 sit,
2536 724 2745 779 abunde
2783 740 2882 780 nos
2907 727 3063 781 docet
3089 723 3350 780 Rudolfus
3376 723 3572 795 (Infra

1995 813 2050 867 in
2080 813 2198 868 Vita
2231 813 2499 886 Rabani),
2545 816 2647 870 nisi
2675 817 2818 886 quod
2860 817 3064 872 omittit
3109 816 3255 886 jacta
3303 832 3403 888 per
3447 832 3571 872 eum

1995 908 2160 964 fuisse
2183 908 2527 964 fundamenta
2553 909 2945 967 Hersfeldensis
2970 912 3232 978 ecclesiae,
3257 919 3396 968 teste
3420 909 3577 967 Lam-

1993 995 2148 1052 berto
2174 996 2331 1066 hujus
2360 999 2464 1054 loci
2508 1002 2792 1065 monacho,
2833 1001 2984 1071 cujus
3014 1003 3130 1057 haec
3155 1002 3339 1057 verba.
3377 1020 3395 1053 ‹
3416 1001 3575 1056 Anno

1993 1089 2090 1146 851
2134 1091 2279 1145 Brun
2304 1099 2357 1146 et
2385 1091 2572 1148 Raban
2614 1094 2837 1150 abbates
2879 1095 3286 1151 fundamentum
3331 1096 3573 1151 ecclesiae

1995 1178 2181 1236 Sancti
2234 1181 2498 1254 Wigberti
2541 1183 2792 1239 foderunt
2834 1201 2889 1240 vr
2945 1187 3068 1242 ldus
3108 1185 3255 1252 Julii,
3305 1186 3440 1242 feria
3485 1202 3576 1242 se-

1994 1273 2188 1338 cunda,
2223 1293 2242 1324 ι
2273 1289 2435 1344 quam
2481 1275 2737 1332 Rabanus
2777 1287 2900 1348 post
2929 1277 3095 1333 Bruni
3131 1287 3361 1334 mortem
3396 1280 3578 1337 absol-

1992 1364 2090 1428 vit,
2131 1373 2187 1418 et
2231 1379 2373 1420 anno
2420 1365 2524 1420 850
2578 1367 2890 1423 dedicavit:
2920 1368 3073 1440 cujus
3121 1369 3199 1424 rei
3249 1369 3576 1435 memoriam

1992 1455 2238 1510 versibus
2268 1463 2520 1511 testatam
2550 1457 2789 1527 reliquit.

2064 1545 2150 1600 l9.
2180 1546 2420 1602 Fuerunt
2450 1563 2515 1604 eo
2544 1557 2806 1619 tempore,
2834 1550 3152 1622 Meginfrido
3193 1554 3334 1624 apud
3363 1554 3580 1610 Trithe-

1992 1637 2160 1692 mium
2186 1646 2438 1706 testante,
2468 1640 2522 1694 in
2548 1643 2796 1698 eoenobio
2823 1642 3076 1700 Fuldensi
3103 1647 3345 1700 monachi
3367 1657 3573 1701 centum

1993 1730 2368 1800 quinquaginta
2393 1772 2408 1796 ,
2444 1746 2580 1801 quos
2610 1732 2696 1788 ille
2727 1749 2834 1789 non
2869 1735 3050 1790 minus
3077 1735 3368 1792 virtutibus
3413 1752 3577 1806 quam

1995 1808 2299 1877 litterarum
2323 1824 2515 1879 studiis
2545 1825 2891 1882 informabat.
2923 1827 3144 1882 Famam
3173 1826 3290 1896 ejus
3322 1829 3578 1883 doctrina:

1993 1918 2188 1987 probat
2215 1917 2417 1972 factum
2445 1917 2603 1986 Lupi,
2636 1920 2726 1988 qui
2763 1919 2876 1988 jam
2904 1919 3016 1986 vir,
3050 1921 3256 1992 magnis
3285 1922 3447 1976 rebus
3483 1936 3578 1976 oc—

312 1991 552 2084 pertinet
598 2013 798 2068 locum.
840 2031 858 2064 ›
892 2011 1076 2080 Neque
1122 2012 1265 2066 enim
1304 2011 1408 2064 iter
1459 2009 1603 2064 istud
1649 2008 1896 2064 revocari
1921 1991 1972 2054 Β
2001 2018 2246 2078 cupatus,
2298 2009 2648 2076 excultusque
2685 2009 2912 2076 litteris,
2952 2010 3158 2065 Rabani
3199 2019 3377 2065 tamen
3421 2011 3583 2066 disci—

312 2114 498 2174 potest
537 2106 604 2161 ad
646 2112 854 2176 tempus
896 2105 1187 2160 intermissi
1245 2104 1525 2176 regiminis
1571 2101 1890 2168 abbatialis;

315 2197 583 2266 siquidem
637 2197 736 2253 hos
781 2199 1197 2254 commentarios
1233 2196 1566 2268 nuncupavit
1610 2195 1896 2252 Fridurico

315 2286 548 2356 Trajecti
569 2288 637 2344 ad
656 2288 900 2345 Rhenum
917 2291 1192 2361 episcopo,
1209 2291 1302 2360 qui
1317 2305 1460 2345 anno
1477 2287 1582 2346 854
1596 2304 1769 2345 caesus
1789 2296 1892 2353 est,

315 2385 443 2435 ante
469 2393 642 2436 annos
665 2388 788 2436 octo
818 2396 981 2452 quam
1020 2381 1278 2438 Rabanus
1324 2383 1566 2453 regimen
1594 2381 1893 2438 abdicaret.

953 2513 1180 2571 CAPUT
1207 2514 1273 2570 Υ.

1994 2101 2154 2172 plinze
2180 2101 2532 2157 erudiendum
2560 2118 2617 2156 se
2643 2102 2889 2156 submisit
2925 2101 3085 2171 paulo
3113 2110 3235 2155 ante
3264 2115 3578 2156 concessam

1997 2192 2120 2255 sibi
2147 2191 2514 2248 Ferrariensis
2554 2192 2867 2248 monasterii
2911 2187 3466 2257 administrationem,
3521 2199 3583 2245 ut

1997 2294 2147 2356 patet
2181 2303 2249 2342 ex
2282 2286 2450 2357 ipsius
2488 2287 2714 2358 epistola
2764 2287 2816 2340 5.
2853 2286 2998 2342 Idem
3027 2285 3140 2355 jam
3181 2286 3344 2341 abbas
3382 2299 3586 2356 praece-

1997 2382 2139 2452 ptori
2161 2380 2365 2452 gratias
2391 2381 2503 2452 agit
2531 2380 2757 2451 epistola
2791 2379 2880 2434 40.
2910 2379 3048 2446 Quid
3071 2380 3149 2435 rei
3176 2381 3348 2452 egerit
3372 2379 3427 2434 in
3456 2379 3586 2433 Ful-

1999 2471 2153 2526 densi
2184 2470 2457 2526 academia
2487 2473 2587 2526 sub
2610 2471 2854 2538 Rabano,
2879 2471 3116 2526 declarat
3144 2471 3257 2540 ipse
3278 2473 3333 2524 in
3355 2471 3581 2541 epistola

1908 2623 1916 2632 .
2001 2562 2246 2632 sequenti
2285 2561 2353 2616 ad
2386 2560 2680 2616 Immonem
2713 2561 3022 2632 episcopum
3062 2559 3584 2632 Noviomagensem:

410 2627 628 2683 Abbatis
650 2645 867 2696 munus,
899 2646 980 2685 res
1007 2640 1185 2703 gestae,
1209 2631 1476 2704 regiminis
1498 2630 1786 2686 abdicatio.

390 2741 478 2797 i6.
519 2743 675 2814 Eigili
729 2746 910 2800 abbati
941 2746 1036 2812 ita,
1071 2753 1131 2800 ut
1170 2746 1303 2812 dixi,
1352 2746 1620 2812 instituto,
1669 2761 1734 2802 ac
1776 2754 1902 2816 post

319 2834 746 2904 quinquennium
771 2845 1011 2904 mortuo,
1035 2839 1298 2893 successit
1321 2838 1577 2893 Rabanus
1600 2853 1742 2892 anno
1771 2836 1898 2903 822,

323 2937 513 2980 mense
532 2926 770 2998 Augusto
795 2927 881 2982 vel
909 2927 1236 2998 Septembri,
1279 2935 1340 2983 ut
1371 2928 1566 2998 colligo
1594 2944 1660 2983 ex
1692 2927 1902 2983 duabus

319 3013 527 3070 chartis
555 3031 586 3070 a
607 3015 839 3073 Pistorio
883 3018 1063 3085 editis,
1093 3034 1324 3090 quarum
1360 3034 1466 3073 una
1496 3018 1668 3090 Eigile
1708 3018 1904 3075 abbate

318 3103 444 3159 data
474 3114 556 3161 est
578 3122 632 3162 v1
660 3105 844 3163 Nonas
869 3108 1110 3180 Augusti,
1144 3126 1266 3182 pag.
1304 3110 1430 3177 528,
1454 3109 1556 3165 alia
1606 3109 1902 3178 HRabano,

317 3211 494 3250 mense
544 3195 776 3266 Octobri,
815 3217 849 3255 x
894 3199 1165 3256 Kalendas
1220 3202 1552 3270 Novembris,
1585 3218 1709 3275 pag.
1762 3201 1900 3270 555;

318 3292 547 3357 utraque
574 3287 826 3344 Ludovici
860 3291 1191 3362 imperatoris
1221 3310 1358 3346 anno
1387 3310 1546 3367 nono.

2007 2673 2026 2705 ι
2055 2651 2165 2709 Cur
2193 2661 2375 2709 autem
2414 2653 2566 2709 vobis
2609 2652 2900 2723 signiﬁcari
2938 2653 3204 2722 petieritis
3252 2667 3388 2723 quos
3425 2652 3591 2706 libros

2003 2746 2060 2801 in
2085 2745 2375 2802 Germania
2399 2747 2708 2818 scripserim
2737 2746 2822 2800 vel
2857 2746 3100 2817 legerim,
3132 2746 3426 2800 demiratus
3448 2760 3587 2808 sum,

2003 2852 2107 2894 nec
2143 2838 2274 2893 satis
2318 2853 2540 2894 causam
2585 2838 3039 2908 comprehendere
3083 2835 3254 2906 potui,
3301 2835 3407 2891 nisi
3451 2834 3591 2888 forte

2004 2932 2113 2987 mei
2167 2932 2596 3001 experimentum
2642 2940 2831 3002 argute
2876 2945 3068 3000 capere
3104 2928 3351 2984 voluistis
3397 2941 3592 2999 propo-

2007 3023 2126 3078 sitis
2166 3023 2373 3080 duabus
2430 3025 2630 3080 rebus:
2662 3038 2891 3094 quarum
2941 3022 3142 3088 altera,
3193 3022 3237 3076 si
3282 3019 3591 3085 cessissem,

2008 3117 2181 3172 videri
2246 3123 2457 3187 poterat
2509 3115 2922 3180 ostentationis;
2988 3114 3157 3170 altera
3215 3109 3593 3183 imprudentize

2008 3211 2253 3281 puerilis.
2321 3210 2506 3280 Itaque
2562 3210 2883 3280 simpliciter
2932 3208 3087 3264 vobis
3149 3206 3334 3277 aperio
3380 3201 3586 3276 princi-

2011 3317 2136 3372 pem
2165 3317 2384 3372 Operam
2415 3316 2501 3356 me
2524 3301 2630 3356 illic
2661 3303 2960 3357 destinasse
2997 3299 3234 3363 lectioni;
3262 3305 3316 3352 et
3341 3297 3409 3351 ad
3454 3294 3595 3349 obli-

392 3378 478 3432 17.
519 3381 812 3438 Ριωοιθιοίιε
843 3399 931 3440 res
963 3401 992 3439 a
1018 3393 1172 3441 tanto
1203 3387 1401 3442 abbate
1427 3397 1607 3459 gestas
1637 3388 1909 3460 explicare
1935 3355 1980 3419 δ
2012 3355 2527 3452 vionisrremedium
2576 3403 2631 3450 et
2672 3394 2989 3448 eruditionis
3036 3398 3383 3461 augmentum
3430 3387 3596 3442 libros

320 3485 510 3527 omnes
535 3471 748 3528 difﬁcile
769 3483 870 3530 est.
906 3476 989 3530 Ab
1017 3494 1081 3534 eo
1107 3479 1372 3550 siquidem
1399 3491 1546 3536 sarta
1574 3490 1714 3538 tecta
1740 3483 1911 3554 viguit

319 3565 619 3620 monastica
650 3567 968 3638 disciplina;
1023 3579 1178 3626 aucta
1207 3581 1405 3642 praeter
1434 3575 1653 3629 modum
1677 3576 1910 3631 ctenobii

321 3656 658 3712 existimatio
687 3666 741 3713 et
767 3659 935 3726 fama,
965 3662 1045 3716 uti
1066 3671 1122 3718 et
1143 3666 1532 3727 monachorum
1556 3668 1771 3740 religio;
1793 3670 1912 3740 plu-

320 3746 523 3801 rimum
575 3750 884 3818 temporalis
934 3755 1199 3811 commodi
1253 3757 1552 3827 adjectum;
1608 3761 1911 3817 litterarum

322 3839 502 3892 studia
556 3840 785 3896 miriﬁce
843 3845 1085 3912 exculta;
1144 3863 1330 3920 regum
1390 3859 1446 3906 et
1500 3853 1908 3923 imperatorum,

321 3933 521 4001 quibus
571 3935 910 4004 gratissimus
962 3948 1017 3993 et
1064 3943 1473 4012 acceptissimus
1530 3961 1743 4016 semper
1788 3947 1910 4014 fuit,

324 4025 613 4080 conciliata
659 4028 1067 4098 benevolentia;
1100 4041 1154 4088 et
1189 4037 1371 4106 (quod
1419 4038 1572 4107 prius
1597 4039 1798 4096 dixisse
1824 4041 1916 4097 de-

323 4116 581 4198 bueram)
606 4119 858 4188 basilicis,
886 4126 1056 4180 sacris
1078 4128 1209 4193 aris,
1236 4144 1299 4183 ac
1333 4140 1642 4186 sanctorum
1673 4133 1918 4204 reliquiis

326 4207 506 4261 cultus
531 4211 910 4279 ampliﬁcatus.
938 4216 1251 4275 Audiendus
1277 4220 1381 4275 hoc
1402 4221 1522 4277 loco
1550 4223 1910 4281 Trithemius:

333 4320 349 4350 ‹
389 4300 503 4356 Sub
551 4302 667 4372 ejus
719 4306 1408 4377 regimine'monasterium
1454 4313 1721 4371 Fuldense
1753 4317 1918 4374 rebus

330 4398 493 4460 atque
527 4396 772 4462 personis
815 4399 984 4453 crevit
1007 4403 1266 4470 quotidie,
1324 4412 1378 4458 et
1428 4404 1571 4462 fama
1615 4408 1920 4465 sanctitatis

329 4483 714 4539 monachorum
755 4487 872 4557 ejus
915 4505 1014 4560 per
1038 4498 1212 4546 totum
1240 4509 1299 4548 se
1325 4501 1553 4566 regnum
1583 4496 1920 4554 Francorum

331 4569 563 4638 diﬁ‘udit,
623 4576 892 4646 praecipue
948 4586 1128 4634 tamen
1178 4583 1388 4639 abbatis
1436 4584 1694 4640 HRabani
1741 4587 1921 4657 opinio

331 4661 592 4717 doctrinae
607 4673 662 4718 et
687 4669 1056 4724 sanctimoniae
1085 4671 1140 4725 in
1172 4688 1267 4728 ore
1298 4672 1401 4727 fuit
1422 4677 1662 4730 omnium
1691 4676 1918 4733 celebris

333 4763 388 4808 et
407 4754 664 4824 gloriosa,
693 4775 797 4814 non
834 4761 1004 4815 solum
1033 4763 1172 4832 apud
1200 4765 1502 4821 Germania:
1529 4767 1790 4833 Francos,
1821 4771 1917 4825 sed

332 4845 474 4913 apud
516 4845 820 4905 Gallicanos
847 4866 1061 4921 quoque
1104 4861 1160 4908 et
1193 4853 1352 4909 Italos
1383 4872 1396 4908 :
1427 4853 1580 4924 cujus
1626 4857 1728 4912 viri
1772 4858 1917 4914 fama

335 4951 492 5007 reges
527 4946 580 4993 et
617 4940 909 5012 principes,
957 4945 1238 5015 episcopos
1268 4954 1321 5001 et
1352 4947 1600 5004 doctores
1626 4950 1913 5020 quoslibet,

333 5029 496 5084 etiam
531 5030 741 5104 longius
790 5037 1071 5104 distantes,
1122 5040 1177 5093 in
1208 5039 1322 5107 ejus
1358 5043 1762 5098 venerationem
1802 5060 1922 5114 per-

335 5123 521 5177 movit.
554 5123 634 5179 Ex
665 5128 812 5182 omni
859 5145 1023 5199 regno
1053 5130 1418 5199 Francorum,
1451 5135 1594 5203 quod
1638 5143 1765 5190 tunc
1798 5142 1919 5190 erat

337 5227 523 5278 unum,
555 5214 838 5274 Germanis
861 5228 915 5274 et
953 5219 1138 5287 Gallis,
1171 5223 1238 5277 ad
1269 5225 1594 5280 audiendum
1621 5225 1771 5280 illum
1802 5242 1920 5282 cer-

340 5305 488 5358 tatim
510 5306 852 5364 conﬂuebant
882 5313 983 5366 viri
1028 5313 1318 5368 multarum
1365 5314 1681 5371 facultatum
1726 5318 1914 5388 periti;

336 5402 391 5448 et
415 5410 472 5450 se
503 5395 618 5454 fore
645 5400 832 5457 beatos
869 5403 1270 5472 existimabant,
1312 5406 1404 5475 qui
1435 5406 1501 5460 ad
1530 5407 1645 5476 ejus
1691 5406 1920 5463 fuissent

338 5485 763 5550 familiaritatem
794 5495 1034 5552 admissi.
1068 5498 1218 5554 Multi
1259 5515 1474 5570 quoque
1499 5501 1791 5571 principes,
1823 5517 1921 5558 no-

338 5580 471 5638 biles
502 5595 557 5640 et
590 5587 737 5644 cives
775 5588 1030 5646 HRabani
1072 5592 1386 5664 magisterio
1433 5593 1573 5649 ﬁlios
1610 5609 1737 5649 suos
1771 5610 1920 5650 com-

340 5673 604 5732 miserunt
633 5680 970 5749 imbuendos,
998 5685 1165 5739 variis
1195 5694 1354 5756 atque
1387 5685 1688 5757 magniﬁcis
1712 5702 1917 5756 praece-

336 5775 551 5835 ptorem
599 5773 754 5830 donis
791 5784 848 5830 et
881 5778 1195 5833 muneribus
1243 5780 1613 5834 honorantes:
1645 5793 1781 5848 quos
1833 5778 1921 5832 ille

339 5866 488 5914 tanta
539 5863 828 5925 sedulitate
871 5870 1082 5936 docuit,
1133 5886 1240 5940 qua
1283 5873 1457 5943 major
1497 5871 1788 5942 excogitari
1827 5871 1919 5926 vix

336 5951 621 6018 potuisset.
661 5977 678 6005 ι

2011 3490 2272 3561 pauculos
2308 3490 2584 3557 paravisse
2616 3506 2630 3542 :
2663 3502 2764 3542 nec
2788 3486 3124 3542 Germanicae
3157 3483 3352 3552 linguae
3381 3485 3595 3549 captum

2014 3595 2220 3645 amore,
2249 3588 2309 3634 ut
2337 3579 2669 3649 ineptissime
2700 3578 2916 3647 quidam
2935 3577 3302 3646 jactaverunt.
3327 3569 3598 3627 sarcinam

2016 3673 2246 3729 subiisse
2271 3673 2409 3726 tanti
2441 3681 2659 3741 tamque
2691 3669 2930 3725 diuturni
2958 3666 3179 3723 laboris.
3219 3683 3238 3716 ι

2083 3766 2174 3821 20.
2205 3766 2351 3820 Inter
2394 3780 2493 3832 ea,
2541 3765 2800 3820 Ludovici
2849 3753 3075 3834 Augusti
3123 3761 3248 3816 ﬁliis
3294 3759 3349 3815 in
3389 3745 3596 3830 patrem

2015 3856 2471 3926 conspirantibus,
2506 3863 2615 3909 tam
2641 3856 2938 3924 prudenter
2966 3861 3021 3907 et
3061 3852 3310 3924 religiose
3348 3864 3406 3904 se
3431 3848 3599 3920 gessit

2014 3949 2292 4013 Rabanus,
2322 3955 2384 4000 ut
2408 3953 2464 4001 et
2494 3945 2666 4016 patris
2690 3954 2745 4000 et
2784 3945 3015 4000 ﬁliorum
3038 3941 3469 3999 benevolentiam
3493 3940 3600 3995 sibi

2015 4039 2330 4105 retinuerit,
2379 4037 2649 4107 fueritque
2685 4039 2824 4108 apud
2857 4051 2952 4092 eos
2982 4044 3264 4106 sequester
3298 4032 3601 4090 concordiae

2017 4142 2072 4188 et
2088 4133 2258 4203 pacis,
2282 4132 2428 4188 edito
2448 4129 2589 4186 libro
2613 4131 2676 4185 de
2694 4129 3002 4184 Reverentia
3017 4129 3246 4198 ﬁliorum
3270 4144 3390 4198 erga
3405 4134 3600 4197 patres,

2015 4233 2064 4278 et
2093 4223 2418 4277 subditorum
2465 4241 2588 4294 erga
2634 4239 2797 4292 reges,
2852 4221 2908 4275 in
2953 4219 3103 4289 cujus
3135 4219 3239 4274 ﬁne
3266 4217 3600 4273 Ludovicum

2018 4313 2398 4383 imperatorem
2430 4313 2496 4367 ad
2524 4311 2904 4383 indulgendum
2933 4309 3043 4363 ﬁlio
3070 4317 3126 4364 et
3149 4308 3269 4362 aliis
3293 4309 3562 4363 hortatur.

2088 4405 2178 4459 2i.
2214 4404 2351 4472 Quid
2383 4405 2460 4459 rei
2490 4402 2769 4459 familiaris
2801 4402 3048 4457 coenobio
3075 4400 3329 4455 Fuldensi
3356 4415 3456 4471 per
3479 4415 3602 4454 eum

2021 4499 2329 4562 accesserit,
2362 4506 2528 4553 testes
2556 4505 2680 4552 sunt
2720 4496 2913 4549 litterae
2940 4494 3286 4550 donationum
3315 4510 3344 4547 a
3370 4493 3604 4548 Pistorio

2018 4598 2075 4644 et
2094 4590 2348 4646 Browero
2379 4591 2557 4645 editae.
2591 4587 2980 4644 Observatione
3007 4587 3166 4656 digna
3195 4592 3278 4641 est
3309 4584 3603 4656 Eginhardi

2022 4681 2246 4750 epistola
2276 4683 2363 4748 16,
2406 4681 2815 4736 reverentissimo
2859 4678 3053 4733 Christi
3081 4677 3280 4746 famulo
3327 4675 3605 4731 HRabano

2020 4771 2302 4826 venerabili
2345 4771 2520 4824 abbati
2549 4770 2806 4838 inscripta
2825 4808 2840 4834 ,
2868 4783 2975 4838 qua
3005 4766 3378 4823 Gundhartum
3409 4765 3612 4836 quem-'

2021 4861 2144 4915 dam
2174 4861 2289 4930 ejus
2313 4861 2586 4916 hominem
2623 4875 2654 4913 a
2684 4860 2904 4914 militari
2934 4859 3076 4915 illius
3105 4859 3231 4914 anni
3262 4857 3604 4928 expeditione

2021 4960 2335 5008 excusatum
2362 4951 2548 5007 haberi
2585 4959 2759 5023 rogat.
2785 4951 3051 5007 Fuldense
3079 4951 3276 5021 quippe
3298 4948 3602 5004 ccenobium

2020 5052 2141 5100 erat
2179 5060 2244 5099 ex
2284 5044 2499 5099 illorum
2529 5060 2755 5100 numero
2795 5045 2888 5114 qui
2933 5044 3047 5116 regi
3088 5044 3229 5098 dona
3260 5051 3314 5098 et
3356 5041 3602 5098 militiam

2021 5134 2132 5205 (sic
2177 5135 2362 5207 aiunt)
2405 5136 2688 5190 debebant.
2730 5135 2810 5190 Ad
2839 5135 2954 5190 haec
2975 5134 3250 5205 egregium
3284 5149 3315 5189 a
3343 5132 3606 5206 Gregorio

2020 5240 2157 5294 papa
2198 5233 2393 5294 quarto
2437 5225 2673 5295 diploma
2699 5225 2997 5281 obtinuisse
3033 5223 3252 5292 dicitur,
3285 5242 3392 5296 quo
3428 5227 3606 5296 ponti-

2020 5316 2110 5374 fex
2154 5333 2249 5374 sex
2290 5319 2570 5390 privilegia
2606 5318 2961 5374 Fulden'sibus
2993 5319 3258 5374 concedit.
3303 5319 3355 5373 l.
3397 5319 3605 5376 Conﬁr-

2019 5417 2132 5464 mat
2161 5410 2473 5464 monasterii
2517 5410 2922 5478 patrimonium.
2973 5409 3028 5463 2.
3065 5408 3325 5481 Assignat
3374 5409 3601 5466 Babano

2022 5501 2242 5571 ejusque
2271 5501 2677 5556 successoribus
2705 5498 3031 5556 domicilium
3061 5499 3248 5555 Romae
3267 5541 3282 5565 ,
3321 5508 3452 5569 puta
3488 5515 3602 5554 mo-

2022 5595 2322 5650 nasterium
2354 5592 2539 5648 Sancti
2578 5590 2826 5654 Andrem,
2867 5591 3068 5646 dictum
3104 5591 3408 5657 Exavilum,
3447 5591 3605 5660 juxta

2022 5685 2308 5740 ecclesiam
2337 5683 2550 5739 Sanctae
2574 5681 2756 5736 Maria!
2781 5681 2848 5736 ad
2868 5680 3133 5752 Praesepe.
3159 5683 3212 5737 3.
3239 5681 3399 5737 Vetat
3423 5681 3605 5751 cujus-

2023 5779 2105 5833 vis
2119 5778 2324 5833 ordinis
2349 5775 2682 5831 antistitibus
2697 5790 2768 5830 ne
2794 5775 3100 5832 sacriﬁcent
3121 5777 3174 5830 in
3194 5775 3478 5830 Fuldensis
3500 5775 3596 5828 ba-

2021 5868 2302 5925 silicaeara
2334 5865 2612 5938 primaria.
2643 5863 2698 5918 4.
2723 5864 2980 5920 Concedit
3006 5863 3332 5933 praedicandi
3377 5861 3603 5917 faculta-

2026 5969 2156 6026 tem,
2209 5958 2512 6029 proedriam
2561 5965 2616 6012 et
2667 5956 2960 6028 primatum
2996 5955 3216 6012 sedendi
3269 5954 3321 6008 in
3371 5952 3602 6023 publicis
