4016 6474
1554 497 1648 552 ΑΙ)
1684 491 1913 553 OPERA
1948 492 2011 549 Β.
2053 488 2306 547 RABANI
2343 489 2560 546 MAURI

3347 421 3409 472 ο

3352 496 3359 501 ⁴
3600 496 3673 557 20

415 627 777 692 mbas,
819 630 944 679 ante
972 633 1159 677 omnes
1181 615 1367 674 Galliae
1411 620 1465 670 et
1489 611 1791 669 Germaniae
1827 609 1995 666 abba-
2022 613 2076 674 Α
2100 623 2381 664 manorum
2415 614 2532 674 rex,
2558 604 2726 661 frater
2763 600 3007 661 Lotharii
3044 604 3389 678 imperatoris
3427 620 3493 669 ac
3528 616 3679 689 regis

416 730 520 779 tes.
540 721 591 777 5.
630 718 796 775 Usum
833 712 1155 777 dalmaticae,
1184 708 1481 780 caligarum
1509 714 1566 761 et
1607 703 1993 760 sandaliorum.

415 818 473 877 ϐ.
506 816 578 873 Ut
615 811 898 869 Fuldensis
933 807 1163 864 antistes
1205 803 1421 862 nonnisi
1444 804 1514 859 ab
1548 800 1840 872 apostolica
1870 796 1999 853 sede

414 904 768 966 benedicatur
795 909 889 957 aut
905 898 1277 957 confirmetur.
1326 894 1507 951 idibus
1532 892 1656 947 Maii
1680 906 1777 963 per
1802 901 1999 945 manus

416 996 693 1055 Benedicti
737 993 937 1050 notarii
981 998 1036 1047 et
1088 987 1391 1052 scriniarii,
1444 986 1629 1041 indict.
1681 983 1768 1048 14,
1824 984 1879 1039 id
1912 986 2001 1040 est

417 1105 562 1146 anno
601 1087 737 1153 856;
788 1084 931 1155 quod
981 1081 1216 1152 diploma
1260 1079 1547 1134 Gretserus
1586 1090 1651 1132 ex
1704 1075 1996 1135 Viennensi

414 1181 741 1238 bibliotheca
773 1173 1090 1247 publicavit,
1133 1181 1270 1227 teste
1299 1171 1557 1226 Browero
1585 1170 1639 1224 in
1681 1168 1994 1223 relectioni-

413 1270 518 1328 bus
560 1270 630 1325 ad
672 1266 1022 1339 Antiquitates
1062 1262 1355 1317 Fuidemes
1385 1277 1403 1316 :
1430 1262 1573 1331 quod
1622 1260 1876 1332 diploma,
1909 1260 1996 1313 in-

414 1363 552 1435 quit,
606 1362 652 1418 si
705 1361 993 1433 genuinum
1035 1365 1140 1421 est,
1177 1364 1373 1425 stagna
1409 1353 1635 1410 Rabano
1678 1358 1995 1409 ornamenta

412 1455 685 1513 conciliat.

485 1549 575 1605 32.
603 1548 699 1603 liis
728 1546 881 1601 addit
903 1540 1252 1608 Trithemius,
1290 1538 1574 1596 Rabanum
1608 1540 1663 1595 in
1705 1551 1995 1610 pauperes,

414 1656 524 1696 non
562 1640 683 1695 sine
721 1652 942 1693 suorum
982 1633 1256 1705 obloquio,
1293 1632 1570 1688 liberalem
1607 1632 1803 1701 fuisse;
1846 1640 1901 1689 et
1941 1632 1997 1689 in

415 1733 757 1803 refrigerium
781 1730 1158 1787 defunctorum
1182 1727 1551 1799 eieemosynas
1574 1728 1703 1782 dare
1732 1726 1949 1783 solitum
1978 1742 1993 1780 :

415 1842 550 1897 quas
603 1840 729 1881 cum
773 1821 1113 1878 Adelhardus
1158 1818 1477 1886 monachus,
1531 1818 1693 1874 homo
1729 1818 1994 1886 Francus,

412 1918 576 1974 nimis
603 1932 769 1988 quam
794 1929 989 1969 avarus
1016 1910 1326 1967 domestica!
1360 1910 1437 1965 rei
1467 1910 1838 1980 dispensator,
1894 1909 1996 1965 ali-

2096 702 2284 768 italiae,
2314 702 2458 757 illius
2476 698 2733 755 Ludovici
2760 698 2944 769 primi,
2976 698 3157 756 missis
3181 701 3249 757 ad
3273 701 3500 761 Fuldam
3529 718 3671 765 mm-

2098 795 2190 851 tiis
2216 793 2548 851 iiiiabanum
2575 793 2645 849 ad
2671 805 2731 848 se
2756 790 2971 848 vocavit
2999 793 3265 860 abbatem,
3299 803 3356 851 et
3376 801 3673 858 monachos

2097 903 2217 945 rum
2248 888 2604 944 temeritatem
2629 886 2795 958 regali
2830 886 3152 943 auctoritate
3191 886 3541 961 compescuit,
3582 906 3678 951 ve.

2098 983 2444 1052 nientemque
2466 990 2591 1036 cum
2629 981 2837 1034 honore
2866 976 3126 1049 suscepit,
3154 985 3210 1035 et
3247 979 3465 1038 biennio
3504 981 3676 1043 ferme

2098 1093 2283 1134 secum
2303 1078 2357 1132 in
2381 1076 2530 1132 curia
2551 1073 2719 1145 regali
2746 1069 2993 1129 detinuit.
3023 1071 3233 1128 interea
3257 1074 3508 1131 monachi
3547 1076 3676 1133 Ful-

2097 1170 2310 1236 denses,
2342 1166 2660 1241 poenitentia
2702 1164 2870 1232 ducti,
2910 1171 3152 1221 oratores
3190 1164 3453 1221 miserunt
3478 1165 3545 1222 ad
3589 1183 3678 1224 re-

2096 1276 2238 1334 gem,
2271 1260 2459 1316 humili
2489 1258 2877 1330 supplicatione
2914 1265 3168 1330 rogantes
3206 1262 3264 1312 ut
3291 1255 3527 1313 ablatum
3571 1259 3678 1317 sibi

2096 1352 2386 1407 redousret
2412 1350 2697 1407 abbatem:
2727 1348 2871 1419 quod
2903 1355 3081 1403 tamen
3113 1346 3292 1403 facere
3312 1356 3679 1418 propter‘eau-

2098 1458 2213 1501 sam
2251 1442 2626 1500 rationabilem
2656 1450 2711 1497 et
2733 1441 2898 1496 abbas
2927 1441 3041 1511 ipse
3074 1440 3250 1494 renuit
3271 1450 3325 1495 et
3362 1456 3457 1495 rex
3487 1441 3682 1496 admit-

2099 1545 2212 1593 tere
2252 1534 2561 1591 nullatenus
2583 1532 2873 1589 consensit.
2910 1531 3107 1586 Mansit
3132 1546 3261 1601 ergo
3297 1531 3350 1585 in
3379 1530 3499 1586 aula
3531 1532 3681 1600 regia

2097 1629 2287 1686 beatus
2314 1629 2481 1684 abbas
2505 1625 2813 1681 iliiahanus
2841 1623 3078 1687 biennio,
3118 1636 3290 1694 usque
3338 1622 3408 1677 ad
3449 1630 3681 1677 mortem

2099 1722 2308 1798 Otgaril
2338 1720 2731 1794 archiepiscopi
2783 1717 3101 1789 Moguntini,
3145 1716 3425 1772 monachis
3463 1714 3681 1770 interim

2098 1816 2516 1873 lamentantibus
2545 1834 2562 1866 ι
2590 1812 2691 1868 ilic'
2708 1810 2903 1882 duplex
2932 1816 3192 1876 erratum,
3239 1814 3294 1864 et
3333 1808 3474 1880 quod
3500 1806 3678 1862 Raba-

2094 1918 2200 1969 nus
2228 1908 2448 1965 biennio
2494 1907 2550 1962 in
2587 1902 2711 1959 aula
2754 1902 3017 1959 mansisse
3053 1909 3180 1972 post
3224 1901 3497 1957 dimissam
3543 1914 3685 1971 pra:-

412 1973 984 2081 quandodraudasset,
1012 2004 1226 2077 egregie
1245 1973 1570 2072 castigatum
1595 2001 1807 2056 ccelitus
1825 1973 1996 2055 fuisse
2024 1973 2075 2035 Β
2100 2003 2387 2067 fecturam,
2424 2008 2478 2056 et
2507 1998 2651 2071 quod
2696 2004 2888 2053 exacto
2914 1994 3005 2051 illo
3044 1995 3264 2051 biennio
3290 1994 3403 2050 sedi
3452 1991 3678 2064 Mogun-

414 2119 556 2157 anno
571 2101 694 2158 857.
717 2101 775 2156 id
800 2115 925 2156 cum
966 2097 1093 2169 legi,
1125 2097 1275 2152 venit
1303 2096 1357 2150 in
1386 2104 1620 2150 mentem
1657 2093 1799 2149 illius
1835 2092 1998 2148 Adal-

412 2193 567 2247 Imrdi
594 2181 804 2257 inclusi;
850 2191 1004 2261 cujus
1033 2189 1365 2261 epitaphium
1407 2193 1583 2242 exstat
1612 2186 1665 2241 in
1711 2186 1999 2256 poematiis

412 2286 642 2342 Rabani.
692 2286 843 2353 Quod
893 2298 1022 2341 vero
1066 2284 1247 2340 subdit
1289 2282 1637 2346 Trithemius,
1693 2292 1815 2336 eum
1875 2281 1999 2335 data

412 2376 530 2448 lege
558 2377 856 2433 removisse
887 2376 1115 2432 feminas
1147 2374 1216 2430 ab
1240 2372 1487 2446 ingressb
1513 2372 1797 2429 Fuldensis
1821 2372 1968 2428 eccle
1993 2402 1999 2409 ~

412 2472 527 2537 size,
554 2472 610 2527 id
646 2472 713 2527 ab
740 2471 894 2525 initio
920 2476 1142 2525 cautum
1167 2482 1233 2525 eo
1261 2471 1315 2524 in
1344 2469 1485 2534 loco,
1516 2484 1581 2523 ea:
1623 2478 1725 2540 quo
1752 2485 1784 2521 η
1810 2482 1996 2522 mona-

413 2565 524 2620 chis
544 2563 774 2618 habitari
800 2571 994 2634 emptus
1022 2571 1121 2628 est,
1156 2570 1349 2618 auctor
1374 2569 1457 2617 est
1491 2554 1753 2616 iludolfus
1779 2558 1833 2615 in
1861 2559 1999 2614 libro

413 2655 484 2712 de
520 2653 643 2709 Vita
691 2661 893 2709 sancta;
933 2652 1116 2708 Lichae
1160 2654 1465 2708 abbatissm.
1513 2646 1781 2719 Quiddam
1831 2649 2000 2705 nihilo

413 2747 596 2801 minus
618 2745 913 2801 notandum
938 2751 1024 2799 est
1057 2744 1112 2798 in
1135 2743 1221 2799 his
1247 2741 1531 2797 Trithemii
1558 2741 1738 2797 verbis
1763 2759 1776 2795 :
1805 2739 2000 2810 «Fecit

415 2846 471 2895 et
510 2836 672 2893 aliam
708 2838 865 2894 valde
908 2838 1276 2894 necessariam
1325 2835 1769 2893 constitutionem
1810 2830 2001 2889 beatus

416 2932 586 2987 abbas
610 2931 887 2991 Rabanus,
909 2942 1029 3002 qua;
1049 2930 1141 3004 (ut
1167 2930 1370 3002 fertur)
1402 2940 1570 3000 usque
1599 2928 1653 2983 in
1677 2935 2001 3000 praesentem

415 3025 559 3082 diem
590 3025 646 3079 in
676 3025 1007 3080 monasterio
1033 3030 1299 3079 servatur.
1346 3023 1538 3079 Sciens
1566 3023 1709 3078 enim
1736 3036 1901 3091 quam
1931 3019 2004 3076 sit

416 3117 699 3173 monachis
745 3115 1003 3187 frequens
1039 3122 1365 3186 conspectus
1412 3114 1699 3169 mulierum
1737 3111 2006 3181 periculo-

416 3225 530 3276 sus,
557 3209 663 3264 illis
693 3210 928 3264 maxime
962 3208 1054 3279 qui
1094 3209 1336 3279 iuniores
1360 3213 1519 3264 aetate
1565 3208 1619 3261 in
1665 3205 1861 3261 timore
1891 3203 2001 3260 Do-

418 3301 549 3356 mini
595 3303 771 3358 adhuc
819 3302 1000 3357 minus
1046 3302 1375 3357 exercitatos
1420 3300 1623 3356 habent
1673 3311 1882 3364 sensus,
1935 3297 2004 3353 de

418 3392 641 3452 consilio
665 3396 947 3451 duodecim
973 3395 1250 3450 seniorum
1272 3393 1484 3449 cunctis
1513 3399 1775 3463 perpetuo
1814 3389 2007 3445 mulie-

403 3488 571 3543 ribus
618 3488 687 3542 ad
739 3487 1126 3541 monasterium
1187 3486 1467 3541 interdixit
1516 3498 1816 3541 accessum.
1876 3481 2008 3549 Quae

421 3586 608 3638 sancta
654 3580 969 3635 constitutio
1019 3586 1079 3634 ut
1126 3579 1291 3634 robur
1343 3580 1616 3635 obtineret
1659 3585 2007 3649 perpetuum,

423 3671 713 3727 transitum
740 3671 973 3726 femineo
1004 3672 1156 3726 sexui
1182 3685 1279 3741 per
1303 3670 1676 3740 aquilonarcm
1710 3668 1860 3723 urbis
1881 3681 2011 3738 por-

422 3774 558 3831 tam,
600 3772 754 3818 extra
788 3776 951 3834 quam
983 3764 1144 3819 situm
1178 3769 1261 3818 est
1295 3761 1709 3827 monasterium,
1754 3766 2011 3831 perpetua

423 3856 701 3913 sanctione
736 3856 1017 3925 prohibuit
1055 3864 1111 3911 et
1158 3855 1395 3925 negavit.
1433 3873 1452 3907 ι
1505 3853 1660 3921 Quod
1714 3851 1896 3907 forsan
1946 3852 2012 3908 de

425 3946 616 4018 priscae
669 3946 1075 4002 consuetudinis
1138 3944 1548 4001 continuatione
1608 3943 2012 4014 intelligendum

425 4044 527 4093 est.
559 4037 827 4093 (laterum
850 4038 994 4107 quod
1029 4038 1106 4092 ait
1130 4036 1484 4100 Trithemius,
1513 4034 1677 4089 istum
1712 4049 1918 4090 morem
1946 4033 2013 4089 ad

428 4140 585 4183 suum
614 4142 781 4198 usque
809 4137 1021 4198 tempus
1043 4134 1316 4182 servatum
1338 4126 1525 4191 fuisse,
1552 4126 1794 4196 excipias
1816 4125 2014 4180 festum

429 4222 604 4276 sancti
656 4216 917 4275 Bonifacii
954 4227 1012 4274 et
1063 4220 1327 4289 quosdam
1380 4219 1517 4275 alios
1569 4218 1735 4274 festos
1784 4218 1916 4284 dies,
1961 4216 2017 4271 in

430 4313 628 4383 quibus
672 4311 887 4367 feminis
921 4312 1140 4381 patebat
1172 4311 1447 4380 ingressus
1489 4310 1733 4365 ecclesia:
1778 4308 1845 4363 de
1882 4322 2016 4363 con-

431 4417 585 4460 cessu
612 4402 883 4474 pontiﬁcis
912 4402 1140 4457 Romani
1173 4420 1186 4457 :
1214 4402 1431 4458 tametsi
1469 4403 1815 4458 observatum
1844 4415 1876 4454 a
1905 4413 2018 4454 ma-

430 4496 641 4567 ioribus
664 4506 771 4562 est,
812 4499 987 4567 prima
1008 4498 1128 4553 vice
1153 4510 1260 4567 qua
1291 4498 1486 4568 patuit,
1517 4496 1801 4552 ecclesiam
1826 4493 2022 4567 postri-

433 4591 523 4649 die
551 4592 620 4646 de
650 4590 786 4646 coelo
817 4595 1014 4645 tactam
1042 4590 1423 4661 conflagrasse.

2103 2094 2225 2151 time
2266 2094 2515 2150 admotus
2544 2092 2761 2147 dicitur.
2815 2089 2953 2144 Nam
2996 2094 3108 2143 toto
3153 2086 3267 2143 fere
3313 2083 3682 2156 quinquennio

2097 2188 2340 2259 privatus
2386 2182 2439 2242 in
2484 2182 2616 2241 cella
2662 2188 2870 2238 remota
2911 2180 3114 2251 deguit,
3163 2178 3231 2233 ab
3276 2192 3419 2232 anno
3471 2176 3682 2231 scilicet

2099 2274 2205 2336 849.
2231 2280 2297 2335 ad
2319 2279 2410 2345 47,
2426 2290 2535 2350 quo
2558 2272 2819 2331 successit
2838 2272 3080 2344 Otgario.
3114 2269 3246 2326 Rem
3275 2267 3469 2323 melius
3492 2262 3683 2321 distin-

2100 2374 2271 2443 guunt
2298 2369 2550 2424 abbatum
2585 2366 2937 2422 Fuldensium
2967 2358 3101 2419 Acta
3132 2371 3315 2419 vetera
3354 2376 3385 2415 a
3417 2357 3677 2415 Browero

2101 2464 2270 2519 citata
2299 2462 2353 2516 in
2378 2460 2516 2515 libro
2540 2475 2596 2514 Iv
2616 2458 3018 2528 Antiquitatum
3046 2454 3394 2510 Fuldensium
3424 2469 3436 2505 :
3477 2472 3495 2503 ε
3528 2450 3683 2506 illla-

2098 2554 2274 2610 banus
2310 2560 2594 2624 postquam
2644 2550 2933 2606 ecclesiam
2978 2547 3304 2603 Fuldensem
3348 2561 3445 2616 per
3493 2542 3684 2615 viginti

2101 2666 2274 2707 annos
2322 2648 2539 2720 egregie
2588 2646 2850 2709 rexisset,
2896 2643 3086 2699 relicta
3116 2656 3276 2712 quam
3320 2638 3508 2693 habuit
3535 2644 3685 2706 pote-

2101 2750 2243 2800 state
2268 2742 2413 2797 ultra
2442 2737 2692 2795 Rhenum
2721 2735 2961 2800 fluvium,
3006 2732 3060 2787 in
3086 2745 3312 2802 regnum
3343 2722 3581 2784 Lotharii
3612 2738 3686 2780 se

2101 2832 2350 2891 contulit.
2383 2830 2511 2886 Post
2554 2838 2714 2900 quem
2737 2824 2956 2897 quidam
2990 2824 3056 2879 de
3094 2819 3377 2876 Fratribus
3421 2814 3688 2872 Monaste-

2106 2927 2192 2992 rii,
2229 2926 2273 2981 si
2318 2939 2424 2996 quo
2449 2921 2610 2979 modo
2649 2934 2773 2976 eum
2801 2929 3060 2973 revocare
3087 2918 3329 2985 possent,
3382 2909 3686 2965 mittuntur.

2101 3016 2196 3077 illo
2225 2994 2357 3073 vero
2383 3021 2667 3078 renuente,
2700 3006 2992 3067 Hattonem
3019 3020 3184 3076 super
3205 3018 3264 3058 se
3289 2994 3537 3057 abbatem
3566 3015 3691 3054 con-

2103 3113 2415 3167 stituerunt.
2465 3106 2771 3162 Hilabanus
2823 3110 3003 3158 autem
3049 3106 3171 3170 post
3215 3092 3331 3150 dies
3381 3105 3579 3164 paucos
3624 3089 3693 3144 ad
3789 3142 3799 3152 ,

2106 3196 2498 3259 monasterium
2549 3196 2811 3261 veniens,
2868 3207 2991 3249 cum
3051 3186 3338 3246 concordia
3389 3181 3597 3239 abbatis
3640 3188 3698 3237 et

2107 3295 2338 3350 fratrum
2367 3294 2486 3364 ejus
2509 3290 2576 3346 ad
2601 3286 2918 3346 orientalem
2947 3282 3161 3356 plagam
3187 3275 3503 3336 monasterii
3543 3287 3696 3364 mon-

2114 3396 2274 3442 tanus
2320 3363 2566 3438 eilicitur.
2599 3398 2618 3432 ι
2671 3379 2840 3434 idest
2885 3375 3128 3431 reclusus
3173 3373 3230 3426 in
3280 3369 3445 3433 cella,
3491 3378 3611 3436 quae
3643 3363 3696 3417 in

2113 3482 2297 3534 monte
2326 3473 2514 3531 Sancti
2544 3468 2693 3527 Petri
2724 3468 2828 3525 sita
2857 3474 2960 3534 est,
3001 3461 3287 3520 duodecim
3319 3458 3429 3514 fere
3454 3453 3640 3512 stadiis
3666 3466 3699 3506 a

2114 3569 2449 3627 monasterio
2480 3585 2492 3622 :
2520 3564 2611 3622 ubi
2659 3583 2677 3617 ι
2704 3563 2817 3619 Deo
2860 3559 3102 3618 serviens
3126 3598 3141 3624 ,
3192 3545 3695 3625 inquit'Budolfus,

2115 3661 2330 3720 cmlesti
2380 3656 2663 3731 sapientia:
2716 3650 2963 3710 vacabat.
2995 3670 3014 3704 ι
3079 3650 3154 3705 De
3197 3646 3301 3703 hoc
3344 3654 3559 3700 secessu
3609 3652 3702 3731 ex-

2114 3752 2368 3827 plicanda
2400 3728 2483 3808 est
2515 3747 2759 3806 Lotharii
2800 3743 3030 3815 Augusti
3059 3740 3287 3810 epistola
3317 3734 3588 3827 “Rabano
3619 3728 3703 3782 in—

2115 3822 2317 3917 scripta
2344 3844 2500 3899 initio
2526 3837 2916 3896 Commentarii
2940 3836 2993 3889 in
3017 3828 3357 3888 Ezechielem
3391 3842 3404 3880 :
3441 3846 3458 3878 ι
3493 3822 3701 3887 Placet,

2116 3914 2355 4009 inquam,
2409 3941 2509 3997 tua,
2539 3928 2802 3986 habitatio
2851 3924 3029 3993 nobis,
3080 3925 3125 3980 si
3162 3921 3403 3978 creditur
3451 3918 3519 3972 ab
3552 3914 3703 3970 omni

2111 4028 2375 4105 iactantia
2432 4026 2628 4081 aliena.
2681 4021 2809 4077 Plus
2858 4020 3003 4076 enim
3061 4016 3374 4073 interiorem
3427 4008 3702 4066 hominem

2116 4099 2320 4181 rustica
2347 4119 2613 4175 montium
2649 4115 2904 4180 solitudo,
2932 4127 3094 4184 quam
3118 4108 3315 4179 regalis
3337 4105 3551 4161 urbium
3588 4099 3707 4173 pui-

2117 4212 2368 4273 cltritudo
2411 4210 2666 4276 delectat,
2716 4208 2808 4264 ubi
2853 4205 2997 4262 nulla
3048 4201 3263 4258 liventis
3302 4196 3502 4253 invidia
3552 4200 3704 4247 tran-

2122 4305 2348 4378 quillum
2384 4310 2573 4374 pectus
2604 4297 2767 4356 hilari
2817 4295 3080 4353 mentitur
3130 4291 3351 4353 intuitu,
3387 4300 3487 4341 nec
3537 4278 3705 4336 fucati

2122 4399 2392 4457 sermonis
2424 4395 2745 4453 adumbrata
2770 4389 3050 4447 blanditiis
3079 4384 3274 4441 artifici
3296 4379 3497 4437 scelere
3517 4382 3704 4431 mutua

2124 4494 2425 4551 fabricatur
2469 4488 2688 4545 astutia.
2727 4506 2745 4538 δ
2780 4485 2915 4540 Data
2943 4488 3026 4538 est
3055 4481 3172 4535 haec
3199 4470 3423 4548 epistola
3460 4485 3524 4527 eo
3571 4474 3706 4521 tem-

2124 4602 2258 4661 pore
2307 4601 2416 4657 quo
2443 4582 2705 4639 bellorum
2750 4577 3014 4633 tumultus
3042 4568 3357 4629 Lotharium
3395 4573 3462 4661 ‘et
3509 4559 3707 4661 fratres

503 4684 593 4739 εὖ.
626 4680 777 4749 Quod
820 4688 1087 4751 superest,
1120 4650 1378 4737 Hebenus
1408 4681 1575 4737 abbas
1596 4695 1740 4736 anno
1760 4680 1864 4737 858
1892 4674 2020 4736 ilir-
2045 4702 2101 4762 ι)
2126 4650 2243 4749 ejus
2268 4650 2343 4733 de
2356 4690 2522 4747 regno
2550 4671 2915 4762 disceptantes
2936 4664 3191 4762 agitabat,
3210 4666 3268 4762 ut
3293 4655 3448 4760 initio
3470 4650 3707 4762 epistola—2

438 4775 678 4845 saugiam
702 4773 850 4827 misit
874 4768 1141 4827 coloniam
1166 4773 1580 4838 monachorum,
1597 4773 1690 4844 qui
1713 4770 2020 4828 emnobium

439 4866 506 4920 ab
534 4863 801 4920 Erlafrido
848 4866 1044 4921 comite
1088 4866 1410 4921 instructum
1451 4866 1768 4931 incolerent,
1814 4880 2024 4936 praepo-

439 4958 544 5012 sito
571 4957 650 5011 eis
678 4957 940 5027 discipulo
979 4972 1078 5013 suo
1114 4956 1396 5012 Liutbcrto
1441 4957 1658 5020 abbate,
1704 4955 1781 5010 uti
1812 4954 2025 5011 Trithe—

441 5052 582 5107 mins
614 5046 667 5105 in
687 5052 921 5108 iiistoria
945 5050 1317 5121 iiirsaugiensi
1345 5049 1515 5105 fusius
1542 5050 1697 5105 docet

511 5143 600 5198 Ἃ.
630 5162 651 5195 ι
686 5142 841 5199 Anno
867 5144 991 5210 842,
1040 5143 1216 5213 inquit
1244 5141 1565 5196 Lambertus
1593 5138 2026 5210 Scafnaburgen-

444 5233 539 5297 sis,
585 5233 894 5288 Liutharius
926 5232 1181 5305 eripulsus
1219 5239 1303 5287 est
1344 5247 1373 5285 a
1400 5230 1591 5299 r‘cgno,
1627 5238 1683 5284 ct
1712 5230 1900 5284 Raban
1932 5229 2027 5284 ab-

444 5325 541 5380 bas
562 5325 628 5380 de
658 5326 1007 5390 monasterio,
1054 5339 1177 5380 cum
1220 5323 1348 5378 illud
1378 5339 1475 5393 per
1505 5338 1675 5376 annos
1709 5322 1898 5392 viginti
1932 5337 2028 5376 no-

444 5419 628 5474 biliter
664 5421 914 5483 rexisset,
946 5439 963 5470 ι
991 5434 1058 5472 ex
1082 5415 1331 5472 Rudolfo.
1374 5415 1429 5471 id
1462 5414 1663 5470 factum
1694 5416 2028 5471 dissensione

445 5513 835 5568 monachorum
900 5509 1232 5564 Trithemius
1300 5524 1364 5564 ex
1443 5504 1761 5580 Meginfrido
1818 5508 2025 5563 tradit:

450 5618 475 5655 ι
503 5600 658 5655 Anno
692 5596 992 5654 nativitatis
1043 5598 1160 5670 ejus
1202 5598 1649 5670 quinquagesimo
1688 5598 1938 5668 septimo,
1967 5603 2031 5651 ut

450 5690 799 5763 Meginfridus
856 5689 1039 5744 Fuldat
1092 5704 1277 5761 postea
1333 5690 1630 5747 monachus
1676 5698 1762 5745 est
1810 5694 2023 5752 auctor,

449 5783 594 5840 facta
643 5789 729 5839 est
768 5783 912 5837 inter
937 5798 1057 5838 eum
1107 5791 1161 5840 et
1209 5783 1498 5840 Monachus
1544 5783 1682 5855 ejus,
1711 5780 2031 5837 sollicitante

450 5875 687 5941 diabolo,
716 5876 896 5947 gravis
943 5879 1185 5947 quasdam
1221 5884 1277 5934 et
1320 5879 1507 5935 nociva
1546 5876 1830 5938 dissensio,
1879 5868 2031 5939 cuius

454 5978 636 6029 tamen
666 5986 891 6030 causam
920 5989 1026 6031 non
1057 5975 1339 6045 expressit.
1362 5971 1535 6040 Quam
1574 5967 1878 6026 Ludovicus
1897 5964 2033 6021 Ger-

2124 4740 2742 4838 ijotharius'signiiicat.
2782 4760 3015 4830 Tempus
3054 4752 3261 4810 dimissi
3307 4742 3586 4818 regiminis
3626 4740 3711 4838 vir

2125 4880 2335 4938 magum
2362 4831 2682 4916 eruditionis
2707 4851 3013 4924 Stephanus
3048 4844 3298 4903 Baluzius
3337 4831 3709 4938 rectestatuit

2126 4961 2181 5014 in
2207 4930 2349 5011 notis
2372 4948 2438 5007 ad
2466 4946 2604 5021 Lupi
2626 4946 2908 5019 epistolam
2936 4940 3026 5007 40,
3048 4946 3164 4995 tum
3193 4951 3259 4992 ex
3285 4948 3425 4989 anno
3447 4930 3571 4993 89.2,
3603 4940 3712 5021 quo

2126 5050 2319 5107 initam
2344 5064 2374 5102 a
2400 5019 2626 5100 liabano
2653 5039 2971 5111 dignitatem
3001 5029 3323 5090 abbatialem
3364 5026 3558 5081 docent
3596 5019 3709 5104 Ap-

2128 5143 2278 5199 nales
2303 5139 2623 5202 Fuldenses,
2667 5143 2780 5190 tum
2814 5148 2878 5188 ex
2906 5128 3080 5199 spatio
3117 5120 3306 5194 viginti
3333 5130 3599 5173 annorum
3627 5127 3711 5166 re—

2130 5231 2365 5307 giminis,
2396 5244 2533 5302 quos
2555 5225 2657 5299 ipsi
2691 5221 2947 5278 Rudolfus
2976 5217 3213 5283 assignat
3246 5224 3419 5279 usque
3453 5202 3712 5307 addepo-

2131 5295 2384 5381 sitionem
2415 5295 2895 5390 curat'pasloralis.
2936 5310 3254 5379 Repugnare
3284 5308 3463 5355 tamen
3497 5295 3714 5390 videtur

2131 5425 2288 5471 vetus
2317 5413 2572 5469 abbatum
2589 5386 2956 5463 i‘uldensium
2990 5392 3263 5467 catalogus
3311 5407 3475 5447 manu
3512 5386 3715 5444 descri-

2130 5502 2276 5579 pius,
2318 5505 2516 5559 citatus
2551 5513 2581 5553 a
2612 5497 2864 5553 Browero
2890 5492 2944 5545 in
2987 5487 3132 5545 notis
3167 5488 3233 5541 ad
3261 5481 3469 5579 Rabani
3519 5494 3712 5579 pec-tua

2133 5568 2233 5662 .28;
2266 5568 2371 5666 quo
2400 5593 2453 5647 in
2481 5588 2725 5658 catalogo
2754 5604 2773 5637 ι
2805 5580 2986 5647 llatto,
3032 5579 3275 5635 Bonosus
3314 5572 3511 5636 dictus,
3542 5589 3562 5623 ι
3608 5568 3715 5666 ila-

2135 5659 2260 5744 bani
2284 5659 2592 5744 successor,
2626 5694 2643 5729 ‹
2676 5675 2973 5744 suscepisse
3025 5666 3441 5744 gubernaculum
3486 5659 3715 5717 abbatia:

2137 5793 2278 5834 anno
2311 5772 2522 5829 Domini
2544 5768 2641 5827 8M
2660 5788 2677 5819 ›
2707 5766 3042 5838 perhibetur.
3069 5760 3223 5828 Quod
3250 5750 3713 5827 interpretandum

2136 5878 2266 5941 puto
2296 5866 2361 5921 de
2403 5862 2508 5918 fine
2535 5859 2660 5916 anni
2690 5857 2788 5915 8M
2820 5854 3113 5912 secundum
3140 5858 3380 5903 veterem
3424 5838 3711 5941 calculum,

2139 5932 2196 6018 at
2231 5960 2295 6015 de
2334 5956 2488 6014 initio
2529 5954 2655 6011 anui
2698 5949 2805 6008 842
2843 5945 3137 6006 secundum
3183 5953 3401 5997 novum.
3454 5932 3710 5991 [tabanus
