4016 6474
389 386 464 447 ea
827 483 837 490 ν
1529 396 1615 453 AD
1653 394 1880 452 opum
1921 395 1982 448 B.
2021 393 2278 452 RABANI
2315 398 2536 456 mum
3059 369 3064 373 ’
3236 378 3239 380 ’
3365 439 3396 458 .
3572 385 3653 465 2t

389 505 706 577 Quanquam
755 505 1256 565 Franco-Saxonici
1301 508 1537 564 Annales
1580 524 1712 564 mss.
1752 509 1968 579 optimae
1993 516 2046 577 Α
2071 510 2445 566 summationis
2493 508 2671 565 saeculi
2701 507 2863 577 diem,
2902 509 3113 581 aliaque
3139 507 3411 584 "perplura
3445 517 3643 574 divini-

388 608 550 665 notzc,
583 601 673 668 qui
717 608 912 655 caetera
941 602 1046 656 hoc
1079 602 1197 656 loco
1239 617 1359 656 cum
1393 601 1747 656 Fuldensihus
1775 615 1970 655 conve-

388 691 564 756 niunt,
590 691 802 746 Rabani
829 693 1223 748 ordinationem
1255 700 1521 762 reponunt
1542 708 1636 746 vm
1659 690 1786 745 Kal.
1810 691 1966 757 Julii,

389 782 444 836 id
469 790 554 835 est
577 782 664 836 die
691 781 858 836 natali
901 784 1073 838 sancti
1097 781 1320 837 Joannis
1349 781 1626 851 Baptistaa,
1663 796 1770 850 qua
1791 781 1878 836 die
1900 781 1968 836 ob

387 871 512 927 festi
539 871 948 938 celebritatem,
997 872 1211 927 tametsi
1248 872 1526 926 Dominica
1552 886 1659 925 non
1690 879 1826 937 erat,
1863 869 1970 924 Ra-

387 964 514 1020 bani
541 966 814 1020 ordinatio
842 966 999 1021 facile
1027 965 1143 1020 fieri
1168 967 1362 1036 potuit.
1392 966 1551 1020 Aliud
1578 965 1828 1021 Chillletii
1854 981 1971 1022 mo-

387 1062 630 1108 mentum
663 1055 888 1110 inferius
939 1055 1248 1110 diluendum
1275 1064 1379 1120 est,
1426 1055 1515 1110 ubi
1544 1054 1753 1109 Rabani
1801 1071 1971 1110 annos

385 1146 734 1215 pontiﬁcatus
788 1147 1173 1217 expendemus.
1249 1147 1472 1202 Interim
1527 1161 1719 1201 moneo
1770 1145 1970 1201 librum

387 1253 482 1293 seu
527 1238 808 1308 epistolam
852 1248 1043 1294 contra
1073 1238 1306 1307 Judaeos,
1356 1241 1456 1296 sub
1505 1240 1723 1295 nomine
1762 1240 1971 1295 Rabani

385 1330 694 1402 vulgatam,
749 1347 816 1387 ex
874 1348 981 1404 qua
1025 1335 1355 1404 praecipuum
1411 1333 1691 1388 sententiae
1741 1349 1852 1388 sua:
1904 1333 1971 1388 de

385 1437 528 1477 anno
585 1423 816 1478 ordinati
893 1425 1101 1481 Rabani
1160 1425 1567 1480 fundamentum
1642 1425 1974 1495 deprompsit

384 1513 683 1572 Chillletius
703 1558 718 1583 ,
763 1533 872 1572 non
899 1533 1018 1573 esse
1048 1519 1173 1574 huic
1196 1520 1436 1589 pontiﬁci
1482 1519 1844 1585 tribuendam,
1877 1519 1972 1574 sed

383 1605 654 1672 Amoloni,
683 1616 740 1662 ut
762 1618 948 1678 postea
973 1610 1375 1667 demonstrabo.
1405 1611 1559 1666 Nunc
1586 1627 1673 1666 res
1694 1627 1725 1666 a
1750 1611 1973 1666 Rabano

387 1699 795 1772 archiepiscopo
821 1711 985 1772 gestae
1012 1704 1200 1774 paucis
1221 1704 1555 1774 explicandae
1581 1712 1730 1759 sunt.

454 1789 544 1841 27.
582 1790 787 1847 Eodem
833 1794 1188 1850 ordinationis
1242 1812 1350 1850 sum
1391 1812 1556 1861 anno,
1592 1811 1659 1850 ex
1700 1793 2002 1864 prazdictis

2071 608 2158 656 tus
2186 602 2287 656 sibi
2330 601 2587 655 revelata.
2619 599 2744 656 Haec
2786 602 2841 675 in
2879 603 3219 672 praesentiam
3266 607 3645 678 episcoporum

2069 693 2210 764 apud
2241 693 2499 748 Sanctum
2525 693 2794 749 Albanum
2827 694 3077 760 adducta,
3109 695 3336 766 publicis
3376 713 3516 755 caesa
3541 700 3645 758 ﬂa-

2069 782 2241 854 gellis,
2273 783 2635 838 ministerium
2678 783 3079 854 praedicationis
3125 786 3268 856 quod
3295 787 3644 849 irrationabi-

2069 875 2194 931 liter
2223 876 2470 946 arripuit,
2506 891 2628 932 cum
2659 877 2922 933 dedecore
2968 878 3170 944 amisit,
3207 898 3228 932 ι
3262 889 3324 935 ut
3346 879 3521 939 fusius
3563 885 3644 939 le-

2071 967 2216 1038 gitur
2247 984 2301 1022 ιη
2335 966 2448 1036 jam
2476 967 2636 1023 dictis
2658 966 2975 1035 Annalibus,
3005 985 3069 1025 ex
3109 971 3305 1042 quibus
3327 973 3493 1030 etiam
3519 977 3647 1032 sub-

2063 1057 2210 1127 jecta
2227 1059 2487 1114 eruimus.

2142 1149 2231 1204 28.
2268 1167 2286 1200 ‹
2328 1150 2484 1205 Anno
2508 1149 2610 1204 848
2641 1169 2658 1202 ι
2689 1149 2993 1208 Ludovicus
3032 1153 3334 1213 Germania:
3365 1174 3461 1214 rex
3495 1178 3513 1212 (
3545 1159 3646 1216 ho-

2072 1241 2246 1296 mines
2284 1240 2542 1297 HRabani
2574 1243 2808 1313 episcopi
2859 1244 3118 1302 adversus
3167 1249 3440 1304 dominum
3487 1267 3644 1306 suum

2072 1335 2461 1404 conspirantes,
2507 1336 2719 1405 publice
2759 1337 3034 1394 convictos
3069 1355 3192 1394 cum
3236 1357 3301 1396 eo
3342 1343 3646 1412 paciﬁcavit

2071 1427 2212 1496 apud
2226 1426 2639 1498 Mogontiacum.
2663 1427 3011 1486 Gotescalcus
3032 1446 3244 1501 quoque
3267 1434 3484 1503 quidam
3497 1450 3648 1504 pres-

2070 1518 2248 1590 byter,
2272 1540 2290 1572 ι
2312 1523 2609 1576 monachus
2650 1523 2882 1578 (ζωιιοῦἰί
2911 1523 3234 1581 Orbacensis
3263 1529 3362 1582 sub
3393 1527 3649 1596 parochia

2071 1622 2127 1669 et
2175 1615 2377 1670 ditione
2427 1616 2820 1687 archiepiscopi
2870 1617 3218 1686 Rhemensis,
3262 1621 3359 1674 sed
3401 1620 3652 1674 dioecesis

2075 1705 2501 1775 Suessionensis,
2539 1729 2558 1761 ι
2602 1711 2667 1765 de
2707 1712 3183 1780 praedestinatione
3222 1713 3316 1768 Dei
3342 1729 3509 1783 prave
3532 1727 3653 1768 sen-

2072 1800 2232 1866 tiens,
2269 1809 2325 1855 et
2366 1809 2473 1856 tam
2500 1802 2670 1857 bonos
2697 1803 2766 1857 ad
2789 1804 2973 1867 vitam,
3005 1819 3167 1874 quam
3193 1804 3366 1860 malos
3405 1804 3474 1859 ad
3507 1819 3652 1859 mor-

383 1879 704 1947 Annalihus,
742 1901 759 1932 ι
789 1884 1018 1954 jubente
1041 1885 1381 1942 HLudowico
1413 1902 1540 1957 rege
1580 1887 1721 1957 apud
1750 1886 1971 1956 Mogon-
1998 1895 2046 1956 Β
2075 1901 2182 1948 tem
2221 1904 2540 1965 perpetuam
2583 1896 2969 1952 inevitabiliter
3002 1914 3033 1952 a
3085 1899 3197 1954 Deo
3244 1899 3654 1968 praedestinatos

386 1970 585 2024 tiacum
614 1973 876 2043 synodum
901 1975 1088 2031 habuit
1119 1977 1262 2032 circa
1286 1978 1405 2032 Kal.
1436 1977 1716 2044 Octobris,
1751 1998 1772 2032 ι
1804 1978 1966 2032 nimi-

385 2078 507 2117 rum
565 2064 619 2118 in
677 2067 1006 2123 monasterio
1048 2066 1233 2124 Sancti
1283 2069 1497 2124 Albani.
1535 2069 1763 2124 Occasio
1811 2068 1971 2138 hujus

383 2155 576 2226 synodi
603 2158 790 2212 eadem
829 2158 931 2212 fuit
959 2175 1078 2229 quae
1117 2159 1406 2217 Meldensis
1453 2162 1687 2228 concilii,
1720 2170 1780 2215 ut
1806 2161 1972 2216 Baro-

382 2251 506 2305 nius
533 2252 857 2306 observavit.
898 2252 1033 2307 Cum
1086 2254 1229 2308 enim
1279 2271 1310 2309 a
1339 2255 1491 2311 laicis
1537 2256 1679 2310 bona
1709 2255 1968 2311 ecclesia-

381 2357 524 2409 rum,
551 2343 673 2413 jura
712 2344 919 2414 pariter
969 2353 1025 2400 et
1058 2362 1304 2416 persona:
1349 2349 1758 2414 invaderentur,
1797 2349 1972 2417 deque

382 2435 469 2489 his
511 2435 823 2506 frequentes
867 2438 1008 2507 apud
1052 2455 1235 2508 regem
1275 2441 1506 2510 querelae
1542 2443 1967 2513 deponerentur;

382 2529 520 2597 ipse,
553 2536 614 2582 ut
644 2528 729 2582 his
760 2527 917 2582 malis
946 2530 1273 2597 mederetur,
1329 2532 1462 2588 satis
1487 2534 1596 2603 egit
1618 2541 1676 2586 ut
1708 2530 1973 2600 ejusmodi

379 2628 716 2698 provinciale
768 2627 1055 2683 concilium
1107 2625 1471 2698 colligeretur,
1519 2642 1538 2676 ‹
1574 2623 1662 2679 cui
1708 2622 1972 2692 archiepi-

381 2737 578 2791 scopus
601 2720 877 2786 Rabanus,
908 2721 993 2774 vir
1019 2718 1262 2774 doctrina
1286 2717 1443 2772 valde
1466 2716 1712 2788 insignis,
1738 2731 1973 2786 praeesse

380 2811 604 2866 deberet
666 2825 827 2880 quem
869 2810 1034 2864 sciret
1057 2809 1326 2879 probitate
1373 2815 1535 2876 atque
1573 2806 1803 2862 scientia
1837 2805 1972 2862 nulli

380 2903 697 2968 secundum,
745 2923 765 2956 ι
802 2903 975 2973 inquit
1016 2900 1301 2956 Baronius.
1363 2898 1508 2967 Quot
1557 2913 1688 2954 vero
1731 2897 1972 2968 episcopi

380 2997 748 3063 interfuerint,
787 3011 975 3067 quaeve
1006 2995 1338 3060 deﬁnierint,
1380 2994 1539 3049 docet
1565 2993 1777 3048 Rabani
1809 3008 1973 3063 syno-

380 3089 518 3143 dalis
561 3088 790 3160 epistola
811 3087 882 3144 ad
903 3088 1234 3144 Ludovicum
1274 3102 1456 3157 regem
1482 3086 1650 3142 missa
1678 3101 1801 3140 cum
1824 3085 1971 3154 capi-

380 3181 510 3235 tulis
541 3181 738 3237 ibidem
770 3181 1103 3247 constitutis,
1147 3195 1266 3250 qum
1301 3186 1516 3235 exstant
1549 3181 1604 3232 in
1650 3176 1970 3232 collectione

2072 2001 2191 2042 esse
2219 1986 2512 2051 allirmans,
2552 1988 2607 2042 in
2634 1997 2899 2044 conventu
2915 1991 3290 2060 episcoporum
3322 1990 3655 2046 rationabili-

2073 2087 2156 2134 ter
2187 2079 2268 2150 (ut
2286 2080 2535 2151 plurimis
2554 2080 2730 2135 visum
2760 2081 2864 2152 est)
2888 2082 3191 2148 convictus,
3206 2091 3264 2138 et
3289 2083 3354 2135 ad
3377 2082 3656 2152 proprium

2073 2174 2383 2245 episcopum
2407 2174 2713 2246 lgumarum
2744 2175 2968 2231 Bhemis
2998 2177 3349 2232 transmissus
3374 2183 3478 2240 est,
3501 2171 3655 2244 prius

2075 2277 2254 2324 tamen
2277 2269 2589 2339 juramento
2626 2270 2954 2325 conﬁrmans
2983 2285 3051 2325 ne
3080 2271 3135 2324 i-n
3169 2285 3392 2341 regnum
3430 2267 3658 2322 BLudo—

2072 2362 2199 2417 wici
2221 2361 2364 2416 ultra
2408 2361 2626 2416 rediret.
2664 2382 2682 2414 ι
2716 2361 2956 2416 Meminit
2989 2361 3145 2417 istius
3180 2360 3367 2433 synodi
3399 2359 3655 2413 llincma-

2075 2472 2166 2511 rus
2214 2472 2335 2510 cum
2367 2455 2534 2509 variis
2576 2455 2632 2510 in
2680 2455 2835 2519 locis,
2864 2463 2980 2509 tum
3024 2454 3260 2509 maxime
3288 2453 3344 2506 in
3372 2452 3550 2520 capite
3591 2451 3650 2503 l-l

2072 2548 2395 2619 posterioris
2471 2547 2653 2618 operis
2728 2547 2989 2602 adversus
3064 2543 3501 2606 Gothescalcum,
3564 2539 3657 2595 ubi

2075 2641 2383 2714 synodalem
2411 2640 2692 2710 epistolam
2712 2638 2921 2709 profert
2951 2653 2980 2692 a
3005 2637 3230 2692 Rabano
3255 2635 3323 2690 ad
3352 2649 3409 2689 se
3437 2633 3657 2687 missam

2075 2733 2140 2788 de
2161 2733 2542 2800 Gothescalco,
2570 2748 2688 2802 quae
2721 2739 2897 2787 exstat
2925 2730 2981 2785 in
3015 2736 3167 2786 lomo
3195 2727 3262 2783 ιιι
3295 2725 3656 2783 Coneiliorum

2074 2827 2279 2882 Galliae.
2314 2825 2570 2880 Rabanus
2598 2826 2818 2896 insuper
2847 2834 2957 2880 tres
2997 2826 3103 2880 hac
3131 2823 3197 2878 de
3218 2839 3282 2879 re
3305 2821 3520 2891 scripsit
3544 2817 3659 2887 epi-

2076 2918 2242 2974 stolas
2265 2915 2330 2970 ad
2360 2917 2709 2971 Hincmarum
2738 2915 3119 2980 Rhemensem,
3142 2913 3211 2969 ad
3234 2913 3526 2983 Notingum
3555 2910 3660 2965 Ve-

2075 3024 2362 3064 ronensem
2389 3009 2692 3078 episcopos,
2723 3017 2778 3064 et
2809 3010 2874 3062 ad
2920 3007 3291 3062 Heherardum
3321 3005 3572 3061 comitem
3601 3003 3658 3058 in

2072 3100 2246 3163 Italia,
2279 3116 2413 3171 quas
2440 3099 2584 3170 typis
2611 3100 2851 3172 vulgavit
2879 3098 3115 3156 Iacobus
3164 3099 3486 3154 Sirmondus
3516 3110 3659 3151 anno

2077 3195 2235 3251 1647.
2289 3194 2433 3249 Duas
2479 3196 2785 3265 superiores
2839 3185 3159 3264 synodos'in
3189 3207 3353 3247 unam
3407 3187 3662 3246 conﬂavit

379 3271 766 3329 Conciliorum.
794 3273 854 3328 ln
900 3289 964 3328 ea
1011 3273 1237 3343 epistola
1282 3270 1672 3327 consideranda
1703 3279 1831 3326 sunt
1856 3269 1972 3326 haec
1998 3262 2044 3327 C
2079 3286 2409 3342 Trithemius
2432 3287 2485 3340 in
2516 3262 2785 3341 (ᾖιποηίοο
2814 3262 3206 3355 Ηίιοεθυείθηεί,
3232 3283 3324 3338 ubi
3349 3283 3416 3337 de
3448 3282 3549 3336 hac
3573 3294 3662 3349 sy-

381 3365 548 3418 verba
576 3383 589 3418 :
630 3383 648 3416 ι
685 3365 1037 3421 Decrevimus
1065 3374 1124 3419 ut
1166 3365 1392 3434 singulis
1421 3364 1696 3434 parochiis
1730 3379 1829 3434 per
1849 3364 1967 3433 cpi—

383 3471 575 3526 scopos
606 3465 661 3511 et
706 3457 952 3522 clericos,
983 3472 1081 3527 per
1109 3454 1333 3512 abbates
1384 3466 1438 3512 et
1468 3457 1766 3512 monachos
1795 3457 1970 3511 oratio

380 3566 480 3622 pro
531 3550 702 3614 vobis,
757 3558 814 3605 et
863 3565 962 3620 pro
995 3559 1175 3605 vestra
1228 3550 1474 3619 conjuge,
1517 3549 1784 3618 simulque
1821 3549 1972 3619 prole

381 3643 719 3698 nobilissima
750 3641 928 3709 fieret,
970 3641 1123 3712 cujus
1156 3642 1419 3696 orationis
1466 3655 1678 3696 summa
1704 3648 1807 3707 est,
1835 3641 1969 3695 mis-

383 3751 566 3794 sarum
615 3738 719 3792 tria
765 3735 933 3791 millia
989 3743 1045 3790 et
1097 3736 1427 3806 quingentat,
1480 3744 1537 3790 et
1585 3735 1970 3805 psalteriorum

382 3827 528 3884 mille
563 3832 924 3900 septingenta,
985 3847 1005 3881 ι
1065 3835 1121 3884 et
1143 3828 1282 3882 infra
1317 3845 1330 3883 :
1368 3846 1386 3878 ‹
1424 3828 1576 3883 Tunc
1619 3842 1748 3883 vero
1793 3827 1972 3882 consi-

382 3924 574 3980 dentcs
597 3925 653 3979 in
681 3926 919 3982 claustro
953 3924 1127 3981 sancti
1153 3923 1345 3979 Albani
1369 3923 1645 3995 martyris,
1675 3922 1969 3978 secundum

381 4033 591 4073 morem
641 4019 789 4074 illum
844 4034 950 4091 quo
989 4019 1184 4090 priscis
1235 4017 1566 4089 temporibus
1622 4019 1722 4070 sub
1775 4015 1970 4070 Carolo

384 4111 710 4180 imperatore
762 4111 1112 4167 llildebaldus
1162 4117 1215 4164 et
1282 4106 1524 4163 Ricollus
1579 4123 1703 4162 cum
1759 4107 1971 4162 ueteris

381 4202 651 4274 episcopis
674 4211 730 4258 et
771 4203 1060 4258 abbatibus
1079 4201 1205 4257 illuc
1227 4201 1674 4256 convenientibus
1699 4199 1968 4267 fecerunt,

381 4295 645 4366 coepimus
689 4296 742 4349 in
789 4295 882 4348 Dei
914 4294 1152 4362 nomine,
1197 4294 1470 4349 communi
1499 4308 1767 4349 consensu
1790 4299 1845 4347 et
1877 4308 1971 4347 vo-

381 4387 608 4451 luntate,
661 4395 894 4442 tractare
932 4386 1138 4456 pariter
1183 4385 1249 4440 de
1294 4393 1438 4439 statu
1494 4399 1636 4440 verze
1672 4383 1967 4454 religionis,

384 4489 547 4548 atque
593 4479 826 4533 utilitate
865 4486 921 4533 et
964 4477 1208 4547 profectu
1249 4477 1570 4533 Christianae
1606 4476 1798 4546 plebis.
1838 4476 1973 4530 Con-

382 4571 531 4625 venit
566 4572 706 4626 inter
743 4586 843 4626 nos
877 4571 941 4624 de
971 4577 1156 4624 nostro
1184 4568 1456 4623 communi
1496 4567 1721 4637 collegio
1747 4567 1963 4623 clerico.

2075 3382 2217 3437 nodo
2247 3397 2411 3451 agens
2462 3379 2627 3433 multa
2673 3385 2860 3449 peccat
2905 3397 2918 3431 :
2949 3385 3062 3431 tum
3090 3377 3213 3446 quia
3245 3390 3365 3430 eam
3397 3372 3662 3446 synodum

2071 3475 2222 3546 jussu
2271 3471 2514 3528 Lotharii
2557 3480 2802 3527 coactam
2846 3470 3013 3526 fuisse
3038 3470 3190 3536 dicit,
3220 3483 3340 3524 cum
3387 3465 3662 3522 Ludovico

2075 3580 2202 3636 rege
2232 3572 2560 3634 procurante
2612 3564 2667 3618 id
2713 3563 2915 3619 factum
2958 3562 3060 3626 Sit;
3119 3567 3233 3614 tum
3289 3558 3415 3628 quia
3472 3557 3662 3614 Patres

2077 3656 2265 3727 synodi
2288 3669 2596 3720 recensens,
2627 3660 2894 3709 memorat
2916 3649 3207 3707 Altfridum
3230 3648 3662 3704 Hildesheimen-

2077 3767 2189 3806 sem
2225 3749 2560 3820 episcopum,
2598 3749 2690 3817 qui
2725 3763 2868 3803 anno
2895 3747 3158 3800 duntaxat
3192 3746 3291 3800 851
3327 3760 3446 3798 eam
3476 3743 3658 3798 sedem

2077 3839 2234 3904 iniit;
2267 3839 2412 3894 Hetti
2442 3838 2911 3908 archiepiscopum
2951 3835 3352 3898 Trevirensem,
3388 3830 3662 3888 Hildebol-

2077 3931 2205 3986 dum
2253 3929 2652 3994 Coloniensem,
2689 3927 3012 3983 Ludericum
3058 3924 3412 3980 Bremensem
3449 3924 3664 3993 episco-

2073 4037 2223 4093 pum,
2255 4031 2309 4076 et
2345 4020 2714 4092 Eginhardum
2750 4017 2998 4074 abbatem
3033 4015 3544 4087 Segensteltensem,
3568 4015 3661 4083 qui

2075 4122 2234 4167 antea
2287 4128 2316 4166 e
2366 4113 2504 4166 vivis
2566 4111 2833 4176 abierant,
2900 4118 2956 4165 et
3009 4108 3349 4179 Badulphum
3413 4108 3662 4162 abbatem

2077 4205 2134 4260 S.
2168 4204 2405 4260 Medardi
2457 4202 2886 4266 Suessioneusis,
2935 4212 3111 4272 postea
3161 4199 3537 4253 Bituricensem
3571 4212 3662 4249 ar-

2075 4299 2478 4368 chiepiscopum,
2514 4297 2604 4366 qui
2649 4298 2790 4351 hanc
2814 4293 3130 4366 dignitatem
3155 4292 3268 4363 jam
3292 4291 3493 4346 dudum
3515 4297 3657 4355 ante,

2077 4392 2131 4446 id
2178 4398 2260 4446 est
2309 4391 2377 4445 ab
2429 4405 2572 4444 anno
2620 4389 2744 4453 840,
2776 4387 3103 4442 obtinuerat.
3139 4383 3284 4456 Lege
3335 4381 3661 4439 Henschenii

2075 4481 2555 4545 Commentarium,
2579 4497 2728 4534 num.
2753 4479 2842 4532 51.

2147 4575 2236 4629 29.
2283 4594 2300 4625 ι
2329 4578 2488 4629 Anno
2517 4571 2642 4637 850,
2681 4592 2696 4623 ι
2735 4586 2802 4625 ex
2825 4569 3013 4624 iisdem
3051 4564 3348 4622 Annalibus
3379 4561 3662 4618 Fuldensi—

384 4681 506 4720 I‘Uﬂl
540 4671 594 4718 Cl.
620 4663 1006 4720 monachorum
1059 4660 1238 4715 facere
1282 4661 1416 4714 duas
1467 4669 1696 4724 turmas,
1731 4658 1872 4712 sicut
1919 4666 1974 4712 Cl-
1999 4650 2052 4710 D
2077 4669 2198 4733 bus,
2237 4684 2258 4717 ι
2291 4665 2610 4737 gravissima
2647 4662 2815 4716 fames
2857 4659 3164 4716 Germania}
3191 4656 3417 4728 ροριιιοε
3441 4667 3662 4725 oppres-

384 4757 648 4820 fecimus;
701 4757 776 4810 ita
813 4764 874 4810 ut
902 4756 956 4809 in
983 4769 1089 4808 una
1137 4762 1316 4807 turma
1354 4751 1704 4808 considerent
1735 4750 1972 4821 episcopi

386 4848 815 4904 cumnotariis...
843 4848 898 4902 in
921 4847 1025 4900 alia
1045 4861 1174 4900 vero
1199 4855 1375 4899 turma
1402 4845 1658 4900 sederunt
1677 4844 1900 4898 abbates
1921 4852 1978 4899 et

387 4941 602 5012 probati
629 4940 903 5003 monachi,
938 4937 1196 5007 Regulam
1227 4936 1400 4991 sancti
1429 4936 1702 4990 Benedicti
1732 4935 1975 5006 legentes

388 5039 555 5100 atque
596 5037 894 5084 tractantes
941 5027 1249 5097 diligenter,
1301 5027 1533 5098 qualiter
1582 5029 1974 5082 monachorum

388 5123 554 5178 vitam
579 5123 634 5176 in
653 5123 926 5176 meliorem
959 5127 1158 5175 statum
1185 5131 1348 5191 atque
1376 5130 1724 5193 augmentum
1749 5135 1847 5189 per
1875 5119 1973 5173 Dei

392 5220 622 5294 gratiam
670 5217 965 5287 perducere
1007 5225 1269 5286 possent:
1303 5223 1358 5271 et
1402 5216 1709 5285 ubicunque
1753 5229 1852 5285 per
1884 5229 1976 5268 ne-

391 5312 704 5386 gligentiam
733 5318 894 5378 atque
922 5309 1181 5364 desidiam
1228 5318 1502 5365 rectorum
1549 5307 1812 5378 regularis
1842 5308 1975 5364 ordo

391 5402 631 5473 dilapsus
673 5400 882 5466 fuisset,
929 5415 1141 5454 rursum
1183 5399 1477 5455 secundum
1508 5413 1758 5452 normam
1799 5399 1975 5453 sancti

391 5494 669 5552 Benedicti
700 5494 1096 5548 restitueretur.
1134 5512 1153 5545 »
1189 5493 1247 5547 ln
1275 5491 1362 5545 illa
1397 5491 1560 5544 etiam
1601 5492 1807 5560 synodo
1847 5507 1976 5545 ven-

394 5589 546 5646 tilata
587 5594 670 5644 est
707 5603 867 5642 causa
916 5586 1196 5657 cujusdam
1254 5603 1275 5635 ‹
1311 5583 1872 5654 pscudoprophetissae
1912 5584 1978 5638 de

392 5681 726 5737 Alamanniae
763 5679 1030 5750 partibus,
1069 5677 1286 5732 nomine
1334 5675 1556 5739 Thiotaa,
1591 5691 1711 5746 qua:
1735 5675 1978 5730 Salomo-

395 5776 480 5829 nis
510 5774 742 5843 episcopi
778 5769 1248 5844 (Constantiensis)
1293 5768 1605 5838 parochiam
1651 5768 1763 5823 suis
1791 5770 1976 5824 vatici-

401 5869 506 5922 niis
526 5884 630 5922 non
659 5867 881 5920 minime
909 5865 1246 5927 turbaverat,
1287 5862 1582 5917 asserendo
1603 5871 1811 5916 certum
1841 5877 1977 5916 con--

2077 4759 2169 4827 sit,
2197 4757 2433 4812 maxime
2463 4755 2608 4810 circa
2654 4752 2900 4808 Rhenum
2951 4750 3257 4806 habitantes
3297 4767 3312 4804 :
3357 4763 3486 4803 nam
3520 4759 3662 4800 unus

2077 4850 2291 4905 modius
2320 4847 2387 4902 de
2422 4846 2696 4900 frumento
2741 4840 3063 4913 Mogontiaci
3106 4839 3441 4902 vendebatur
3476 4838 3662 4894 decem

2077 4940 2224 4996 siclis
2254 4937 2483 5007 argenti.
2528 4933 2838 4989 Morabatur
2867 4941 3045 4987 autem
3077 4947 3142 4986 eo
3166 4938 3408 5002 tempore
3436 4928 3664 4985 HRaha-

2078 5048 2180 5086 nus
2220 5028 2660 5098 archiepiscopus
2691 5027 2743 5080 in
2785 5025 3017 5097 quadam
3060 5023 3183 5078 villa
3229 5024 3501 5094 parochias
3528 5037 3660 5088 suae,

2082 5124 2168 5180 cui
2195 5119 2517 5176 vocabulum
2555 5128 2639 5175 est
2674 5117 2970 5183 Winzella;
3010 5125 3065 5171 et
3096 5131 3362 5187 pauperes
3392 5116 3459 5170 de
3487 5115 3663 5170 diver-

2082 5215 2157 5271 sis
2201 5214 2333 5270 locis
2368 5212 2649 5267 venientes
2679 5210 2996 5280 suscipiens,
3056 5206 3295 5276 quotidie
3331 5205 3451 5273 plus
3497 5219 3660 5274 quam

2083 5315 2356 5364 trecentos
2385 5305 2642 5359 alimento
2689 5300 3043 5362 sustentabat,
3090 5295 3330 5365 exceptis
3373 5296 3457 5350 his
3486 5295 3576 5366 qui
3606 5296 3661 5350 in

2081 5400 2370 5472 praesentia
2401 5399 2544 5452 illius
2570 5395 2931 5450 vescebantur
2954 5388 3187 5444 assidue.
3215 5407 3232 5440 ι
3265 5387 3386 5443 Jam
3412 5388 3662 5458 superius

2083 5510 2148 5550 ex
2182 5491 2480 5546 Trithemio
2507 5496 2753 5542 notatum
2779 5492 2862 5538 est
2895 5490 3111 5552 quantm
3137 5481 3416 5536 charitatis
3455 5481 3507 5534 in
3530 5495 3663 5550 pau-

2080 5599 2238 5654 peres
2287 5580 2452 5635 fuerit
2495 5578 2682 5632 abbas.
2747 5574 2822 5628 De
2874 5571 3138 5626 Winzella
3185 5585 3363 5627 sermo
3417 5578 3663 5626 recurret

2082 5692 2230 5733 num.
2269 5674 2357 5729 58.
2394 5671 2593 5726 Eodem
2628 5681 2769 5721 anno
2806 5666 2931 5732 850,
2961 5675 3017 5721 et
3043 5664 3256 5736 quidem
3284 5684 3304 5717 ‹
3335 5680 3367 5718 v
3398 5665 3517 5720 Kal.
3555 5664 3661 5720 No-

2081 5765 2337 5828 vemhris,
2390 5760 2622 5817 ecclesia
2671 5758 2857 5814 Sancti
2911 5757 3175 5826 Wigberti
3233 5777 3252 5810 ι
3303 5757 3359 5814 in
3412 5757 3662 5813 cmnobio

2082 5853 2467 5913 Fritislariensi
2502 5871 2518 5903 ι
2544 5851 2789 5908 dedicata
2809 5857 2894 5906 est
2915 5864 2945 5902 a
2966 5847 3191 5903 Babano
3215 5847 3660 5919 Mogontiacensis
