4016 6494
383 435 450 511 25
1758 440 2288 500 PROLEGOMENA.
3563 455 3633 510 20

390 564 633 623 ecclesiae
665 558 1089 630 archiepiscopo,
1127 574 1148 610 )
1180 571 1247 613 ex
1273 555 1544 614 Chronico
1587 556 1959 613 Hildeneshei-
1985 557 2037 617 Α
2061 557 2252 622 fectus,
2287 558 2494 614 tametsi
2521 568 2743 615 vacaret
2772 560 3110 632 regularibus
3152 567 3427 623 exercitiis
3456 579 3511 625 et
3547 575 3631 627 tn-

390 674 562 716 meusr
570 699 584 712 .

462 751 549 805 '50.
580 765 603 800 ι
635 747 790 802 Anno
819 744 924 801 852
951 743 1137 800 habita
1181 750 1265 799 est
1315 739 1551 813 synodus
1595 756 1662 797 ex
1687 739 1962 796 voluntate

395 853 554 913 atque
595 846 866 911 praecepto
895 834 1217 890 HLudowici
1242 831 1574 889 serenissimi
1613 831 1870 901 principis
1904 830 1960 884 in

394 936 610 990 civitate
654 927 922 1000 Mogontia
961 925 1241 996 metropoli
1276 923 1597 989 Germaniae,
1639 921 1962 992 praesidente

391 1024 666 1079 HRabano
707 1015 1000 1074 venerabili
1031 1016 1272 1088 ejusdem
1325 1015 1476 1070 urbis
1531 1013 1958 1084 archiepiscopo,

389 1130 514 1170 cum
565 1111 812 1168 omnibus
835 1107 1100 1180 episcopis
1147 1115 1306 1176 atque
1353 1106 1634 1161 abbatibus
1683 1104 1960 1160 orientalis

388 1205 653 1270 Franciae,
701 1200 962 1273 Bajoariai
989 1207 1044 1255 et
1095 1199 1366 1255 Saxoniae.
1418 1199 1486 1252 Et
1525 1198 1600 1253 illi
1637 1199 1853 1268 quidem
1894 1197 1960 1252 de

389 1296 730 1354 absolvendis
787 1293 1174 1364 quaestionibus
1233 1292 1597 1348 ecclesiastice
1669 1298 1958 1345 tractatum

388 1391 676 1444 habebant.
729 1387 843 1443 Rex
878 1402 1007 1442 vero
1041 1401 1165 1441 cum
1212 1383 1546 1455 principibus
1589 1390 1644 1438 et
1690 1381 1960 1453 praefectis

384 1480 780 1551 provinciarum
807 1479 1034 1549 publicis
1062 1476 1240 1532 causis
1261 1476 1552 1544 litibusque
1576 1471 1958 1543 componendis

387 1572 662 1636 insistens,
687 1579 968 1641 postquam
997 1569 1271 1641 synodalia
1300 1583 1486 1623 eorum
1511 1565 1728 1622 decreta
1758 1579 1857 1620 suo
1879 1564 1939 1634 ju

385 1662 527 1717 dicio
571 1661 962 1731 comprobavit,
1018 1659 1324 1730 Bajoariam
1367 1673 1615 1714 reversus
1662 1664 1764 1713 est.
1814 1675 1834 1708 ›
1880 1653 1958 1709 De

384 1752 652 1821 episcopis
691 1750 781 1820 qui
832 1750 958 1804 huic
995 1749 1222 1805 concilio
1257 1748 1615 1804 interfuerunt
1661 1747 1772 1818 agit
1808 1745 1956 1800 Hen-

382 1841 637 1895 schenius
685 1841 739 1894 in
775 1838 1162 1895 Commentarii
1208 1853 1357 1893 num.
1411 1837 1504 1904 51,
1559 1837 1652 1892 ubi
1701 1836 1947 1906 quaedam

2059 648 2326 702 struendae
2354 649 2650 719 juventuti;
2703 669 2810 708 non
2849 663 3029 710 tamen
3061 656 3353 714 desistebat
3401 677 3432 715 a
3457 663 3630 718 conﬁ-

2059 738 2264 795 ciendis
2276 743 2757 813 commentariisex
2775 747 3056 802 sententiis
3069 747 3310 816 Patrum,
3327 759 3386 805 ut
3401 758 3630 810 testatur

2059 827 2176 898 ejus
2201 831 2422 899 cpistola
2452 833 2516 888 ad
2543 833 2862 891 Haistulfum
2894 837 3381 910 Mogontiacensem
3413 846 3628 915 episco-

2056 936 2184 991 pum
2214 938 2310 992 pro
2336 925 2668 995 expositione
2700 928 2756 982 in
2802 927 3112 984 Mattbazum
3156 949 3170 986 :
3208 950 3227 983 ί
3256 931 3460 988 Horum
3503 949 3632 1005 ergo

2058 1009 2276 1068 lectioni
2305 1015 2565 1081 intentus,
2608 1027 2870 1087 quantum
2898 1022 3030 1076 mihi
3048 1037 3162 1094 prie
3186 1023 3484 1081 innumeris
3509 1043 3628 1083 mo-

2058 1107 2278 1162 nasticae
2325 1109 2599 1164 servitutis
2627 1112 2942 1169 retinaculis
2988 1115 3158 1182 licuit,
3211 1126 3268 1173 et
3312 1134 3414 1189 pro
3451 1120 3629 1175 nutri-

2058 1205 2240 1253 mento
2281 1199 2648 1268 parvulorum,
2677 1204 2817 1272 quod
2861 1221 2968 1260 non
3013 1223 3234 1277 parvam
3262 1210 3418 1264 nobis
3437 1210 3632 1281 ingerit

2056 1291 2382 1359 molestiam,
2429 1300 2484 1348 et
2528 1293 2776 1351 lectionis
2812 1296 2943 1352 facit
2984 1299 3268 1369 injuriam;
3330 1301 3444 1371 ipse
3498 1304 3632 1358 mihi

2057 1381 2287 1438 dictator
2314 1385 2474 1439 simul
2517 1394 2573 1440 et
2617 1389 2860 1445 notarius
2887 1392 3148 1458 existens,
3188 1394 3244 1448 in
3283 1395 3538 1449 schedula
3567 1411 3632 1451 ea

2057 1475 2315 1530 mandare
2359 1477 2544 1531 curavi
2574 1493 2692 1547 quae
2722 1480 2789 1534 ab
2819 1482 2897 1535 eis
2937 1484 3185 1553 exposita
3223 1493 3368 1552 sunt,
3390 1486 3476 1540 vel
3502 1487 3632 1555 ipsis

2057 1577 2244 1620 eorum
2283 1566 2520 1638 syllabis,
2553 1569 2636 1624 vel
2681 1578 2827 1626 certe
2849 1575 2984 1628 meis
3011 1575 3289 1633 breviandi
3330 1593 3491 1633 causa
3517 1593 3633 1634 ser-

2058 1657 2328 1713 monibus.
2362 1679 2378 1711 i
2408 1660 2609 1717 Bedam
2640 1664 3016 1722 Venerabilem
3055 1669 3315 1738 imitatus,
3347 1670 3499 1739 cujus
3519 1672 3635 1730 fere

2058 1749 2245 1803 eadem
2286 1751 2450 1805 verba
2485 1762 2609 1808 sunt
2636 1754 2691 1810 in
2730 1756 2847 1826 ejus
2875 1757 3062 1828 Elogio
3101 1759 3266 1814 relata
3305 1762 3502 1816 sreculo
3541 1778 3633 1818 su-

2057 1843 2259 1914 periori
2285 1846 2334 1900 b.
2374 1847 2555 1904 Abbas
2577 1849 2751 1906 factus
2771 1852 2913 1907 idem
2944 1853 3176 1908 studium
3205 1856 3387 1921 coluit,
3415 1855 3632 1914 tametsi

383 1932 671 1988 Trithemii
695 1939 875 1986 errata
912 1930 1133 2001 corrigit
1157 1947 1170 1984 :
1195 1929 1433 2001 assignat
1450 1929 1615 1984 etiam
1656 1943 1810 1984 suam
1837 1927 1952 1983 cui-
1984 1909 2032 1968 Β
2067 1954 2084 1986 ‹
2117 1935 2172 1989 in
2201 1937 2426 1993 desertis
2463 1940 2595 1995 locis
2638 1957 2983 2009 conversans,
3008 1945 3242 1999 maxima
3272 1947 3627 2016 occupatione

383 2038 492 2091 que
513 2023 694 2078 sedem
741 2021 1023 2091 episcopis,
1074 2020 1163 2090 qui
1228 2021 1406 2091 primo
1463 2019 1673 2074 Babani
1728 2019 1956 2075 concilio

384 2122 681 2183 praesentes
717 2112 956 2176 fuerunt,
989 2127 1136 2167 num.
1193 2111 1280 2167 49.
1311 2111 1466 2165 Anno
1495 2110 1600 2166 855
1645 2109 1828 2164 habita
1873 2119 1958 2166 est

382 2206 620 2276 synodus
650 2223 669 2255 ι
701 2205 755 2258 in
779 2205 981 2274 palatio
1006 2204 1155 2274 regio
1181 2202 1606 2265 Franconoford,
1644 2221 1662 2253 ι
1689 2211 1955 2271 praesente

379 2293 652 2349 Ludovico
695 2292 998 2349 Germania:
1043 2308 1192 2361 rege,
1247 2293 1303 2347 in
1355 2308 1460 2362 qua
1510 2292 1638 2361 quid
1685 2292 1954 2348 Gozberto

379 2386 807 2457 Osnabruggensi
842 2387 1094 2456 episcopo
1141 2387 1194 2440 in
1221 2384 1620 2440 Herifordensis
1661 2385 1956 2454 partheno-

378 2478 464 2532 nis
491 2478 748 2533 ecclesias
765 2486 1072 2548 competere
1092 2479 1332 2541 deberet,
1357 2476 1635 2530 deﬁnitum
1659 2484 1742 2531 est
1769 2490 1953 2531 coram

377 2563 649 2619 Ludovico
686 2579 810 2633 rege
857 2583 876 2616 (
927 2572 982 2619 et
1011 2565 1419 2634 archiepiscopo
1450 2563 1745 2630 HRabano,
1793 2571 1954 2619 caete-

377 2657 558 2726 risque
608 2673 729 2713 cum
777 2673 842 2713 eo
867 2658 923 2712 in
953 2658 1154 2729 synodo
1184 2657 1484 2726 agentibus.
1525 2677 1545 2709 ι
1580 2656 1713 2728 Ejus
1760 2657 1839 2712 rei
1875 2657 1956 2712 di-

375 2749 555 2818 ploma
607 2748 749 2804 idem
805 2763 903 2803 rex
976 2749 1264 2816 concessit,
1329 2749 1575 2818 superius
1629 2749 1832 2804 editum
1897 2751 1952 2805 in

376 2838 852 2895 Observationibus
879 2840 1093 2910 praeviis
1131 2840 1200 2894 ad
1244 2839 1528 2894 historiam
1578 2839 1951 2896 translationis

381 2929 441 2984 S.
471 2927 578 2986 Viti
610 2945 656 2987 ι.

446 3019 534 3073 51.
565 3018 654 3074 Sic
677 3026 973 3091 occupatus
993 3020 1048 3074 in
1083 3018 1324 3074 muneris
1355 3017 1438 3074 sui
1465 3015 1653 3073 ofliciis
1675 3019 1951 3089 piissimus

375 3112 622 3179 antistes,
646 3114 733 3169 vix
758 3114 1138 3185 interspirandi
1170 3123 1383 3184 tempus
1403 3113 1661 3169 habebat.
1689 3114 1858 3182 Quam
1879 3117 1948 3172 ob

375 3220 486 3259 rem
522 3221 554 3260 a
603 3205 852 3262 Freculfo
885 3207 1205 3263 Lexoviensi
1243 3208 1495 3277 episcopo
1544 3207 1828 3279 instigatus
1878 3208 1945 3264 ad

371 3299 686 3354 scribendos
711 3303 1125 3357 commentarios
1155 3302 1211 3356 in
1236 3300 1513 3366 Genesim,
1554 3300 1628 3355 ita
1654 3301 1906 3356 rescribit
1931 3320 1942 3355 :

374 3409 391 3441 ‹
425 3389 708 3460 lnjunxisti
758 3401 818 3448 ut
846 3391 1341 3447 Pentateucbum...
1378 3393 1696 3462 digererem.
1745 3392 1944 3446 Verum

367 3481 484 3537 bzec
510 3492 772 3554 quantum
794 3500 971 3540 meam
997 3484 1415 3556 possibilitatem
1442 3485 1725 3550 excedant,
1754 3493 1808 3539 tu
1835 3499 1948 3540 me-

366 3575 472 3631 lius
519 3578 688 3644 nosti,
732 3593 857 3633 cum
928 3579 983 3634 in
1036 3577 1346 3634 difﬁcillimo
1418 3579 1537 3633 loco
1596 3593 1945 3647 conversaris,

365 3675 591 3738 propter
641 3684 829 3724 curam
869 3671 1045 3742 gregis
1096 3671 1381 3736 Dominici,
1430 3685 1498 3726 ne
1538 3672 1586 3726 ei
1639 3673 1946 3729 necessaria

366 3760 564 3824 desint,
601 3769 810 3815 tantum
839 3770 1129 3831 occupatus
1158 3762 1280 3827 sim,
1308 3769 1366 3816 ut
1401 3778 1503 3817 nec
1550 3762 1780 3820 aliorum
1801 3765 1945 3821 dicta

364 3852 664 3924 perlegere,
695 3866 796 3907 nec
817 3852 1035 3924 propria
1063 3853 1370 3922 excogitare
1397 3853 1579 3908 liceat.
1613 3871 1634 3906 ι

970 3965 1196 4022 CAPUT
1234 3965 1343 4022 VII.

511 4037 786 4093 Scribendi
815 4038 1065 4102 studium,
1111 4037 1396 4092 reverentia
1435 4053 1561 4108 erga
1589 4034 1800 4092 Patres.

437 4129 526 4185 52.
558 4130 764 4186 Tantus
791 4140 909 4186 erat
937 4130 1052 4200 ejus
1103 4146 1256 4186 amor
1291 4131 1345 4185 in
1375 4129 1607 4197 litteras,
1636 4140 1696 4186 ut
1723 4147 1845 4186 eum
1876 4132 1945 4186 ab

367 4211 641 4276 scribendi
671 4222 848 4277 studio
876 4238 982 4277 non
1011 4223 1236 4278 docendi
1273 4222 1426 4278 labor
1450 4232 1504 4278 et
1532 4224 1657 4278 vitae
1683 4223 1946 4295 regularis

366 4311 562 4377 ofﬁcia,
591 4326 699 4366 non
733 4313 899 4367 varia:
926 4313 1333 4382 occupationes,
1362 4329 1470 4368 non
1506 4313 1737 4383 denique
1773 4313 1944 4369 morbi

367 4411 705 4458 revocarent.
746 4401 946 4458 Facilis
975 4405 1174 4474 quippe
1202 4404 1500 4459 amicorum
1538 4419 1730 4474 parere
1755 4404 1945 4459 volun-

367 4491 486 4558 tati,
519 4491 573 4546 id
600 4507 764 4546 unum
795 4493 1040 4558 curabat,
1084 4501 1144 4547 ut
1175 4492 1375 4548 Christi
1405 4493 1662 4551 Ecclesim
1692 4494 1945 4550 aliorum-

366 4598 473 4651 que
499 4582 656 4638 saluti
682 4585 938 4654 prodesse
962 4592 1164 4654 posset.
1193 4584 1307 4641 Hoc
1333 4587 1528 4656 probat
1561 4587 1678 4657 ejus
1699 4586 1941 4658 praefatio

365 4673 422 4726 in
465 4671 656 4727 librum
695 4673 976 4740 Judicum,
1017 4673 1315 4729 Humberto
1339 4675 1790 4747 Wirtziburgensi
1829 4677 1940 4748 epi-

363 4779 530 4836 scopo
555 4766 834 4836 inscripta,
867 4765 1020 4834 cujus
1049 4768 1166 4821 haec
1202 4767 1366 4821 verba
1396 4785 1408 4819 :
1441 4786 1458 4817 (
1491 4767 1658 4837 igitur
1689 4769 1813 4837 quia
1840 4784 1937 4838 pa-

364 4858 594 4913 ternitas
632 4867 721 4913 tua
762 4875 793 4914 a
838 4870 1025 4915 nostra
1073 4859 1366 4931 exiguitate
1409 4862 1474 4916 ad
1501 4863 1602 4917 hoc
1639 4862 1942 4932 aliquantu-

362 4948 476 5002 lum
518 4949 738 5020 dignata
764 4963 850 5006 est
877 4965 1121 5021 quaerere
1148 4952 1428 5018 solatium;
1456 4961 1679 5024 propter
1700 4970 1938 5010 amorem

363 5040 459 5093 Dei
497 5047 553 5093 et
592 5050 830 5095 vestram
875 5043 1038 5096 etiam
1091 5043 1348 5098 humilem
1396 5046 1450 5098 in
1480 5060 1544 5100 co
1564 5046 1936 5113 dilectionem,

364 5131 626 5186 humilem
663 5133 717 5186 in
748 5133 848 5187 hoc
877 5148 1040 5203 opere
1063 5132 1318 5204 proﬁteor
1346 5149 1433 5188 me
1464 5135 1619 5189 vobis
1659 5151 1778 5191 esse
1803 5136 1937 5191 velle

363 5222 704 5290 servitorem,
755 5233 811 5279 et
837 5225 964 5280 boni
1012 5225 1198 5290 studii,
1250 5235 1509 5295 quantum
1547 5226 1728 5280 divina
1763 5228 1936 5298 gratia

365 5319 638 5385 annuerit,
668 5319 989 5374 benevolum
1019 5318 1336 5388 adjutorem.
1377 5339 1395 5372 ι
1427 5319 1494 5374 Et
1532 5320 1585 5374 in
1613 5320 1840 5389 epistola
1870 5322 1936 5376 ad

365 5399 694 5464 Ludovicum
724 5425 907 5479 regem
937 5410 1092 5466 initio
1129 5408 1650 5464 Commentariorum
1687 5411 1742 5464 in
1771 5410 1935 5465 libros

366 5497 797 5554 Machabaaorum
831 5516 846 5553 :
885 5519 903 5551 ‹
946 5498 1211 5567 Quandiu,
1253 5501 1445 5571 inquit,
1504 5501 1556 5554 in
1586 5501 1688 5557 hoc
1715 5517 1935 5572 corpus-

367 5589 488 5642 culo
531 5590 718 5644 vixero
745 5630 760 5656 ,
797 5589 854 5643 in
891 5588 1091 5644 Christi
1163 5591 1414 5656 servitio,
1471 5600 1631 5661 prout
1684 5592 1938 5662 possibile

368 5679 549 5744 fuerit,
575 5680 820 5735 laborare
845 5681 1129 5736 contendo.
1161 5700 1181 5734 ›
1209 5681 1462 5737 Fuldensi
1489 5683 1780 5738 academiae
1800 5698 1938 5753 prte-

423 5773 468 5865 Ῐιι
498 5795 633 5850 Vide
678 5796 994 5855 Patrolooite
1022 5803 1151 5852 tom.
1195 5794 1328 5865 CIV,
1375 5797 1516 5854 inter
1559 5797 1817 5855 Ludovici
1851 5797 1930 5853 Pii

367 5863 690 5934 Diplomata.

1965 4637 2018 4697 D

2058 2025 2412 2094 detineretur,
2443 2045 2550 2099 qua
2577 2033 2780 2088 servire
2801 2049 2865 2089 ac
2903 2037 3206 2091 necessaria
3228 2037 3514 2106 providere
3543 2037 3628 2092 fa-

2057 2119 2217 2174 mulis
2235 2119 2436 2176 Christi
2459 2123 2558 2176 sub
2580 2123 2784 2195 Regula
2807 2128 2978 2182 sancti
3008 2128 3282 2184 Benedicti
3311 2129 3627 2200 degentibus

2057 2210 2294 2280 quotidie
2324 2213 2754 2282 compelleretur,
2799 2234 2900 2273 nec
2942 2220 3112 2275 otium
3156 2221 3380 2277 haberet
3407 2222 3629 2277 Patrum

2057 2303 2199 2357 dicta
2225 2304 2453 2373 pleniter
2477 2312 2827 2376 perscrutari,
2864 2331 2882 2364 ›
2914 2313 2988 2366 uti
3017 2313 3205 2369 scribit
3231 2314 3284 2369 in
3309 2313 3534 2386 epistola
3561 2317 3630 2372 ad

2054 2392 2367 2450 Freculfum
2417 2397 2804 2457 Lexoviensem
2845 2403 2900 2458 in
2949 2403 3119 2459 Gallia
3160 2405 3489 2475 episcopum,
3541 2406 3627 2461 cui

2056 2486 2222 2542 mittit
2247 2489 2637 2557 expositionem
2667 2508 2816 2547 suam
2846 2494 2899 2548 in
2927 2495 3226 2551 Leviticum
3258 2515 3271 2552 :
3296 2497 3438 2567 quod
3463 2497 3626 2552 etiam

2057 2577 2271 2633 dixerat
2307 2580 2359 2633 in
2399 2581 2624 2651 epistola
2649 2584 2714 2637 ad
2751 2585 3016 2652 eumdem,
3053 2601 3172 2641 cum
3197 2587 3627 2658 explanationem

2057 2668 2112 2722 in
2147 2668 2395 2726 Genesim
2428 2673 2528 2740 ipsi
2560 2673 2772 2728 direxit.
2821 2674 2957 2742 Quid
3010 2675 3285 2746 scripserit
3323 2678 3625 2748 episcopus,

2053 2769 2244 2830 postea
2278 2762 2597 2818 videbimus.
2622 2764 2693 2818 At
2721 2763 2884 2836 (quod
2910 2766 3078 2836 magis
3115 2766 3335 2838 mirere)
3374 2783 3480 2822 non
3507 2783 3628 2823 eum

2054 2852 2120 2907 ab
2147 2854 2250 2910 hoc
2272 2869 2435 2924 opere
2461 2856 2633 2911 morbi
2670 2859 3099 2924 remorabantur,
3123 2861 3383 2929 probante
3404 2860 3629 2930 epistola

2052 2943 2122 2998 ad
2163 2942 2482 3000 Lotharium
2501 2945 2799 3016 Augustum
2826 2946 2881 3002 in
2911 2948 3342 3004 Commentarios
3373 2949 3628 3006 Ezechie-

2050 3033 2158 3090 lis:
2210 3054 2230 3086 ‹
2269 3037 2422 3103 Quod
2451 3051 2599 3102 vero,
2633 3037 2827 3108 inquit,
2874 3039 3033 3095 tertio
3061 3037 3179 3095 loco
3202 3039 3514 3110 postulastis
3561 3040 3629 3095 de

2050 3127 2351 3195 Ezechiele,
2399 3130 2452 3183 in
2502 3131 2753 3199 praesenti
2799 3131 3076 3201 opusculo,
3127 3140 3287 3203 prout
3338 3132 3626 3187 inﬁrmitas

2051 3219 2292 3290 corporis
2335 3228 2390 3275 et
2439 3222 2673 3291 parvitas
2726 3222 2925 3294 ingenii
2980 3223 3132 3288 sinit,
3182 3222 3484 3278 confectum
3532 3223 3630 3276 ba-

2050 3311 2212 3367 betis.
2246 3331 2264 3364 )
2296 3312 2363 3365 Ει
2387 3313 2439 3366 in
2469 3312 2787 3382 praefatione
2827 3313 2988 3367 libelli
3031 3315 3098 3368 de
3137 3314 3306 3369 sacris
3338 3312 3628 3369 Ordinibus

2054 3403 2119 3456 ad
2143 3403 2528 3458 Thcotmarum
2556 3404 2631 3457 ita
2659 3403 2897 3472 loquitur
2921 3422 2933 3456 :
2965 3423 2984 3454 ‹
3020 3403 3158 3470 Quia
3185 3403 3291 3457 mei
3320 3412 3629 3474 cooperato-

2052 3507 2167 3547 rem
2195 3494 2249 3546 in
2291 3508 2444 3548 sacro
2493 3493 2795 3548 ministerio
2843 3493 2998 3563 elegi,
3037 3494 3226 3549 hortor
3255 3503 3313 3548 ut
3357 3495 3498 3564 quod
3526 3508 3625 3566 pro

2049 3581 2365 3639 inﬁrmitate
2417 3584 2660 3654 corporis
2708 3599 2890 3640 coram
2962 3585 3148 3640 multis
3197 3600 3467 3656 exponere
3517 3600 3624 3641 non

2048 3688 2287 3744 possum,
2313 3681 2392 3740 tu,
2433 3675 2523 3743 qui
2545 3672 2729 3741 junior
2762 3680 2920 3729 aetate
2940 3682 2994 3728 et
3019 3675 3246 3730 validior
3273 3691 3330 3732 es
3371 3691 3620 3745 corpore,

2049 3763 2156 3818 illis
2176 3764 2264 3833 qui
2284 3764 2350 3818 ad
2368 3764 2726 3818 sacerdotium
2752 3763 2983 3819 ordinati
3006 3773 3150 3831 sunt,
3181 3773 3235 3819 et
3261 3765 3621 3821 ministerium

2049 3853 2380 3909 sacerdotale
2423 3869 2581 3924 agere
2613 3855 2825 3921 debent,
2869 3862 3053 3907 notum
3090 3853 3275 3918 facias,
3320 3863 3374 3909 et
3397 3855 3477 3909 eis
3501 3871 3626 3925 per-

2047 3945 2298 4011 suadeas,
2328 3945 2436 4000 imo
2456 3945 2667 4014 jubeas,
2716 3953 2776 3998 ut
2813 3944 3094 4014 diligenter
3123 3944 3352 4011 discant,
3388 3946 3530 4016 quod
3560 3947 3615 4001 in

2046 4038 2151 4092 hoc
2191 4037 2446 4108 cpusculo
2482 4037 2840 4108 conscriptum
2895 4043 2995 4092 est.
3037 4057 3057 4091 ι
3099 4037 3341 4109 Denique
3377 4039 3433 4094 in
3482 4055 3621 4109 prae-

2053 4128 2257 4184 fatione
2340 4145 2501 4200 super
2555 4129 2847 4185 Jeremiam
2909 4147 2923 4184 :
2985 4149 3004 4183 ‹
3064 4130 3231 4186 Gravi
3302 4132 3620 4204 aegritudine

2044 4233 2282 4288 pressus,
2336 4217 2448 4287 jam
2481 4221 2674 4291 saepius
2718 4221 2774 4276 in
2812 4221 3012 4277 lectulo
3057 4224 3316 4278 accumbo
3360 4239 3522 4294 quam
3553 4223 3621 4278 ad
3722 4277 3723 4282 η

2047 4311 2388 4366 scribendum
2415 4311 2499 4367 vel
2530 4314 2596 4366 ad
2620 4312 2902 4383 legendum
2933 4313 2988 4367 in
3013 4315 3352 4370 meditatorio
3388 4317 3566 4371 sedeo.
3592 4337 3611 4370 ι

2115 4402 2204 4457 55.
2236 4402 2446 4470 Quanta
2475 4402 2641 4458 fuerit
2685 4402 2800 4473 ejus
2834 4405 3178 4460 observantia
3231 4421 3357 4475 erga
3403 4415 3620 4462 sanctos

2044 4494 2232 4550 Patres
2261 4496 2456 4550 docent
2492 4510 2655 4565 opera
2683 4494 2797 4564 ejus
2822 4496 3022 4562 omnia,
3059 4513 3178 4566 quae
3201 4497 3314 4567 ipse
3342 4513 3409 4553 ex
3434 4513 3619 4558 eorum

2045 4587 2324 4643 sententiis
2353 4587 2646 4652 contexuit,
2683 4587 2942 4658 appositis
2979 4587 3047 4643 ad
3074 4590 3372 4660 marginem
3395 4592 3623 4647 nomini-

2043 4679 2142 4734 bus
2171 4698 2183 4733 :
2216 4699 2236 4731 ‹
2278 4696 2346 4735 ne
2374 4679 2637 4747 majorum
2676 4680 2816 4734 dicta
2844 4678 3035 4744 furari,
3079 4689 3133 4735 et
3161 4682 3275 4735 haec
3313 4683 3467 4750 quasi
3498 4699 3616 4739 mea

2040 4771 2256 4839 proliria
2313 4783 2637 4838 componere
2693 4769 2862 4832 dicar,
2906 4787 2926 4820 ι
2980 4768 3056 4828 ait
3103 4769 3158 4823 in
3194 4768 3506 4839 praefatione
3551 4773 3618 4826 ad

2041 4861 2277 4915 Matthtei
2327 4860 2693 4930 Evangelium.
2753 4857 2810 4912 Id
2862 4866 3042 4914 autem
3085 4859 3160 4914 ita
3209 4863 3518 4930 prmstabat,
3561 4872 3619 4917 ut

2043 4934 2238 5008 ibidem
2260 4951 2374 5022 ipse
2391 4951 2540 5015 dicit,
2567 4951 2620 5004 in
2649 4950 2986 5004 commodum
3011 4949 3238 5006 aliorum
3265 4968 3278 5004 :
3310 4969 3328 5001 ‹
3363 4961 3420 5005 ιιι
3447 4951 3617 5007 lector

2039 5044 2400 5116 pauperculus
2428 5043 2520 5113 qui
2546 5042 2803 5097 librorum
2828 5042 3037 5110 copiam
3058 5058 3165 5096 non
3195 5041 3373 5106 habet,
3405 5051 3498 5097 aut
3526 5043 3613 5098 cui

2043 5139 2097 5192 in
2125 5137 2369 5206 pluribus
2399 5136 2628 5190 scrutari
2662 5134 2955 5205 profundos
3001 5150 3192 5189 sensus
3241 5133 3464 5191 Patrum
3507 5153 3613 5192 non

2040 5228 2186 5292 licet,
2241 5227 2431 5283 saltem
2471 5227 2524 5281 in
2568 5227 2674 5281 isto
2714 5226 3089 5282 sufficientiam
3142 5242 3253 5281 sua:
3303 5227 3612 5298 indigentiae

2042 5318 2300 5373 inveniat.
2334 5337 2352 5370 ›
2386 5316 2536 5382 Quod
2565 5317 2768 5385 optimo
2797 5315 3022 5371 consilio
3043 5314 3244 5372 factum
3271 5319 3339 5374 ab
3367 5333 3431 5374 eo
3453 5335 3611 5376 nemo

2041 5410 2336 5481 negaverit,
2364 5409 2454 5477 qui
2479 5407 2737 5463 librorum
2763 5407 3062 5470 raritatem,
3088 5409 3262 5478 qualis
3285 5424 3350 5464 eo
3371 5419 3611 5479 tempore

2042 5510 2179 5568 erat,
2207 5500 2589 5556 considerabit.
2616 5499 2752 5554 Nam
2780 5506 2930 5554 extra
2962 5502 3286 5556 monasteria
3313 5502 3470 5556 nullae
3497 5501 3610 5556 fere

2042 5593 2377 5648 bibliotheca:
2401 5591 2756 5656 habebantur,
2787 5603 2856 5644 ne
2894 5592 3107 5661 quidem
3136 5594 3190 5646 in
3217 5594 3610 5648 cathedralibus

2039 5684 2310 5755 plerisque
2345 5683 2608 5746 ecclesiis,
2660 5689 2721 5735 ut
2767 5681 2833 5737 dc
2883 5697 2978 5737 sua
3030 5683 3346 5739 choviensi
3380 5691 3610 5737 testatur

2039 5875 2061 5921 ι
2113 5797 2140 5836 ι»
2184 5795 2320 5921 Vlide
2357 5792 2673 5862 Patrologiae
2717 5800 2847 5849 tom.
2899 5793 3009 5859 XC,
3069 5792 3203 5863 Opp.
3266 5794 3399 5848 Ven.
3449 5791 3606 5846 Beda!

2063 5881 2171 5920 om.
2235 5906 2248 5920 .

2063 5881 2171 5920 om.
2209 5881 2248 5920 Ι.
