4016 6492
394 429 467 488 ῃ
765 389 768 392 ’
1530 422 1623 477 AD
1657 416 1883 478 orans
1922 412 1973 470 ιι

2076 412 2280 471 ABANI
2316 413 2537 473 MAURI
3578 415 3660 483 18

393 528 677 607 Freculfus
702 545 757 604 in
779 542 1007 618 epistola
1033 538 1100 601 ad
1118 538 1420 608 Rabanum,
1448 555 1478 595 a
1507 556 1614 612 quo
1636 540 1793 613 petiit
1813 536 1973 594 Com-
1997 535 2046 595 Α
2144 531 2232 586 55.
2262 531 2535 587 Adversus
2564 536 2778 586 merum
2817 529 3181 588 relaxationel
3230 532 3449 604 scripsit
3478 533 3661 593 homi-

398 639 691 696 tnentarios
728 639 782 695 in
805 636 1228 695 Pentateucbum
1257 642 1542 691 contextus
1586 648 1654 689 ex
1678 633 1837 688 dictis
1865 631 1973 687 Pa-

398 739 539 788 trum
575 752 590 787 :
646 750 665 784 ‹
702 730 843 802 Ergo
870 730 917 786 si
966 729 1174 800 aliquas
1219 726 1586 784 excusationis
1640 723 1975 796 prmtendere

399 823 689 880 tentavcris
735 822 1066 887 occasiones,
1115 837 1183 875 ne
1231 826 1391 874 tantae
1426 819 1586 874 molis
1626 834 1763 890 Opus
1791 818 1975 889 ingen-

399 917 575 986 tisque
619 915 820 970 laboris
851 913 1082 979 subeas;
1118 920 1172 967 et
1221 913 1552 982 respondere
1604 912 1753 967 nisus
1809 911 1976 969 fueris

399 1023 498 1065 cur
526 1024 633 1064 non
662 1008 883 1079 proprio
912 1006 1106 1061 sudore
1133 1020 1227 1061 eos
1254 1005 1481 1076 legendo
1506 1005 1777 1076 perlustro
1805 1003 1977 1061 libros

396 1116 464 1156 ex
490 1102 684 1171 quibus
712 1100 826 1154 haec
856 1096 970 1153 ﬁeri
997 1098 1219 1163 mando,
1251 1105 1305 1152 et
1333 1113 1558 1168 qumque
1588 1097 1846 1153 libuerint
1878 1098 1975 1153 de-

396 1190 662 1260 cerpendo
707 1188 978 1260 colligam,
1030 1189 1099 1243 ad
1138 1188 1253 1243 hzee
1303 1196 1498 1242 vestrae
1527 1187 1808 1243 charitatis
1835 1186 1974 1257 vigi-

394 1280 560 1335 lahtia
588 1280 833 1336 intendat
861 1279 1116 1350 quoniam
1141 1279 1285 1333 nulla
1309 1279 1463 1333 nobis
1490 1279 1749 1333 librorum
1782 1279 1936 1350 copia
1958 1320 1973 1346 ,

391 1380 451 1425 ut
481 1372 592 1426 haec
624 1372 801 1426 facere
826 1371 1117 1441 possimus,
1167 1370 1494 1440 suppeditat,
1533 1370 1747 1425 etiamsi
1794 1371 1977 1442 parvi-

392 1468 478 1515 tas
528 1462 705 1517 obtusi
753 1476 941 1515 sensus
981 1462 1150 1516 nostri
1181 1461 1387 1531 vigeret
1416 1476 1430 1515 :
1457 1463 1583 1517 dum
1612 1463 1665 1517 in
1703 1463 1974 1534 episc0pio

392 1558 596 1605 nostrae
617 1551 867 1621 parvitati
892 1552 1181 1607 commisso
1204 1568 1302 1608 nec
1331 1553 1475 1627 ipsos
1497 1552 1630 1608 Novi
1656 1554 1976 1625 Veterisque

393 1641 725 1697 Testameuti
763 1643 1057 1699 canonicos
1110 1645 1288 1714 reperi
1336 1645 1522 1710 libros,
1581 1647 1749 1701 multo
1797 1649 1975 1705 minus

392 1748 580 1789 eorum
610 1737 994 1806 expositiones.
1033 1758 1052 1791 ›
1084 1737 1151 1792 Et
1191 1739 1236 1793 si
1260 1755 1388 1794 vero
1414 1739 1681 1795 laudanda
1715 1750 1833 1796 erat
1860 1758 1975 1798 mo—

391 1827 563 1882 destia
611 1828 841 1894 Rabani,
871 1828 1090 1884 Patrum
1132 1846 1289 1885 sensa
1333 1829 1446 1886 suis
1469 1831 1824 1902 praeferentis,
1865 1848 1972 1889 non

2074 622 2177 678 lias
2198 622 2390 693 plures,
2421 639 2557 694 quas
2581 623 2778 693 populo
2806 623 3108 679 recitandas
3131 622 3399 679 dedicavit
3420 624 3660 684 11³181111-

2075 717 2132 774 fo
2161 718 2568 791 archiepiscopo
2595 719 2931 791 Moguntina,
2960 720 3014 774 in
3043 721 3240 793 quibus
3267 729 3443 778 exstat
3477 725 3660 782 homi-

2075 809 2172 879 Ila,
2198 812 2395 868 Contra
2421 830 2508 868 eos
2533 813 2623 885 qui
2639 814 2694 868 in
2720 813 2860 868 luna!
2880 813 3084 884 defectu
3107 814 3421 871 clamoribus
3446 834 3502 873 se
3525 819 3655 889 [ati-

2075 904 2302 976 gabant;
2335 904 2460 972 alia,
2502 903 2699 961 Contra
2751 907 3035 979 paganicos
3067 923 3288 976 errores,
3320 926 3452 981 quos
3492 911 3658 985 aliqui

2076 997 2143 1051 de
2163 997 2380 1053 rudibus
2407 996 2719 1054 Christianis
2746 1000 3123 1071 sequebantur;
3146 1000 3277 1056 item
3300 1002 3425 1069 alia,
3457 1004 3522 1057 de
3543 1004 3659 1058 Μο-

2078 1089 2222 1143 ribus
2261 1089 2515 1144 bonorum
2568 1099 2619 1145 et
2668 1089 2930 1145 malorum
2980 1090 3422 1148 Christianorum.
3472 1094 3659 1167 Neque

2078 1186 2287 1235 tantum
2329 1180 2555 1250 plebeiis
2607 1181 2917 1236 hominibus
2965 1183 3202 1238 salubria
3253 1184 3414 1239 dabat
3453 1187 3659 1241 munita

2076 1286 2175 1342 pro
2205 1273 2540 1328 correctione
2576 1289 2810 1341 morum,
2844 1275 2939 1330 sed
2972 1276 3137 1331 etiam
3186 1278 3405 1349 regibus
3450 1286 3506 1335 et
3534 1280 3663 1349 'epi-

2078 1362 2255 1432 scopis
2290 1381 2304 1417 :
2337 1364 2551 1432 regibus
2578 1364 2815 1435 quidem,
2851 1374 2963 1420 tum
3000 1366 3053 1420 in
3085 1364 3222 1421 libro
3250 1367 3313 1421 de
3347 1365 3661 1424 Reverentia
3746 1439 3756 1448 .

2076 1452 2310 1522 ﬁliorum
2338 1471 2461 1526 erga
2497 1465 2671 1525 patres
2716 1456 2769 1511 in
2799 1472 2963 1513 causa
3007 1459 3360 1528 depositionis
3404 1459 3660 1516 Ludovici

2077 1543 2324 1616 Augusti,
2343 1554 2458 1601 tum
2487 1547 2540 1602 in
2562 1549 2879 1618 provinciali
2908 1553 3112 1622 synodo
3140 1551 3469 1625 Moguntina,
3496 1569 3659 1623 quam

2077 1650 2218 1691 anno
2259 1654 2370 1694 sua:
2409 1638 2769 1697 ordinationis
2796 1643 2972 1712 primo
3017 1644 3328 1700 celebravit.
3363 1645 3663 1717 Episcopos

2078 1728 2308 1801 denique
2330 1742 2536 1800 monet,
2570 1743 2629 1789 ut
2664 1752 2733 1791 ne
2761 1736 2882 1807 plus
2906 1748 3103 1793 vacent
3128 1737 3435 1795 forensibus
3459 1741 3661 1808 causis,

2076 1838 2238 1896 quam
2262 1828 2432 1881 sacris
2460 1828 2834 1894 concionibus,
2881 1830 2934 1884 in
2963 1831 3186 1900 epistola
3236 1831 3520 1887 Hemmoni
3549 1831 3662 1903 epi-

390 1917 609 1973 defuere
640 1927 821 1974 tamen
853 1921 945 1990 qui
975 1922 1077 1976 hoc
1108 1921 1161 1975 in
1192 1939 1258 1977 eo
1285 1924 1764 1994 reprehenderent,
1799 1926 1882 1981 uti
1908 1926 1973 1982 de
2002 1932 2051 1992 B
2079 1931 2245 1987 θεοΡο
2269 1918 2485 1989 scripta)
2518 1919 2675 1974 Ῐηίίίο
2706 1920 2968 1975 “brorum
3005 1921 3068 1974 άε
3106 1920 3356 1978 universo
3380 1939 3399 1978 ἔ
3438 1943 3456 1975 ι
3493 1922 3661 1979 Μυίιο

389 2010 476 2065 his
506 2012 862 2082 conqueritur
893 2013 945 2067 in
996 2015 1315 2085 praefatione
1343 2032 1505 2087 super
1534 2016 1873 2073 Ezechielem
1907 2020 1974 2075 ad

338 2162 341 2163 ν
389 2100 707 2157 Lotharium
739 2103 1123 2173 imperatorem
1167 2123 1183 2160 :
1230 2123 1250 2157 ‹
1283 2104 1393 2161 Nec
1430 2108 1595 2161 etiam
1640 2108 1769 2163 illud
1812 2110 1974 2166 silen-

393 2194 519 2249 dum
551 2195 808 2262 arbitror,
831 2197 975 2265 quod
996 2198 1317 2267 quihusdam
1337 2199 1685 2257 narrantibus
1706 2203 1971 2273 comperi,

393 2286 657 2355 quosdam
691 2288 887 2343 sciolos
914 2304 1000 2344 me
1028 2290 1081 2344 in
1108 2292 1210 2346 hoc
1247 2292 1583 2363 vituperasse
1610 2295 1753 2363 quod
1792 2310 1974 2351 excer-

389 2378 627 2449 ptionem
649 2378 855 2435 faciens
872 2382 937 2436 de
960 2392 1272 2438 sanctorum
1286 2383 1505 2440 Patrum
1528 2387 1765 2458 scriptis,
1783 2403 1973 2443 eorum

390 2470 609 2524 nomina
654 2480 1037 2540 prmnotarem,
1088 2475 1202 2530 sive
1234 2478 1378 2546 quod
1427 2477 1654 2533 aliorum
1692 2480 1973 2536 sententiis

389 2563 561 2633 magis
600 2578 730 2619 usus
759 2579 956 2632 essem,
983 2583 1143 2637 quam
1175 2571 1391 2645 prepria
1435 2573 1742 2629 conderem.
1768 2574 1974 2641 Quibus

340 2686 346 2736 ε
390 2653 459 2708 ad
484 2653 587 2710 hoc
617 2653 772 2711 facile
796 2660 1123 2729 respondere
1150 2677 1392 2731 possum.
1420 2662 1558 2731 Quid
1585 2665 1728 2721 enim
1751 2667 1973 2736 peccavi

342 2730 347 2769 ξ
390 2742 444 2798 in
472 2744 573 2800 hoc
600 2747 743 2816 quod
773 2750 1063 2819 magistros
1114 2752 1372 2808 Ecclesia:
1409 2757 1757 2813 veneratione
1784 2759 1974 2831 dignos

384 2832 715 2907 judicabam,
762 2848 818 2896 et
845 2856 1033 2897 eorum
1065 2846 1383 2913 sententias,
1411 2856 1571 2919 prout
1611 2865 1702 2905 eas
1730 2853 1973 2923 protule-

396 2938 534 2996 rant,
588 2935 905 3003 opportunis
958 2935 1091 2992 locis
1131 2937 1291 2994 simul
1337 2955 1461 2995 cum
1519 2950 1644 2997 nota
1697 2946 1972 3001 nominum

392 3034 579 3077 eorum
611 3024 664 3078 in
693 3026 967 3096 opusculis
991 3030 1126 3084 meis
1148 3030 1613 3105 interposueram?
1638 3035 1805 3107 Magis
1830 3038 1972 3094 enim

390 3114 525 3169 mihi
552 3116 836 3174 videbatur
860 3121 1076 3178 salubre
1103 3138 1242 3189 esse,
1270 3127 1705 3184 uthumilitatem
1724 3146 1972 3199 servans,

391 3216 703 3265 sanctorum
731 3209 953 3268 Patrum
982 3215 1246 3272 doctrinis
1276 3216 1556 3285 inniterer,
1580 3235 1741 3290 quam
1768 3236 1865 3291 per
1892 3236 1974 3274 ar-

2075 2010 2268 2065 melius
2319 2019 2402 2065 est
2453 2012 2596 2067 enim
2635 2010 2886 2067 laborare
2936 2014 3251 2084 episcopum
3307 2015 3360 2069 in
3414 2015 3662 2070 doctrina

2072 2101 2223 2155 verbi
2252 2101 2349 2156 Dei
2374 2104 2443 2157 ob
2477 2103 2705 2158 salutem
2742 2105 3048 2159 animarum
3090 2106 3190 2160 sibi
3220 2107 3657 2176 commissarum,

2074 2209 2235 2266 quam
2275 2195 2329 2250 in
2378 2194 2728 2266 disponendis
2756 2206 2811 2254 et
2853 2197 3172 2255 deﬁniendis
3219 2200 3464 2256 civilibus
3510 2215 3659 2273 quie-

2073 2287 2340 2343 stionibus
2366 2296 2421 2344 et
2446 2288 2611 2344 variis
2650 2290 2930 2349 hominum
2969 2293 3408 2348 contentionibus
3438 2309 3657 2361 vacare,

2074 2377 2166 2455 qui
2196 2385 2418 2451 propter
2448 2388 2718 2435 terrenam
2750 2382 3099 2452 cupiditatem
3131 2383 3275 2436 litem
3304 2390 3359 2437 et
3408 2384 3555 2438 riXas
3585 2384 3663 2439 in-

2073 2480 2353 2528 cessanter
2382 2460 2622 2541 movent,
2656 2482 2710 2530 et
2730 2476 3101 2549 unusquisque
3127 2476 3179 2531 in
3205 2476 3289 2532 his
3318 2475 3549 2531 alterum
3574 2493 3665 2533 su-

2071 2583 2269 2639 perare
2330 2570 2628 2625 contendit.
2697 2570 2977 2642 Nusquam
3034 2572 3180 2627 enim
3241 2571 3296 2625 in
3362 2569 3662 2642 Scripturis

2074 2659 2244 2714 sacris
2284 2658 2483 2732 legitur
2524 2660 2641 2732 ipse
2688 2660 2938 2717 Salvator
2989 2671 3084 2717 aut
3109 2661 3359 2732 discipuli
3402 2661 3518 2731 ejus
3561 2662 3664 2717 hoc

2073 2755 2248 2826 egisse
2277 2754 2392 2811 sive
2414 2755 2727 2811 docuisse...
2756 2755 2883 2812 Haec
2920 2773 3043 2813 cum
3080 2757 3414 2825 scribantur,
3454 2756 3527 2812 mi
3570 2755 3663 2811 do-

2076 2845 2244 2909 mine,
2274 2845 2398 2901 nolo
2428 2853 2488 2900 ut
2512 2847 2751 2902 aestimes
2777 2863 2862 2902 me
2887 2863 3082 2903 novam
3112 2847 3284 2919 legem
3311 2849 3525 2904 vivendi
3566 2848 3662 2904 tibi

2074 2936 2428 3001 constituere,
2469 2936 2564 2993 sed
2618 2937 2748 2992 olim
2804 2938 2989 2993 aviris
3038 2937 3242 2993 sanctis
3280 2938 3547 3011 prolatam
3594 2938 3663 2993 ob

2075 3030 2647 3087 commemorationem
2694 3030 2931 3087 breviter
2972 3045 3417 3087 commemorare.
3457 3051 3475 3084 ι
3512 3030 3578 3087 Ει
3607 3030 3659 3084 ἰιι

2077 3120 2302 3192 cpistola
2347 3121 2413 3175 de
2458 3121 2864 3193 chorepiscopis
2910 3121 2976 3177 ad
3017 3121 3320 3192 Dragoncm
3351 3121 3662 3195 episcopum

2077 3212 2371 3269 Metenscm
2400 3215 2574 3286 carpit
2611 3215 2972 3272 occidentales
3010 3231 3105 3271 seu
3128 3215 3434 3271 Gallicanos
3457 3214 3664 3285 episcoc

390 3304 712 3374 rogantiam,
749 3305 903 3377 quasi
932 3308 1207 3380 propriam
1244 3308 1459 3367 laudem
1507 3312 1817 3383 quzcrendo,
1851 3326 1971 3368 mea
1998 3317 2044 3381 α
2074 3320 2191 3378 pos,
2225 3305 2315 3376 qui
2357 3305 2774 3377 chorepiscopos
2813 3322 2843 3360 a
2887 3314 3159 3377 potestate
3192 3307 3475 3365 ordinandi
3506 3322 3661 3377 pres-

388 3391 701 3451 indecenter
724 3397 1093 3469 proferrem...
1136 3400 1215 3456 Illi
1256 3403 1347 3473 qui
1382 3419 1440 3459 se
1465 3403 1671 3459 laudari
1701 3416 1971 3479 quaerunt,

393 3494 448 3542 et
477 3488 544 3543 ab
573 3490 884 3548 hominibus
908 3493 1078 3551 videri
1106 3504 1383 3569 appetunt,
1407 3497 1610 3553 dictent
1627 3499 1710 3555 vel
1735 3501 1973 3559 scribant

389 3578 651 3649 quidquid
682 3581 972 3651 voluerint,
1016 3592 1070 3640 et
1100 3584 1405 3642 laudatores
1434 3603 1558 3643 suos
1598 3598 1758 3661 atque
1790 3592 1975 3647 adula-

390 3672 538 3723 tores
569 3670 923 3741 undecunque
970 3675 1205 3743 possint,
1237 3676 1337 3732 sibi
1366 3679 1668 3748 acquirunt.
1719 3679 1846 3735 Mihi
1878 3698 1975 3738 au-

390 3763 499 3812 tem
531 3760 809 3816 adlimrere
843 3762 952 3818 Deo
1000 3766 1145 3821 omni
1176 3774 1419 3839 tempore
1445 3770 1568 3824 vitae
1607 3787 1739 3826 mea:
1772 3773 1973 3830 bonum

388 3857 496 3917 est,
552 3859 606 3905 et
656 3868 856 3921 ponere
903 3855 959 3912 in
1020 3856 1247 3914 Domino
1300 3859 1410 3915 Deo
1466 3877 1618 3932 spem
1662 3880 1859 3931 meam,
1917 3876 1974 3925 ut

391 3943 702 3997 annuntiem
732 3961 919 4002 omnes
942 3947 1128 4004 laudes
1156 3948 1270 4019 ejus
1294 3951 1347 4006 in
1370 3955 1541 4024 portis
1582 3955 1706 4012 ﬁliae
1735 3955 1887 4026 Sion,
1918 3960 1973 4019 in

390 4033 497 4091 illis
545 4037 793 4094 videlicet
837 4042 1010 4114 portis
1048 4044 1112 4099 de
1137 4047 1331 4115 quibus
1362 4050 1621 4119 scriptum
1663 4061 1746 4109 est
1776 4071 1789 4109 :
1824 4054 1974 4113 Beati

392 4127 482 4199 qui
507 4130 775 4189 ambulant
807 4134 861 4186 in
900 4138 1101 4192 semitis
1142 4139 1278 4207 vim,
1303 4152 1350 4194 et
1380 4159 1471 4213 per
1495 4154 1675 4215 portas
1709 4148 1972 4211 introeunt

392 4218 447 4271 in
480 4220 758 4276 civitatem.
818 4245 835 4276 ι
877 4225 1093 4283 Utinam
1144 4232 1237 4301 qui
1287 4249 1457 4291 novos
1505 4238 1743 4293 condunt
1782 4240 1971 4309 libros,

393 4326 492 4381 per
520 4315 737 4369 easdem
789 4320 1010 4377 semitas
1048 4322 1298 4385 incedant
1326 4326 1408 4399 (ut
1440 4339 1587 4385 certe
1626 4333 1784 4388 modo
1831 4334 1975 4391 ince-

394 4403 527 4460 dunt
576 4408 770 4482 multi),
817 4420 872 4465 et
900 4430 1003 4468 non
1041 4430 1137 4485 per
1166 4418 1280 4473 vias
1309 4418 1591 4478 intricatas
1638 4424 1973 4483 adinventioo

396 4512 524 4551 num
552 4498 909 4558 humanarum
951 4514 1005 4565 et
1035 4508 1353 4579 novitatum,
1385 4512 1580 4582 quibus
1609 4515 1742 4575 nihil
1766 4517 1819 4573 in
1842 4517 1971 4577 reliv

396 4587 553 4658 gione
577 4593 934 4663 perniciosius
958 4598 970 4650 ε

972 4712 1202 4771 CAPUT
1242 4716 1376 4774 VIII.

394 4796 552 4853 Zelus
593 4818 687 4871 pro
727 4802 833 4870 fide
857 4813 906 4861 et
931 4808 1354 4931 prolinteglritate
1378 4828 1609 4878 morum,
1650 4814 1972 4881 auctoritas,

1056 4896 1182 4931 tumi
1210 4893 1330 4931 itas.

1056 4893 1330 4935 tummtas.

466 4959 551 5017 54.
582 4963 789 5025 Bahani
818 4966 991 5025 zelum
1017 4985 1116 5041 pro
1142 4970 1451 5029 Christiana
1483 4972 1741 5044 religione
1778 4975 1975 5047 proba-

396 5060 479 5107 ret
504 5053 556 5107 in
579 5055 769 5124 primis
797 5057 1022 5130 epistola
1051 5069 1237 5116 contra
1258 5060 1473 5119 Judzeos
1492 5064 1594 5121 sub
1610 5064 1726 5135 ejus
1754 5065 1973 5123 nomine

398 5158 431 5197 a
477 5142 747 5203 Chiilletio
792 5150 956 5207 edita.
1011 5154 1082 5207 At
1138 5168 1263 5208 cum
1316 5146 1662 5211 verisimilius
1718 5156 1788 5213 sit
1826 5156 1970 5215 illam

397 5233 674 5292 Amolonis
716 5237 882 5301 fetum
906 5258 1045 5308 esse,
1089 5244 1163 5298 uti
1188 5254 1373 5314 postea
1406 5246 1777 5310 ostendemus,
1818 5245 1974 5315 juvat

398 5329 578 5397 potius
607 5331 657 5385 in
693 5330 849 5402 hujus
873 5333 972 5388 zeli
1017 5342 1393 5407 argumentum
1434 5337 1678 5408 proferre
1708 5338 1973 5410 Martyro-

398 5420 597 5491 logium
642 5421 711 5477 ab
734 5423 848 5493 ipso
876 5426 1077 5481 editum
1104 5428 1169 5483 de
1198 5428 1401 5483 sanctis
1432 5430 1521 5498 qui
1558 5430 1853 5493 Ecclesium
1894 5430 1973 5487 fa-

400 5513 502 5568 ctis
528 5522 587 5568 ut
627 5516 878 5586 passione
920 5532 1014 5574 sua
1057 5516 1414 5573 illustrarunt.
1448 5519 1502 5575 ld
1532 5521 1708 5594 ipsum
1744 5524 1975 5594 probant

397 5603 580 5660 omnia
626 5605 742 5674 ejus
772 5607 1007 5663 auctoris
1049 5607 1276 5676 scripta,
1310 5624 1429 5680 quae
1455 5611 1720 5669 sinceram
1752 5614 1972 5673 Patrum

399 5695 697 5752 doctrinam
727 5714 791 5753 ac
818 5698 1103 5769 genuinam
1126 5699 1381 5767 pietatem
1412 5703 1642 5777 spirant,
1667 5714 1719 5757 et
1743 5705 1976 5763 maxime

401 5787 617 5842 decreta
656 5788 725 5842 ab
751 5790 865 5857 ipso
913 5789 1117 5843 sancita
1160 5790 1327 5846 variis
1358 5792 1409 5848 in
1452 5795 1671 5865 synodis
1705 5810 1838 5866 quas
1879 5810 1979 5870 pro

403 5879 789 5940 ecclesiasticis
817 5879 978 5936 rebus
1004 5879 1315 5939 celebravit.

2076 3396 2296 3467 bytcros
2332 3404 2387 3450 et
2429 3396 2687 3453 diaconos
2734 3397 2984 3454 exclusos
3025 3400 3297 3455 volebant.
3348 3417 3367 3450 ι
3429 3398 3667 3455 Grandis

2077 3488 2251 3543 honor
2284 3496 2387 3554 est,
2416 3488 2612 3559 inquit,
2655 3489 2855 3546 Christi
2884 3491 3194 3551 ministrum
3229 3506 3380 3559 esse;
3429 3491 3572 3545 unde
3610 3498 3666 3546 et

2077 3578 2278 3655 grande
2319 3579 2604 3651 prmmium
2639 3580 2775 3635 bene
2827 3581 3225 3637 ministrantem
3281 3581 3550 3655 sequitur,
3588 3581 3665 3635 ita

2076 3652 2138 3723 ut
2160 3685 2280 3727 cum
2325 3668 2545 3727 Christo
2586 3679 2640 3726 et
2686 3672 2891 3726 sanctis
2945 3674 3151 3743 angelis
3189 3674 3305 3745 ejus
3350 3652 3403 3726 in
3450 3671 3661 3727 caelesti

2076 3762 2408 3818 beatitudine
2440 3763 2558 3817 sine
2581 3762 2686 3817 line
2712 3762 2941 3816 laetetur.
2969 3762 3144 3833 Atque
3173 3762 3293 3817 ideo
3325 3778 3429 3816 non
3466 3778 3664 3817 conve-

2077 3855 2157 3909 nit
2184 3856 2354 3909 servis
2388 3854 2589 3909 Christi
2619 3854 2948 3909 contendere
2968 3853 3035 3908 de
3056 3853 3389 3909 sublimitate
3412 3853 3658 3921 honoris,

2077 3947 2170 4002 sed
2225 3948 2396 4018 magis
2430 3954 2640 4001 certare
2693 3945 2759 4000 de
2790 3944 3024 4001 utilitate
3064 3961 3210 4001 same
3257 3945 3664 4016 prtedicationis

2076 4048 2133 4095 et
2159 4039 2474 4094 assiduitate
2516 4037 2672 4095 home
2709 4038 3058 4109 Operationis,
3093 4047 3153 4093 ut
3202 4037 3431 4113 populus
3457 4034 3660 4092 Christi

2077 4130 2262 4187 audiat
2310 4147 2374 4185 ex
2422 4146 2517 4186 ore
2544 4146 2735 4189 eorum
2777 4131 3005 4186 verbum
3037 4138 3199 4186 rectae
3228 4129 3373 4196 ﬁdei,
3399 4136 3453 4184 et
3485 4129 3664 4184 videat
3727 4154 3735 4161 -

2077 4223 2131 4280 in
2177 4225 2388 4280 actibus
2438 4240 2625 4280 eorum
2677 4225 2877 4280 bonum
2906 4223 3213 4295 exemplum
3261 4239 3358 4297 per
3391 4222 3665 4277 humilita-

2078 4318 2149 4373 tis
2180 4319 2505 4373 indicium...
2541 4318 2655 4373 Non
2684 4327 2767 4373 est
2787 4318 2932 4373 enim
2954 4332 3167 4388 mquum
3192 4325 3252 4373 ut
3272 4316 3490 4373 collatio
3519 4316 3661 4372 sacri

2077 4414 2284 4471 ordinis
2322 4414 2495 4469 servis
2523 4412 2725 4468 Christi
2751 4412 2846 4466 liat
2869 4426 3034 4467 causa
3056 4410 3308 4465 elationis
3336 4418 3391 4464 et
3428 4418 3662 4465 terrena:

2076 4503 2391 4575 voluptatis,
2423 4503 2549 4575 quia
2577 4517 2677 4557 nec
2708 4502 2760 4556 in
2804 4501 2974 4571 ipsius
3006 4500 3268 4571 Magistri,
3296 4516 3396 4561 nec
3422 4500 3660 4573 discipu-

2077 4595 2249 4652 lorum
2293 4597 2410 4668 ejus
2452 4595 2611 4653 dictis
2650 4595 2765 4653 sive
2813 4593 3075 4669 exemplis
3108 4593 3311 4667 aliquid
3354 4592 3661 4663 hujusmodi

1999 4680 2377 4758 Drcperiunt,
2420 4706 2438 4740 ι
2474 4696 2579 4743 etc.
2631 4686 2767 4741 Cum
2813 4686 3023 4745 Rabani
3081 4685 3349 4741 sententia
3400 4688 3663 4739 consonat

2076 4778 2281 4834 Nicolai
2310 4795 2461 4853 papa:
2497 4778 2518 4834 Ι
2547 4778 2773 4855 epistola
2802 4779 2892 4846 59,
2926 4779 2993 4832 ad
3020 4776 3307 4842 Rodulfum
3346 4776 3663 4851 episcopum

2076 4871 2492 4926 Bituricensem.

2147 4963 2237 5019 56.
2256 4962 2426 5018 Tanta
2449 4964 2501 5018 in
2528 4962 2756 5019 dicendo
2776 4962 2999 5020 libertas
3022 4977 3131 5023 non
3155 4961 3277 5032 ipsi,
3305 4971 3365 5018 ut
3388 4964 3547 5030 solet,
3565 4978 3664 5037 pa-

2076 5053 2233 5110 rabat
2253 5069 2442 5109 eorum
2471 5054 2537 5109 ad
2555 5070 2689 5124 quos
2709 5053 2981 5113 scribebat
2997 5054 3441 5126 indignationem,
3460 5057 3551 5119 sed
3567 5071 3663 5111 au-

2078 5146 2380 5201 ctoritatem
2405 5146 2545 5217 apud
2557 5160 2765 5213 omnes,
2792 5147 2881 5216 qui
2899 5145 3015 5215 ejus
3036 5146 3253 5218 scriptis
3271 5154 3326 5201 et
3350 5147 3568 5205 monitis
3584 5147 3665 5203 in-

2078 5238 2214 5294 strui
2234 5247 2289 5293 et
2304 5238 2578 5293 emendari
2591 5238 2967 5310 pcroptabant.
2995 5238 3252 5310 Exemplo
3277 5248 3359 5295 est
3377 5239 3664 5297 Lotharius

2078 5332 2372 5405 Augustus,
2396 5331 2486 5403 qui
2517 5347 2639 5386 cum
2669 5332 3064 5403 expositionem
3095 5330 3149 5385 in
3180 5331 3374 5393 librum
3409 5331 3570 5389 Josue
3595 5333 3661 5386 ah

2078 5442 2145 5483 eo
2171 5425 2486 5495 accepisset,
2509 5424 2709 5494 gratias
2736 5424 2845 5492 agit
2863 5437 2962 5497 pro
2987 5431 3227 5495 accepto;
3257 5432 3311 5481 et
3334 5424 3530 5491 iterum
3558 5421 3663 5478 alia

2079 5518 2238 5593 petit,
2277 5532 2553 5587 exponens
2599 5516 2890 5575 vehemens
2932 5530 3087 5573 suum
3121 5515 3445 5573 desiderium
3472 5514 3664 5571 crebro

2078 5626 2203 5666 eum
2250 5608 2462 5663 videndi
2492 5615 2546 5662 et
2575 5605 2902 5676 alloquendi,
2926 5615 2986 5667 ut
3011 5615 3159 5678 patet
3188 5607 3240 5661 in
3270 5605 3513 5675 Lotharii
3544 5607 3662 5679 epi-

2080 5703 2216 5763 stola
2249 5701 2400 5756 initio
2423 5699 2807 5759 Commentarii
2830 5699 2882 5753 in
2911 5698 3269 5763 Ezechielem,
3293 5697 3358 5751 ad
3382 5698 3661 5754 Rahanum

2080 5799 2206 5863 post
2262 5788 2548 5843 abbatialis
2595 5788 2875 5858 regiminis
2923 5788 3313 5843 abdicationem
3360 5788 3660 5859 scripta,in

2083 5898 2191 5959 qua
2214 5879 2502 5957 singularis
2534 5894 2659 5936 cum
2691 5894 2756 5937 eo
2784 5878 3170 5935 familiaritatis
3217 5877 3415 5935 indicia
3442 5878 3661 5941 demon-
