4016 6456
401 437 457 491 51
1544 441 1635 496 AD
1673 438 1900 496 OPERA
1933 437 1974 492 Β

2085 435 2288 492 ΑΒΑΝΙ
2324 435 2543 493 MAURI
3573 443 3647 501 32

523 556 778 620 Nunc-ego
799 565 850 610 te
877 571 939 608 ex
964 557 1167 617 tumulo,
1191 556 1342 606 frater
1363 555 1794 620 dilecte,_juvando

585 617 904 671 Commendes
926 621 1109 670 Christo
1135 633 1215 669 me
1241 627 1291 668 ut
1317 621 1539 681 precibus
1561 617 1766 667 Domino

525 682 716 732 Judicis
737 685 908 732 aeterni
928 695 1006 731 me
1029 691 1083 731 ut
1103 683 1257 742 gratia
1275 682 1428 731 salvet
1449 682 1498 729 iu
1524 693 1678 730 aevum
1703 714 1720 739 ,

588 743 694 792 Non
718 746 946 794 meritum
970 747 1210 802 aspiciens
1234 783 1246 801 ,
1273 743 1357 791 sed
1380 743 1574 802 pietatis
1597 754 1738 801 opus.

529 805 692 854 Raban
718 819 895 867 nempe
921 807 1036 854 mihi
1063 818 1270 853 nomen:
1296 803 1545 867 cuilectio
1576 803 1729 853 dulcis

589 867 774 917 Divina:
800 864 923 928 legis
944 880 1142 927 semper
1160 868 1339 927 ubique
1362 864 1468 928 fuit.

527 928 630 990 Cui,
654 930 788 979 Deus
811 927 1138 990 omnipotens,
1162 929 1346 978 tribuas
1368 927 1585 977 scelestia
1600 938 1772 990 Aregna
1797 962 1814 987 ,

587 966 1649 1053 EtVEFJnI'FéZiBiéEYE'eEiHe?{11353315.

471 1113 559 1168 40.
588 1113 714 1182 Ejus
741 1133 758 1165 ι
781 1122 1027 1169 sanctum
1055 1129 1300 1184 corpus,»
1327 1122 1464 1169 teste
1487 1114 1806 1181 Trithemio,
1837 1131 1858 1166 ‹
1877 1127 1975 1169 an-

403 1207 489 1262 nis
524 1207 794 1262 sexcentis
817 1207 1206 1277 quinquaginta
1237 1222 1431 1262 novem
1454 1207 1506 1260 in
1543 1213 1841 1261 memorato
1867 1219 1980 1261 cm-

404 1300 564 1355 nobio
613 1301 787 1354 sancti
841 1300 1098 1370 martyris
1145 1299 1337 1354 Albani
1383 1298 1668 1368 sepultum,
1714 1299 1767 1352 in
1798 1313 1980 1354 sarco-

405 1391 582 1461 phago
627 1391 782 1460 juxta
829 1406 1045 1445 murum
1093 1390 1245 1446 chori
1297 1390 1504 1444 elevato
1551 1390 1867 1459 permansit.
1896 1389 1980 1446 Ad

407 1481 560 1549 cujus
588 1496 804 1552 quoque
840 1482 1107 1536 tumulum
1142 1497 1173 1535 a
1208 1480 1472 1550 principio
1522 1496 1751 1550 magnus
1796 1478 1978 1550 populi

405 1575 506 1629 fuit
538 1591 853 1642 concursus,
883 1583 939 1630 et
966 1575 1121 1645 plura
1167 1583 1459 1630 narrantur
1503 1573 1646 1629 facta
1677 1573 1976 1639 miracula;

402 1667 493 1735 qui
526 1675 705 1721 tamen
735 1680 988 1721 successu
1018 1665 1276 1735 temporis
1314 1664 1535 1720 omnino
1566 1662 1780 1729 defecit,
1810 1670 1866 1718 et
1888 1677 1979 1717 sa-

404 1757 598 1810 cellum
628 1755 743 1824 ejus
774 1756 865 1812 diu
896 1757 1010 1811 sine
1047 1757 1255 1811 honore
1303 1755 1622 1826 permansit.
1677 1754 1826 1809 Unde
1850 1767 1979 1824 pro-

402 1847 639 1900 videntia
679 1835 774 1901 Dei
827 1855 1017 1902 cuncta
1075 1848 1447 1918 gubernantis,
1500 1847 1568 1900 ad
1611 1846 1844 1901 nominis
1895 1844 1978 1900 sui

1995 557 2050 620 Α
2075 566 2204 605 num
2231 559 2288 604 et
2323 549 2592 604 eruditum
2641 549 2815 603 virum
2869 557 3029 620 atque
3055 549 3379 607 catholicum
3436 554 3648 624 episco-

2074 656 2200 710 pum
2231 659 2245 708 ;
2281 661 2299 693 ι
2339 641 2660 697 llincmarus
2688 658 2817 697 vero
2865 643 2916 696 in
2948 645 3205 714 opusculo
3262 655 3451 702 contra
3498 663 3653 706 eum-

2075 733 2197 789 dem
2244 733 2654 802 Gotescalcum,
2689 755 2708 788 ς
2749 735 3031 790 Rabanum
3080 738 3442 794 venerabilem
3472 741 3656 798 archi-

2075 827 2410 898 episcopum,
2452 828 2690 883 zelosum
2723 828 2778 882 in
2813 836 3000 883 sancta
3049 827 3308 900 religione
3333 840 3568 901 patrem,
3597 842 3655 889 et

2076 918 2401 974 catholicum
2461 918 2780 989 scriptorem
2817 938 2836 971 ι
2881 923 3060 974 v'oeat.
3094 919 3356 976 Eumdem
3385 921 3656 980 Frodoar-

2077 1009 2176 1064 dus
2205 1010 2498 1066 eanonicus
2555 1010 2875 1066 Rhemensis
2906 1029 2924 1062 ‹
2958 1010 3176 1065 beatum
3202 1011 3482 1069 Rabanum
3519 1035 3538 1066 ι
3575 1017 3657 1070 di-

2077 1099 2153 1154 cit
2182 1101 2236 1154 in
2263 1101 2357 1156 lib.
2392 1117 2432 1156 n
2485 1100 2738 1156 Historiae
2767 1101 3108 1169 Rhemensis,
3149 1118 3269 1173 cap.
3310 1104 3402 1171 21,
3447 1114 3502 1162 et
3530 1120 3660 1162 sau-

2078 1199 2197 1246 ctus
2245 1191 2398 1248 0dilo
2441 1193 2609 1248 abbas
2663 1192 3033 1250 Cluniacensis
3081 1213 3100 1245 ‹
3135 1196 3381 1252 saeculari
3431 1199 3658 1254 scientia

2079 1285 2282 1340 aﬂ‘atim
2328 1285 2622 1352 eruditum,
2654 1286 2760 1342 fide
2784 1287 3130 1355 catholicum,
3165 1290 3397 1359 spiritali
3427 1292 3660 1348 scientia

2079 1377 2144 1431 ad
2173 1376 2391 1445 plenum
2417 1376 2688 1443 edoctum,
2739 1395 2758 1428 ι
2794 1377 2847 1431 in
2878 1393 3125 1433 sermone
3172 1380 3238 1434 de
3273 1378 3432 1434 laude
3457 1390 3661 1437 sanctae

2080 1468 2279 1522 crucis.
2329 1468 2581 1539 Ejusdem
2612 1468 2857 1523 meminit
2884 1467 3202 1525 Guillelmus
3225 1469 3394 1525 abbas
3421 1470 3656 1528 Romani

2080 1557 2392 1612 monasterii
2454 1558 2627 1613 sancti
2680 1557 2831 1613 Pauli
2881 1559 2936 1612 in
2973 1559 3292 1615 Kalendario
3343 1569 3660 1616 sanctorum

2078 1651 2487 1718 monachorum,
2515 1653 2658 1721 quod
2679 1668 2823 1706 anno
2838 1652 2976 1706 1572
2996 1656 3318 1724 composuit,
3346 1657 3432 1711 his
3455 1658 3658 1724 verbis,

2085 1757 2105 1790 ‹
2139 1739 2278 1808 prid.
2312 1739 2493 1794 Nonas
2541 1741 2822 1796 Februarii
2855 1743 3064 1797 Rabani
3121 1747 3517 1816 archiepiscopi
3549 1748 3662 1804 Mo-

2083 1831 2312 1900 guntini.
2355 1851 2373 1882 ι
2400 1831 2664 1902 Denique
2693 1833 2747 1887 in
2777 1832 2964 1890 codice
3009 1844 3198 1891 nostro
3227 1852 3282 1890 ιι.
3312 1837 3435 1902 170,
3471 1839 3562 1907 qui
3594 1840 3664 1893 ab

403 1940 651 2011 gloriam,
679 1950 735 1998 ει
762 1940 949 1996 famuli
973 1941 1054 1996 sui
1097 1951 1418 2012 perpetuum
1444 1941 1724 2006 honorem,
1755 1939 1980 1995 sanctis.
2007 1924 2056 1982 B
2083 1920 2239 1975 annis
2273 1919 2386 1976 fere
2417 1921 2725 1994 quingentis
2754 1940 2920 1979 manu
2965 1926 3269 1996 descriptus
3297 1935 3400 1992 est,
3430 1927 3665 1983 refertur

404 2031 601 2084 simum
635 2046 831 2101 corpus
877 2029 994 2099 ejus
1016 2030 1083 2086 de
1121 2030 1387 2102 Mogontia
1422 2031 1692 2085 ordinavit
1733 2037 1788 2084 et
1814 2028 1984 2083 voluit
2084 2013 2426 2083 Ερίωρῢίυιη
2449 2016 2619 2069 sane“
2645 2015 2877 2082 Rabani,
2907 2033 3088 2088 supra-
3123 2018 3204 2072 ΕΚ
3231 2019 3427 2088 quibus
3481 2020 3664 2074 οῐηῐιί-

405 2123 460 2176 in
493 2123 783 2178 Saxoniam
817 2122 1100 2178 transferri
1125 2138 1267 2178 anno
1292 2122 1563 2194 praesenti,
1593 2137 1701 2191 quo
1725 2121 1828 2176 hoc
1847 2121 1982 2176 scri-

405 2219 634 2286 psimus,
691 2219 983 2274 Dominiete
1033 2218 1286 2274 videlicet
1339 2218 1646 2273 Nativitatis
1697 2217 1981 2273 millesimo

406 2313 838 2383 quingentesimo
865 2313 1053 2382 quinto
1079 2313 1308 2378 decimo,
1367 2312 1661 2367 indictione
1706 2312 1979 2368 Romano-

405 2418 525 2456 rum
561 2404 717 2457 tertia
743 2422 756 2458 :
789 2419 909 2473 quae
935 2405 1154 2473 quidem
1195 2403 1495 2468 translatio,
1522 2418 1620 2473 per
1647 2417 1828 2474 quem,
1855 2417 1982 2474 qua-

405 2492 548 2557 liter,
581 2494 791 2563 quando
831 2504 886 2550 et
929 2511 1186 2566 quorsum
1242 2495 1313 2550 sit
1362 2494 1526 2560 facta,
1583 2493 1804 2564 speciali
1855 2509 1982 2564 syn-

408 2592 645 2654 tagmate
693 2586 1096 2655 descripsimus.
1131 2605 1150 2638 ι
1191 2585 1308 2641 Νοη
1335 2594 1514 2641 exstat
1540 2585 1630 2639 illa
1693 2583 1977 2640 Trithemii

401 2674 724 2742 lucubratio,
761 2676 855 2745 qui
891 2677 1030 2731 banc
1067 2677 1474 2731 translationem
1500 2676 1724 2731 Alberto
1761 2674 1978 2746 Mogun-

406 2764 518 2818 tino
540 2765 946 2837 archiepiscopo
996 2768 1205 2822 auctori
1270 2767 1456 2822 tribuit
1495 2767 1551 2822 in
1586 2766 1979 2837 nuncupatoria

402 2858 628 2927 epistola
659 2858 792 2914 Vita:
847 2859 1055 2915 Rabani
1089 2861 1312 2931 praeﬁxa
1340 2879 1352 2915 :
1383 2861 1462 2916 sic
1514 2861 1658 2915 enim
1697 2861 1978 2915 Albertum

403 2947 738 3017 alloquitur:
777 2969 796 3002 ι
831 2949 1114 3006 Rabanum
1169 2953 1309 3023 apud
1370 2952 1740 3024 Moguntiacos
1791 2952 1979 3022 despe-

407 3045 553 3092 ctum
579 3047 634 3094 et
653 3055 791 3110 pene
821 3043 1150 3113 sempiterna
1194 3043 1461 3100 oblivione
1483 3045 1772 3114 sepultum,
1801 3045 1858 3099 in
1883 3059 1983 3100 no-

402 3129 548 3185 mine
562 3129 696 3200 justi
725 3148 934 3188 summa
963 3150 1088 3189 cum
1107 3136 1454 3192 veneratione
1482 3136 1670 3192 levasti
1703 3138 1770 3192 de
1797 3145 1974 3191 terra:

398 3229 621 3290 propter
654 3225 799 3294 quod
830 3233 884 3278 et
906 3225 1249 3295 omnipotens
1277 3228 1537 3282 Dominus
1560 3227 1796 3282 animam
1825 3236 1973 3282 tuam

403 3323 524 3362 cum
560 3313 760 3367 sanctis
803 3314 916 3368 suis
948 3314 1206 3370 exaltabit
1255 3317 1308 3370 in
1363 3317 1556 3386 patria.
1594 3336 1615 3370 ι
1678 3319 1754 3372 De
1787 3318 1976 3373 eadem

405 3401 760 3458 translatione
787 3406 1089 3476 sign-nntius
1139 3407 1250 3476 agit
1279 3407 1610 3463 Trithemius
1654 3409 1708 3462 in
1727 3409 1884 3465 'libro
1911 3409 1976 3465 de

403 3489 526 3546 Vita
554 3494 728 3548 sancti
768 3494 988 3550 Maximi
1022 3497 1407 3568 archiepiscopi
1431 3499 1726 3569 Moguntini
1754 3500 1838 3555 his
1856 3516 1978 3556 ver-

396 3585 501 3640 bis.
552 3605 570 3637 ι
607 3586 742 3642 Cum
769 3587 1020 3644 Albertus
1048 3605 1189 3644 anno
1234 3590 1734 3660 archipontificatus
1755 3593 1839 3649 sui
1865 3593 1979 3648 Mo-

397 3677 609 3749 guntini
640 3677 839 3747 primo,
869 3677 1346 3752 Magdeburgensis
1370 3690 1550 3736 autem
1589 3684 1850 3751 secundo,
1878 3701 1978 3756 pro

397 3771 495 3826 Dei
539 3785 723 3827 amore
763 3780 816 3827 et
848 3774 1152 3829 reverentia
1194 3782 1526 3841 sanctorum,
1560 3777 1703 3846 apud
1749 3776 1976 3849 Mogun-

400 3864 532 3919 tiam
563 3865 970 3932 circumeundo,
997 3867 1276 3923 basilicam
1299 3870 1557 3940 martyris
1585 3871 1758 3925 sancti
1780 3870 1978 3927 Albani

397 3954 623 4010 devotus
674 3957 914 4022 intravit,
965 3966 1020 4013 et
1051 3959 1240 4014 videns
1291 3961 1735 4030 prtescriptorum
1789 3962 1976 4018 decem

397 4045 715 4115 pontificum
776 4055 959 4103 sancta
998 4064 1226 4120 corpora
1275 4051 1392 4105 sine
1440 4052 1646 4107 honore
1695 4052 1974 4124 neglecta;

398 4138 722 4193 auctoritate
761 4155 868 4194 non
904 4141 1084 4196 minus
1131 4141 1446 4212 apostolica,
1508 4158 1669 4214 quam
1702 4143 1976 4197 ordinaria

400 4244 549 4294 usus,
577 4245 773 4299 corpus
799 4233 969 4288 sancti
1001 4234 1210 4289 Rabani
1264 4237 1537 4304 quondam
1584 4237 1976 4308 archiepiscopi

399 4328 596 4387 totum,
623 4324 795 4378 sancti
822 4323 1037 4379 Maximi
1059 4326 1295 4398 episcopi
1343 4328 1601 4392 medium,
1624 4327 1978 4396 permissione

398 4411 786 4466 canonicorum
830 4414 955 4468 inde
1002 4414 1264 4482 abstulit;
1299 4425 1352 4472 et
1384 4417 1440 4471 in
1472 4416 1765 4472 Saxoniam
1793 4425 1974 4472 trans-

397 4500 596 4569 ferens,
629 4506 768 4572 apud
790 4505 969 4562 Hallas
981 4508 1234 4578 oppidum
1262 4508 1318 4563 in
1339 4509 1562 4564 basilica
1585 4510 1756 4564 sancti
1779 4509 1979 4564 Mauri-

399 4592 456 4646 tii
487 4593 713 4650 solemni
755 4599 1118 4666 processionis
1146 4599 1328 4656 officio
1355 4600 1662 4664 collocavit,
1701 4617 1843 4656 anno
1873 4601 1977 4657 Do-

395 4685 612 4741 minica:
642 4687 955 4745 Nativitatis
987 4675 1276 4747 millesimo
1305 4693 1745 4765 quingentesimo
1779 4695 1970 4764 quinto

396 4778 625 4845 decimo,
651 4781 941 4838 indictione
977 4784 1341 4840 Romanorum
1371 4788 1550 4841 tertia.
1592 4807 1609 4839 ι

466 4871 556 4925 41.
615 4871 754 4927 Hinc
777 4884 926 4944 patet
954 4885 1192 4946 quantus
1241 4879 1414 4933 honor
1454 4879 1663 4934 delatus
1711 4881 1781 4935 sit
1830 4896 1972 4935 mor-

397 4967 507 5026 tuo,
541 4977 703 5032 quem
758 4965 923 5020 etiam
977 4966 1246 5021 viventem
1294 4969 1536 5023 nonnulli
1575 4979 1811 5024 sanctum
1845 4987 1970 5024 stm-

395 5051 752 5110 ctissimumve
790 5055 1170 5125 appellavere:
1199 5058 1253 5112 in
1285 5059 1371 5114 his
1417 5059 1745 5116 Humbertus
1798 5059 1972 5115 Wirt-

396 5142 734 5213 ziburgensis
761 5147 1045 5218 episcopus
1081 5149 1136 5204 in
1163 5151 1391 5220 epistola
1426 5167 1524 5207 sua
1566 5152 1971 5208 commentariis

399 5229 644 5288 Judicum
674 5237 893 5303 praefixa
929 5257 942 5292 :

517 5343 681 5412 Salve,
699 5351 870 5412 sancte
897 5353 1055 5412 pater,
1082 5353 1356 5412 meritoque
1378 5351 1553 5402 beatus
1574 5353 1620 5400 in
1645 5351 1782 5402 orbe.

584 5405 658 5456 Tu
681 5407 833 5458 decus
855 5405 911 5459 es
930 5405 1164 5474 nostrum,
1186 5405 1356 5463 sancte
1379 5419 1540 5476 pater,
1561 5416 1752 5464 merito.

402 5509 468 5564 Et
496 5509 848 5569 Ermanricus
901 5516 956 5570 in
986 5516 1124 5572 libro
1153 5518 1218 5572 de
1254 5518 1376 5573 Vita
1429 5519 1602 5572 sancti
1637 5518 1768 5584 Soli,
1807 5534 1972 5591 agens

393 5602 460 5658 de
487 5609 814 5664 monasterio
840 5609 1116 5678 Fuldensi,
1152 5631 1171 5664 ι
1206 5613 1318 5678 ubi,
1342 5612 1452 5669 Deo
1480 5613 1814 5684 providente,
1845 5614 1970 5668 sub-

394 5695 494 5761 dit,
526 5701 684 5754 modo
710 5703 1082 5758 sanctissimus
1108 5717 1172 5757 ac
1204 5703 1258 5757 in
1284 5704 1431 5758 omni
1459 5711 1579 5758 arte
1605 5703 1968 5775 peritissimus

395 5785 562 5842 abbas
586 5788 840 5846 [tabanus
867 5792 1300 5862 perspicabiliter
1328 5793 1513 5865 fulget.
1555 5812 1573 5846 ι
1621 5792 1816 5847 Amulo
1839 5806 1972 5862 pon-

397 5875 526 5934 tifex
550 5878 926 5954 Lugdunensis
953 5882 1008 5938 in
1033 5882 1264 5953 epistola
1298 5883 1367 5939 ad
1395 5883 1790 5950 Gotescalcum,
1823 5903 1841 5936 ι
1877 5885 1974 5939 bo-'

2082 2109 2184 2165 bus
2216 2117 2365 2179 patet
2392 2109 2674 2165 Rabanum
2708 2111 2849 2181 apud
2898 2119 3109 2167 veteres
3161 2113 3398 2167 audiisse
3447 2121 3508 2166 ut
3533 2129 3660 2166 san-

2082 2209 2264 2257 ctum:
2305 2216 2371 2256 ac
2420 2200 2616 2256 falsum
2667 2218 2787 2257 esse
2831 2202 3209 2268 Trithemium,
3253 2203 3346 2273 qui
3397 2201 3514 2270 ejus
3567 2204 3666 2258 ob-

2081 2291 2217 2347 itum
2274 2291 2419 2346 loeat
2463 2307 2518 2346 vr
2575 2291 2692 2346 Kal.
2725 2291 3066 2349 Novembris.
3114 2292 3336 2347 Beatum
3378 2293 3656 2363 appellare

2079 2383 2281 2446 malui,
2337 2398 2498 2453 quam
2556 2393 2796 2438 sanctum
2824 2425 2838 2451 ,
2892 2385 3062 2439 donec
3119 2384 3359 2440 sanctior
3415 2383 3668 2439 Ecclesiae

2083 2473 2302 2528 accedat
2333 2474 2629 2529 auctoritas
2655 2492 2669 2541 ;
2708 2475 2973 2545 siquidem
3033 2474 3181 2530 nullo
3215 2474 3411 2530 festivo
3433 2475 3580 2529 cultu
3610 2474 3666 2529 in

2082 2565 2501 2637 Magontiacensi
2533 2567 2761 2622 ecclesia
2807 2567 3128 2632 honoratur,
3158 2574 3298 2622 teste
3321 2566 3578 2621 Browero
3603 2568 3657 2621 in

2083 2659 2226 2713 notis
2257 2660 2323 2713 ad
2344 2659 2631 2730 poematia.
2680 2659 2817 2714 Eum
2845 2678 2863 2710 ι
2898 2659 3108 2729 fulgens
3153 2657 3462 2713 Germanice
3490 2658 3662 2724 sidus,

2083 2755 2456 2827 theologorum
2511 2755 2772 2811 verticem
2833 2773 2852 2807 ι
2911 2755 3228 2821 Baronius;
3301 2753 3663 2807 Bellarminus

2087 2866 2106 2899 ‹
2153 2863 2306 2916 aeque
2329 2847 2544 2902 doctum
2575 2861 2638 2902 ac
2667 2847 2817 2917 pium
2854 2865 2872 2897 ι
2907 2857 3067 2902 vocat
3096 2864 3108 2900 :
3139 2845 3245 2900 alia
3268 2845 3504 2914 aliorum
3549 2843 3662 2899 elo-

2082 2939 2168 3013 gia
2191 2940 2565 3010 praetermitto.

2685 3028 2914 3086 CAPUT
2947 3029 3017 3086 Χ.

2312 3122 2585 3178 Iudicium
2613 3123 2676 3178 de
2701 3124 2815 3194 ejus
2837 3126 3044 3196 scriptis
3071 3133 3120 3181 et
3148 3126 3410 3182 doctrina.

2149 3215 2240 3270 42.
2299 3213 2559 3286 Superest
2607 3219 2872 3288 agendum
2937 3218 3003 3272 de
3065 3219 3276 3275 Rabani
3329 3218 3568 3289 scriptis,
3601 3218 3669 3274 de

2083 3306 2282 3377 quibus
2310 3306 2417 3362 tria
2472 3316 2598 3362 sunt
2625 3311 2916 3377 quaerenda
2945 3328 2958 3364 :
2990 3327 3179 3376 unum,
3234 3326 3354 3381 qua:
3405 3311 3666 3382 legitima,

2084 3413 2204 3467 qum
2232 3396 2414 3468 spuria
2441 3405 2496 3452 et
2517 3398 2693 3453 aliena
2720 3416 2733 3464 ;
2773 3400 3023 3468 alterum,
3056 3418 3176 3471 quze
3199 3409 3407 3458 restent
3429 3403 3664 3468 inedita;

2079 3492 2327 3559 tertium,
2361 3507 2468 3562 quo
2495 3499 2740 3564 tempore
2769 3494 2981 3566 singula
3011 3497 3214 3567 scripta
3245 3496 3374 3550 sint.

2151 3585 2242 3640 45.
2283 3584 2430 3640 lnter
2464 3585 2608 3640 edita
2640 3584 2852 3642 Rabani
2886 3603 3052 3659 Opera
3101 3589 3203 3643 tria
3244 3595 3454 3642 tantum
3485 3585 3669 3657 spuria

2081 3687 2229 3743 sunt,
2269 3677 2526 3732 nimirum
2572 3678 2697 3743 libri
2729 3687 2842 3734 tres
2867 3681 2933 3734 de
2983 3680 3371 3745 Quwstionibus
3409 3695 3668 3733 canonum

2077 3767 2530 3840 pwnitentialium,
2559 3767 2648 3837 qui
2682 3767 2737 3821 in
2760 3767 2920 3823 editis
2955 3769 3024 3823 ad
3072 3767 3420 3823 Heribaldum
3474 3768 3665 3838 scripti

2080 3860 2332 3914 dicuntur
2357 3875 2370 3912 :
2397 3865 2510 3912 tum
2532 3867 2819 3928 sequentes
2846 3858 2969 3914 libri
3000 3858 3189 3914 itidem
3219 3868 3332 3915 tres
3359 3859 3437 3914 De
3459 3859 3668 3914 virtuti-

2081 3954 2173 4006 bus
2198 3961 2246 4006 et
2276 3952 2411 4006 vitiis
2436 3965 2454 4003 .'
2483 3949 2901 4008 Commentarius
2925 3954 2980 4007 in
3007 3953 3458 4024 Regulam'saucti
3495 3951 3664 4006 Bene-

2078 4045 2204 4098 dicti
2229 4057 2248 4095 :
2275 4051 2331 4098 et
2363 4043 2518 4098 Liber
2541 4045 2604 4098 de
2649 4055 2976 4100 sacramento
3007 4043 3385 4110 Eucliaristia’,
3419 4046 3521 4100 sub
3550 4045 3666 4115 ejus

2079 4135 2298 4190 nomine
2326 4135 2565 4191 Coloniae
2607 4137 2786 4192 editus
2837 4154 2979 4193 anno
3009 4137 3168 4192 1551.
3224 4138 3466 4193 Primum
3494 4139 3665 4209 siqui-

2079 4223 2202 4278 dem
2231 4233 2285 4278 et
2314 4227 2607 4282 secundum
2653 4243 2816 4297 opera
2846 4237 2970 4283 sunt
2996 4228 3275 4298 Halitgarii
3305 4229 3540 4300 episcopi
3570 4229 3668 4284 Ca-

2079 4316 2436 4381 meracensis,
2465 4325 2523 4371 ut
2570 4327 2719 4373 recte
2769 4319 3002 4374 advertit
3035 4320 3096 4376 V.
3127 4319 3186 4375 C.
3227 4320 3530 4391 Stephanus
3566 4321 3667 4374 Ba-

2081 4408 2261 4464 luzius
2297 4410 2348 4464 in
2376 4408 2694 4478 praefatione
2744 4412 2810 4465 ad
2835 4411 3045 4467 Rabani
3069 4412 3352 4483 epistolam
3376 4411 3664 4470 Hcribaldo

2081 4503 2364 4574 scriptam,
2396 4505 2487 4574 qui
2529 4504 2861 4577 lialitgarius
2895 4505 3064 4560 libros
3116 4505 3353 4575 quinque
3395 4504 3662 4574 pmniten-

2080 4592 2239 4649 tiales
2259 4594 2562 4664 composuit
2587 4603 2778 4665 rogatu
2821 4595 3060 4651 Ebbonis
3087 4593 3481 4665 archiepiscopi
3516 4592 3661 4653 Βδε-

2079 4687 2305 4752 mensis,
2332 4687 2506 4742 editos
2528 4687 2596 4742 ab
2625 4686 2854 4743 Henrico
2872 4687 3091 4744 Canisio
3126 4689 3179 4742 in
3206 4696 3354 4742 tomo
3383 4687 3427 4741 ν
3453 4685 3664 4746 Lectio-

2079 4794 2208 4833 num
2236 4778 2616 4847 Antiquarum.
2649 4779 2783 4834 Nam
2834 4780 2970 4833 liber
3016 4779 3224 4848 primus
3249 4778 3316 4832 de
3338 4777 3665 4844 Quaestioni-

2078 4871 2178 4924 bus
2211 4885 2477 4923 canonum
2518 4870 2659 4939 apud
2707 4869 2987 4922 Rabanum
3029 4876 3112 4922 est
3141 4867 3366 4937 quintus
3388 4867 3527 4922 liber
3557 4865 3664 4919 Ha-

2079 4961 2276 5031 litgarii
2304 4977 2317 5026 ;
2351 4960 2619 5015 secundus
2671 4969 2758 5016 est
2780 4960 3014 5025 tertius;
3060 4961 3253 5016 tertius
3274 4970 3358 5016 est
3389 4970 3656 5031 quartus;

2080 5051 2288 5122 primus
2308 5067 2438 5106 vero
2464 5052 2601 5107 liber
2625 5053 2692 5108 de
2725 5051 2878 5108 Vitiis
2909 5053 3047 5124 apud
3097 5052 3375 5109 Rabanum
3421 5060 3506 5108 est
3544 5055 3660 5123 pri-

2080 5160 2202 5200 mus
2227 5143 2553 5216 Halitgarii;
2595 5144 2866 5201 secundus
2908 5143 3211 5215 Halitgario
3255 5145 3421 5198 etiam
3468 5159 3662 5199 secun-

2081 5237 2221 5302 dus;
2257 5238 2452 5292 tertius
2503 5236 2813 5294 Rabanicus
2872 5237 3026 5305 cujus
3063 5237 3156 5301 sit,
3182 5236 3467 5291 incertum.
3501 5237 3661 5291 Com-

2081 5329 2381 5384 mentarius
2431 5345 2597 5400 porro
2643 5330 2696 5385 in
2725 5328 2987 5399 Regulam
3042 5327 3214 5381 sancti
3269 5327 3548 5383 Benedicti
3577 5335 3660 5384 est

2079 5419 2364 5491 Smaragdi
2423 5421 2636 5476 abbatis
2684 5418 3002 5473 monasterii
3058 5417 3236 5473 sancti
3286 5418 3566 5474 Michaelis
3588 5417 3660 5474 ad

2078 5512 2284 5567 Mosam
2309 5513 2362 5566 in
2393 5511 2615 5566 dioecesi
2658 5509 3049 5572 Verodunensi,
3107 5517 3167 5563 ut
3201 5516 3414 5564 constat
3451 5515 3564 5562 tum
3588 5522 3661 5565 ex

2081 5604 2364 5674 Sigeberto
2396 5603 2451 5656 in
2480 5601 2572 5656 lib.
2612 5601 2678 5655 de
2704 5598 3071 5668 Seriptoribus
3102 5599 3504 5667 ecclesiasticis,
3533 5614 3654 5671 cap.

2081 5697 2206 5761 118,
2259 5705 2372 5752 tum
2432 5707 2500 5746 ex
2549 5692 2704 5747 libris
2759 5693 3124 5748 membraneis
3173 5691 3480 5763 permultis,
3519 5704 3659 5762 quos

2078 5789 2206 5844 vidi.
2268 5787 2511 5856 Denique
2562 5783 2700 5839 liber
2748 5784 2815 5840 de
2857 5785 3198 5842 Eucharistia
3243 5791 3330 5842 est
3379 5781 3656 5840 Paschasii

2078 5879 2337 5937 Radberti
2368 5876 2579 5934 abbatis
2606 5874 2970 5934 Corbeiensis.
