4016 6472
296 489 370 547 ss
1449 451 1454 456 ’
1705 486 2240 546 PROLEGOMENA.
3487 502 3559 559 δι

370 606 460 662 44.
501 603 575 661 Ut
626 599 787 658 facile
841 597 1236 667 distinguamus
1298 612 1418 670 quae
1449 599 1662 657 Rabani
1709 617 1876 671 Opera
1901 601 2046 665 Alis
2068 601 2422 672 paenitentiae,
2450 616 2556 658 una
2589 603 2657 660 ab
2701 605 2890 662 eodem
2917 606 3037 663 viro
3063 607 3365 666 clarissimo
3413 614 3559 670 edita

301 700 539 756 nondum
577 694 719 766 typis
745 691 960 761 vulgata
987 691 1114 769 sint,
1147 707 1325 761 operte
1347 694 1582 762 pretium
1613 702 1694 749 est
1715 694 1883 764 dispi-

301 805 430 846 cere
452 785 579 857 quid
608 799 676 839 ex
723 781 941 853 scriptis
969 780 1084 850 ejus
1107 797 1140 835 a
1162 781 1393 837 Rudolfo
1443 784 1882 839 commemoratis

303 882 446 937 desit
490 881 544 935 in
591 876 798 942 editis;
841 882 956 930 tum
986 875 1116 945 quid
1169 875 1333 932 exiis
1366 892 1486 947 qua:
1528 877 1800 934 habentur
1825 877 1882 932 in

303 973 514 1030 editisa
568 967 800 1024 Rudolfo
848 967 1272 1038 praetermissum
1319 967 1427 1034 sit;
1477 968 1710 1040 denique
1753 969 1882 1038 quid

301 1071 499 1134 praeter
521 1076 682 1133 Opera
705 1055 981 1114 aRudolfo
1004 1065 1316 1113 enumerata
1344 1065 1472 1112 etea
1495 1073 1615 1129 quae
1637 1059 1693 1114 in
1719 1059 1883 1115 colle-

300 1157 482 1211 ctione
493 1153 700 1210 Rabani
719 1167 943 1222 operum
960 1159 1196 1217 exstant,
1222 1151 1449 1206 ulterius
1483 1153 1877 1209 desiderentur.

370 1246 461 1302 45.
498 1246 578 1300 Ex
606 1242 936 1299 enumeratis
979 1256 1010 1295 a
1036 1240 1268 1296 Rudolfo
1293 1241 1488 1298 desunt
1524 1243 1578 1296 in
1611 1243 1882 1298 collectio-

301 1355 372 1394 ne
403 1337 624 1392 Pamelii
665 1333 1038 1390 Commentarii
1085 1333 1142 1387 in
1178 1332 1339 1388 libros
1359 1333 1548 1388 Judith
1594 1345 1642 1390 et
1690 1336 1884 1391 Esther

299 1429 513 1496 inediti,
551 1427 643 1497 qui
694 1441 859 1496 penes
909 1439 1009 1480 nos
1058 1432 1187 1479 sunt
1237 1425 1492 1495 descripti
1545 1441 1706 1482 manu
1735 1426 1883 1482 Petri

298 1519 577 1577 Francisci
627 1516 917 1583 Chililetii;
967 1515 1193 1587 epistola
1249 1515 1314 1570 de
1371 1514 1765 1588 Chorepiscopis
1811 1519 1880 1572 ad

298 1612 597 1683 Drogonem
623 1609 929 1664 Mettensem
963 1607 1281 1678 episcopum,
1329 1623 1458 1663 cura
1485 1606 1744 1678 Stephani
1774 1608 1880 1663 Ba-

299 1701 428 1758 luzii
457 1701 598 1758 edita
628 1701 684 1755 in
716 1700 874 1755 tertia
897 1698 1133 1754 editione
1162 1696 1421 1752 librorum
1442 1697 1590 1752 Petri
1612 1698 1676 1753 de
1701 1697 1880 1756 Marca

299 1796 368 1852 de
395 1793 695 1851 Concordia
728 1791 966 1863 Imperii,
1001 1807 1107 1845 una
1145 1806 1268 1846 cum
1303 1789 1462 1844 Libro
1507 1790 1571 1844 de
1595 1791 1881 1845 reverentia

299 1886 534 1956 ﬁliorum
565 1903 688 1956 erga
715 1893 907 1955 patres,
939 1891 986 1937 et
1007 1880 1334 1936 subditorum
1357 1899 1481 1952 erga
1513 1899 1656 1952 reges
1682 1881 1750 1935 ad
1774 1881 1882 1936 Lu-

1985 693 2040 747 in
2064 693 2375 764 Appendice
2429 695 2686 751 Actorum
2741 705 2984 752 veterum
3011 701 3078 755 ad
3133 701 3450 771 capitularia
3475 720 3562 760 re-

1982 803 2110 858 gum
2171 786 2524 854 Francorum,
2581 790 2769 846 ordine
2819 807 2956 860 vm;
2991 793 3162 850 altera
3190 795 3244 849 in
3279 804 3426 850 tomo
3449 797 3560 852 Vlll

1984 875 2352 934 Conciliorum
2388 880 2644 938 editionis
2679 881 2998 940 Labbeanae.
3045 885 3123 941 De
3161 888 3371 943 caeteris
3394 903 3560 958 opus-

1983 970 2138 1037 culis,
2190 987 2310 1041 quae
2359 971 2585 1028 Rabano
2641 975 2948 1031 tribuuntur
2986 991 3018 1030 a
3073 975 3391 1041 Trithcmio,
3427 979 3563 1034 nihil

1980 1061 2332 1128 pronuntiare
2357 1061 2552 1128 ausim,
2582 1063 2760 1120 sintne
2789 1065 3022 1132 Rabani,
3056 1082 3122 1122 an
3157 1084 3286 1123 non.
3322 1069 3416 1124 llis
3445 1087 3562 1126 om-

1982 1149 2140 1206 nibus
2168 1152 2316 1206 addit
2338 1152 2626 1210 Browerus
2651 1154 2895 1213 Lotharii
2947 1160 3175 1231 Augusti
3229 1163 3562 1233 epitaphium

1983 1255 2016 1294 a
2038 1239 2264 1298 Rabano
2292 1243 2594 1312 conditum,
2645 1247 2788 1317 quod
2839 1249 2955 1318 ipse
2979 1250 3146 1306 refert
3174 1234 3226 1306 in
3270 1252 3561 1309 Annalium

1982 1329 2384 1388 Trevirensium
2410 1333 2503 1390 lib.
2526 1351 2646 1391 vm.
2700 1337 2784 1392 Ad
2809 1339 2925 1394 haec
2971 1341 3061 1394 alii
3122 1343 3464 1411 prophetiam
3495 1345 3562 1398 de

1984 1419 2200 1490 regibus
2251 1421 2584 1478 Francorum
2635 1440 2754 1495 qua:
2782 1441 2814 1480 a
2850 1428 3122 1484 nonnullis
3150 1438 3335 1486 sancto
3373 1432 3561 1502 Augu-

1982 1511 2126 1567 stino
2157 1515 2472 1582 ascribitur,
2503 1517 2669 1572 etiam
2701 1517 2929 1574 Rabano
2955 1521 3241 1587 tribuunt;
3274 1523 3327 1576 in
3368 1524 3568 1592 quibus

1982 1613 2064 1659 est
2088 1602 2320 1662 Jacobus
2355 1605 2660 1664 Alexander
2705 1609 3042 1668 Tenneurius
3077 1614 3132 1667 in
3161 1614 3417 1670 Veritatis
3446 1615 3567 1670 vin-

1983 1692 2177 1750 dicatae
2224 1712 2346 1768 cap.
2379 1698 2588 1754 ultimo.
2649 1698 2707 1756 Si
2739 1701 2865 1757 huic
2908 1704 3211 1773 prophetia:
3268 1707 3564 1774 credimus,

1989 1801 2009 1836 ι
2041 1787 2278 1856 quandiu
2303 1802 2461 1860 reges
2496 1789 2830 1846 Francorum
2881 1792 3216 1860 duraverint,
3249 1795 3340 1867 qui
3363 1795 3561 1851 Roma-

1983 1892 2115 1933 num
2145 1881 2434 1950 imperium
2465 1890 2652 1938 tenere
2691 1883 2904 1951 debent,
2957 1885 3200 1940 Romana
3233 1887 3466 1957 dignitas
3494 1903 3563 1944 ex

299 1977 538 2032 dovicum
569 1977 956 2047 imperatorem,
1003 1975 1092 2043 qui
1139 1974 1279 2030 liber
1299 1990 1331 2028 a
1360 1973 1590 2030 Bodulfo
1619 1973 1876 2030 Collecta-
1904 1976 1954 2039 B
1986 1976 2101 2025 toto
2127 1986 2235 2026 non
2261 1972 2476 2041 peribit.
2510 1991 2528 2023 ›
2558 1972 2615 2028 ld
2664 1987 2770 2042 quo
2803 1973 2957 2028 titulo
2984 1976 3287 2030 ascribatur
3312 1977 3561 2045 Rabano,

301 2068 445 2120 rium
476 2065 810 2135 appellatur;
845 2063 1082 2134 Epistola
1109 2064 1177 2118 ad
1212 2063 1506 2135 Notingum
1544 2062 1884 2120 Veronensem

303 2156 601 2223 episcopum
645 2154 710 2207 de
764 2153 1089 2222 prtescientia
1138 2164 1186 2208 et
1241 2156 1698 2225 prwaestinatione
1742 2156 1882 2224 Dei;

298 2245 456 2300 Liber
477 2246 546 2299 ad
589 2244 904 2298 Ludovicum
934 2246 1300 2315 imperatorem
1327 2246 1391 2300 de
1416 2246 1676 2301 oblatione
1698 2265 1884 2304 secun-

297 2336 428 2390 dum
457 2335 704 2406 Regulam
729 2337 895 2390 sancti
922 2335 1226 2401 Benedicti;
1258 2335 1498 2406 Epistola
1530 2337 1882 2393 consolatoria

299 2429 369 2482 ad
396 2429 633 2483 eumdem
646 2446 666 2495 ;
686 2438 735 2483 et
760 2428 1013 2499 Dialogus
1041 2429 1104 2483 de
1127 2439 1390 2500 computo,
1410 2445 1604 2487 recens
1621 2431 1800 2487 editus
1826 2432 1884 2487 in

300 2517 656 2575 Miscellaneis
705 2519 1027 2576 Baluzianis.
1083 2522 1164 2576 Ex
1184 2522 1270 2577 his
1318 2523 1548 2593 epistola
1579 2525 1647 2578 ad
1692 2523 1882 2579 Notiu-

300 2626 432 2680 gum
457 2611 602 2666 edita
628 2611 696 2666 ab
721 2610 1008 2668 Sirmondo
1035 2621 1121 2669 est
1143 2631 1158 2680 ;
1187 2614 1323 2670 liber
1349 2630 1478 2670 vero
1506 2616 1572 2671 de
1595 2615 1881 2673 Oblatione

301 2717 592 2772 puerorum
645 2705 877 2761 habetur
923 2721 1089 2763 manu
1115 2707 1420 2779 descriptus
1454 2709 1510 2764 in
1555 2709 1881 2767 bibliotheca

300 2794 614 2852 Mellicensi.

373 2887 461 2942 46.
501 2888 581 2942 Ex
606 2889 834 2945 adverso
875 2897 1073 2961 praeter
1101 2901 1417 2948 enumerata
1466 2906 1498 2946 a
1523 2891 1755 2948 Rudolfo
1783 2893 1880 2949 ha-

303 2978 497 3033 bentur
548 2981 601 3036 in
645 2981 735 3036 illa
775 2981 1130 3037 collectione:
1169 2982 1333 3037 Liber
1369 2984 1432 3037 de
1479 2982 1879 3052 Grammatica;

300 3087 429 3138 opus
461 3071 524 3125 de
553 3069 837 3139 Universo;
867 3072 1140 3145 Expositio
1162 3076 1218 3129 in
1241 3077 1447 3130 cantica
1470 3092 1587 3148 qum
1613 3078 1682 3130 ad
1711 3087 1882 3132 matu-

300 3164 438 3216 tinas
469 3163 652 3218 laudes
676 3182 766 3236 per
792 3164 1150 3236 Septimanam
1203 3167 1452 3222 dicuntur
1474 3185 1494 3234 ;
1519 3167 1799 3240 Allegoria:
1822 3171 1878 3224 in

296 3271 505 3308 sacram
535 3255 904 3327 Scripturam;
934 3258 1089 3313 Liber
1116 3260 1185 3313 ad
1219 3259 1578 3314 Thiotmarum
1625 3263 1689 3317 de
1711 3263 1877 3317 sacris

1987 2059 2121 2115 mihi
2150 2062 2387 2115 nondum
2412 2071 2749 2132 compertum
2785 2072 2889 2120 est.
2922 2064 3087 2120 Multo
3111 2067 3292 2122 minus
3311 2068 3365 2122 id
3394 2083 3564 2141 genus

1984 2149 2192 2204 oraculi
2221 2150 2566 2206 tribuendum
2617 2162 2806 2208 sancto
2848 2153 3175 2225 Augustino,
3204 2157 3261 2212 in
3291 2159 3446 2229 cujus
3483 2168 3563 2215 ta-

1986 2253 2111 2294 men
2135 2238 2370 2310 Operum
2395 2242 2747 2311 appendicem
2776 2243 3009 2300 refertur
3029 2255 3176 2302 tomo
3205 2246 3299 2304 IX.

2053 2333 2141 2388 ιϐ.
2184 2333 2425 2404 Denique
2462 2335 2637 2391 eidem
2690 2337 2916 2393 Rabano
2961 2339 3205 2396 eruditus
3257 2341 3340 2396 vir
3369 2341 3564 2398 Petrus

1982 2424 2310 2482 Franciscus
2339 2425 2640 2485 Chililetius
2666 2430 2891 2486 ascribit
2933 2431 3133 2488 librum
3159 2449 3254 2489 seu
3280 2436 3563 2506 epistolam

1983 2523 2173 2570 contra
2197 2515 2431 2584 Judaeos,
2458 2534 2621 2588 quam
2647 2520 2762 2591 ipse
2787 2521 3012 2577 Divione
3058 2524 3201 2595 typis
3228 2527 3394 2581 edidit
3420 2543 3563 2583 anno

1983 2607 2122 2663 1656
2163 2624 2272 2663 una
2329 2625 2452 2665 cum
2496 2610 2711 2668 Alcuini
2763 2612 3134 2672 Confessione.
3167 2617 3367 2673 Verum
3416 2619 3559 2675 hanc

1981 2698 2266 2769 epistolam
2291 2715 2400 2756 non
2453 2717 2573 2758 esse
2619 2703 2848 2771 Rabani,
2905 2708 3000 2762 sed
3042 2707 3321 2764 Amolonis
3345 2709 3564 2781 Lugdu-

1980 2795 2166 2849 nensis
2221 2794 2482 2864 episcopi,
2539 2795 2741 2852 diserte
2795 2799 2988 2868 probat
3033 2802 3308 2858 recentior
3344 2803 3563 2872 quidam

1981 2885 2214 2956 scriptor
2242 2886 2296 2940 in
2329 2887 2625 2957 appendice
2649 2888 2718 2943 ad
2747 2887 2970 2946 Joannis
3011 2891 3197 2947 Πειυεί
3222 2893 3563 2949 dissertatio-

1982 2989 2108 3030 nem
2129 2976 2196 3030 de
2222 2984 2442 3032 auctore
2470 2977 2840 3035 Confessionis
2864 2978 2981 3048 jam
3023 2980 3196 3037 dictae.
3230 2980 3399 3050 Hujus
3427 2998 3563 3038 ano-

1984 3066 2135 3137 nymi
2163 3076 2483 3137 argumenta
2510 3077 2768 3138 petuntur
2791 3070 2968 3140 primo
2997 3086 3027 3125 a
3057 3072 3325 3142 pertinaci
3349 3073 3564 3128 silentio

1981 3157 2309 3228 scriptorum
2335 3158 2575 3214 omnium
2600 3159 2694 3230 qui
2715 3160 2923 3215 Rabani
2951 3176 3114 3232 opera
3150 3173 3558 3219 recensuerunt.

1983 3247 2122 3304 Tum
2149 3265 2215 3304 ex
2241 3265 2306 3306 eo
2329 3251 2476 3321 quod
2505 3251 2662 3307 istius
2709 3253 2951 3323 epistolae
2979 3256 3214 3326 scriptor
3239 3258 3336 3322 ait,
3373 3271 3433 3311 se
3448 3257 3562 3325 jam

303 3342 636 3413 Ordinibus;
664 3347 807 3401 Libri
836 3358 939 3403 tres
963 3349 1031 3402 ad
1056 3348 1404 3421 Reginaldum
1454 3367 1545 3405 seu
1579 3351 1874 3423 Regimbal—
1901 3343 1946 3406 C
1977 3339 2287 3408 episcopum
2313 3339 2485 3397 misse
2510 3357 2651 3396 ³ηΠο
2693 3360 2711 3393 ί
2751 3343 2815 3398 διν
2851 3345 3086 3400 adven"!
3116 3345 3329 3399 Domini
3378 3345 3505 3412 846,
3534 3365 3555 3398 ³

295 3435 424 3489 dum
454 3437 517 3491 de
541 3437 890 3493 ecclesiastica
912 3439 1191 3509 disciplina
1214 3458 1232 3505 ;
1276 3439 1422 3493 Libri
1481 3452 1582 3495 tres
1605 3442 1673 3496 ad
1695 3442 1874 3496 Bono-

292 3541 411 3580 sum
467 3529 742 3596 abbatem;
775 3529 1016 3601 Epistola
1051 3531 1119 3585 ad
1166 3530 1513 3585 Humbertum
1564 3532 1877 3587 Wirtzibur—

291 3635 502 3689 gensem
524 3622 844 3690 episcopum,
873 3633 1030 3691 quota
1061 3623 1394 3691 generatione
1437 3622 1636 3677 licitum
1663 3625 1732 3678 sit
1758 3642 1878 3678 ma-

292 3712 626 3774 trimonium;
658 3711 810 3765 Liber
822 3712 885 3766 de
909 3714 1085 3766 anima
1108 3723 1156 3767 et
1178 3714 1455 3768 virtutibus
1474 3715 1542 3768 ad
1569 3716 1877 3772 Lotharium

293 3818 501 3871 regem;
531 3802 759 3856 Libellus
784 3803 848 3858 de
878 3806 979 3858 vita
1019 3805 1368 3872 Antichristi;
1403 3807 1876 3881 Martyrologium;

293 3889 604 3958 Poematia;
632 3892 866 3961 Glosste;
893 3905 940 3950 et
967 3897 1028 3950 de
1053 3896 1356 3952 Inventione
1377 3898 1676 3969 linguarum
1703 3917 1721 3955 :
1757 3919 1877 3973 qua:

291 3983 476 4037 omnia
510 3983 762 4039 videntur
783 4001 903 4041 esse
932 3987 1165 4057 genuina
1198 3987 1407 4044 Rabani
1438 4004 1620 4061 Opera.
1653 3992 1730 4049 De
1763 3995 1875 4049 Ra-

291 4073 421 4128 bani
447 4072 652 4131 Glossis
680 4076 992 4134 Teutonicis
1019 4080 1103 4136 adi
1126 4080 1384 4137 Caesarem
1424 4081 1765 4141 bibliothecae
1793 4096 1876 4142 to-

292 4181 443 4220 mum
465 4166 528 4220 Il.

363 4255 456 4309 47.
505 4256 563 4311 ln
589 4258 767 4314 iudice
788 4260 998 4317 Rudolﬁ
1030 4272 1087 4318 et
1131 4264 1186 4319 in
1216 4264 1362 4322 dicta
1388 4267 1706 4324 collectione
1735 4267 1876 4324 desi-

293 4344 559 4400 derantur
592 4349 835 4419 epistola:
869 4353 1116 4421 quaedam
1145 4370 1176 4408 a
1196 4353 1395 4412 Iacobo
1441 4357 1729 4413 Sirmondo
1759 4357 1876 4412 vul-

291 4446 431 4506 gatae
458 4438 685 4495 Lutetiae
701 4440 1034 4497 Parisiorum
1056 4459 1199 4500 anno
1225 4446 1383 4512 1647,
1410 4463 1604 4519 nempe
1634 4449 1873 4518 Epistola

291 4531 361 4584 ad
385 4531 729 4587 Hincmarum
751 4534 1086 4591 Rhemensent
1102 4538 1421 4609 episcopum,
1451 4550 1499 4594 et
1539 4540 1646 4594 alia
1670 4541 1738 4594 ad
1767 4540 1875 4596 He-

292 4621 573 4677 berardum
603 4628 861 4691 comitem,
898 4644 1001 4682 una
1045 4646 1167 4684 cum
1217 4631 1459 4701 synodali
1496 4633 1702 4687 Rabani
1753 4635 1868 4704 epi-

1977 3445 2088 3484 uno
2111 3439 2239 3485 ante
2266 3431 2474 3485 Rabani
2497 3433 2892 3501 pontificatum,
2925 3443 3037 3489 tum
3063 3451 3128 3490 ex
3157 3451 3223 3491 eo
3243 3436 3387 3505 quod
3411 3452 3560 3506 quae-

1976 3521 2103 3576 dam
2128 3514 2350 3576 duriora
2403 3531 2591 3578 contra
2640 3521 2854 3580 Judaeos
2914 3525 3184 3595 superiori
3233 3535 3474 3598 tempore
3501 3543 3563 3583 se

1977 3611 2234 3667 statuisse
2264 3612 2429 3668 refert
2459 3631 2470 3666 :
2502 3614 2645 3683 quod
2677 3615 2922 3681 Rabano,
2972 3616 3064 3685 qui
3113 3615 3320 3671 nullum
3371 3628 3559 3674 contra

1977 3703 2193 3760 Judaeos
2224 3706 2502 3761 decretum
2525 3707 2777 3774 sancivit,
2809 3708 3099 3763 convenire
3124 3707 3429 3764 nullatenus
3458 3725 3557 3780 po-

1976 3805 2107 3854 test.
2147 3799 2415 3854 Praetcrea
2469 3801 2614 3870 quod
2667 3801 2912 3871 epistolae
2963 3810 3157 3857 auctor
3194 3818 3300 3858 non
3330 3804 3562 3860 obscure

1976 3899 2148 3957 notet,
2181 3907 2260 3958 se,
2293 3908 2416 3947 cum
2443 3893 2704 3948 adversus
2750 3891 2966 3948 Iudaeos
3014 3895 3298 3964 epistolam
3337 3896 3553 3962 scribit,

1976 3982 2276 4038 decessoris
2305 3982 2388 4038 sui
2428 3982 2580 4051 sequi
2628 3983 2876 4054 vestigia,
2907 3984 3000 4054 qui
3053 3983 3242 4040 itidem
3294 3986 3556 4041 adversus

1977 4072 2190 4130 Judzeos
2235 4075 2406 4130 multa
2442 4075 2791 4146 scripsisset,.
2821 4075 3096 4146 multaque
3131 4077 3348 4148 egisset.
3395 4077 3559 4150 Otga-

1976 4169 2120 4223 rium
2149 4183 2280 4225 vero
2311 4169 2517 4224 Rabani
2564 4170 2903 4225 decessorem
2952 4169 3087 4223 nihil
3115 4169 3420 4239 hujusmodi
3457 4187 3556 4241 pa-

1977 4266 2154 4315 trasse
2180 4261 2237 4316 in
2266 4261 2486 4317 dioecesi
2538 4260 2866 4331 Moguntina.
2917 4261 2985 4316 Et
3011 4261 3096 4316 his
3122 4259 3339 4330 quidem
3387 4278 3553 4333 argu-

1975 4350 2176 4406 mentis
2206 4365 2327 4405 eam
2353 4350 2632 4421 epistolam
2679 4351 2900 4406 Rabano
2931 4349 3208 4419 abjudicat
3243 4352 3556 4422 appendicis

1975 4451 2197 4509 auctor;
2228 4443 2529 4514 iisdemque
2549 4443 2796 4499 Amoloni
2827 4443 3175 4516 Lugdunensi
3200 4444 3463 4514 pontifici,
3497 4454 3560 4500 ut

1973 4536 2197 4606 proprio
2220 4537 2452 4606 parenti,
2487 4537 2864 4593 vindicandam
2892 4551 3015 4592 esse
3054 4538 3350 4592 contendit.
3382 4536 3559 4608 Siqui.-

1977 4627 2099 4682 dem
2131 4627 2324 4683 Amolo
2371 4643 2514 4683 anno
2542 4628 2640 4682 841
2673 4628 2730 4682 in
2783 4628 3093 4698 episcopum
3142 4629 3421 4683 ordinatus
3449 4636 3552 4692 est,

289 4711 431 4766 stola
469 4711 580 4780 jam
626 4715 680 4769 in
711 4716 957 4771 conciliis
1003 4719 1172 4784 edita,
1204 4693 1262 4773 et
1307 4720 1525 4789 epistola
1569 4722 1636 4774 ad
1672 4693 1868 4776 Notin-
1894 4693 1948 4754 Ῑ)
1974 4733 2206 4789 moxque
2231 4719 2453 4773 duriora
2477 4725 2679 4773 statuta
2694 4716 2934 4772 condidit
2959 4726 3148 4771 contra
3168 4716 3553 4787 Judzeos,quos

289 4818 415 4872 gum
449 4803 813 4860 Veronensem
842 4808 1176 4878 episcopum,
1231 4817 1420 4864 contra
1471 4810 1865 4867 Gotescalcum.

290 4890 370 4946 Ex
404 4895 600 4964 quibus
653 4897 892 4967 epistolae
942 4900 1010 4954 ad
1067 4897 1355 4972 Notingum
1384 4910 1438 4956 et
1475 4902 1544 4956 ad
1598 4902 1867 4958 Heberar-

291 4984 419 5037 dum
450 5001 654 5042 recusas
687 4998 812 5043 sunt
841 4991 896 5044 in
942 4999 1088 5046 tomo
1116 4993 1276 5048 tertio
1305 4993 1471 5050 Italia)
1502 4993 1680 5050 Sacrae
1703 5012 1868 5066 opera

289 5072 620 5132 Ferdinandi
659 5079 890 5150 Ughelli,
931 5083 1022 5152 qui
1048 5083 1320 5142 Sirmondi
1346 5087 1637 5142 editionem
1661 5103 1770 5143 non
1791 5090 1870 5144 vi-

292 5168 466 5224 derat.
496 5171 738 5241 Denique
767 5174 823 5228 in
869 5175 1012 5232 dicto
1062 5177 1240 5233 iudice
1284 5179 1494 5234 Rudolli
1521 5181 1660 5235 etin
1703 5181 1867 5238 colle-

291 5261 472 5318 ctione
493 5263 714 5320 Pamelii
739 5267 935 5323 desunt
959 5270 1200 5340 epistolae
1229 5272 1348 5327 duae
1373 5273 1554 5342 magni
1579 5274 1867 5328 momenti:

291 5369 398 5408 una
428 5356 499 5409 ad
530 5356 806 5428 Egilonem
836 5377 926 5415 seu
949 5361 1172 5432 Eigilem
1216 5363 1451 5418 abbatem
1483 5363 1866 5432 Prumiensem,

292 5461 412 5514 qua}
440 5448 713 5505 excidisse
743 5452 982 5507 creditur
1009 5471 1020 5506 :
1050 5453 1154 5509 alia
1182 5454 1252 5507 ad
1291 5454 1637 5510 Heribaldum
1677 5457 1868 5512 Antis-

292 5539 662 5596 siodorensem
707 5542 1032 5612 episcopum,
1091 5560 1209 5615 quae
1236 5562 1266 5600 a
1295 5545 1457 5602 Petro
1501 5546 1772 5603 Stevartio
1795 5564 1865 5605 ex

293 5630 480 5684 codice
511 5631 924 5702 Weingartensi-
938 5631 1137 5701 prodiit
1161 5636 1216 5690 in
1255 5636 1449 5702 lucem,
1476 5653 1669 5694 recens
1692 5655 1722 5693 a
1747 5639 1868 5694 Ste-

291 5725 476 5795 phano
523 5728 740 5783 Baluzio
785 5743 976 5784 recusa
1021 5739 1145 5800 post
1201 5732 1571 5788 collectionem
1598 5749 1866 5788 canonum

295 5814 609 5887 lteginonis.
635 5820 765 5876 item
789 5822 1027 5893 epistolm
1050 5821 1169 5877 duae
1195 5824 1263 5877 ad
1289 5825 1694 5896 Regimboldum
1710 5826 1870 5880 chor-

291 5905 608 5978 episcopum
628 5911 1020 5984 Moguntinum,
1053 5913 1119 5971 de
1165 5914 1482 5984 quibusdam
1508 5916 1867 5986 quaestiuncu-

1970 4808 2159 4864 effreni
2215 4808 2433 4862 licentia
2462 4808 2518 4862 in
2566 4807 2911 4878 Lugdunensi
2964 4807 3186 4862 dioecesi
3215 4823 3274 4863 se
3321 4808 3554 4878 gessisse

1970 4914 2034 4954 ex
2090 4898 2378 4971 Agobardo
2442 4899 2700 4955 discimus
2725 4939 2741 4964 ,
2781 4898 2876 4969 qui
2935 4898 3153 4969 quidem
3211 4898 3550 4969 Agobardus,

1969 4993 2248 5048 Amolonis
2271 4993 2547 5058 decessor,
2578 4992 2782 5061 scripta
2804 4991 2974 5046 edidit
3024 4990 3282 5045 adversus
3329 4989 3550 5044 eosdem

1972 5083 2204 5148 Judaeos,
2260 5097 2327 5138 ex
2386 5083 2584 5152 quibus
2635 5089 2827 5137 auctor
2885 5081 3126 5152 epistolae
3190 5085 3552 5136 controversas

1972 5175 2142 5230 multa
2169 5172 2430 5229 transfert
2457 5174 2514 5228 in
2544 5189 2662 5229 sua.
2721 5173 2922 5229 Verum
2969 5171 3131 5243 (quod
3157 5172 3408 5227 omnibus
3428 5186 3548 5227 con-

1967 5263 2196 5334 iecturis
2221 5262 2616 5334 praeferendum
2641 5263 2814 5334 putat)
2837 5278 2905 5318 ex
2925 5261 3239 5318 Frodoardo
3252 5262 3548 5319 Rhemensi

1970 5357 2289 5428 presbytero
2321 5355 2376 5410 in
2427 5354 2676 5412 Historia:
2727 5354 2820 5410 lib.
2851 5369 2934 5420 ιιι,
2964 5367 3082 5423 cap.
3111 5353 3200 5420 21,
3228 5354 3547 5410 Amolonem

1972 5449 2231 5505 adversus
2278 5447 2492 5504 Iudaeos
2547 5446 2832 5518 epistolam
2886 5445 3216 5516 encyclicam
3263 5445 3548 5516 scripsisse

1973 5540 2196 5612 colligit,
2226 5539 2318 5594 ubi
2364 5538 2687 5594 Hincmarus
2731 5535 3012 5606 scripsisse
3056 5536 3258 5592 dicitur
3291 5553 3311 5586 ‹
3352 5534 3545 5589 Amolo

1973 5630 2336 5703 Lugdunensi,
2363 5632 2428 5686 de
2454 5630 2654 5701 placito
2680 5628 2824 5698 quod
2861 5628 3124 5684 habuerat
3169 5643 3293 5683 cum
3313 5641 3438 5697 rege
3467 5639 3546 5680 re-

1971 5729 2169 5800 gnique
2196 5726 2545 5797 primoribus,
2581 5734 2635 5780 et
2684 5724 2750 5779 de
2800 5723 3108 5780 Iudaeorum
3136 5724 3192 5777 in
3231 5724 3336 5778 hoc
3375 5735 3545 5791 regno

1971 5828 2136 5874 statu.
2173 5837 2190 5870 ι
2232 5817 2322 5882 At,
2355 5817 2400 5872 si
2427 5815 2558 5885 quid
2579 5813 2757 5881 video,
2789 5813 2924 5869 nihil
2947 5813 3004 5868 in
3033 5812 3120 5869 his
3144 5810 3325 5867 verbis
3348 5810 3417 5865 de
3439 5823 3538 5864 en-

1971 5910 2173 5984 cyclica
2223 5907 2500 5967 Amolonis
2555 5904 2781 5977 epistola
2814 5921 2828 5962 z
2858 5915 3167 5976 quanquam
3201 5900 3344 5958 valet
3386 5899 3433 5954 is
3459 5897 3539 5952 lo-
