  <div class='ocr_page' id='page_1' title='image "/cluster/home/n/w/nwhite01/storage/ocr_20150623/107/hvd.32044015466832/024.png"; bbox 0 0 4016 6472; ppageno 0'>
   <div class='ocr_carea' id='block_1_1' title="bbox 330 466 1908 543">
    <p class='ocr_par' dir='ltr' id='par_1_1' title="bbox 330 466 1908 531">
     <span class='ocr_line' id='line_1_1' title="bbox 330 466 1908 531; baseline -0.002 0"><span class='ocrx_word' id='word_1_1' title='bbox 330 470 401 531; x_wconf 74' lang='grc'><strong>57</strong></span> <span class='ocrx_word' id='word_1_2' title='bbox 1688 466 1908 529; x_wconf 76' lang='lat' dir='ltr'><strong>PROLE</strong></span> 
     </span>
    </p>
   </div>
   <div class='ocr_carea' id='block_1_2' title="bbox 2011 466 3603 543">
    <p class='ocr_par' dir='ltr' id='par_1_2' title="bbox 2011 466 3603 543">
     <span class='ocr_line' id='line_1_2' title="bbox 2011 466 3603 543; baseline 0.009 -15"><span class='ocrx_word' id='word_1_3' title='bbox 2011 466 2218 529; x_wconf 75' lang='lat' dir='ltr'><strong>MENA.</strong></span> <span class='ocrx_word' id='word_1_4' title='bbox 3522 476 3603 543; x_wconf 66' lang='grc' dir='ltr'><strong>δε</strong></span> 
     </span>
    </p>
   </div>
   <div class='ocr_carea' id='block_1_3' title="bbox 330 575 3606 656">
    <p class='ocr_par' dir='ltr' id='par_1_3' title="bbox 330 575 3606 656">
     <span class='ocr_line' id='line_1_3' title="bbox 330 575 3606 656; baseline 0.004 -16"><span class='ocrx_word' id='word_1_5' title='bbox 330 578 548 656; x_wconf 84' lang='lat' dir='ltr'><strong>cupavit</strong></span> <span class='ocrx_word' id='word_1_6' title='bbox 572 587 702 638; x_wconf 89' lang='lat' dir='ltr'><strong>ante</strong></span> <span class='ocrx_word' id='word_1_7' title='bbox 730 592 938 637; x_wconf 81' lang='lat' dir='ltr'><strong>annum</strong></span> <span class='ocrx_word' id='word_1_8' title='bbox 988 575 1115 648; x_wconf 67' lang='grc' dir='ltr'><strong>διο,</strong></span> <span class='ocrx_word' id='word_1_9' title='bbox 1141 582 1259 637; x_wconf 84' lang='lat' dir='ltr'><strong>tum</strong></span> <span class='ocrx_word' id='word_1_10' title='bbox 1298 576 1690 653; x_wconf 65' lang='lat' dir='ltr'><strong>ira-positionem</strong></span> <span class='ocrx_word' id='word_1_11' title='bbox 1719 584 1775 639; x_wconf 79' lang='lat' dir='ltr'><strong>in</strong></span> <span class='ocrx_word' id='word_1_12' title='bbox 1812 582 1913 640; x_wconf 86' lang='lat' dir='ltr'><strong>Sa-</strong></span> <span class='ocrx_word' id='word_1_13' title='bbox 1939 589 2072 651; x_wconf 70' lang='lat' dir='ltr'><strong>Aet</strong></span> <span class='ocrx_word' id='word_1_14' title='bbox 2098 585 2358 644; x_wconf 82' lang='lat' dir='ltr'><strong>Gratiano</strong></span> <span class='ocrx_word' id='word_1_15' title='bbox 2397 587 2454 644; x_wconf 89' lang='lat' dir='ltr'><strong>in</strong></span> <span class='ocrx_word' id='word_1_16' title='bbox 2494 586 2904 647; x_wconf 73' lang='lat' dir='ltr'><strong>collectionibus</strong></span> <span class='ocrx_word' id='word_1_17' title='bbox 2946 603 3216 649; x_wconf 71' lang='lat' dir='ltr'><strong>canonum</strong></span> <span class='ocrx_word' id='word_1_18' title='bbox 3254 593 3455 652; x_wconf 68' lang='lat' dir='ltr'><strong>citetur</strong></span> <span class='ocrx_word' id='word_1_19' title='bbox 3502 597 3606 655; x_wconf 85' lang='lat' dir='ltr'><strong>sub</strong></span> 
     </span>
    </p>
   </div>
   <div class='ocr_carea' id='block_1_4' title="bbox 326 672 1914 749">
    <p class='ocr_par' dir='ltr' id='par_1_4' title="bbox 326 672 1914 749">
     <span class='ocr_line' id='line_1_4' title="bbox 326 672 1914 749; baseline 0.001 -18"><span class='ocrx_word' id='word_1_20' title='bbox 326 676 582 748; x_wconf 73' lang='lat' dir='ltr'><strong>pientiam</strong></span> <span class='ocrx_word' id='word_1_21' title='bbox 615 684 665 730; x_wconf 86' lang='lat' dir='ltr'><strong>et</strong></span> <span class='ocrx_word' id='word_1_22' title='bbox 693 672 1122 729; x_wconf 76' lang='lat' dir='ltr'><strong>Ecclesiasticum</strong></span> <span class='ocrx_word' id='word_1_23' title='bbox 1142 673 1364 746; x_wconf 87' lang='lat' dir='ltr'><strong>Otgario</strong></span> <span class='ocrx_word' id='word_1_24' title='bbox 1390 673 1702 749; x_wconf 80' lang='lat' dir='ltr'><strong>Maguntino</strong></span> <span class='ocrx_word' id='word_1_25' title='bbox 1734 677 1914 746; x_wconf 86' lang='lat' dir='ltr'><strong>ponti-</strong></span> 
     </span>
    </p>
   </div>
   <div class='ocr_carea' id='block_1_5' title="bbox 329 764 1913 841">
    <p class='ocr_par' dir='ltr' id='par_1_5' title="bbox 329 764 1913 841">
     <span class='ocr_line' id='line_1_5' title="bbox 329 764 1913 841; baseline -0.001 -14"><span class='ocrx_word' id='word_1_26' title='bbox 329 770 451 840; x_wconf 85' lang='lat' dir='ltr'><strong>ﬁci;</strong></span> <span class='ocrx_word' id='word_1_27' title='bbox 483 778 539 827; x_wconf 90' lang='lat' dir='ltr'><strong>et</strong></span> <span class='ocrx_word' id='word_1_28' title='bbox 562 767 854 841; x_wconf 78' lang='lat' dir='ltr'><strong>Epistolam</strong></span> <span class='ocrx_word' id='word_1_29' title='bbox 891 767 961 822; x_wconf 86' lang='lat' dir='ltr'><strong>ad</strong></span> <span class='ocrx_word' id='word_1_30' title='bbox 983 764 1272 839; x_wconf 82' lang='lat' dir='ltr'><strong>Notingum</strong></span> <span class='ocrx_word' id='word_1_31' title='bbox 1297 764 1665 825; x_wconf 72' lang='lat' dir='ltr'><strong>Veronensem</strong></span> <span class='ocrx_word' id='word_1_32' title='bbox 1703 770 1913 840; x_wconf 89' lang='lat' dir='ltr'><strong>episco-</strong></span> 
     </span>
    </p>
   </div>
   <div class='ocr_carea' id='block_1_6' title="bbox 328 858 1805 935">
    <p class='ocr_par' dir='ltr' id='par_1_6' title="bbox 328 858 1805 935">
     <span class='ocr_line' id='line_1_6' title="bbox 328 858 1805 935; baseline -0.002 -16"><span class='ocrx_word' id='word_1_33' title='bbox 328 880 458 935; x_wconf 89' lang='lat' dir='ltr'><strong>pum</strong></span> <span class='ocrx_word' id='word_1_34' title='bbox 486 872 609 918; x_wconf 90' lang='lat' dir='ltr'><strong>ante</strong></span> <span class='ocrx_word' id='word_1_35' title='bbox 636 869 869 917; x_wconf 91' lang='lat' dir='ltr'><strong>mortem</strong></span> <span class='ocrx_word' id='word_1_36' title='bbox 895 858 1154 915; x_wconf 86' lang='lat' dir='ltr'><strong>Ludovici</strong></span> <span class='ocrx_word' id='word_1_37' title='bbox 1190 860 1531 932; x_wconf 74' lang='lat' dir='ltr'><strong>imperatoris</strong></span> <span class='ocrx_word' id='word_1_38' title='bbox 1567 861 1805 933; x_wconf 77' lang='lat' dir='ltr'><strong>scripsit.</strong></span> 
     </span>
    </p>
   </div>
   <div class='ocr_carea' id='block_1_7' title="bbox 401 951 1914 1025">
    <p class='ocr_par' dir='ltr' id='par_1_7' title="bbox 401 951 1914 1025">
     <span class='ocr_line' id='line_1_7' title="bbox 401 951 1914 1025; baseline 0 -15"><span class='ocrx_word' id='word_1_39' title='bbox 401 955 529 1010; x_wconf 90' lang='lat' dir='ltr'><strong>Post</strong></span> <span class='ocrx_word' id='word_1_40' title='bbox 552 968 752 1008; x_wconf 88' lang='lat' dir='ltr'><strong>annum</strong></span> <span class='ocrx_word' id='word_1_41' title='bbox 775 951 899 1019; x_wconf 66' lang='lat'><strong>840,</strong></span> <span class='ocrx_word' id='word_1_42' title='bbox 916 961 1130 1008; x_wconf 91' lang='lat' dir='ltr'><strong>mortuo</strong></span> <span class='ocrx_word' id='word_1_43' title='bbox 1145 952 1419 1010; x_wconf 88' lang='lat' dir='ltr'><strong>Ludovico</strong></span> <span class='ocrx_word' id='word_1_44' title='bbox 1442 954 1706 1025; x_wconf 83' lang='lat' dir='ltr'><strong>Augusto,</strong></span> <span class='ocrx_word' id='word_1_45' title='bbox 1732 953 1914 1011; x_wconf 67' lang='lat' dir='ltr'><strong>Libros</strong></span> 
     </span>
    </p>
   </div>
   <div class='ocr_carea' id='block_1_8' title="bbox 328 1042 1915 1117">
    <p class='ocr_par' dir='ltr' id='par_1_8' title="bbox 328 1042 1915 1117">
     <span class='ocr_line' id='line_1_8' title="bbox 328 1042 1915 1117; baseline 0.002 -17"><span class='ocrx_word' id='word_1_46' title='bbox 328 1045 385 1100; x_wconf 77' lang='lat' dir='ltr'><strong>in</strong></span> <span class='ocrx_word' id='word_1_47' title='bbox 411 1042 734 1099; x_wconf 83' lang='lat' dir='ltr'><strong>Hieremiam</strong></span> <span class='ocrx_word' id='word_1_48' title='bbox 788 1042 982 1100; x_wconf 90' lang='lat' dir='ltr'><strong>obtulit</strong></span> <span class='ocrx_word' id='word_1_49' title='bbox 1040 1042 1300 1100; x_wconf 89' lang='lat' dir='ltr'><strong>Lothario</strong></span> <span class='ocrx_word' id='word_1_50' title='bbox 1348 1045 1662 1116; x_wconf 81' lang='lat' dir='ltr'><strong>imperatori</strong></span> <span class='ocrx_word' id='word_1_51' title='bbox 1714 1063 1728 1102; x_wconf 90' lang='lat'>:</span> <span class='ocrx_word' id='word_1_52' title='bbox 1777 1062 1915 1117; x_wconf 89' lang='lat' dir='ltr'><strong>quos</strong></span> 
     </span>
    </p>
   </div>
   <div class='ocr_carea' id='block_1_9' title="bbox 328 1133 1910 1207">
    <p class='ocr_par' dir='ltr' id='par_1_9' title="bbox 328 1133 1910 1207">
     <span class='ocr_line' id='line_1_9' title="bbox 328 1133 1910 1207; baseline 0.001 -15"><span class='ocrx_word' id='word_1_53' title='bbox 328 1136 645 1193; x_wconf 79' lang='lat' dir='ltr'><strong>Hartmotus</strong></span> <span class='ocrx_word' id='word_1_54' title='bbox 672 1137 909 1192; x_wconf 91' lang='lat' dir='ltr'><strong>decanus</strong></span> <span class='ocrx_word' id='word_1_55' title='bbox 939 1134 1165 1193; x_wconf 81' lang='lat' dir='ltr'><strong>Sanctl-</strong></span> <span class='ocrx_word' id='word_1_56' title='bbox 1183 1133 1448 1195; x_wconf 81' lang='lat' dir='ltr'><strong>Gallensis</strong></span> <span class='ocrx_word' id='word_1_57' title='bbox 1472 1136 1641 1196; x_wconf 71' lang='lat' dir='ltr'><strong>scribi</strong></span> <span class='ocrx_word' id='word_1_58' title='bbox 1680 1138 1910 1207; x_wconf 82' lang='lat' dir='ltr'><strong>curavit,</strong></span> 
     </span>
    </p>
   </div>
   <div class='ocr_carea' id='block_1_10' title="bbox 330 1227 1184 1300">
    <p class='ocr_par' dir='ltr' id='par_1_10' title="bbox 330 1227 1184 1300">
     <span class='ocr_line' id='line_1_10' title="bbox 330 1227 1184 1300; baseline -0.001 -14"><span class='ocrx_word' id='word_1_59' title='bbox 330 1227 597 1286; x_wconf 78' lang='lat' dir='ltr'><strong>referente</strong></span> <span class='ocrx_word' id='word_1_60' title='bbox 621 1227 881 1299; x_wconf 78' lang='lat' dir='ltr'><strong>Ratperto</strong></span> <span class='ocrx_word' id='word_1_61' title='bbox 905 1229 959 1283; x_wconf 93' lang='lat' dir='ltr'><strong>in</strong></span> <span class='ocrx_word' id='word_1_62' title='bbox 989 1241 1110 1300; x_wconf 86' lang='lat' dir='ltr'><strong>cap.</strong></span> <span class='ocrx_word' id='word_1_63' title='bbox 1127 1229 1184 1285; x_wconf 83' lang='lat'><strong>9.</strong></span> 
     </span>
    </p>
   </div>
   <div class='ocr_carea' id='block_1_11' title="bbox 280 1316 1913 1395">
    <p class='ocr_par' dir='ltr' id='par_1_11' title="bbox 280 1316 1913 1395">
     <span class='ocr_line' id='line_1_11' title="bbox 280 1316 1913 1395; baseline 0.003 -24"><span class='ocrx_word' id='word_1_64' title='bbox 280 1345 303 1371; x_wconf 59' lang='grc' dir='ltr'>δ</span> <span class='ocrx_word' id='word_1_65' title='bbox 400 1319 559 1376; x_wconf 82' lang='lat' dir='ltr'><strong>Anno</strong></span> <span class='ocrx_word' id='word_1_66' title='bbox 586 1319 693 1377; x_wconf 66' lang='lat'><strong>842</strong></span> <span class='ocrx_word' id='word_1_67' title='bbox 723 1321 941 1376; x_wconf 87' lang='lat' dir='ltr'><strong>ineunte</strong></span> <span class='ocrx_word' id='word_1_68' title='bbox 969 1316 1343 1376; x_wconf 79' lang='lat' dir='ltr'><strong>Collectarium</strong></span> <span class='ocrx_word' id='word_1_69' title='bbox 1372 1320 1428 1377; x_wconf 86' lang='lat' dir='ltr'><strong>in</strong></span> <span class='ocrx_word' id='word_1_70' title='bbox 1451 1318 1717 1395; x_wconf 73' lang='lat' dir='ltr'><strong>Epistolas</strong></span> <span class='ocrx_word' id='word_1_71' title='bbox 1753 1320 1913 1378; x_wconf 82' lang='lat' dir='ltr'><strong>Pauli</strong></span> 
     </span>
    </p>
   </div>
   <div class='ocr_carea' id='block_1_12' title="bbox 329 1410 1913 1487">
    <p class='ocr_par' dir='ltr' id='par_1_12' title="bbox 329 1410 1913 1487">
     <span class='ocr_line' id='line_1_12' title="bbox 329 1410 1913 1487; baseline 0.003 -20"><span class='ocrx_word' id='word_1_72' title='bbox 329 1411 630 1468; x_wconf 89' lang='lat' dir='ltr'><strong>transmisit</strong></span> <span class='ocrx_word' id='word_1_73' title='bbox 647 1411 820 1483; x_wconf 89' lang='lat' dir='ltr'><strong>Lupo,</strong></span> <span class='ocrx_word' id='word_1_74' title='bbox 842 1421 965 1484; x_wconf 90' lang='lat' dir='ltr'><strong>post</strong></span> <span class='ocrx_word' id='word_1_75' title='bbox 999 1411 1179 1468; x_wconf 86' lang='lat' dir='ltr'><strong>abbati</strong></span> <span class='ocrx_word' id='word_1_76' title='bbox 1201 1410 1556 1482; x_wconf 77' lang='lat' dir='ltr'><strong>FerrarienSi,</strong></span> <span class='ocrx_word' id='word_1_77' title='bbox 1608 1414 1700 1487; x_wconf 88' lang='lat' dir='ltr'><strong>qui</strong></span> <span class='ocrx_word' id='word_1_78' title='bbox 1741 1428 1913 1485; x_wconf 80' lang='lat' dir='ltr'><strong>nuper</strong></span> 
     </span>
    </p>
   </div>
   <div class='ocr_carea' id='block_1_13' title="bbox 326 1507 1907 1578">
    <p class='ocr_par' dir='ltr' id='par_1_13' title="bbox 326 1507 1907 1578">
     <span class='ocr_line' id='line_1_13' title="bbox 326 1507 1907 1578; baseline 0.001 -14"><span class='ocrx_word' id='word_1_79' title='bbox 326 1523 395 1564; x_wconf 77' lang='lat' dir='ltr'><strong>ex</strong></span> <span class='ocrx_word' id='word_1_80' title='bbox 418 1507 605 1565; x_wconf 87' lang='lat' dir='ltr'><strong>schola</strong></span> <span class='ocrx_word' id='word_1_81' title='bbox 628 1507 881 1565; x_wconf 87' lang='lat' dir='ltr'><strong>Fuldensi</strong></span> <span class='ocrx_word' id='word_1_82' title='bbox 920 1508 977 1564; x_wconf 90' lang='lat' dir='ltr'><strong>in</strong></span> <span class='ocrx_word' id='word_1_83' title='bbox 1023 1508 1253 1566; x_wconf 86' lang='lat' dir='ltr'><strong>Galliam</strong></span> <span class='ocrx_word' id='word_1_84' title='bbox 1297 1511 1550 1578; x_wconf 88' lang='lat' dir='ltr'><strong>redierat,</strong></span> <span class='ocrx_word' id='word_1_85' title='bbox 1598 1526 1668 1566; x_wconf 78' lang='lat' dir='ltr'><strong>ex</strong></span> <span class='ocrx_word' id='word_1_86' title='bbox 1712 1509 1907 1567; x_wconf 90' lang='lat' dir='ltr'><strong>dictis:</strong></span> 
     </span>
    </p>
   </div>
   <div class='ocr_carea' id='block_1_14' title="bbox 327 1598 1911 1675">
    <p class='ocr_par' dir='ltr' id='par_1_14' title="bbox 327 1598 1911 1675">
     <span class='ocr_line' id='line_1_14' title="bbox 327 1598 1911 1675; baseline 0.003 -21"><span class='ocrx_word' id='word_1_87' title='bbox 327 1616 434 1671; x_wconf 90' lang='lat' dir='ltr'><strong>quo</strong></span> <span class='ocrx_word' id='word_1_88' title='bbox 461 1598 573 1656; x_wconf 88' lang='lat' dir='ltr'><strong>fere</strong></span> <span class='ocrx_word' id='word_1_89' title='bbox 606 1607 844 1675; x_wconf 89' lang='lat' dir='ltr'><strong>tempore</strong></span> <span class='ocrx_word' id='word_1_90' title='bbox 866 1600 1252 1657; x_wconf 83' lang='lat' dir='ltr'><strong>Commentaria</strong></span> <span class='ocrx_word' id='word_1_91' title='bbox 1283 1601 1341 1656; x_wconf 85' lang='lat' dir='ltr'><strong>in</strong></span> <span class='ocrx_word' id='word_1_92' title='bbox 1363 1600 1687 1657; x_wconf 81' lang='lat' dir='ltr'><strong>Ezechiétem</strong></span> <span class='ocrx_word' id='word_1_93' title='bbox 1712 1601 1911 1659; x_wconf 89' lang='lat' dir='ltr'><strong>Lotha-</strong></span> 
     </span>
    </p>
   </div>
   <div class='ocr_carea' id='block_1_15' title="bbox 325 1681 1911 1767">
    <p class='ocr_par' dir='ltr' id='par_1_15' title="bbox 325 1681 1911 1767">
     <span class='ocr_line' id='line_1_15' title="bbox 325 1681 1911 1767; baseline 0.003 -21"><span class='ocrx_word' id='word_1_94' title='bbox 325 1691 409 1747; x_wconf 85' lang='lat' dir='ltr'><strong>rio</strong></span> <span class='ocrx_word' id='word_1_95' title='bbox 460 1691 699 1765; x_wconf 84' lang='lat' dir='ltr'><strong>Augusto</strong></span> <span class='ocrx_word' id='word_1_96' title='bbox 762 1681 1073 1766; x_wconf 86' lang='lat' dir='ltr'><strong>inscripsit;</strong></span> <span class='ocrx_word' id='word_1_97' title='bbox 1137 1700 1192 1749; x_wconf 85' lang='lat' dir='ltr'><strong>et</strong></span> <span class='ocrx_word' id='word_1_98' title='bbox 1241 1693 1460 1766; x_wconf 86' lang='lat' dir='ltr'><strong>Otgario</strong></span> <span class='ocrx_word' id='word_1_99' title='bbox 1511 1694 1911 1767; x_wconf 88' lang='lat' dir='ltr'><strong>archiepiscopo</strong></span> 
     </span>
    </p>
   </div>
   <div class='ocr_carea' id='block_1_16' title="bbox 326 1780 1912 1858">
    <p class='ocr_par' dir='ltr' id='par_1_16' title="bbox 326 1780 1912 1858">
     <span class='ocr_line' id='line_1_16' title="bbox 326 1780 1912 1858; baseline 0.004 -23"><span class='ocrx_word' id='word_1_100' title='bbox 326 1780 543 1858; x_wconf 64' lang='lat' dir='ltr'><strong>Librum</strong></span> <span class='ocrx_word' id='word_1_101' title='bbox 589 1784 1012 1856; x_wconf 75' lang='lat' dir='ltr'><strong>pmnitentialem,</strong></span> <span class='ocrx_word' id='word_1_102' title='bbox 1065 1785 1120 1840; x_wconf 90' lang='lat' dir='ltr'><strong>in</strong></span> <span class='ocrx_word' id='word_1_103' title='bbox 1163 1786 1315 1856; x_wconf 86' lang='lat' dir='ltr'><strong>cujus</strong></span> <span class='ocrx_word' id='word_1_104' title='bbox 1362 1785 1538 1855; x_wconf 89' lang='lat' dir='ltr'><strong>capite</strong></span> <span class='ocrx_word' id='word_1_105' title='bbox 1578 1784 1641 1839; x_wconf 74' lang='lat'><strong>15</strong></span> <span class='ocrx_word' id='word_1_106' title='bbox 1668 1785 1912 1841; x_wconf 81' lang='lat' dir='ltr'><strong>meminit</strong></span> 
     </span>
    </p>
   </div>
   <div class='ocr_carea' id='block_1_17' title="bbox 327 1875 1907 1951">
    <p class='ocr_par' dir='ltr' id='par_1_17' title="bbox 327 1875 1907 1951">
     <span class='ocr_line' id='line_1_17' title="bbox 327 1875 1907 1951; baseline 0.001 -21"><span class='ocrx_word' id='word_1_107' title='bbox 327 1892 517 1947; x_wconf 64' lang='lat' dir='ltr'><strong>pugnae</strong></span> <span class='ocrx_word' id='word_1_108' title='bbox 536 1875 923 1945; x_wconf 73' lang='lat' dir='ltr'><strong>Fontaneticae,</strong></span> <span class='ocrx_word' id='word_1_109' title='bbox 948 1878 1229 1948; x_wconf 74' lang='lat' dir='ltr'><strong>quaeinter</strong></span> <span class='ocrx_word' id='word_1_110' title='bbox 1246 1877 1386 1934; x_wconf 79' lang='lat' dir='ltr'><strong>filios</strong></span> <span class='ocrx_word' id='word_1_111' title='bbox 1407 1877 1664 1935; x_wconf 87' lang='lat' dir='ltr'><strong>Ludovici</strong></span> <span class='ocrx_word' id='word_1_112' title='bbox 1683 1877 1907 1951; x_wconf 81' lang='lat' dir='ltr'><strong>Augusti</strong></span> 
     </span>
    </p>
   </div>
   <div class='ocr_carea' id='block_1_18' title="bbox 328 1943 1985 2048">
    <p class='ocr_par' dir='ltr' id='par_1_18' title="bbox 328 1943 1985 2048">
     <span class='ocr_line' id='line_1_18' title="bbox 328 1943 1985 2048; baseline 0.006 -25"><span class='ocrx_word' id='word_1_113' title='bbox 328 1943 622 2025; x_wconf 79' lang='lat' dir='ltr'><strong>commissa</strong></span> <span class='ocrx_word' id='word_1_114' title='bbox 653 1980 734 2026; x_wconf 92' lang='lat' dir='ltr'><strong>est</strong></span> <span class='ocrx_word' id='word_1_115' title='bbox 759 1943 1047 2027; x_wconf 30' lang='lat' dir='ltr'><strong>annosi—il.</strong></span> <span class='ocrx_word' id='word_1_116' title='bbox 1075 1972 1154 2028; x_wconf 86' lang='lat' dir='ltr'><strong>Ad</strong></span> <span class='ocrx_word' id='word_1_117' title='bbox 1186 1971 1328 2028; x_wconf 90' lang='lat' dir='ltr'><strong>idem</strong></span> <span class='ocrx_word' id='word_1_118' title='bbox 1357 1974 1523 2030; x_wconf 91' lang='lat' dir='ltr'><strong>etiam</strong></span> <span class='ocrx_word' id='word_1_119' title='bbox 1564 1982 1772 2048; x_wconf 90' lang='lat' dir='ltr'><strong>tempus</strong></span> <span class='ocrx_word' id='word_1_120' title='bbox 1824 1992 1910 2032; x_wconf 87' lang='lat' dir='ltr'><strong>re-</strong></span> <span class='ocrx_word' id='word_1_121' title='bbox 1932 1943 1985 2007; x_wconf 72' lang='grc' dir='ltr'>Β</span> 
     </span>
    </p>
   </div>
   <div class='ocr_carea' id='block_1_19' title="bbox 328 2060 1907 2139">
    <p class='ocr_par' dir='ltr' id='par_1_19' title="bbox 328 2060 1907 2139">
     <span class='ocr_line' id='line_1_19' title="bbox 328 2060 1907 2139; baseline 0.007 -25"><span class='ocrx_word' id='word_1_122' title='bbox 328 2061 576 2115; x_wconf 88' lang='lat' dir='ltr'><strong>vocanda</strong></span> <span class='ocrx_word' id='word_1_123' title='bbox 605 2069 689 2117; x_wconf 91' lang='lat' dir='ltr'><strong>est</strong></span> <span class='ocrx_word' id='word_1_124' title='bbox 720 2060 957 2132; x_wconf 75' lang='lat' dir='ltr'><strong>Epistula</strong></span> <span class='ocrx_word' id='word_1_125' title='bbox 984 2063 1049 2117; x_wconf 83' lang='lat' dir='ltr'><strong>de</strong></span> <span class='ocrx_word' id='word_1_126' title='bbox 1078 2061 1469 2137; x_wconf 79' lang='lat' dir='ltr'><strong>Chorepiscopis</strong></span> <span class='ocrx_word' id='word_1_127' title='bbox 1498 2066 1567 2123; x_wconf 92' lang='lat' dir='ltr'><strong>ad</strong></span> <span class='ocrx_word' id='word_1_128' title='bbox 1602 2066 1907 2139; x_wconf 90' lang='lat' dir='ltr'><strong>Drogonem</strong></span> 
     </span>
    </p>
   </div>
   <div class='ocr_carea' id='block_1_20' title="bbox 331 2150 1909 2233">
    <p class='ocr_par' dir='ltr' id='par_1_20' title="bbox 331 2150 1909 2233">
     <span class='ocr_line' id='line_1_20' title="bbox 331 2150 1909 2233; baseline 0.008 -28"><span class='ocrx_word' id='word_1_129' title='bbox 331 2150 648 2207; x_wconf 83' lang='lat' dir='ltr'><strong>Mettensem</strong></span> <span class='ocrx_word' id='word_1_130' title='bbox 698 2154 1025 2225; x_wconf 88' lang='lat' dir='ltr'><strong>episcopum,</strong></span> <span class='ocrx_word' id='word_1_131' title='bbox 1074 2155 1205 2212; x_wconf 88' lang='lat' dir='ltr'><strong>item</strong></span> <span class='ocrx_word' id='word_1_132' title='bbox 1246 2158 1472 2229; x_wconf 90' lang='lat' dir='ltr'><strong>epistola</strong></span> <span class='ocrx_word' id='word_1_133' title='bbox 1499 2160 1567 2215; x_wconf 91' lang='lat' dir='ltr'><strong>ad</strong></span> <span class='ocrx_word' id='word_1_134' title='bbox 1597 2160 1909 2233; x_wconf 85' lang='lat' dir='ltr'><strong>Regimbol-</strong></span> 
     </span>
    </p>
   </div>
   <div class='ocr_carea' id='block_1_21' title="bbox 326 2242 1906 2325">
    <p class='ocr_par' dir='ltr' id='par_1_21' title="bbox 326 2242 1906 2325">
     <span class='ocr_line' id='line_1_21' title="bbox 326 2242 1906 2325; baseline 0.011 -30"><span class='ocrx_word' id='word_1_135' title='bbox 326 2242 457 2296; x_wconf 86' lang='lat' dir='ltr'><strong>dum</strong></span> <span class='ocrx_word' id='word_1_136' title='bbox 476 2242 919 2314; x_wconf 83' lang='lat' dir='ltr'><strong>chorepiscopum</strong></span> <span class='ocrx_word' id='word_1_137' title='bbox 943 2245 1311 2320; x_wconf 63' lang='lat' dir='ltr'><strong>Mogontiacus</strong></span> <span class='ocrx_word' id='word_1_138' title='bbox 1323 2249 1394 2306; x_wconf 83' lang='lat' dir='ltr'><strong>de</strong></span> <span class='ocrx_word' id='word_1_139' title='bbox 1408 2250 1732 2324; x_wconf 69' lang='lat' dir='ltr'><strong>quibusdam</strong></span> <span class='ocrx_word' id='word_1_140' title='bbox 1750 2269 1906 2325; x_wconf 70' lang='lat' dir='ltr'><strong>quae-</strong></span> 
     </span>
    </p>
   </div>
   <div class='ocr_carea' id='block_1_22' title="bbox 322 2331 1821 2405">
    <p class='ocr_par' dir='ltr' id='par_1_22' title="bbox 322 2331 1821 2405">
     <span class='ocr_line' id='line_1_22' title="bbox 322 2331 1821 2405; baseline 0.007 -17"><span class='ocrx_word' id='word_1_141' title='bbox 322 2331 604 2389; x_wconf 89' lang='lat' dir='ltr'><strong>stiunculis</strong></span> <span class='ocrx_word' id='word_1_142' title='bbox 630 2335 978 2405; x_wconf 78' lang='lat' dir='ltr'><strong>ptenitentiae.</strong></span> <span class='ocrx_word' id='word_1_143' title='bbox 1816 2360 1821 2363; x_wconf 89' lang='grc'><strong>·</strong></span> 
     </span>
    </p>
   </div>
   <div class='ocr_carea' id='block_1_23' title="bbox 330 2425 1907 2504">
    <p class='ocr_par' dir='ltr' id='par_1_23' title="bbox 330 2425 1907 2504">
     <span class='ocr_line' id='line_1_23' title="bbox 330 2425 1907 2504; baseline 0.012 -25"><span class='ocrx_word' id='word_1_144' title='bbox 330 2437 337 2443; x_wconf 79' lang='grc'><em>’</em></span> <span class='ocrx_word' id='word_1_145' title='bbox 394 2425 599 2481; x_wconf 88' lang='lat' dir='ltr'><strong>Eodem</strong></span> <span class='ocrx_word' id='word_1_146' title='bbox 638 2428 800 2485; x_wconf 87' lang='lat' dir='ltr'><strong>etiam</strong></span> <span class='ocrx_word' id='word_1_147' title='bbox 832 2438 1073 2502; x_wconf 88' lang='lat' dir='ltr'><strong>tempore</strong></span> <span class='ocrx_word' id='word_1_148' title='bbox 1115 2431 1401 2504; x_wconf 77' lang='lat' dir='ltr'><strong>explicavit</strong></span> <span class='ocrx_word' id='word_1_149' title='bbox 1427 2430 1643 2493; x_wconf 60' lang='lat' dir='ltr'><strong>Librum</strong></span> <span class='ocrx_word' id='word_1_150' title='bbox 1672 2436 1907 2499; x_wconf 73' lang='lat' dir='ltr'><strong>Danith</strong></span> 
     </span>
    </p>
   </div>
   <div class='ocr_carea' id='block_1_24' title="bbox 323 2520 1905 2597">
    <p class='ocr_par' dir='ltr' id='par_1_24' title="bbox 323 2520 1905 2597">
     <span class='ocr_line' id='line_1_24' title="bbox 323 2520 1905 2597; baseline 0.009 -25"><span class='ocrx_word' id='word_1_151' title='bbox 323 2520 619 2588; x_wconf 65' lang='lat' dir='ltr'><strong>prophetae,</strong></span> <span class='ocrx_word' id='word_1_152' title='bbox 649 2522 961 2592; x_wconf 83' lang='lat' dir='ltr'><strong>rogantibus</strong></span> <span class='ocrx_word' id='word_1_153' title='bbox 986 2525 1199 2593; x_wconf 89' lang='lat' dir='ltr'><strong>amicis,</strong></span> <span class='ocrx_word' id='word_1_154' title='bbox 1228 2541 1488 2597; x_wconf 88' lang='lat' dir='ltr'><strong>suamque</strong></span> <span class='ocrx_word' id='word_1_155' title='bbox 1521 2529 1625 2584; x_wconf 89' lang='lat' dir='ltr'><strong>hac</strong></span> <span class='ocrx_word' id='word_1_156' title='bbox 1644 2530 1711 2584; x_wconf 93' lang='lat' dir='ltr'><strong>de</strong></span> <span class='ocrx_word' id='word_1_157' title='bbox 1738 2546 1795 2586; x_wconf 91' lang='lat' dir='ltr'><strong>re</strong></span> <span class='ocrx_word' id='word_1_158' title='bbox 1821 2531 1905 2586; x_wconf 92' lang='lat' dir='ltr'><strong>lu-</strong></span> 
     </span>
    </p>
   </div>
   <div class='ocr_carea' id='block_1_25' title="bbox 324 2613 1910 2687">
    <p class='ocr_par' dir='ltr' id='par_1_25' title="bbox 324 2613 1910 2687">
     <span class='ocr_line' id='line_1_25' title="bbox 324 2613 1910 2687; baseline 0.008 -22"><span class='ocrx_word' id='word_1_159' title='bbox 324 2613 698 2668; x_wconf 91' lang='lat' dir='ltr'><strong>cubrationem</strong></span> <span class='ocrx_word' id='word_1_160' title='bbox 737 2623 923 2685; x_wconf 89' lang='lat' dir='ltr'><strong>postea</strong></span> <span class='ocrx_word' id='word_1_161' title='bbox 956 2616 1232 2687; x_wconf 67' lang='lat' dir='ltr'><strong>inscripsit</strong></span> <span class='ocrx_word' id='word_1_162' title='bbox 1282 2618 1553 2675; x_wconf 75' lang='lat' dir='ltr'><strong>Ludo-vico</strong></span> <span class='ocrx_word' id='word_1_163' title='bbox 1600 2619 1910 2677; x_wconf 69' lang='lat' dir='ltr'><strong>Germaniae</strong></span> 
     </span>
    </p>
   </div>
   <div class='ocr_carea' id='block_1_26' title="bbox 325 2705 1910 2785">
    <p class='ocr_par' dir='ltr' id='par_1_26' title="bbox 325 2705 1910 2785">
     <span class='ocr_line' id='line_1_26' title="bbox 325 2705 1910 2785; baseline 0.009 -27"><span class='ocrx_word' id='word_1_164' title='bbox 325 2705 440 2776; x_wconf 86' lang='lat' dir='ltr'><strong>regi</strong></span> <span class='ocrx_word' id='word_1_165' title='bbox 469 2705 609 2760; x_wconf 89' lang='lat' dir='ltr'><strong>:&#39;cui</strong></span> <span class='ocrx_word' id='word_1_166' title='bbox 636 2706 764 2761; x_wconf 89' lang='lat' dir='ltr'><strong>item</strong></span> <span class='ocrx_word' id='word_1_167' title='bbox 794 2707 1186 2779; x_wconf 73' lang='lat' dir='ltr'><strong>Expositionem</strong></span> <span class='ocrx_word' id='word_1_168' title='bbox 1216 2712 1271 2766; x_wconf 81' lang='lat' dir='ltr'><strong>in</strong></span> <span class='ocrx_word' id='word_1_169' title='bbox 1294 2710 1529 2778; x_wconf 81' lang='lat' dir='ltr'><strong>Cantica,</strong></span> <span class='ocrx_word' id='word_1_170' title='bbox 1562 2732 1679 2785; x_wconf 74' lang='lat' dir='ltr'><strong>qua:</strong></span> <span class='ocrx_word' id='word_1_171' title='bbox 1700 2716 1770 2770; x_wconf 87' lang='lat' dir='ltr'><strong>ad</strong></span> <span class='ocrx_word' id='word_1_172' title='bbox 1796 2733 1910 2772; x_wconf 88' lang='lat' dir='ltr'><strong>ma-</strong></span> 
     </span>
    </p>
   </div>
   <div class='ocr_carea' id='block_1_27' title="bbox 326 2795 1654 2873">
    <p class='ocr_par' dir='ltr' id='par_1_27' title="bbox 326 2795 1654 2873">
     <span class='ocr_line' id='line_1_27' title="bbox 326 2795 1654 2873; baseline 0.008 -26"><span class='ocrx_word' id='word_1_173' title='bbox 326 2795 525 2849; x_wconf 74' lang='lat' dir='ltr'><strong>tutinas</strong></span> <span class='ocrx_word' id='word_1_174' title='bbox 546 2812 636 2865; x_wconf 84' lang='lat' dir='ltr'><strong>per</strong></span> <span class='ocrx_word' id='word_1_175' title='bbox 657 2798 999 2867; x_wconf 81' lang='lat' dir='ltr'><strong>septimanam</strong></span> <span class='ocrx_word' id='word_1_176' title='bbox 1023 2799 1280 2870; x_wconf 86' lang='lat' dir='ltr'><strong>leguntur,</strong></span> <span class='ocrx_word' id='word_1_177' title='bbox 1311 2805 1654 2873; x_wconf 83' lang='lat' dir='ltr'><strong>nuncupavit.</strong></span> 
     </span>
    </p>
   </div>
   <div class='ocr_carea' id='block_1_28' title="bbox 396 2886 1910 2963">
    <p class='ocr_par' dir='ltr' id='par_1_28' title="bbox 396 2886 1910 2963">
     <span class='ocr_line' id='line_1_28' title="bbox 396 2886 1910 2963; baseline 0.01 -22"><span class='ocrx_word' id='word_1_178' title='bbox 396 2886 551 2943; x_wconf 83' lang='lat' dir='ltr'><strong>Anno</strong></span> <span class='ocrx_word' id='word_1_179' title='bbox 577 2890 717 2944; x_wconf 89' lang='lat' dir='ltr'><strong>circa</strong></span> <span class='ocrx_word' id='word_1_180' title='bbox 745 2889 873 2957; x_wconf 67' lang='lat'><strong>844,</strong></span> <span class='ocrx_word' id='word_1_181' title='bbox 906 2900 1147 2963; x_wconf 90' lang='lat' dir='ltr'><strong>tempore</strong></span> <span class='ocrx_word' id='word_1_182' title='bbox 1191 2894 1400 2950; x_wconf 85' lang='lat' dir='ltr'><strong>scilicet</strong></span> <span class='ocrx_word' id='word_1_183' title='bbox 1446 2898 1746 2954; x_wconf 81' lang='lat' dir='ltr'><strong>vacationis</strong></span> <span class='ocrx_word' id='word_1_184' title='bbox 1765 2914 1799 2953; x_wconf 83' lang='lat' dir='ltr'><strong>a</strong></span> <span class='ocrx_word' id='word_1_185' title='bbox 1820 2917 1910 2956; x_wconf 68' lang='lat' dir='ltr'><strong>re-</strong></span> 
     </span>
    </p>
   </div>
   <div class='ocr_carea' id='block_1_29' title="bbox 325 2977 1905 3049">
    <p class='ocr_par' dir='ltr' id='par_1_29' title="bbox 325 2977 1905 3049">
     <span class='ocr_line' id='line_1_29' title="bbox 325 2977 1905 3049; baseline 0.009 -17"><span class='ocrx_word' id='word_1_186' title='bbox 325 2977 527 3049; x_wconf 88' lang='lat' dir='ltr'><strong>gimine</strong></span> <span class='ocrx_word' id='word_1_187' title='bbox 554 2979 832 3048; x_wconf 88' lang='lat' dir='ltr'><strong>abbatiali,</strong></span> <span class='ocrx_word' id='word_1_188' title='bbox 861 2982 1047 3038; x_wconf 81' lang='lat' dir='ltr'><strong>Libros</strong></span> <span class='ocrx_word' id='word_1_189' title='bbox 1073 3000 1186 3040; x_wconf 80' lang='lat' dir='ltr'><strong>xm</strong></span> <span class='ocrx_word' id='word_1_190' title='bbox 1212 2984 1275 3041; x_wconf 83' lang='lat' dir='ltr'><strong>de</strong></span> <span class='ocrx_word' id='word_1_191' title='bbox 1306 2984 1559 3042; x_wconf 84' lang='lat' dir='ltr'><strong>Universo</strong></span> <span class='ocrx_word' id='word_1_192' title='bbox 1580 2991 1818 3046; x_wconf 88' lang='lat' dir='ltr'><strong>condidit</strong></span> <span class='ocrx_word' id='word_1_193' title='bbox 1849 2992 1905 3047; x_wconf 92' lang='lat' dir='ltr'><strong>in</strong></span> 
     </span>
    </p>
   </div>
   <div class='ocr_carea' id='block_1_30' title="bbox 324 3071 1907 3154">
    <p class='ocr_par' dir='ltr' id='par_1_30' title="bbox 324 3071 1907 3154">
     <span class='ocr_line' id='line_1_30' title="bbox 324 3071 1907 3154; baseline 0.009 -29"><span class='ocrx_word' id='word_1_194' title='bbox 324 3071 554 3142; x_wconf 78' lang='lat' dir='ltr'><strong>gratiam</strong></span> <span class='ocrx_word' id='word_1_195' title='bbox 596 3074 909 3131; x_wconf 87' lang='lat' dir='ltr'><strong>Hemmonis</strong></span> <span class='ocrx_word' id='word_1_196' title='bbox 954 3077 1189 3148; x_wconf 90' lang='lat' dir='ltr'><strong>episcopi</strong></span> <span class='ocrx_word' id='word_1_197' title='bbox 1237 3077 1710 3151; x_wconf 83' lang='lat' dir='ltr'><strong>Halberstatensis,</strong></span> <span class='ocrx_word' id='word_1_198' title='bbox 1765 3084 1907 3154; x_wconf 85' lang='lat' dir='ltr'><strong>quod</strong></span> 
     </span>
    </p>
   </div>
   <div class='ocr_carea' id='block_1_31' title="bbox 319 3164 1908 3249">
    <p class='ocr_par' dir='ltr' id='par_1_31' title="bbox 319 3164 1908 3249">
     <span class='ocr_line' id='line_1_31' title="bbox 319 3164 1908 3249; baseline 0.011 -32"><span class='ocrx_word' id='word_1_199' title='bbox 319 3177 458 3233; x_wconf 89' lang='lat' dir='ltr'><strong>opus</strong></span> <span class='ocrx_word' id='word_1_200' title='bbox 488 3164 673 3222; x_wconf 85' lang='lat' dir='ltr'><strong>itidem</strong></span> <span class='ocrx_word' id='word_1_201' title='bbox 697 3165 969 3224; x_wconf 85' lang='lat' dir='ltr'><strong>Ludovico</strong></span> <span class='ocrx_word' id='word_1_202' title='bbox 998 3170 1113 3241; x_wconf 82' lang='lat' dir='ltr'><strong>regi</strong></span> <span class='ocrx_word' id='word_1_203' title='bbox 1142 3171 1346 3242; x_wconf 80' lang='lat' dir='ltr'><strong>petenti</strong></span> <span class='ocrx_word' id='word_1_204' title='bbox 1371 3174 1624 3231; x_wconf 68' lang='lat' dir='ltr'><strong>submisit</strong></span> <span class='ocrx_word' id='word_1_205' title='bbox 1646 3192 1771 3232; x_wconf 91' lang='lat' dir='ltr'><strong>cum</strong></span> <span class='ocrx_word' id='word_1_206' title='bbox 1788 3177 1908 3249; x_wconf 83' lang='lat' dir='ltr'><strong>epi-</strong></span> 
     </span>
    </p>
   </div>
   <div class='ocr_carea' id='block_1_32' title="bbox 319 3255 1171 3332">
    <p class='ocr_par' dir='ltr' id='par_1_32' title="bbox 319 3255 1171 3332">
     <span class='ocr_line' id='line_1_32' title="bbox 319 3255 1171 3332; baseline 0.007 -21"><span class='ocrx_word' id='word_1_207' title='bbox 319 3255 459 3311; x_wconf 81' lang='lat' dir='ltr'><strong>stola</strong></span> <span class='ocrx_word' id='word_1_208' title='bbox 487 3257 652 3313; x_wconf 89' lang='lat' dir='ltr'><strong>etiam</strong></span> <span class='ocrx_word' id='word_1_209' title='bbox 680 3275 821 3316; x_wconf 87' lang='lat' dir='ltr'><strong>nunc</strong></span> <span class='ocrx_word' id='word_1_210' title='bbox 844 3260 893 3315; x_wconf 92' lang='lat' dir='ltr'><strong>ei</strong></span> <span class='ocrx_word' id='word_1_211' title='bbox 927 3260 1171 3332; x_wconf 71' lang='lat' dir='ltr'><strong>praefixa.</strong></span> 
     </span>
    </p>
   </div>
   <div class='ocr_carea' id='block_1_33' title="bbox 387 3345 1904 3431">
    <p class='ocr_par' dir='ltr' id='par_1_33' title="bbox 387 3345 1904 3431">
     <span class='ocr_line' id='line_1_33' title="bbox 387 3345 1904 3431; baseline 0.01 -28"><span class='ocrx_word' id='word_1_212' title='bbox 387 3345 546 3404; x_wconf 73' lang='lat' dir='ltr'><strong>Auno</strong></span> <span class='ocrx_word' id='word_1_213' title='bbox 588 3349 697 3405; x_wconf 70' lang='grc'><strong>847</strong></span> <span class='ocrx_word' id='word_1_214' title='bbox 747 3352 965 3423; x_wconf 86' lang='lat' dir='ltr'><strong>scripsit</strong></span> <span class='ocrx_word' id='word_1_215' title='bbox 1006 3353 1446 3429; x_wconf 76' lang='lat' dir='ltr'><strong>archiepiscopus</strong></span> <span class='ocrx_word' id='word_1_216' title='bbox 1491 3353 1784 3431; x_wconf 68' lang='lat' dir='ltr'><strong>Epistulam</strong></span> <span class='ocrx_word' id='word_1_217' title='bbox 1834 3362 1904 3418; x_wconf 88' lang='lat' dir='ltr'><strong>ad</strong></span> 
     </span>
    </p>
   </div>
   <div class='ocr_carea' id='block_1_34' title="bbox 322 3438 1906 3527">
    <p class='ocr_par' dir='ltr' id='par_1_34' title="bbox 322 3438 1906 3527">
     <span class='ocr_line' id='line_1_34' title="bbox 322 3438 1906 3527; baseline 0.013 -33"><span class='ocrx_word' id='word_1_218' title='bbox 322 3438 690 3497; x_wconf 71' lang='lat' dir='ltr'><strong>Hebaardum</strong></span> <span class='ocrx_word' id='word_1_219' title='bbox 739 3447 978 3502; x_wconf 77' lang='lat' dir='ltr'><strong>comitem</strong></span> <span class='ocrx_word' id='word_1_220' title='bbox 1024 3457 1216 3504; x_wconf 80' lang='lat' dir='ltr'><strong>contra</strong></span> <span class='ocrx_word' id='word_1_221' title='bbox 1262 3446 1664 3523; x_wconf 80' lang='lat' dir='ltr'><strong>Gotescalcum,</strong></span> <span class='ocrx_word' id='word_1_222' title='bbox 1695 3472 1817 3527; x_wconf 80' lang='lat' dir='ltr'><strong>quae</strong></span> <span class='ocrx_word' id='word_1_223' title='bbox 1844 3458 1906 3513; x_wconf 83' lang='lat' dir='ltr'><strong>in</strong></span> 
     </span>
    </p>
   </div>
   <div class='ocr_carea' id='block_1_35' title="bbox 315 3533 1533 3608">
    <p class='ocr_par' dir='ltr' id='par_1_35' title="bbox 315 3533 1533 3608">
     <span class='ocr_line' id='line_1_35' title="bbox 315 3533 1533 3608; baseline 0.01 -21"><span class='ocrx_word' id='word_1_224' title='bbox 315 3533 555 3590; x_wconf 87' lang='lat' dir='ltr'><strong>editione</strong></span> <span class='ocrx_word' id='word_1_225' title='bbox 576 3535 785 3608; x_wconf 85' lang='lat' dir='ltr'><strong>Ughelli</strong></span> <span class='ocrx_word' id='word_1_226' title='bbox 816 3539 936 3594; x_wconf 88' lang='lat' dir='ltr'><strong>data</strong></span> <span class='ocrx_word' id='word_1_227' title='bbox 963 3540 1160 3596; x_wconf 90' lang='lat' dir='ltr'><strong>dicitur</strong></span> <span class='ocrx_word' id='word_1_228' title='bbox 1180 3557 1215 3596; x_wconf 84' lang='lat' dir='ltr'><strong>x</strong></span> <span class='ocrx_word' id='word_1_229' title='bbox 1243 3540 1361 3599; x_wconf 82' lang='lat' dir='ltr'><strong>Kal.</strong></span> <span class='ocrx_word' id='word_1_230' title='bbox 1388 3541 1533 3599; x_wconf 84' lang='lat' dir='ltr'><strong>Maii.</strong></span> 
     </span>
    </p>
   </div>
   <div class='ocr_carea' id='block_1_36' title="bbox 386 3624 1905 3707">
    <p class='ocr_par' dir='ltr' id='par_1_36' title="bbox 386 3624 1905 3707">
     <span class='ocr_line' id='line_1_36' title="bbox 386 3624 1905 3707; baseline 0.011 -26"><span class='ocrx_word' id='word_1_231' title='bbox 386 3624 528 3682; x_wconf 83' lang='lat' dir='ltr'><strong>Item</strong></span> <span class='ocrx_word' id='word_1_232' title='bbox 556 3628 747 3685; x_wconf 85' lang='lat' dir='ltr'><strong>eodem</strong></span> <span class='ocrx_word' id='word_1_233' title='bbox 774 3646 914 3686; x_wconf 86' lang='lat' dir='ltr'><strong>anno</strong></span> <span class='ocrx_word' id='word_1_234' title='bbox 942 3632 1045 3687; x_wconf 74' lang='grc'><strong>847</strong></span> <span class='ocrx_word' id='word_1_235' title='bbox 1077 3634 1289 3690; x_wconf 88' lang='lat' dir='ltr'><strong>concilii</strong></span> <span class='ocrx_word' id='word_1_236' title='bbox 1325 3633 1781 3707; x_wconf 75' lang='lat' dir='ltr'><strong>Moguntiacensis</strong></span> <span class='ocrx_word' id='word_1_237' title='bbox 1816 3659 1905 3696; x_wconf 83' lang='lat' dir='ltr'><strong>ca-</strong></span> 
     </span>
    </p>
   </div>
   <div class='ocr_carea' id='block_1_37' title="bbox 314 3720 1556 3797">
    <p class='ocr_par' dir='ltr' id='par_1_37' title="bbox 314 3720 1556 3797">
     <span class='ocr_line' id='line_1_37' title="bbox 314 3720 1556 3797; baseline 0.01 -23"><span class='ocrx_word' id='word_1_238' title='bbox 314 3735 483 3775; x_wconf 66' lang='lat' dir='ltr'><strong>nones</strong></span> <span class='ocrx_word' id='word_1_239' title='bbox 505 3720 779 3779; x_wconf 83' lang='lat' dir='ltr'><strong>Ludovico</strong></span> <span class='ocrx_word' id='word_1_240' title='bbox 798 3726 909 3796; x_wconf 86' lang='lat' dir='ltr'><strong>regi</strong></span> <span class='ocrx_word' id='word_1_241' title='bbox 939 3726 1063 3781; x_wconf 85' lang='lat' dir='ltr'><strong>data</strong></span> <span class='ocrx_word' id='word_1_242' title='bbox 1091 3728 1315 3797; x_wconf 89' lang='lat' dir='ltr'><strong>epistola</strong></span> <span class='ocrx_word' id='word_1_243' title='bbox 1340 3731 1556 3787; x_wconf 68' lang='lat' dir='ltr'><strong>obtulit.</strong></span> 
     </span>
    </p>
   </div>
   <div class='ocr_carea' id='block_1_38' title="bbox 388 3810 1905 3890">
    <p class='ocr_par' dir='ltr' id='par_1_38' title="bbox 388 3810 1905 3890">
     <span class='ocr_line' id='line_1_38' title="bbox 388 3810 1905 3890; baseline 0.012 -26"><span class='ocrx_word' id='word_1_244' title='bbox 388 3810 546 3866; x_wconf 81' lang='lat' dir='ltr'><strong>Anno</strong></span> <span class='ocrx_word' id='word_1_245' title='bbox 566 3815 811 3884; x_wconf 81' lang='lat' dir='ltr'><strong>sequenti</strong></span> <span class='ocrx_word' id='word_1_246' title='bbox 840 3816 1022 3872; x_wconf 85' lang='lat' dir='ltr'><strong>habita</strong></span> <span class='ocrx_word' id='word_1_247' title='bbox 1046 3819 1249 3890; x_wconf 83' lang='lat' dir='ltr'><strong>synodo</strong></span> <span class='ocrx_word' id='word_1_248' title='bbox 1293 3830 1483 3878; x_wconf 87' lang='lat' dir='ltr'><strong>contra</strong></span> <span class='ocrx_word' id='word_1_249' title='bbox 1524 3822 1905 3881; x_wconf 87' lang='lat' dir='ltr'><strong>Gotescalcum</strong></span> 
     </span>
    </p>
   </div>
   <div class='ocr_carea' id='block_1_39' title="bbox 314 3902 1906 3976">
    <p class='ocr_par' dir='ltr' id='par_1_39' title="bbox 314 3902 1906 3976">
     <span class='ocr_line' id='line_1_39' title="bbox 314 3902 1906 3976; baseline 0.011 -20"><span class='ocrx_word' id='word_1_250' title='bbox 314 3902 536 3973; x_wconf 87' lang='lat' dir='ltr'><strong>scripsit</strong></span> <span class='ocrx_word' id='word_1_251' title='bbox 565 3904 632 3959; x_wconf 91' lang='lat' dir='ltr'><strong>de</strong></span> <span class='ocrx_word' id='word_1_252' title='bbox 654 3920 718 3960; x_wconf 91' lang='lat' dir='ltr'><strong>eo</strong></span> <span class='ocrx_word' id='word_1_253' title='bbox 744 3906 1024 3976; x_wconf 88' lang='lat' dir='ltr'><strong>epistolam</strong></span> <span class='ocrx_word' id='word_1_254' title='bbox 1052 3911 1120 3965; x_wconf 90' lang='lat' dir='ltr'><strong>ad</strong></span> <span class='ocrx_word' id='word_1_255' title='bbox 1146 3908 1497 3968; x_wconf 86' lang='lat' dir='ltr'><strong>Hincmarum</strong></span> <span class='ocrx_word' id='word_1_256' title='bbox 1545 3914 1906 3973; x_wconf 82' lang='lat' dir='ltr'><strong>Rhemensem</strong></span> 
     </span>
    </p>
   </div>
   <div class='ocr_carea' id='block_1_40' title="bbox 314 3995 1906 4079">
    <p class='ocr_par' dir='ltr' id='par_1_40' title="bbox 314 3995 1906 4079">
     <span class='ocr_line' id='line_1_40' title="bbox 314 3995 1906 4079; baseline 0.01 -32"><span class='ocrx_word' id='word_1_257' title='bbox 314 3995 652 4065; x_wconf 83' lang='lat' dir='ltr'><strong>episcopum,</strong></span> <span class='ocrx_word' id='word_1_258' title='bbox 690 4000 779 4054; x_wconf 87' lang='lat' dir='ltr'><strong>cui</strong></span> <span class='ocrx_word' id='word_1_259' title='bbox 799 3998 1173 4057; x_wconf 81' lang='lat' dir='ltr'><strong>Gotescalcum</strong></span> <span class='ocrx_word' id='word_1_260' title='bbox 1201 4004 1410 4061; x_wconf 86' lang='lat' dir='ltr'><strong>remisit</strong></span> <span class='ocrx_word' id='word_1_261' title='bbox 1436 4024 1449 4059; x_wconf 89' lang='lat'><strong>:</strong></span> <span class='ocrx_word' id='word_1_262' title='bbox 1473 4013 1528 4060; x_wconf 92' lang='lat' dir='ltr'><strong>et</strong></span> <span class='ocrx_word' id='word_1_263' title='bbox 1552 4017 1674 4076; x_wconf 88' lang='lat' dir='ltr'><strong>post</strong></span> <span class='ocrx_word' id='word_1_264' title='bbox 1699 4008 1906 4079; x_wconf 87' lang='lat' dir='ltr'><strong>aliquot</strong></span> 
     </span>
    </p>
   </div>
   <div class='ocr_carea' id='block_1_41' title="bbox 317 4087 1907 4167">
    <p class='ocr_par' dir='ltr' id='par_1_41' title="bbox 317 4087 1907 4167">
     <span class='ocr_line' id='line_1_41' title="bbox 317 4087 1907 4167; baseline 0.012 -30"><span class='ocrx_word' id='word_1_265' title='bbox 317 4099 489 4141; x_wconf 82' lang='lat' dir='ltr'><strong>annos</strong></span> <span class='ocrx_word' id='word_1_266' title='bbox 525 4087 685 4143; x_wconf 88' lang='lat' dir='ltr'><strong>aliam</strong></span> <span class='ocrx_word' id='word_1_267' title='bbox 719 4091 891 4146; x_wconf 88' lang='lat' dir='ltr'><strong>eidem</strong></span> <span class='ocrx_word' id='word_1_268' title='bbox 920 4093 987 4148; x_wconf 91' lang='lat' dir='ltr'><strong>de</strong></span> <span class='ocrx_word' id='word_1_269' title='bbox 1013 4094 1202 4150; x_wconf 89' lang='lat' dir='ltr'><strong>eodem</strong></span> <span class='ocrx_word' id='word_1_270' title='bbox 1238 4096 1378 4167; x_wconf 87' lang='lat' dir='ltr'><strong>typis</strong></span> <span class='ocrx_word' id='word_1_271' title='bbox 1406 4113 1438 4152; x_wconf 89' lang='lat' dir='ltr'><strong>a</strong></span> <span class='ocrx_word' id='word_1_272' title='bbox 1464 4097 1753 4155; x_wconf 83' lang='lat' dir='ltr'><strong>Sirmondo</strong></span> <span class='ocrx_word' id='word_1_273' title='bbox 1789 4101 1907 4155; x_wconf 88' lang='lat' dir='ltr'><strong>vul-</strong></span> 
     </span>
    </p>
   </div>
   <div class='ocr_carea' id='block_1_42' title="bbox 317 4179 1907 4258">
    <p class='ocr_par' dir='ltr' id='par_1_42' title="bbox 317 4179 1907 4258">
     <span class='ocr_line' id='line_1_42' title="bbox 317 4179 1907 4258; baseline 0.011 -29"><span class='ocrx_word' id='word_1_274' title='bbox 317 4185 501 4247; x_wconf 86' lang='lat' dir='ltr'><strong>gatam</strong></span> <span class='ocrx_word' id='word_1_275' title='bbox 527 4179 742 4235; x_wconf 78' lang='lat' dir='ltr'><strong>direxit.</strong></span> <span class='ocrx_word' id='word_1_276' title='bbox 772 4181 856 4236; x_wconf 88' lang='lat' dir='ltr'><strong>Ad</strong></span> <span class='ocrx_word' id='word_1_277' title='bbox 881 4182 1025 4239; x_wconf 85' lang='lat' dir='ltr'><strong>hunc</strong></span> <span class='ocrx_word' id='word_1_278' title='bbox 1050 4185 1217 4240; x_wconf 89' lang='lat' dir='ltr'><strong>etiam</strong></span> <span class='ocrx_word' id='word_1_279' title='bbox 1258 4200 1482 4255; x_wconf 85' lang='lat' dir='ltr'><strong>annum,</strong></span> <span class='ocrx_word' id='word_1_280' title='bbox 1527 4204 1633 4258; x_wconf 91' lang='lat' dir='ltr'><strong>quo</strong></span> <span class='ocrx_word' id='word_1_281' title='bbox 1673 4189 1907 4246; x_wconf 83' lang='lat' dir='ltr'><strong>Ludovi—</strong></span> 
     </span>
    </p>
   </div>
   <div class='ocr_carea' id='block_1_43' title="bbox 316 4271 1905 4352">
    <p class='ocr_par' dir='ltr' id='par_1_43' title="bbox 316 4271 1905 4352">
     <span class='ocr_line' id='line_1_43' title="bbox 316 4271 1905 4352; baseline 0.009 -29"><span class='ocrx_word' id='word_1_282' title='bbox 316 4284 416 4324; x_wconf 89' lang='lat' dir='ltr'><strong>cus</strong></span> <span class='ocrx_word' id='word_1_283' title='bbox 447 4286 542 4325; x_wconf 79' lang='lat' dir='ltr'><strong>rex</strong></span> <span class='ocrx_word' id='word_1_284' title='bbox 564 4271 884 4345; x_wconf 79' lang='lat' dir='ltr'><strong>Mogontiaci</strong></span> <span class='ocrx_word' id='word_1_285' title='bbox 906 4276 1165 4347; x_wconf 88' lang='lat' dir='ltr'><strong>placitum</strong></span> <span class='ocrx_word' id='word_1_286' title='bbox 1188 4279 1445 4336; x_wconf 83' lang='lat' dir='ltr'><strong>habuisse</strong></span> <span class='ocrx_word' id='word_1_287' title='bbox 1481 4282 1802 4352; x_wconf 76' lang='lat' dir='ltr'><strong>perhibetur</strong></span> <span class='ocrx_word' id='word_1_288' title='bbox 1844 4284 1905 4339; x_wconf 84' lang='lat' dir='ltr'><strong>in</strong></span> 
     </span>
    </p>
   </div>
   <div class='ocr_carea' id='block_1_44' title="bbox 315 4359 1905 4433">
    <p class='ocr_par' dir='ltr' id='par_1_44' title="bbox 315 4359 1905 4433">
     <span class='ocr_line' id='line_1_44' title="bbox 315 4359 1905 4433; baseline 0.008 -19"><span class='ocrx_word' id='word_1_289' title='bbox 315 4359 618 4418; x_wconf 84' lang='lat' dir='ltr'><strong>Annalibus</strong></span> <span class='ocrx_word' id='word_1_290' title='bbox 634 4363 1011 4433; x_wconf 83' lang='lat' dir='ltr'><strong>Fuldensibus,</strong></span> <span class='ocrx_word' id='word_1_291' title='bbox 1037 4370 1394 4424; x_wconf 80' lang='lat' dir='ltr'><strong>revocandam</strong></span> <span class='ocrx_word' id='word_1_292' title='bbox 1416 4372 1674 4427; x_wconf 77' lang='lat' dir='ltr'><strong>existimo</strong></span> <span class='ocrx_word' id='word_1_293' title='bbox 1694 4372 1905 4428; x_wconf 80' lang='lat' dir='ltr'><strong>Rabani</strong></span> 
     </span>
    </p>
   </div>
   <div class='ocr_carea' id='block_1_45' title="bbox 318 4452 1905 4536">
    <p class='ocr_par' dir='ltr' id='par_1_45' title="bbox 318 4452 1905 4536">
     <span class='ocr_line' id='line_1_45' title="bbox 318 4452 1905 4536; baseline 0.011 -31"><span class='ocrx_word' id='word_1_294' title='bbox 318 4452 603 4522; x_wconf 88' lang='lat' dir='ltr'><strong>epistolam</strong></span> <span class='ocrx_word' id='word_1_295' title='bbox 620 4456 691 4512; x_wconf 88' lang='lat' dir='ltr'><strong>ad</strong></span> <span class='ocrx_word' id='word_1_296' title='bbox 718 4456 1129 4530; x_wconf 81' lang='lat' dir='ltr'><strong>Begimbaldum</strong></span> <span class='ocrx_word' id='word_1_297' title='bbox 1150 4462 1594 4534; x_wconf 88' lang='lat' dir='ltr'><strong>chorepiscopum</strong></span> <span class='ocrx_word' id='word_1_298' title='bbox 1620 4464 1687 4521; x_wconf 92' lang='lat' dir='ltr'><strong>de</strong></span> <span class='ocrx_word' id='word_1_299' title='bbox 1728 4466 1905 4536; x_wconf 80' lang='grc' dir='ltr'><strong>ι)ωηί-</strong></span> 
     </span>
    </p>
   </div>
   <div class='ocr_carea' id='block_1_46' title="bbox 318 4545 1906 4617">
    <p class='ocr_par' dir='ltr' id='par_1_46' title="bbox 318 4545 1906 4617">
     <span class='ocr_line' id='line_1_46' title="bbox 318 4545 1906 4617; baseline 0.011 -18"><span class='ocrx_word' id='word_1_300' title='bbox 318 4545 634 4604; x_wconf 89' lang='lat' dir='ltr'><strong>tentialibus</strong></span> <span class='ocrx_word' id='word_1_301' title='bbox 653 4548 832 4617; x_wconf 80' lang='lat' dir='ltr'><strong>iactis,</strong></span> <span class='ocrx_word' id='word_1_302' title='bbox 862 4552 917 4607; x_wconf 88' lang='lat' dir='ltr'><strong>in</strong></span> <span class='ocrx_word' id='word_1_303' title='bbox 944 4569 1081 4609; x_wconf 91' lang='lat' dir='ltr'><strong>nova</strong></span> <span class='ocrx_word' id='word_1_304' title='bbox 1106 4553 1470 4612; x_wconf 84' lang='lat' dir='ltr'><strong>Conciliorum</strong></span> <span class='ocrx_word' id='word_1_305' title='bbox 1499 4558 1733 4615; x_wconf 89' lang='lat' dir='ltr'><strong>editione</strong></span> <span class='ocrx_word' id='word_1_306' title='bbox 1759 4568 1906 4617; x_wconf 88' lang='lat' dir='ltr'><strong>tomo</strong></span> 
     </span>
    </p>
   </div>
   <div class='ocr_carea' id='block_1_47' title="bbox 1932 3319 1979 3383">
    <p class='ocr_par' dir='ltr' id='par_1_47' title="bbox 1932 3319 1979 3383">
     <span class='ocr_line' id='line_1_47' title="bbox 1932 3319 1979 3383; baseline 0 0"><span class='ocrx_word' id='word_1_307' title='bbox 1932 3319 1979 3383; x_wconf 90' lang='lat' dir='ltr'>C</span> 
     </span>
    </p>
   </div>
   <div class='ocr_carea' id='block_1_48' title="bbox 2022 680 3602 764">
    <p class='ocr_par' dir='ltr' id='par_1_48' title="bbox 2022 680 3602 764">
     <span class='ocr_line' id='line_1_48' title="bbox 2022 680 3602 764; baseline 0.01 -31"><span class='ocrx_word' id='word_1_308' title='bbox 2022 680 2239 735; x_wconf 84' lang='lat' dir='ltr'><strong>nomine</strong></span> <span class='ocrx_word' id='word_1_309' title='bbox 2270 680 2510 751; x_wconf 72' lang='lat' dir='ltr'><strong>epistola:</strong></span> <span class='ocrx_word' id='word_1_310' title='bbox 2536 682 2742 738; x_wconf 80' lang='lat' dir='ltr'><strong>Rabani</strong></span> <span class='ocrx_word' id='word_1_311' title='bbox 2762 725 2777 750; x_wconf 93' lang='lat'><strong>,</strong></span> <span class='ocrx_word' id='word_1_312' title='bbox 2806 684 3006 742; x_wconf 80' lang='lat' dir='ltr'><strong>mentio</strong></span> <span class='ocrx_word' id='word_1_313' title='bbox 3030 688 3353 758; x_wconf 56' lang='lat' dir='ltr'><strong>“epistola</strong></span> <span class='ocrx_word' id='word_1_314' title='bbox 3376 692 3446 747; x_wconf 86' lang='lat' dir='ltr'><strong>ad</strong></span> <span class='ocrx_word' id='word_1_315' title='bbox 3471 692 3602 764; x_wconf 77' lang='lat' dir='ltr'><strong>Egi-</strong></span> 
     </span>
    </p>
   </div>
   <div class='ocr_carea' id='block_1_49' title="bbox 2021 769 3604 853">
    <p class='ocr_par' dir='ltr' id='par_1_49' title="bbox 2021 769 3604 853">
     <span class='ocr_line' id='line_1_49' title="bbox 2021 769 3604 853; baseline 0.009 -27"><span class='ocrx_word' id='word_1_316' title='bbox 2021 769 2198 828; x_wconf 88' lang='lat' dir='ltr'><strong>lonem</strong></span> <span class='ocrx_word' id='word_1_317' title='bbox 2226 772 2497 841; x_wconf 86' lang='lat' dir='ltr'><strong>abbatem,</strong></span> <span class='ocrx_word' id='word_1_318' title='bbox 2534 789 2598 830; x_wconf 92' lang='lat' dir='ltr'><strong>ac</strong></span> <span class='ocrx_word' id='word_1_319' title='bbox 2618 776 2842 847; x_wconf 86' lang='lat' dir='ltr'><strong>proinde</strong></span> <span class='ocrx_word' id='word_1_320' title='bbox 2870 779 3096 849; x_wconf 80' lang='lat' dir='ltr'><strong>epistola</strong></span> <span class='ocrx_word' id='word_1_321' title='bbox 3122 781 3192 835; x_wconf 75' lang='lat' dir='ltr'><strong>ad</strong></span> <span class='ocrx_word' id='word_1_322' title='bbox 3228 781 3604 853; x_wconf 76' lang='lat' dir='ltr'><strong>Heribaldum,</strong></span> 
     </span>
    </p>
   </div>
   <div class='ocr_carea' id='block_1_50' title="bbox 2022 862 3599 944">
    <p class='ocr_par' dir='ltr' id='par_1_50' title="bbox 2022 862 3599 944">
     <span class='ocr_line' id='line_1_50' title="bbox 2022 862 3599 944; baseline 0.009 -26"><span class='ocrx_word' id='word_1_323' title='bbox 2022 864 2113 934; x_wconf 88' lang='lat' dir='ltr'><strong>qui</strong></span> <span class='ocrx_word' id='word_1_324' title='bbox 2142 862 2296 920; x_wconf 82' lang='lat' dir='ltr'><strong>Liber</strong></span> <span class='ocrx_word' id='word_1_325' title='bbox 2316 867 2685 938; x_wconf 61' lang='lat' dir='ltr'><strong>pauitantia“:</strong></span> <span class='ocrx_word' id='word_1_326' title='bbox 2725 870 2865 939; x_wconf 84' lang='lat' dir='ltr'><strong>apud</strong></span> <span class='ocrx_word' id='word_1_327' title='bbox 2895 867 3225 929; x_wconf 78' lang='lat' dir='ltr'><strong>Steva&#39;rtium</strong></span> <span class='ocrx_word' id='word_1_328' title='bbox 3268 875 3599 944; x_wconf 76' lang='lat' dir='ltr'><strong>inscribitur,</strong></span> 
     </span>
    </p>
   </div>
   <div class='ocr_carea' id='block_1_51' title="bbox 2020 953 3597 1038">
    <p class='ocr_par' dir='ltr' id='par_1_51' title="bbox 2020 953 3597 1038">
     <span class='ocr_line' id='line_1_51' title="bbox 2020 953 3597 1038; baseline 0.008 -28"><span class='ocrx_word' id='word_1_329' title='bbox 2020 953 2295 1026; x_wconf 88' lang='lat' dir='ltr'><strong>aliquanto</strong></span> <span class='ocrx_word' id='word_1_330' title='bbox 2318 967 2559 1029; x_wconf 91' lang='lat' dir='ltr'><strong>tempore</strong></span> <span class='ocrx_word' id='word_1_331' title='bbox 2578 968 2701 1029; x_wconf 88' lang='lat' dir='ltr'><strong>post</strong></span> <span class='ocrx_word' id='word_1_332' title='bbox 2731 961 2895 1017; x_wconf 87' lang='lat' dir='ltr'><strong>aliam</strong></span> <span class='ocrx_word' id='word_1_333' title='bbox 2923 963 2993 1017; x_wconf 84' lang='lat' dir='ltr'><strong>ad</strong></span> <span class='ocrx_word' id='word_1_334' title='bbox 3010 963 3238 1034; x_wconf 79' lang='lat' dir='ltr'><strong>Eigilem</strong></span> <span class='ocrx_word' id='word_1_335' title='bbox 3267 958 3597 1038; x_wconf 30' lang='lat' dir='ltr'><strong>seripta‘est,</strong></span> 
     </span>
    </p>
   </div>
   <div class='ocr_carea' id='block_1_52' title="bbox 2021 1048 3601 1130">
    <p class='ocr_par' dir='ltr' id='par_1_52' title="bbox 2021 1048 3601 1130">
     <span class='ocr_line' id='line_1_52' title="bbox 2021 1048 3601 1130; baseline 0.007 -27"><span class='ocrx_word' id='word_1_336' title='bbox 2021 1064 2086 1104; x_wconf 91' lang='lat' dir='ltr'><strong>ac</strong></span> <span class='ocrx_word' id='word_1_337' title='bbox 2107 1048 2336 1106; x_wconf 82' lang='lat' dir='ltr'><strong>fortasse</strong></span> <span class='ocrx_word' id='word_1_338' title='bbox 2380 1060 2653 1121; x_wconf 82' lang='lat' dir='ltr'><strong>postrema</strong></span> <span class='ocrx_word' id='word_1_339' title='bbox 2683 1068 2910 1124; x_wconf 84' lang='lat' dir='ltr'><strong>operum</strong></span> <span class='ocrx_word' id='word_1_340' title='bbox 2945 1055 3170 1124; x_wconf 82' lang='lat' dir='ltr'><strong>Rabani,</strong></span> <span class='ocrx_word' id='word_1_341' title='bbox 3216 1072 3342 1128; x_wconf 69' lang='lat' dir='ltr'><strong>quae</strong></span> <span class='ocrx_word' id='word_1_342' title='bbox 3378 1060 3601 1130; x_wconf 80' lang='lat' dir='ltr'><strong>quidem</strong></span> 
     </span>
    </p>
   </div>
   <div class='ocr_carea' id='block_1_53' title="bbox 2018 1141 3600 1209">
    <p class='ocr_par' dir='ltr' id='par_1_53' title="bbox 2018 1141 3600 1209">
     <span class='ocr_line' id='line_1_53' title="bbox 2018 1141 3600 1209; baseline 0.007 -11"><span class='ocrx_word' id='word_1_343' title='bbox 2018 1141 2301 1199; x_wconf 87' lang='lat' dir='ltr'><strong>habemus.</strong></span> <span class='ocrx_word' id='word_1_344' title='bbox 2328 1144 2567 1201; x_wconf 86' lang='lat' dir='ltr'><strong>Adamus</strong></span> <span class='ocrx_word' id='word_1_345' title='bbox 2593 1144 2900 1204; x_wconf 88' lang='lat' dir='ltr'><strong>Bremensis</strong></span> <span class='ocrx_word' id='word_1_346' title='bbox 2927 1151 3223 1207; x_wconf 81' lang='lat' dir='ltr'><strong>canonicos</strong></span> <span class='ocrx_word' id='word_1_347' title='bbox 3258 1152 3317 1207; x_wconf 90' lang='lat' dir='ltr'><strong>in</strong></span> <span class='ocrx_word' id='word_1_348' title='bbox 3347 1151 3600 1209; x_wconf 63' lang='lat' dir='ltr'><strong>Historia</strong></span> 
     </span>
    </p>
   </div>
   <div class='ocr_carea' id='block_1_54' title="bbox 2019 1236 3604 1316">
    <p class='ocr_par' dir='ltr' id='par_1_54' title="bbox 2019 1236 3604 1316">
     <span class='ocr_line' id='line_1_54' title="bbox 2019 1236 3604 1316; baseline 0.006 -25"><span class='ocrx_word' id='word_1_349' title='bbox 2019 1236 2402 1293; x_wconf 62' lang='lat' dir='ltr'><strong>ecclesiasticae</strong></span> <span class='ocrx_word' id='word_1_350' title='bbox 2416 1253 2533 1309; x_wconf 88' lang='lat' dir='ltr'><strong>cap.</strong></span> <span class='ocrx_word' id='word_1_351' title='bbox 2561 1239 2632 1293; x_wconf 75' lang='lat'><strong>22</strong></span> <span class='ocrx_word' id='word_1_352' title='bbox 2656 1242 2987 1297; x_wconf 86' lang='lat' dir='ltr'><strong>mentionem</strong></span> <span class='ocrx_word' id='word_1_353' title='bbox 3013 1244 3140 1299; x_wconf 60' lang='lat' dir='ltr'><strong>iacit</strong></span> <span class='ocrx_word' id='word_1_354' title='bbox 3162 1245 3604 1316; x_wconf 74' lang='lat' dir='ltr'><strong>capitulillabani</strong></span> 
     </span>
    </p>
   </div>
   <div class='ocr_carea' id='block_1_55' title="bbox 2019 1325 3605 1409">
    <p class='ocr_par' dir='ltr' id='par_1_55' title="bbox 2019 1325 3605 1409">
     <span class='ocr_line' id='line_1_55' title="bbox 2019 1325 3605 1409; baseline 0.009 -28"><span class='ocrx_word' id='word_1_355' title='bbox 2019 1325 2083 1382; x_wconf 81' lang='lat' dir='ltr'><strong>de</strong></span> <span class='ocrx_word' id='word_1_356' title='bbox 2117 1329 2261 1398; x_wconf 82' lang='lat' dir='ltr'><strong>fama</strong></span> <span class='ocrx_word' id='word_1_357' title='bbox 2294 1326 2493 1386; x_wconf 77' lang='lat' dir='ltr'><strong>Ebonis</strong></span> <span class='ocrx_word' id='word_1_358' title='bbox 2538 1332 2804 1404; x_wconf 79' lang='lat' dir='ltr'><strong>ambigua.</strong></span> <span class='ocrx_word' id='word_1_359' title='bbox 2850 1334 3006 1403; x_wconf 83' lang='lat' dir='ltr'><strong>Quod</strong></span> <span class='ocrx_word' id='word_1_360' title='bbox 3050 1336 3348 1407; x_wconf 82' lang='lat' dir='ltr'><strong>capitulum</strong></span> <span class='ocrx_word' id='word_1_361' title='bbox 3392 1348 3605 1409; x_wconf 68' lang='lat' dir='ltr'><strong>postne-</strong></span> 
     </span>
    </p>
   </div>
   <div class='ocr_carea' id='block_1_56' title="bbox 2020 1422 3604 1494">
    <p class='ocr_par' dir='ltr' id='par_1_56' title="bbox 2020 1422 3604 1494">
     <span class='ocr_line' id='line_1_56' title="bbox 2020 1422 3604 1494; baseline 0.008 -20"><span class='ocrx_word' id='word_1_362' title='bbox 2020 1433 2168 1474; x_wconf 89' lang='lat' dir='ltr'><strong>mum</strong></span> <span class='ocrx_word' id='word_1_363' title='bbox 2193 1428 2372 1476; x_wconf 77' lang='lat' dir='ltr'><strong>exstat</strong></span> <span class='ocrx_word' id='word_1_364' title='bbox 2393 1422 2447 1476; x_wconf 92' lang='lat' dir='ltr'><strong>in</strong></span> <span class='ocrx_word' id='word_1_365' title='bbox 2490 1422 2716 1494; x_wconf 87' lang='lat' dir='ltr'><strong>epistola</strong></span> <span class='ocrx_word' id='word_1_366' title='bbox 2761 1425 2829 1479; x_wconf 88' lang='lat' dir='ltr'><strong>ad</strong></span> <span class='ocrx_word' id='word_1_367' title='bbox 2877 1424 3245 1483; x_wconf 76' lang='lat' dir='ltr'><strong>Heribaldum.</strong></span> <span class='ocrx_word' id='word_1_368' title='bbox 3298 1427 3426 1484; x_wconf 71' lang='lat' dir='ltr'><strong>Hice</strong></span> <span class='ocrx_word' id='word_1_369' title='bbox 3477 1439 3604 1486; x_wconf 87' lang='lat' dir='ltr'><strong>sunt</strong></span> 
     </span>
    </p>
   </div>
   <div class='ocr_carea' id='block_1_57' title="bbox 2016 1510 3601 1590">
    <p class='ocr_par' dir='ltr' id='par_1_57' title="bbox 2016 1510 3601 1590">
     <span class='ocr_line' id='line_1_57' title="bbox 2016 1510 3601 1590; baseline 0.009 -27"><span class='ocrx_word' id='word_1_370' title='bbox 2016 1524 2140 1580; x_wconf 64' lang='lat' dir='ltr'><strong>qua:</strong></span> <span class='ocrx_word' id='word_1_371' title='bbox 2166 1511 2233 1565; x_wconf 94' lang='lat' dir='ltr'><strong>de</strong></span> <span class='ocrx_word' id='word_1_372' title='bbox 2261 1510 2470 1567; x_wconf 78' lang='lat' dir='ltr'><strong>Rabani</strong></span> <span class='ocrx_word' id='word_1_373' title='bbox 2508 1513 2726 1586; x_wconf 86' lang='lat' dir='ltr'><strong>scriptis</strong></span> <span class='ocrx_word' id='word_1_374' title='bbox 2750 1515 3043 1575; x_wconf 87' lang='lat' dir='ltr'><strong>observare</strong></span> <span class='ocrx_word' id='word_1_375' title='bbox 3064 1518 3237 1590; x_wconf 86' lang='lat' dir='ltr'><strong>potui,</strong></span> <span class='ocrx_word' id='word_1_376' title='bbox 3252 1519 3355 1576; x_wconf 87' lang='lat' dir='ltr'><strong>alia</strong></span> <span class='ocrx_word' id='word_1_377' title='bbox 3370 1521 3601 1579; x_wconf 87' lang='lat' dir='ltr'><strong>aliorum</strong></span> 
     </span>
    </p>
   </div>
   <div class='ocr_carea' id='block_1_58' title="bbox 2018 1598 3602 1676">
    <p class='ocr_par' dir='ltr' id='par_1_58' title="bbox 2018 1598 3602 1676">
     <span class='ocr_line' id='line_1_58' title="bbox 2018 1598 3602 1676; baseline 0.006 -17"><span class='ocrx_word' id='word_1_378' title='bbox 2018 1602 2308 1676; x_wconf 70' lang='lat' dir='ltr'><strong>diligentia:</strong></span> <span class='ocrx_word' id='word_1_379' title='bbox 2331 1606 2605 1676; x_wconf 88' lang='lat' dir='ltr'><strong>permitto.</strong></span> <span class='ocrx_word' id='word_1_380' title='bbox 2666 1598 2667 1601; x_wconf 40' lang='grc'><em>“</em></span> <span class='ocrx_word' id='word_1_381' title='bbox 3599 1623 3602 1625; x_wconf 72' lang='lat'><strong>‘</strong></span> 
     </span>
    </p>
   </div>
   <div class='ocr_carea' id='block_1_59' title="bbox 2087 1694 3600 1769">
    <p class='ocr_par' dir='ltr' id='par_1_59' title="bbox 2087 1694 3600 1769">
     <span class='ocr_line' id='line_1_59' title="bbox 2087 1694 3600 1769; baseline 0.008 -18"><span class='ocrx_word' id='word_1_382' title='bbox 2087 1694 2177 1751; x_wconf 81' lang='lat'><strong>50.</strong></span> <span class='ocrx_word' id='word_1_383' title='bbox 2214 1696 2473 1769; x_wconf 90' lang='lat' dir='ltr'><strong>Superest</strong></span> <span class='ocrx_word' id='word_1_384' title='bbox 2504 1707 2566 1755; x_wconf 88' lang='lat' dir='ltr'><strong>ut</strong></span> <span class='ocrx_word' id='word_1_385' title='bbox 2618 1702 2988 1760; x_wconf 81' lang='lat' dir='ltr'><strong>examinemus</strong></span> <span class='ocrx_word' id='word_1_386' title='bbox 3036 1703 3144 1760; x_wconf 85' lang='lat' dir='ltr'><strong>hoc</strong></span> <span class='ocrx_word' id='word_1_387' title='bbox 3188 1704 3308 1762; x_wconf 89' lang='lat' dir='ltr'><strong>loco</strong></span> <span class='ocrx_word' id='word_1_388' title='bbox 3348 1706 3600 1763; x_wconf 85' lang='lat' dir='ltr'><strong>nonnulla</strong></span> 
     </span>
    </p>
   </div>
   <div class='ocr_carea' id='block_1_60' title="bbox 2017 1788 3603 1870">
    <p class='ocr_par' dir='ltr' id='par_1_60' title="bbox 2017 1788 3603 1870">
     <span class='ocr_line' id='line_1_60' title="bbox 2017 1788 3603 1870; baseline 0.008 -27"><span class='ocrx_word' id='word_1_389' title='bbox 2017 1802 2137 1860; x_wconf 80' lang='lat' dir='ltr'><strong>quae</strong></span> <span class='ocrx_word' id='word_1_390' title='bbox 2171 1789 2224 1845; x_wconf 87' lang='lat' dir='ltr'><strong>in</strong></span> <span class='ocrx_word' id='word_1_391' title='bbox 2256 1788 2462 1847; x_wconf 80' lang='lat' dir='ltr'><strong>Rabani</strong></span> <span class='ocrx_word' id='word_1_392' title='bbox 2492 1793 2706 1865; x_wconf 89' lang='lat' dir='ltr'><strong>scriptis</strong></span> <span class='ocrx_word' id='word_1_393' title='bbox 2751 1797 3218 1854; x_wconf 85' lang='lat' dir='ltr'><strong>animadversione</strong></span> <span class='ocrx_word' id='word_1_394' title='bbox 3264 1799 3423 1870; x_wconf 84' lang='lat' dir='ltr'><strong>digna</strong></span> <span class='ocrx_word' id='word_1_395' title='bbox 3466 1816 3603 1855; x_wconf 88' lang='lat' dir='ltr'><strong>non-</strong></span> 
     </span>
    </p>
   </div>
   <div class='ocr_carea' id='block_1_61' title="bbox 2017 1881 3601 1962">
    <p class='ocr_par' dir='ltr' id='par_1_61' title="bbox 2017 1881 3601 1962">
     <span class='ocr_line' id='line_1_61' title="bbox 2017 1881 3601 1962; baseline 0.008 -28"><span class='ocrx_word' id='word_1_396' title='bbox 2017 1881 2177 1938; x_wconf 88' lang='lat' dir='ltr'><strong>nullis</strong></span> <span class='ocrx_word' id='word_1_397' title='bbox 2199 1881 2426 1940; x_wconf 80' lang='lat' dir='ltr'><strong>fortasse</strong></span> <span class='ocrx_word' id='word_1_398' title='bbox 2442 1885 2746 1942; x_wconf 79' lang='lat' dir='ltr'><strong>videantur.</strong></span> <span class='ocrx_word' id='word_1_399' title='bbox 2778 1887 2957 1944; x_wconf 89' lang='lat' dir='ltr'><strong>Unum</strong></span> <span class='ocrx_word' id='word_1_400' title='bbox 2983 1897 3087 1957; x_wconf 88' lang='lat' dir='ltr'><strong>est,</strong></span> <span class='ocrx_word' id='word_1_401' title='bbox 3121 1889 3267 1961; x_wconf 87' lang='lat' dir='ltr'><strong>quod</strong></span> <span class='ocrx_word' id='word_1_402' title='bbox 3292 1892 3348 1946; x_wconf 85' lang='lat' dir='ltr'><strong>in</strong></span> <span class='ocrx_word' id='word_1_403' title='bbox 3375 1892 3601 1962; x_wconf 87' lang='lat' dir='ltr'><strong>epistola</strong></span> 
     </span>
    </p>
   </div>
   <div class='ocr_carea' id='block_1_62' title="bbox 2012 1973 3598 2050">
    <p class='ocr_par' dir='ltr' id='par_1_62' title="bbox 2012 1973 3598 2050">
     <span class='ocr_line' id='line_1_62' title="bbox 2012 1973 3598 2050; baseline 0.006 -20"><span class='ocrx_word' id='word_1_404' title='bbox 2012 1989 2107 2030; x_wconf 89' lang='lat' dir='ltr'><strong>seu</strong></span> <span class='ocrx_word' id='word_1_405' title='bbox 2132 1973 2272 2031; x_wconf 89' lang='lat' dir='ltr'><strong>libro</strong></span> <span class='ocrx_word' id='word_1_406' title='bbox 2298 1977 2654 2048; x_wconf 88' lang='lat' dir='ltr'><strong>poenitentiali</strong></span> <span class='ocrx_word' id='word_1_407' title='bbox 2683 1980 2751 2034; x_wconf 87' lang='lat' dir='ltr'><strong>ad</strong></span> <span class='ocrx_word' id='word_1_408' title='bbox 2783 1980 3151 2050; x_wconf 78' lang='lat' dir='ltr'><strong>Heribaldum,</strong></span> <span class='ocrx_word' id='word_1_409' title='bbox 3202 1982 3598 2040; x_wconf 87' lang='lat' dir='ltr'><strong>Eucharistiam</strong></span> 
     </span>
    </p>
   </div>
   <div class='ocr_carea' id='block_1_63' title="bbox 2011 2066 3602 2145">
    <p class='ocr_par' dir='ltr' id='par_1_63' title="bbox 2011 2066 3602 2145">
     <span class='ocr_line' id='line_1_63' title="bbox 2011 2066 3602 2145; baseline 0.007 -25"><span class='ocrx_word' id='word_1_410' title='bbox 2011 2066 2249 2121; x_wconf 91' lang='lat' dir='ltr'><strong>secessui</strong></span> <span class='ocrx_word' id='word_1_411' title='bbox 2278 2066 2567 2123; x_wconf 77' lang='lat' dir='ltr'><strong>obnoxiam</strong></span> <span class='ocrx_word' id='word_1_412' title='bbox 2607 2069 2936 2128; x_wconf 88' lang='lat' dir='ltr'><strong>subobscure</strong></span> <span class='ocrx_word' id='word_1_413' title='bbox 2970 2071 3137 2141; x_wconf 89' lang='lat' dir='ltr'><strong>dicat,</strong></span> <span class='ocrx_word' id='word_1_414' title='bbox 3161 2081 3429 2145; x_wconf 87' lang='lat' dir='ltr'><strong>negetque</strong></span> <span class='ocrx_word' id='word_1_415' title='bbox 3457 2074 3513 2128; x_wconf 89' lang='lat' dir='ltr'><strong>in</strong></span> <span class='ocrx_word' id='word_1_416' title='bbox 3535 2088 3602 2131; x_wconf 92' lang='lat' dir='ltr'><strong>eo</strong></span> 
     </span>
    </p>
   </div>
   <div class='ocr_carea' id='block_1_64' title="bbox 2012 2160 3604 2237">
    <p class='ocr_par' dir='ltr' id='par_1_64' title="bbox 2012 2160 3604 2237">
     <span class='ocr_line' id='line_1_64' title="bbox 2012 2160 3604 2237; baseline 0.006 -24"><span class='ocrx_word' id='word_1_417' title='bbox 2012 2166 2349 2214; x_wconf 88' lang='lat' dir='ltr'><strong>sacramento</strong></span> <span class='ocrx_word' id='word_1_418' title='bbox 2377 2160 2641 2217; x_wconf 71' lang='lat' dir='ltr'><strong>contineri</strong></span> <span class='ocrx_word' id='word_1_419' title='bbox 2672 2162 2815 2218; x_wconf 90' lang='lat' dir='ltr'><strong>idem</strong></span> <span class='ocrx_word' id='word_1_420' title='bbox 2840 2162 3044 2221; x_wconf 85' lang='lat' dir='ltr'><strong>Christi</strong></span> <span class='ocrx_word' id='word_1_421' title='bbox 3092 2180 3290 2236; x_wconf 86' lang='lat' dir='ltr'><strong>corpus</strong></span> <span class='ocrx_word' id='word_1_422' title='bbox 3335 2168 3478 2237; x_wconf 87' lang='lat' dir='ltr'><strong>quod</strong></span> <span class='ocrx_word' id='word_1_423' title='bbox 3511 2177 3604 2223; x_wconf 76' lang='lat' dir='ltr'><strong>na-</strong></span> 
     </span>
    </p>
   </div>
   <div class='ocr_carea' id='block_1_65' title="bbox 2010 2252 3602 2328">
    <p class='ocr_par' dir='ltr' id='par_1_65' title="bbox 2010 2252 3602 2328">
     <span class='ocr_line' id='line_1_65' title="bbox 2010 2252 3602 2328; baseline 0.005 -22"><span class='ocrx_word' id='word_1_424' title='bbox 2010 2258 2127 2306; x_wconf 87' lang='lat' dir='ltr'><strong>tum</strong></span> <span class='ocrx_word' id='word_1_425' title='bbox 2153 2260 2235 2307; x_wconf 87' lang='lat' dir='ltr'><strong>est</strong></span> <span class='ocrx_word' id='word_1_426' title='bbox 2256 2253 2321 2308; x_wconf 89' lang='lat' dir='ltr'><strong>de</strong></span> <span class='ocrx_word' id='word_1_427' title='bbox 2346 2252 2517 2309; x_wconf 84' lang='lat' dir='ltr'><strong>Maria</strong></span> <span class='ocrx_word' id='word_1_428' title='bbox 2540 2255 2750 2324; x_wconf 79' lang='lat' dir='ltr'><strong>virgine</strong></span> <span class='ocrx_word' id='word_1_429' title='bbox 2781 2270 2797 2312; x_wconf 92' lang='lat'><strong>:</strong></span> <span class='ocrx_word' id='word_1_430' title='bbox 2828 2258 2971 2327; x_wconf 92' lang='lat' dir='ltr'><strong>quod</strong></span> <span class='ocrx_word' id='word_1_431' title='bbox 3014 2269 3346 2328; x_wconf 84' lang='lat' dir='ltr'><strong>postremum</strong></span> <span class='ocrx_word' id='word_1_432' title='bbox 3402 2259 3602 2316; x_wconf 91' lang='lat' dir='ltr'><strong>diserte</strong></span> 
     </span>
    </p>
   </div>
   <div class='ocr_carea' id='block_1_66' title="bbox 2011 2346 3602 2421">
    <p class='ocr_par' dir='ltr' id='par_1_66' title="bbox 2011 2346 3602 2421">
     <span class='ocr_line' id='line_1_66' title="bbox 2011 2346 3602 2421; baseline 0.003 -21"><span class='ocrx_word' id='word_1_433' title='bbox 2011 2346 2245 2402; x_wconf 91' lang='lat' dir='ltr'><strong>asseruit</strong></span> <span class='ocrx_word' id='word_1_434' title='bbox 2272 2346 2326 2401; x_wconf 94' lang='lat' dir='ltr'><strong>in</strong></span> <span class='ocrx_word' id='word_1_435' title='bbox 2356 2347 2583 2417; x_wconf 90' lang='lat' dir='ltr'><strong>epistola</strong></span> <span class='ocrx_word' id='word_1_436' title='bbox 2629 2349 2697 2405; x_wconf 91' lang='lat' dir='ltr'><strong>ad</strong></span> <span class='ocrx_word' id='word_1_437' title='bbox 2737 2349 3018 2421; x_wconf 86' lang='lat' dir='ltr'><strong>Egilonem</strong></span> <span class='ocrx_word' id='word_1_438' title='bbox 3071 2352 3342 2407; x_wconf 88' lang='lat' dir='ltr'><strong>abbatem.</strong></span> <span class='ocrx_word' id='word_1_439' title='bbox 3399 2352 3602 2407; x_wconf 81' lang='lat' dir='ltr'><strong>Verum</strong></span> 
     </span>
    </p>
   </div>
   <div class='ocr_carea' id='block_1_67' title="bbox 2009 2439 3600 2513">
    <p class='ocr_par' dir='ltr' id='par_1_67' title="bbox 2009 2439 3600 2513">
     <span class='ocr_line' id='line_1_67' title="bbox 2009 2439 3600 2513; baseline 0.002 -19"><span class='ocrx_word' id='word_1_440' title='bbox 2009 2440 2368 2510; x_wconf 74' lang='lat' dir='ltr'><strong>quodcunque</strong></span> <span class='ocrx_word' id='word_1_441' title='bbox 2393 2439 2523 2497; x_wconf 89' lang='lat' dir='ltr'><strong>illud</strong></span> <span class='ocrx_word' id='word_1_442' title='bbox 2554 2449 2845 2513; x_wconf 90' lang='lat' dir='ltr'><strong>utrumque</strong></span> <span class='ocrx_word' id='word_1_443' title='bbox 2870 2451 2971 2509; x_wconf 90' lang='lat' dir='ltr'><strong>est,</strong></span> <span class='ocrx_word' id='word_1_444' title='bbox 3016 2443 3298 2499; x_wconf 83' lang='lat' dir='ltr'><strong>Rabanum</strong></span> <span class='ocrx_word' id='word_1_445' title='bbox 3340 2445 3409 2499; x_wconf 91' lang='lat' dir='ltr'><strong>ab</strong></span> <span class='ocrx_word' id='word_1_446' title='bbox 3450 2442 3600 2499; x_wconf 90' lang='lat' dir='ltr'><strong>omni</strong></span> 
     </span>
    </p>
   </div>
   <div class='ocr_carea' id='block_1_68' title="bbox 2009 2531 3601 2590">
    <p class='ocr_par' dir='ltr' id='par_1_68' title="bbox 2009 2531 3601 2590">
     <span class='ocr_line' id='line_1_68' title="bbox 2009 2531 3601 2590; baseline 0.001 -4"><span class='ocrx_word' id='word_1_447' title='bbox 2009 2546 2197 2587; x_wconf 90' lang='lat' dir='ltr'><strong>errore</strong></span> <span class='ocrx_word' id='word_1_448' title='bbox 2222 2531 2326 2587; x_wconf 92' lang='lat' dir='ltr'><strong>hac</strong></span> <span class='ocrx_word' id='word_1_449' title='bbox 2360 2532 2414 2586; x_wconf 89' lang='lat' dir='ltr'><strong>in</strong></span> <span class='ocrx_word' id='word_1_450' title='bbox 2460 2547 2520 2587; x_wconf 89' lang='lat' dir='ltr'><strong>re</strong></span> <span class='ocrx_word' id='word_1_451' title='bbox 2573 2533 2868 2589; x_wconf 91' lang='lat' dir='ltr'><strong>immunem</strong></span> <span class='ocrx_word' id='word_1_452' title='bbox 2923 2532 3087 2589; x_wconf 91' lang='lat' dir='ltr'><strong>fuisse</strong></span> <span class='ocrx_word' id='word_1_453' title='bbox 3122 2534 3455 2590; x_wconf 86' lang='lat' dir='ltr'><strong>contendunt</strong></span> <span class='ocrx_word' id='word_1_454' title='bbox 3496 2532 3601 2589; x_wconf 88' lang='lat' dir='ltr'><strong>viri</strong></span> 
     </span>
    </p>
   </div>
   <div class='ocr_carea' id='block_1_69' title="bbox 2009 2624 3149 2693">
    <p class='ocr_par' dir='ltr' id='par_1_69' title="bbox 2009 2624 3149 2693">
     <span class='ocr_line' id='line_1_69' title="bbox 2009 2624 3149 2693; baseline 0.002 -14"><span class='ocrx_word' id='word_1_455' title='bbox 2009 2624 2204 2679; x_wconf 78' lang='lat' dir='ltr'><strong>eruditi</strong></span> <span class='ocrx_word' id='word_1_456' title='bbox 2232 2624 2329 2693; x_wconf 81' lang='lat' dir='ltr'><strong>qui</strong></span> <span class='ocrx_word' id='word_1_457' title='bbox 2354 2624 2424 2680; x_wconf 80' lang='lat' dir='ltr'><strong>de</strong></span> <span class='ocrx_word' id='word_1_458' title='bbox 2452 2624 2799 2682; x_wconf 81' lang='lat' dir='ltr'><strong>Eucharistia</strong></span> <span class='ocrx_word' id='word_1_459' title='bbox 2832 2632 3149 2685; x_wconf 81' lang='lat' dir='ltr'><strong>tractavere.</strong></span> 
     </span>
    </p>
   </div>
   <div class='ocr_carea' id='block_1_70' title="bbox 2079 2712 3595 2786">
    <p class='ocr_par' dir='ltr' id='par_1_70' title="bbox 2079 2712 3595 2786">
     <span class='ocr_line' id='line_1_70' title="bbox 2079 2712 3595 2786; baseline 0 -18"><span class='ocrx_word' id='word_1_460' title='bbox 2079 2712 2168 2768; x_wconf 83' lang='grc'><strong>51.</strong></span> <span class='ocrx_word' id='word_1_461' title='bbox 2193 2712 2343 2769; x_wconf 86' lang='lat' dir='ltr'><strong>Alius</strong></span> <span class='ocrx_word' id='word_1_462' title='bbox 2382 2715 2550 2769; x_wconf 88' lang='lat' dir='ltr'><strong>etiam</strong></span> <span class='ocrx_word' id='word_1_463' title='bbox 2592 2715 2741 2770; x_wconf 90' lang='lat' dir='ltr'><strong>locus</strong></span> <span class='ocrx_word' id='word_1_464' title='bbox 2775 2722 2861 2771; x_wconf 92' lang='lat' dir='ltr'><strong>est</strong></span> <span class='ocrx_word' id='word_1_465' title='bbox 2896 2715 3035 2786; x_wconf 91' lang='lat' dir='ltr'><strong>apud</strong></span> <span class='ocrx_word' id='word_1_466' title='bbox 3073 2714 3357 2770; x_wconf 85' lang='lat' dir='ltr'><strong>Rabanum</strong></span> <span class='ocrx_word' id='word_1_467' title='bbox 3404 2714 3459 2770; x_wconf 93' lang='lat' dir='ltr'><strong>in</strong></span> <span class='ocrx_word' id='word_1_468' title='bbox 3499 2714 3595 2771; x_wconf 91' lang='lat' dir='ltr'><strong>lib.</strong></span> 
     </span>
    </p>
   </div>
   <div class='ocr_carea' id='block_1_71' title="bbox 2009 2803 3601 2877">
    <p class='ocr_par' dir='ltr' id='par_1_71' title="bbox 2009 2803 3601 2877">
     <span class='ocr_line' id='line_1_71' title="bbox 2009 2803 3601 2877; baseline 0.001 -19"><span class='ocrx_word' id='word_1_469' title='bbox 2009 2817 2065 2858; x_wconf 81' lang='lat' dir='ltr'><strong>Iv</strong></span> <span class='ocrx_word' id='word_1_470' title='bbox 2092 2804 2158 2860; x_wconf 91' lang='lat' dir='ltr'><strong>de</strong></span> <span class='ocrx_word' id='word_1_471' title='bbox 2178 2803 2468 2872; x_wconf 82' lang='lat' dir='ltr'><strong>Universo,</strong></span> <span class='ocrx_word' id='word_1_472' title='bbox 2494 2821 2612 2876; x_wconf 89' lang='lat' dir='ltr'><strong>cap.</strong></span> <span class='ocrx_word' id='word_1_473' title='bbox 2642 2805 2735 2872; x_wconf 72' lang='lat'><strong>10,</strong></span> <span class='ocrx_word' id='word_1_474' title='bbox 2768 2807 2824 2861; x_wconf 92' lang='lat' dir='ltr'><strong>in</strong></span> <span class='ocrx_word' id='word_1_475' title='bbox 2851 2822 3012 2877; x_wconf 89' lang='lat' dir='ltr'><strong>quem</strong></span> <span class='ocrx_word' id='word_1_476' title='bbox 3039 2806 3221 2862; x_wconf 80' lang='lat' dir='ltr'><strong>forsan</strong></span> <span class='ocrx_word' id='word_1_477' title='bbox 3256 2806 3441 2861; x_wconf 88' lang='lat' dir='ltr'><strong>itidem</strong></span> <span class='ocrx_word' id='word_1_478' title='bbox 3486 2805 3601 2860; x_wconf 90' lang='lat' dir='ltr'><strong>ani-</strong></span> 
     </span>
    </p>
   </div>
   <div class='ocr_carea' id='block_1_72' title="bbox 2007 2898 3596 2969">
    <p class='ocr_par' dir='ltr' id='par_1_72' title="bbox 2007 2898 3596 2969">
     <span class='ocr_line' id='line_1_72' title="bbox 2007 2898 3596 2969; baseline -0.001 -17"><span class='ocrx_word' id='word_1_479' title='bbox 2007 2898 2275 2954; x_wconf 82' lang='lat' dir='ltr'><strong>madverti</strong></span> <span class='ocrx_word' id='word_1_480' title='bbox 2320 2900 2510 2969; x_wconf 90' lang='lat' dir='ltr'><strong>possit,</strong></span> <span class='ocrx_word' id='word_1_481' title='bbox 2542 2899 2633 2954; x_wconf 92' lang='lat' dir='ltr'><strong>ubi</strong></span> <span class='ocrx_word' id='word_1_482' title='bbox 2669 2900 2742 2953; x_wconf 87' lang='lat' dir='ltr'><strong>ait</strong></span> <span class='ocrx_word' id='word_1_483' title='bbox 2771 2916 2787 2957; x_wconf 91' lang='lat'><strong>:</strong></span> <span class='ocrx_word' id='word_1_484' title='bbox 2824 2919 2841 2951; x_wconf 82' lang='grc'><strong>‹</strong></span> <span class='ocrx_word' id='word_1_485' title='bbox 2864 2898 3079 2953; x_wconf 91' lang='lat' dir='ltr'><strong>Nullum</strong></span> <span class='ocrx_word' id='word_1_486' title='bbox 3126 2899 3596 2964; x_wconf 89' lang='lat' dir='ltr'><strong>catechumenum,</strong></span> 
     </span>
    </p>
   </div>
   <div class='ocr_carea' id='block_1_73' title="bbox 2008 2990 3593 3062">
    <p class='ocr_par' dir='ltr' id='par_1_73' title="bbox 2008 2990 3593 3062">
     <span class='ocr_line' id='line_1_73' title="bbox 2008 2990 3593 3062; baseline -0.001 -17"><span class='ocrx_word' id='word_1_487' title='bbox 2008 2990 2253 3060; x_wconf 82' lang='lat' dir='ltr'><strong>quamvis</strong></span> <span class='ocrx_word' id='word_1_488' title='bbox 2278 2991 2333 3045; x_wconf 92' lang='lat' dir='ltr'><strong>in</strong></span> <span class='ocrx_word' id='word_1_489' title='bbox 2356 2992 2511 3046; x_wconf 91' lang='lat' dir='ltr'><strong>bonis</strong></span> <span class='ocrx_word' id='word_1_490' title='bbox 2524 2990 2775 3062; x_wconf 91' lang='lat' dir='ltr'><strong>operibus</strong></span> <span class='ocrx_word' id='word_1_491' title='bbox 2790 2990 3123 3055; x_wconf 87' lang='lat' dir='ltr'><strong>defunctum,</strong></span> <span class='ocrx_word' id='word_1_492' title='bbox 3145 2990 3309 3060; x_wconf 88' lang='lat' dir='ltr'><strong>vitam</strong></span> <span class='ocrx_word' id='word_1_493' title='bbox 3331 2998 3593 3044; x_wconf 67' lang='lat' dir='ltr'><strong>aiternam</strong></span> 
     </span>
    </p>
   </div>
   <div class='ocr_carea' id='block_1_74' title="bbox 2008 3077 3596 3152">
    <p class='ocr_par' dir='ltr' id='par_1_74' title="bbox 2008 3077 3596 3152">
     <span class='ocr_line' id='line_1_74' title="bbox 2008 3077 3596 3152; baseline -0.002 -16"><span class='ocrx_word' id='word_1_494' title='bbox 2008 3081 2208 3138; x_wconf 88' lang='lat' dir='ltr'><strong>habere</strong></span> <span class='ocrx_word' id='word_1_495' title='bbox 2234 3081 2542 3147; x_wconf 84' lang='lat' dir='ltr'><strong>credamus,</strong></span> <span class='ocrx_word' id='word_1_496' title='bbox 2571 3090 2799 3149; x_wconf 82' lang='lat' dir='ltr'><strong>excepto</strong></span> <span class='ocrx_word' id='word_1_497' title='bbox 2824 3080 3110 3152; x_wconf 85' lang='lat' dir='ltr'><strong>martyrio,</strong></span> <span class='ocrx_word' id='word_1_498' title='bbox 3142 3077 3234 3134; x_wconf 89' lang='lat' dir='ltr'><strong>ubi</strong></span> <span class='ocrx_word' id='word_1_499' title='bbox 3262 3087 3374 3135; x_wconf 89' lang='lat' dir='ltr'><strong>tota</strong></span> <span class='ocrx_word' id='word_1_500' title='bbox 3420 3078 3596 3148; x_wconf 83' lang='lat' dir='ltr'><strong>bapti-</strong></span> 
     </span>
    </p>
   </div>
   <div class='ocr_carea' id='block_1_75' title="bbox 2007 3171 3597 3245">
    <p class='ocr_par' dir='ltr' id='par_1_75' title="bbox 2007 3171 3597 3245">
     <span class='ocr_line' id='line_1_75' title="bbox 2007 3171 3597 3245; baseline -0.004 -14"><span class='ocrx_word' id='word_1_501' title='bbox 2007 3175 2112 3231; x_wconf 83' lang='lat' dir='ltr'><strong>smi</strong></span> <span class='ocrx_word' id='word_1_502' title='bbox 2136 3183 2478 3231; x_wconf 79' lang='lat' dir='ltr'><strong>sacramenta</strong></span> <span class='ocrx_word' id='word_1_503' title='bbox 2514 3175 2873 3245; x_wconf 88' lang='lat' dir='ltr'><strong>complentur.</strong></span> <span class='ocrx_word' id='word_1_504' title='bbox 2908 3193 2929 3228; x_wconf 70' lang='grc' dir='ltr'><strong><em>ι</em></strong></span> <span class='ocrx_word' id='word_1_505' title='bbox 2963 3173 3221 3229; x_wconf 86' lang='lat' dir='ltr'><strong>Eamdem</strong></span> <span class='ocrx_word' id='word_1_506' title='bbox 3271 3171 3597 3228; x_wconf 82' lang='lat' dir='ltr'><strong>sententiam</strong></span> 
     </span>
    </p>
   </div>
   <div class='ocr_carea' id='block_1_76' title="bbox 2007 3267 3596 3336">
    <p class='ocr_par' dir='ltr' id='par_1_76' title="bbox 2007 3267 3596 3336">
     <span class='ocr_line' id='line_1_76' title="bbox 2007 3267 3596 3336; baseline -0.004 -10"><span class='ocrx_word' id='word_1_507' title='bbox 2007 3269 2175 3326; x_wconf 84' lang='lat' dir='ltr'><strong>habet</strong></span> <span class='ocrx_word' id='word_1_508' title='bbox 2216 3268 2551 3325; x_wconf 84' lang='lat' dir='ltr'><strong>Cbietiana</strong></span> <span class='ocrx_word' id='word_1_509' title='bbox 2577 3268 2863 3325; x_wconf 79' lang='lat' dir='ltr'><strong>Confessio</strong></span> <span class='ocrx_word' id='word_1_510' title='bbox 2895 3267 3128 3335; x_wconf 79' lang='lat' dir='ltr'><strong>Alcuini,</strong></span> <span class='ocrx_word' id='word_1_511' title='bbox 3172 3282 3209 3321; x_wconf 83' lang='lat' dir='ltr'><strong>a</strong></span> <span class='ocrx_word' id='word_1_512' title='bbox 3234 3281 3348 3336; x_wconf 84' lang='lat' dir='ltr'><strong>quo</strong></span> <span class='ocrx_word' id='word_1_513' title='bbox 3389 3279 3596 3334; x_wconf 65' lang='lat' dir='ltr'><strong>prasen-</strong></span> 
     </span>
    </p>
   </div>
   <div class='ocr_carea' id='block_1_77' title="bbox 2002 3358 3598 3434">
    <p class='ocr_par' dir='ltr' id='par_1_77' title="bbox 2002 3358 3598 3434">
     <span class='ocr_line' id='line_1_77' title="bbox 2002 3358 3598 3434; baseline -0.004 -15"><span class='ocrx_word' id='word_1_514' title='bbox 2002 3372 2163 3434; x_wconf 85' lang='lat' dir='ltr'><strong>ptore</strong></span> <span class='ocrx_word' id='word_1_515' title='bbox 2189 3362 2333 3419; x_wconf 84' lang='lat' dir='ltr'><strong>haud</strong></span> <span class='ocrx_word' id='word_1_516' title='bbox 2360 3363 2473 3419; x_wconf 90' lang='lat' dir='ltr'><strong>scio</strong></span> <span class='ocrx_word' id='word_1_517' title='bbox 2496 3378 2568 3421; x_wconf 89' lang='lat' dir='ltr'><strong>an</strong></span> <span class='ocrx_word' id='word_1_518' title='bbox 2596 3361 2849 3419; x_wconf 77' lang='lat' dir='ltr'><strong>Rabanus</strong></span> <span class='ocrx_word' id='word_1_519' title='bbox 2898 3361 3041 3415; x_wconf 91' lang='lat' dir='ltr'><strong>hanc</strong></span> <span class='ocrx_word' id='word_1_520' title='bbox 3092 3358 3392 3413; x_wconf 87' lang='lat' dir='ltr'><strong>doctrinam</strong></span> <span class='ocrx_word' id='word_1_521' title='bbox 3444 3370 3598 3413; x_wconf 87' lang='lat' dir='ltr'><strong>acce-</strong></span> 
     </span>
    </p>
   </div>
   <div class='ocr_carea' id='block_1_78' title="bbox 2000 3447 3597 3525">
    <p class='ocr_par' dir='ltr' id='par_1_78' title="bbox 2000 3447 3597 3525">
     <span class='ocr_line' id='line_1_78' title="bbox 2000 3447 3597 3525; baseline -0.003 -17"><span class='ocrx_word' id='word_1_522' title='bbox 2000 3462 2178 3525; x_wconf 80' lang='lat' dir='ltr'><strong>perat.</strong></span> <span class='ocrx_word' id='word_1_523' title='bbox 2215 3453 2353 3511; x_wconf 81' lang='lat' dir='ltr'><strong>Huic</strong></span> <span class='ocrx_word' id='word_1_524' title='bbox 2376 3454 2558 3509; x_wconf 75' lang='lat' dir='ltr'><strong>obstat</strong></span> <span class='ocrx_word' id='word_1_525' title='bbox 2604 3452 2938 3524; x_wconf 72' lang='lat' dir='ltr'><strong>Augustinus</strong></span> <span class='ocrx_word' id='word_1_526' title='bbox 2981 3448 3075 3504; x_wconf 89' lang='lat' dir='ltr'><strong>lib.</strong></span> <span class='ocrx_word' id='word_1_527' title='bbox 3122 3449 3491 3516; x_wconf 64' lang='lat' dir='ltr'><strong>Quaastionum</strong></span> <span class='ocrx_word' id='word_1_528' title='bbox 3538 3447 3597 3503; x_wconf 88' lang='lat' dir='ltr'><strong>in</strong></span> 
     </span>
    </p>
   </div>
   <div class='ocr_carea' id='block_1_79' title="bbox 2005 3540 3600 3618">
    <p class='ocr_par' dir='ltr' id='par_1_79' title="bbox 2005 3540 3600 3618">
     <span class='ocr_line' id='line_1_79' title="bbox 2005 3540 3600 3618; baseline -0.005 -16"><span class='ocrx_word' id='word_1_529' title='bbox 2005 3545 2326 3613; x_wconf 86' lang='lat' dir='ltr'><strong>Leviticum,</strong></span> <span class='ocrx_word' id='word_1_530' title='bbox 2371 3562 2495 3618; x_wconf 89' lang='lat' dir='ltr'><strong>cap.</strong></span> <span class='ocrx_word' id='word_1_531' title='bbox 2526 3546 2615 3613; x_wconf 77' lang='grc'><strong>84,</strong></span> <span class='ocrx_word' id='word_1_532' title='bbox 2662 3546 2757 3600; x_wconf 76' lang='lat' dir='ltr'><strong>ubi</strong></span> <span class='ocrx_word' id='word_1_533' title='bbox 2810 3542 3174 3600; x_wconf 72' lang='lat' dir='ltr'><strong>rinvisibilem</strong></span> <span class='ocrx_word' id='word_1_534' title='bbox 3214 3540 3600 3598; x_wconf 68' lang='lat' dir='ltr'><strong>sanctiﬁcatio—</strong></span> 
     </span>
    </p>
   </div>
   <div class='ocr_carea' id='block_1_80' title="bbox 2005 3630 3593 3710">
    <p class='ocr_par' dir='ltr' id='par_1_80' title="bbox 2005 3630 3593 3710">
     <span class='ocr_line' id='line_1_80' title="bbox 2005 3630 3593 3710; baseline -0.007 -15"><span class='ocrx_word' id='word_1_535' title='bbox 2005 3654 2131 3695; x_wconf 90' lang='lat' dir='ltr'><strong>nem</strong></span> <span class='ocrx_word' id='word_1_536' title='bbox 2162 3640 2482 3710; x_wconf 74' lang='lat' dir='ltr'><strong>quibusdam</strong></span> <span class='ocrx_word' id='word_1_537' title='bbox 2509 3638 2747 3695; x_wconf 89' lang='lat' dir='ltr'><strong>adfuisse</strong></span> <span class='ocrx_word' id='word_1_538' title='bbox 2776 3646 2938 3706; x_wconf 88' lang='lat' dir='ltr'><strong>atque</strong></span> <span class='ocrx_word' id='word_1_539' title='bbox 2960 3634 3230 3707; x_wconf 89' lang='lat' dir='ltr'><strong>profuisse</strong></span> <span class='ocrx_word' id='word_1_540' title='bbox 3254 3633 3373 3690; x_wconf 90' lang='lat' dir='ltr'><strong>sine</strong></span> <span class='ocrx_word' id='word_1_541' title='bbox 3401 3630 3593 3686; x_wconf 86' lang='lat' dir='ltr'><strong>visibi-</strong></span> 
     </span>
    </p>
   </div>
   <div class='ocr_carea' id='block_1_81' title="bbox 2011 3720 3598 3801">
    <p class='ocr_par' dir='ltr' id='par_1_81' title="bbox 2011 3720 3598 3801">
     <span class='ocr_line' id='line_1_81' title="bbox 2011 3720 3598 3801; baseline -0.004 -18"><span class='ocrx_word' id='word_1_542' title='bbox 2011 3728 2158 3785; x_wconf 85' lang='lat' dir='ltr'><strong>libus</strong></span> <span class='ocrx_word' id='word_1_543' title='bbox 2187 3729 2543 3785; x_wconf 80' lang='lat' dir='ltr'><strong>sacramentis</strong></span> <span class='ocrx_word' id='word_1_544' title='bbox 2580 3748 2598 3780; x_wconf 79' lang='grc'><strong>»</strong></span> <span class='ocrx_word' id='word_1_545' title='bbox 2624 3726 2823 3801; x_wconf 75' lang='lat' dir='ltr'><strong>probat</strong></span> <span class='ocrx_word' id='word_1_546' title='bbox 2860 3725 3105 3795; x_wconf 84' lang='lat' dir='ltr'><strong>exemplo</strong></span> <span class='ocrx_word' id='word_1_547' title='bbox 3127 3723 3360 3780; x_wconf 87' lang='lat' dir='ltr'><strong>Cornelii</strong></span> <span class='ocrx_word' id='word_1_548' title='bbox 3391 3730 3445 3778; x_wconf 91' lang='lat' dir='ltr'><strong>et</strong></span> <span class='ocrx_word' id='word_1_549' title='bbox 3472 3720 3598 3776; x_wconf 91' lang='lat' dir='ltr'><strong>alio—</strong></span> 
     </span>
    </p>
   </div>
   <div class='ocr_carea' id='block_1_82' title="bbox 2005 3816 3599 3889">
    <p class='ocr_par' dir='ltr' id='par_1_82' title="bbox 2005 3816 3599 3889">
     <span class='ocr_line' id='line_1_82' title="bbox 2005 3816 3599 3889; baseline -0.005 -14"><span class='ocrx_word' id='word_1_550' title='bbox 2005 3836 2147 3875; x_wconf 84' lang='lat' dir='ltr'><strong>rum.</strong></span> <span class='ocrx_word' id='word_1_551' title='bbox 2189 3820 2255 3874; x_wconf 80' lang='lat' dir='ltr'><strong>Et</strong></span> <span class='ocrx_word' id='word_1_552' title='bbox 2282 3820 2377 3875; x_wconf 85' lang='lat' dir='ltr'><strong>lib.</strong></span> <span class='ocrx_word' id='word_1_553' title='bbox 2405 3836 2462 3875; x_wconf 83' lang='lat' dir='ltr'><strong>Iv</strong></span> <span class='ocrx_word' id='word_1_554' title='bbox 2488 3820 2553 3875; x_wconf 80' lang='lat' dir='ltr'><strong>dc</strong></span> <span class='ocrx_word' id='word_1_555' title='bbox 2574 3819 2854 3889; x_wconf 83' lang='lat' dir='ltr'><strong>Baptismo</strong></span> <span class='ocrx_word' id='word_1_556' title='bbox 2880 3824 3068 3873; x_wconf 84' lang='lat' dir='ltr'><strong>contra</strong></span> <span class='ocrx_word' id='word_1_557' title='bbox 3098 3816 3427 3879; x_wconf 75' lang='lat' dir='ltr'><strong>Donatistas,</strong></span> <span class='ocrx_word' id='word_1_558' title='bbox 3449 3820 3599 3884; x_wconf 84' lang='lat' dir='ltr'><strong>post-</strong></span> 
     </span>
    </p>
   </div>
   <div class='ocr_carea' id='block_1_83' title="bbox 2006 3903 3599 3981">
    <p class='ocr_par' dir='ltr' id='par_1_83' title="bbox 2006 3903 3599 3981">
     <span class='ocr_line' id='line_1_83' title="bbox 2006 3903 3599 3981; baseline -0.004 -17"><span class='ocrx_word' id='word_1_559' title='bbox 2006 3926 2168 3981; x_wconf 83' lang='lat' dir='ltr'><strong>quam</strong></span> <span class='ocrx_word' id='word_1_560' title='bbox 2193 3909 2362 3963; x_wconf 88' lang='lat' dir='ltr'><strong>multa</strong></span> <span class='ocrx_word' id='word_1_561' title='bbox 2390 3910 2496 3964; x_wconf 86' lang='lat' dir='ltr'><strong>hac</strong></span> <span class='ocrx_word' id='word_1_562' title='bbox 2514 3908 2586 3964; x_wconf 89' lang='lat' dir='ltr'><strong>de</strong></span> <span class='ocrx_word' id='word_1_563' title='bbox 2618 3923 2680 3963; x_wconf 87' lang='lat' dir='ltr'><strong>re</strong></span> <span class='ocrx_word' id='word_1_564' title='bbox 2705 3908 2976 3969; x_wconf 82' lang='lat' dir='ltr'><strong>disseruit,</strong></span> <span class='ocrx_word' id='word_1_565' title='bbox 3005 3920 3125 3975; x_wconf 86' lang='lat' dir='ltr'><strong>cap.</strong></span> <span class='ocrx_word' id='word_1_566' title='bbox 3150 3905 3221 3958; x_wconf 70' lang='lat'><strong>22</strong></span> <span class='ocrx_word' id='word_1_567' title='bbox 3265 3904 3344 3959; x_wconf 92' lang='lat' dir='ltr'><strong>sic</strong></span> <span class='ocrx_word' id='word_1_568' title='bbox 3376 3903 3599 3959; x_wconf 86' lang='lat' dir='ltr'><strong>conclu-</strong></span> 
     </span>
    </p>
   </div>
   <div class='ocr_carea' id='block_1_84' title="bbox 2006 3996 3597 4070">
    <p class='ocr_par' dir='ltr' id='par_1_84' title="bbox 2006 3996 3597 4070">
     <span class='ocr_line' id='line_1_84' title="bbox 2006 3996 3597 4070; baseline -0.006 -12"><span class='ocrx_word' id='word_1_569' title='bbox 2006 4002 2086 4059; x_wconf 89' lang='lat' dir='ltr'><strong>dit</strong></span> <span class='ocrx_word' id='word_1_570' title='bbox 2120 4020 2133 4056; x_wconf 91' lang='lat'>:</span> <span class='ocrx_word' id='word_1_571' title='bbox 2166 3999 2361 4058; x_wconf 73' lang='lat' dir='ltr'><strong>«Tunc</strong></span> <span class='ocrx_word' id='word_1_572' title='bbox 2409 4000 2665 4070; x_wconf 89' lang='lat' dir='ltr'><strong>impletur</strong></span> <span class='ocrx_word' id='word_1_573' title='bbox 2712 3997 3057 4054; x_wconf 89' lang='lat' dir='ltr'><strong>invisibiliter</strong></span> <span class='ocrx_word' id='word_1_574' title='bbox 3109 3996 3421 4068; x_wconf 69' lang='lat' dir='ltr'><strong>baptismus,</strong></span> <span class='ocrx_word' id='word_1_575' title='bbox 3473 4010 3597 4050; x_wconf 89' lang='lat' dir='ltr'><strong>cum</strong></span> 
     </span>
    </p>
   </div>
   <div class='ocr_carea' id='block_1_85' title="bbox 2002 4084 3597 4165">
    <p class='ocr_par' dir='ltr' id='par_1_85' title="bbox 2002 4084 3597 4165">
     <span class='ocr_line' id='line_1_85' title="bbox 2002 4084 3597 4165; baseline -0.005 -17"><span class='ocrx_word' id='word_1_576' title='bbox 2002 4093 2326 4165; x_wconf 71' lang='lat' dir='ltr'><strong>mysterium</strong></span> <span class='ocrx_word' id='word_1_577' title='bbox 2364 4092 2619 4162; x_wconf 82' lang='lat' dir='ltr'><strong>baptismi</strong></span> <span class='ocrx_word' id='word_1_578' title='bbox 2650 4107 2757 4147; x_wconf 85' lang='lat' dir='ltr'><strong>non</strong></span> <span class='ocrx_word' id='word_1_579' title='bbox 2784 4098 3128 4159; x_wconf 75' lang='lat' dir='ltr'><strong>contemptus</strong></span> <span class='ocrx_word' id='word_1_580' title='bbox 3174 4085 3470 4158; x_wconf 80' lang='lat' dir='ltr'><strong>religionis,</strong></span> <span class='ocrx_word' id='word_1_581' title='bbox 3502 4084 3597 4141; x_wconf 87' lang='lat' dir='ltr'><strong>sed</strong></span> 
     </span>
    </p>
   </div>
   <div class='ocr_carea' id='block_1_86' title="bbox 2006 4177 3595 4239">
    <p class='ocr_par' dir='ltr' id='par_1_86' title="bbox 2006 4177 3595 4239">
     <span class='ocr_line' id='line_1_86' title="bbox 2006 4177 3595 4239; baseline -0.004 0"><span class='ocrx_word' id='word_1_582' title='bbox 2006 4184 2267 4239; x_wconf 83' lang='lat' dir='ltr'><strong>articulus</strong></span> <span class='ocrx_word' id='word_1_583' title='bbox 2312 4183 2653 4239; x_wconf 78' lang='lat' dir='ltr'><strong>necessitatis</strong></span> <span class='ocrx_word' id='word_1_584' title='bbox 2698 4182 2962 4238; x_wconf 76' lang='lat' dir='ltr'><strong>excludit.</strong></span> <span class='ocrx_word' id='word_1_585' title='bbox 2996 4201 3016 4234; x_wconf 71' lang='grc' dir='ltr'><strong><em>ο</em></strong></span> <span class='ocrx_word' id='word_1_586' title='bbox 3050 4180 3334 4236; x_wconf 79' lang='lat' dir='ltr'><strong>Consentit</strong></span> <span class='ocrx_word' id='word_1_587' title='bbox 3361 4177 3595 4233; x_wconf 80' lang='lat' dir='ltr'><strong>Ambro-</strong></span> 
     </span>
    </p>
   </div>
   <div class='ocr_carea' id='block_1_87' title="bbox 2004 4266 3597 4337">
    <p class='ocr_par' dir='ltr' id='par_1_87' title="bbox 2004 4266 3597 4337">
     <span class='ocr_line' id='line_1_87' title="bbox 2004 4266 3597 4337; baseline -0.008 -5"><span class='ocrx_word' id='word_1_588' title='bbox 2004 4275 2118 4333; x_wconf 89' lang='lat' dir='ltr'><strong>sius</strong></span> <span class='ocrx_word' id='word_1_589' title='bbox 2144 4278 2197 4331; x_wconf 91' lang='lat' dir='ltr'><strong>in</strong></span> <span class='ocrx_word' id='word_1_590' title='bbox 2227 4276 2486 4332; x_wconf 80' lang='lat' dir='ltr'><strong>concione</strong></span> <span class='ocrx_word' id='word_1_591' title='bbox 2508 4275 2722 4331; x_wconf 83' lang='lat' dir='ltr'><strong>funebri</strong></span> <span class='ocrx_word' id='word_1_592' title='bbox 2754 4276 2819 4330; x_wconf 85' lang='lat' dir='ltr'><strong>de</strong></span> <span class='ocrx_word' id='word_1_593' title='bbox 2845 4275 2993 4330; x_wconf 91' lang='lat' dir='ltr'><strong>obitu</strong></span> <span class='ocrx_word' id='word_1_594' title='bbox 3022 4270 3381 4328; x_wconf 68' lang='lat' dir='ltr'><strong>Valentiniani</strong></span> <span class='ocrx_word' id='word_1_595' title='bbox 3418 4266 3597 4337; x_wconf 87' lang='lat' dir='ltr'><strong>junio-</strong></span> 
     </span>
    </p>
   </div>
   <div class='ocr_carea' id='block_1_88' title="bbox 1998 4363 3599 4437">
    <p class='ocr_par' dir='ltr' id='par_1_88' title="bbox 1998 4363 3599 4437">
     <span class='ocr_line' id='line_1_88' title="bbox 1998 4363 3599 4437; baseline -0.005 -13"><span class='ocrx_word' id='word_1_596' title='bbox 1998 4368 2102 4434; x_wconf 77' lang='lat' dir='ltr'><strong>u&#39;is,</strong></span> <span class='ocrx_word' id='word_1_597' title='bbox 2134 4368 2224 4423; x_wconf 89' lang='lat' dir='ltr'><strong>ubi</strong></span> <span class='ocrx_word' id='word_1_598' title='bbox 2250 4384 2358 4424; x_wconf 90' lang='lat' dir='ltr'><strong>nou</strong></span> <span class='ocrx_word' id='word_1_599' title='bbox 2384 4369 2696 4425; x_wconf 86' lang='lat' dir='ltr'><strong>dubitanter</strong></span> <span class='ocrx_word' id='word_1_600' title='bbox 2722 4368 2920 4423; x_wconf 88' lang='lat' dir='ltr'><strong>asserit</strong></span> <span class='ocrx_word' id='word_1_601' title='bbox 2948 4369 3146 4437; x_wconf 81' lang='lat' dir='ltr'><strong>ipsum,</strong></span> <span class='ocrx_word' id='word_1_602' title='bbox 3194 4363 3298 4421; x_wconf 84' lang='lat' dir='ltr'><strong>etsi</strong></span> <span class='ocrx_word' id='word_1_603' title='bbox 3324 4371 3451 4425; x_wconf 82' lang='lat' dir='ltr'><strong>ante</strong></span> <span class='ocrx_word' id='word_1_604' title='bbox 3478 4377 3599 4417; x_wconf 79' lang='lat' dir='ltr'><strong>sus-</strong></span> 
     </span>
    </p>
   </div>
   <div class='ocr_carea' id='block_1_89' title="bbox 2004 4458 3592 4532">
    <p class='ocr_par' dir='ltr' id='par_1_89' title="bbox 2004 4458 3592 4532">
     <span class='ocr_line' id='line_1_89' title="bbox 2004 4458 3592 4532; baseline -0.007 -14"><span class='ocrx_word' id='word_1_605' title='bbox 2004 4470 2221 4532; x_wconf 90' lang='lat' dir='ltr'><strong>ceptum</strong></span> <span class='ocrx_word' id='word_1_606' title='bbox 2234 4462 2503 4532; x_wconf 85' lang='lat' dir='ltr'><strong>baptisma</strong></span> <span class='ocrx_word' id='word_1_607' title='bbox 2516 4461 2832 4526; x_wconf 80' lang='lat' dir='ltr'><strong>decesserit,</strong></span> <span class='ocrx_word' id='word_1_608' title='bbox 2854 4460 3132 4530; x_wconf 78' lang='lat' dir='ltr'><strong>accepisse</strong></span> <span class='ocrx_word' id='word_1_609' title='bbox 3150 4458 3401 4530; x_wconf 76' lang='lat' dir='ltr'><strong>gratiam,</strong></span> <span class='ocrx_word' id='word_1_610' title='bbox 3421 4469 3592 4525; x_wconf 83' lang='lat' dir='ltr'><strong>quam</strong></span> 
     </span>
    </p>
   </div>
   <div class='ocr_carea' id='block_1_90' title="bbox 2004 4546 3589 4627">
    <p class='ocr_par' dir='ltr' id='par_1_90' title="bbox 2004 4546 3589 4627">
     <span class='ocr_line' id='line_1_90' title="bbox 2004 4546 3589 4627; baseline -0.007 -18"><span class='ocrx_word' id='word_1_611' title='bbox 2004 4562 2325 4627; x_wconf 89' lang='lat' dir='ltr'><strong>poposcerat</strong></span> <span class='ocrx_word' id='word_1_612' title='bbox 2354 4561 2515 4625; x_wconf 89' lang='lat' dir='ltr'><strong>atque</strong></span> <span class='ocrx_word' id='word_1_613' title='bbox 2544 4553 2962 4609; x_wconf 89' lang='lat' dir='ltr'><strong>desideraverat.</strong></span> <span class='ocrx_word' id='word_1_614' title='bbox 2995 4550 3132 4605; x_wconf 81' lang='lat' dir='ltr'><strong>Hinc</strong></span> <span class='ocrx_word' id='word_1_615' title='bbox 3152 4546 3496 4621; x_wconf 74' lang='lat' dir='ltr'><strong>przeclarede</strong></span> <span class='ocrx_word' id='word_1_616' title='bbox 3521 4559 3589 4599; x_wconf 90' lang='lat' dir='ltr'><strong>eo</strong></span> 
     </span>
    </p>
   </div>
   <div class='ocr_carea' id='block_1_91' title="bbox 320 4636 3595 4749">
    <p class='ocr_par' dir='ltr' id='par_1_91' title="bbox 320 4636 3595 4749">
     <span class='ocr_line' id='line_1_91' title="bbox 320 4636 3595 4749; baseline 0.011 -57"><span class='ocrx_word' id='word_1_617' title='bbox 320 4636 441 4692; x_wconf 80' lang='lat' dir='ltr'><strong>Vill</strong></span> <span class='ocrx_word' id='word_1_618' title='bbox 469 4641 686 4709; x_wconf 84' lang='lat' dir='ltr'><strong>editam,</strong></span> <span class='ocrx_word' id='word_1_619' title='bbox 719 4645 774 4698; x_wconf 91' lang='lat' dir='ltr'><strong>in</strong></span> <span class='ocrx_word' id='word_1_620' title='bbox 803 4660 909 4715; x_wconf 90' lang='lat' dir='ltr'><strong>qua</strong></span> <span class='ocrx_word' id='word_1_621' title='bbox 930 4650 1174 4718; x_wconf 87' lang='lat' dir='ltr'><strong>responsi</strong></span> <span class='ocrx_word' id='word_1_622' title='bbox 1190 4650 1277 4704; x_wconf 85' lang='lat' dir='ltr'><strong>sui</strong></span> <span class='ocrx_word' id='word_1_623' title='bbox 1305 4666 1489 4706; x_wconf 84' lang='lat' dir='ltr'><strong>moras</strong></span> <span class='ocrx_word' id='word_1_624' title='bbox 1509 4662 1732 4709; x_wconf 79' lang='lat' dir='ltr'><strong>excusat</strong></span> <span class='ocrx_word' id='word_1_625' title='bbox 1747 4668 1816 4710; x_wconf 76' lang='lat' dir='ltr'><strong>ex</strong></span> <span class='ocrx_word' id='word_1_626' title='bbox 1835 4670 1902 4710; x_wconf 92' lang='lat' dir='ltr'><strong>eo</strong></span> <span class='ocrx_word' id='word_1_627' title='bbox 1929 4690 1981 4749; x_wconf 84' lang='lat' dir='ltr'><strong>D</strong></span> <span class='ocrx_word' id='word_1_628' title='bbox 2002 4647 2195 4703; x_wconf 52' lang='lat' dir='ltr'><strong>scrib“</strong></span> <span class='ocrx_word' id='word_1_629' title='bbox 2216 4647 2275 4702; x_wconf 76' lang='lat' dir='ltr'><strong>in</strong></span> <span class='ocrx_word' id='word_1_630' title='bbox 2300 4648 2445 4702; x_wconf 58' lang='lat' dir='ltr'><strong>hinc</strong></span> <span class='ocrx_word' id='word_1_631' title='bbox 2465 4647 2683 4702; x_wconf 78' lang='lat' dir='ltr'><strong>mOdum</strong></span> <span class='ocrx_word' id='word_1_632' title='bbox 2706 4664 2721 4700; x_wconf 72' lang='grc'>³</span> <span class='ocrx_word' id='word_1_633' title='bbox 2749 4665 2768 4697; x_wconf 78' lang='grc' dir='ltr'>ί</span> <span class='ocrx_word' id='word_1_634' title='bbox 2791 4642 2893 4748; x_wconf 50' lang='lat' dir='ltr'><strong>(illi</strong></span> <span class='ocrx_word' id='word_1_635' title='bbox 2928 4642 3118 4697; x_wconf 59' lang='lat' dir='ltr'><strong>halm“</strong></span> <span class='ocrx_word' id='word_1_636' title='bbox 3144 4640 3394 4749; x_wconf 58' lang='grc' dir='ltr'><strong>ίξυηξ</strong></span> <span class='ocrx_word' id='word_1_637' title='bbox 3423 4645 3595 4749; x_wconf 53' lang='lat' dir='ltr'><strong>“ng</strong></span> 
     </span>
    </p>
   </div>
   <div class='ocr_carea' id='block_1_92' title="bbox 319 4731 1902 4814">
    <p class='ocr_par' dir='ltr' id='par_1_92' title="bbox 319 4731 1902 4814">
     <span class='ocr_line' id='line_1_92' title="bbox 319 4731 1902 4814; baseline 0.012 -29"><span class='ocrx_word' id='word_1_638' title='bbox 319 4731 465 4801; x_wconf 90' lang='lat' dir='ltr'><strong>quod</strong></span> <span class='ocrx_word' id='word_1_639' title='bbox 492 4734 560 4789; x_wconf 87' lang='lat' dir='ltr'><strong>ad</strong></span> <span class='ocrx_word' id='word_1_640' title='bbox 585 4734 841 4793; x_wconf 88' lang='lat' dir='ltr'><strong>Ludovici</strong></span> <span class='ocrx_word' id='word_1_641' title='bbox 864 4739 1019 4810; x_wconf 81' lang='lat' dir='ltr'><strong>regis</strong></span> <span class='ocrx_word' id='word_1_642' title='bbox 1066 4743 1461 4814; x_wconf 87' lang='lat' dir='ltr'><strong>susceptionem</strong></span> <span class='ocrx_word' id='word_1_643' title='bbox 1512 4744 1702 4801; x_wconf 89' lang='lat' dir='ltr'><strong>fuisset</strong></span> <span class='ocrx_word' id='word_1_644' title='bbox 1739 4763 1902 4803; x_wconf 83' lang='lat' dir='ltr'><strong>occu-</strong></span> 
     </span>
    </p>
   </div>
   <div class='ocr_carea' id='block_1_93' title="bbox 316 4834 500 4895">
    <p class='ocr_par' dir='ltr' id='par_1_93' title="bbox 316 4834 500 4895">
     <span class='ocr_line' id='line_1_93' title="bbox 316 4834 500 4895; baseline 0.016 -17"><span class='ocrx_word' id='word_1_645' title='bbox 316 4834 500 4895; x_wconf 81' lang='lat' dir='ltr'><strong>palus.</strong></span> 
     </span>
    </p>
   </div>
   <div class='ocr_carea' id='block_1_94' title="bbox 390 4919 1905 5003">
    <p class='ocr_par' dir='ltr' id='par_1_94' title="bbox 390 4919 1905 5003">
     <span class='ocr_line' id='line_1_94' title="bbox 390 4919 1905 5003; baseline 0.01 -29"><span class='ocrx_word' id='word_1_646' title='bbox 390 4919 632 4991; x_wconf 84' lang='lat' dir='ltr'><strong>Denique</strong></span> <span class='ocrx_word' id='word_1_647' title='bbox 676 4933 803 4994; x_wconf 85' lang='lat' dir='ltr'><strong>post</strong></span> <span class='ocrx_word' id='word_1_648' title='bbox 846 4939 1047 4982; x_wconf 86' lang='lat' dir='ltr'><strong>annum</strong></span> <span class='ocrx_word' id='word_1_649' title='bbox 1090 4928 1195 4985; x_wconf 76' lang='lat'><strong>853</strong></span> <span class='ocrx_word' id='word_1_650' title='bbox 1235 4930 1453 5001; x_wconf 75' lang='lat' dir='ltr'><strong>scripsit</strong></span> <span class='ocrx_word' id='word_1_651' title='bbox 1497 4931 1788 5003; x_wconf 77' lang='lat' dir='ltr'><strong>Epistolam</strong></span> <span class='ocrx_word' id='word_1_652' title='bbox 1835 4945 1905 4989; x_wconf 84' lang='lat' dir='ltr'><strong>aa</strong></span> 
     </span>
    </p>
   </div>
   <div class='ocr_carea' id='block_1_95' title="bbox 318 5006 1906 5094">
    <p class='ocr_par' dir='ltr' id='par_1_95' title="bbox 318 5006 1906 5094">
     <span class='ocr_line' id='line_1_95' title="bbox 318 5006 1906 5094; baseline 0.013 -33"><span class='ocrx_word' id='word_1_653' title='bbox 318 5006 537 5080; x_wconf 86' lang='lat' dir='ltr'><strong>Egilum</strong></span> <span class='ocrx_word' id='word_1_654' title='bbox 565 5013 813 5070; x_wconf 89' lang='lat' dir='ltr'><strong>abbatem</strong></span> <span class='ocrx_word' id='word_1_655' title='bbox 840 5015 1211 5074; x_wconf 87' lang='lat' dir='ltr'><strong>Prumiensem</strong></span> <span class='ocrx_word' id='word_1_656' title='bbox 1243 5039 1257 5075; x_wconf 88' lang='lat'><strong>:</strong></span> <span class='ocrx_word' id='word_1_657' title='bbox 1283 5022 1438 5093; x_wconf 86' lang='lat' dir='ltr'><strong>cujus</strong></span> <span class='ocrx_word' id='word_1_658' title='bbox 1473 5024 1714 5094; x_wconf 67' lang='lat' dir='ltr'><strong>epistola:</strong></span> <span class='ocrx_word' id='word_1_659' title='bbox 1755 5040 1906 5081; x_wconf 87' lang='lat' dir='ltr'><strong>men-</strong></span> 
     </span>
    </p>
   </div>
   <div class='ocr_carea' id='block_1_96' title="bbox 320 5097 1906 5179">
    <p class='ocr_par' dir='ltr' id='par_1_96' title="bbox 320 5097 1906 5179">
     <span class='ocr_line' id='line_1_96' title="bbox 320 5097 1906 5179; baseline 0.013 -27"><span class='ocrx_word' id='word_1_660' title='bbox 320 5097 522 5155; x_wconf 84' lang='lat' dir='ltr'><strong>tionem</strong></span> <span class='ocrx_word' id='word_1_661' title='bbox 549 5098 681 5158; x_wconf 89' lang='lat' dir='ltr'><strong>facit</strong></span> <span class='ocrx_word' id='word_1_662' title='bbox 708 5104 766 5160; x_wconf 86' lang='lat' dir='ltr'><strong>in</strong></span> <span class='ocrx_word' id='word_1_663' title='bbox 805 5106 1029 5177; x_wconf 90' lang='lat' dir='ltr'><strong>epistola</strong></span> <span class='ocrx_word' id='word_1_664' title='bbox 1056 5118 1184 5179; x_wconf 92' lang='lat' dir='ltr'><strong>post</strong></span> <span class='ocrx_word' id='word_1_665' title='bbox 1225 5111 1292 5166; x_wconf 87' lang='lat' dir='ltr'><strong>ab</strong></span> <span class='ocrx_word' id='word_1_666' title='bbox 1326 5128 1393 5168; x_wconf 90' lang='lat' dir='ltr'><strong>eo</strong></span> <span class='ocrx_word' id='word_1_667' title='bbox 1436 5113 1600 5169; x_wconf 89' lang='lat' dir='ltr'><strong>missa</strong></span> <span class='ocrx_word' id='word_1_668' title='bbox 1637 5118 1705 5171; x_wconf 93' lang='lat' dir='ltr'><strong>ad</strong></span> <span class='ocrx_word' id='word_1_669' title='bbox 1750 5115 1906 5173; x_wconf 83' lang='lat' dir='ltr'><strong>Heri-</strong></span> 
     </span>
    </p>
   </div>
   <div class='ocr_carea' id='block_1_97' title="bbox 320 5193 1903 5270">
    <p class='ocr_par' dir='ltr' id='par_1_97' title="bbox 320 5193 1903 5270">
     <span class='ocr_line' id='line_1_97' title="bbox 320 5193 1903 5270; baseline 0.011 -22"><span class='ocrx_word' id='word_1_670' title='bbox 320 5193 540 5250; x_wconf 89' lang='lat' dir='ltr'><strong>baldum</strong></span> <span class='ocrx_word' id='word_1_671' title='bbox 568 5198 875 5270; x_wconf 90' lang='lat' dir='ltr'><strong>episcopum</strong></span> <span class='ocrx_word' id='word_1_672' title='bbox 902 5201 1451 5261; x_wconf 84' lang='lat' dir='ltr'><strong>Antissiodorensem.</strong></span> <span class='ocrx_word' id='word_1_673' title='bbox 1478 5207 1738 5264; x_wconf 89' lang='lat' dir='ltr'><strong>Notitiam</strong></span> <span class='ocrx_word' id='word_1_674' title='bbox 1766 5217 1903 5265; x_wconf 75' lang='lat' dir='ltr'><strong>tem-</strong></span> 
     </span>
    </p>
   </div>
   <div class='ocr_carea' id='block_1_98' title="bbox 314 5288 1902 5370">
    <p class='ocr_par' dir='ltr' id='par_1_98' title="bbox 314 5288 1902 5370">
     <span class='ocr_line' id='line_1_98' title="bbox 314 5288 1902 5370; baseline 0.011 -29"><span class='ocrx_word' id='word_1_675' title='bbox 314 5288 484 5355; x_wconf 89' lang='lat' dir='ltr'><strong>poris,</strong></span> <span class='ocrx_word' id='word_1_676' title='bbox 518 5304 625 5359; x_wconf 90' lang='lat' dir='ltr'><strong>quo</strong></span> <span class='ocrx_word' id='word_1_677' title='bbox 651 5302 882 5364; x_wconf 88' lang='lat' dir='ltr'><strong>utraque</strong></span> <span class='ocrx_word' id='word_1_678' title='bbox 900 5295 1017 5351; x_wconf 58' lang='lat' dir='ltr'><strong>haec</strong></span> <span class='ocrx_word' id='word_1_679' title='bbox 1041 5296 1268 5366; x_wconf 84' lang='lat' dir='ltr'><strong>epistola</strong></span> <span class='ocrx_word' id='word_1_680' title='bbox 1289 5300 1491 5370; x_wconf 90' lang='lat' dir='ltr'><strong>scripta</strong></span> <span class='ocrx_word' id='word_1_681' title='bbox 1512 5308 1614 5366; x_wconf 87' lang='lat' dir='ltr'><strong>est,</strong></span> <span class='ocrx_word' id='word_1_682' title='bbox 1642 5302 1902 5360; x_wconf 88' lang='lat' dir='ltr'><strong>debemus</strong></span> 
     </span>
    </p>
   </div>
   <div class='ocr_carea' id='block_1_99' title="bbox 318 5375 1903 5462">
    <p class='ocr_par' dir='ltr' id='par_1_99' title="bbox 318 5375 1903 5462">
     <span class='ocr_line' id='line_1_99' title="bbox 318 5375 1903 5462; baseline 0.01 -30"><span class='ocrx_word' id='word_1_683' title='bbox 318 5375 611 5450; x_wconf 62' lang='lat' dir='ltr'><strong>diligentiae</strong></span> <span class='ocrx_word' id='word_1_684' title='bbox 633 5383 984 5440; x_wconf 90' lang='lat' dir='ltr'><strong>eruditissimi</strong></span> <span class='ocrx_word' id='word_1_685' title='bbox 1008 5386 1109 5443; x_wconf 89' lang='lat' dir='ltr'><strong>viri</strong></span> <span class='ocrx_word' id='word_1_686' title='bbox 1131 5386 1389 5460; x_wconf 86' lang='lat' dir='ltr'><strong>Stephani</strong></span> <span class='ocrx_word' id='word_1_687' title='bbox 1412 5389 1640 5457; x_wconf 87' lang='lat' dir='ltr'><strong>Baluzii,</strong></span> <span class='ocrx_word' id='word_1_688' title='bbox 1669 5392 1760 5462; x_wconf 84' lang='lat' dir='ltr'><strong>qui</strong></span> <span class='ocrx_word' id='word_1_689' title='bbox 1781 5408 1903 5448; x_wconf 89' lang='lat' dir='ltr'><strong>eam</strong></span> 
     </span>
    </p>
   </div>
   <div class='ocr_carea' id='block_1_100' title="bbox 316 5472 1902 5554">
    <p class='ocr_par' dir='ltr' id='par_1_100' title="bbox 316 5472 1902 5554">
     <span class='ocr_line' id='line_1_100' title="bbox 316 5472 1902 5554; baseline 0.008 -27"><span class='ocrx_word' id='word_1_690' title='bbox 316 5472 575 5529; x_wconf 86' lang='lat' dir='ltr'><strong>secundis</strong></span> <span class='ocrx_word' id='word_1_691' title='bbox 594 5477 738 5546; x_wconf 81' lang='lat' dir='ltr'><strong>typis</strong></span> <span class='ocrx_word' id='word_1_692' title='bbox 763 5476 1002 5547; x_wconf 78' lang='lat' dir='ltr'><strong>vulgavit</strong></span> <span class='ocrx_word' id='word_1_693' title='bbox 1028 5495 1153 5535; x_wconf 91' lang='lat' dir='ltr'><strong>cum</strong></span> <span class='ocrx_word' id='word_1_694' title='bbox 1179 5491 1433 5538; x_wconf 82' lang='lat' dir='ltr'><strong>accurata</strong></span> <span class='ocrx_word' id='word_1_695' title='bbox 1463 5483 1570 5538; x_wconf 83' lang='lat' dir='ltr'><strong>hac</strong></span> <span class='ocrx_word' id='word_1_696' title='bbox 1594 5483 1660 5538; x_wconf 89' lang='lat' dir='ltr'><strong>de</strong></span> <span class='ocrx_word' id='word_1_697' title='bbox 1682 5499 1743 5537; x_wconf 89' lang='lat' dir='ltr'><strong>re</strong></span> <span class='ocrx_word' id='word_1_698' title='bbox 1764 5499 1902 5554; x_wconf 75' lang='lat' dir='ltr'><strong>prae-</strong></span> 
     </span>
    </p>
   </div>
   <div class='ocr_carea' id='block_1_101' title="bbox 314 5559 1903 5645">
    <p class='ocr_par' dir='ltr' id='par_1_101' title="bbox 314 5559 1903 5645">
     <span class='ocr_line' id='line_1_101' title="bbox 314 5559 1903 5645; baseline 0.011 -30"><span class='ocrx_word' id='word_1_699' title='bbox 314 5559 522 5620; x_wconf 83' lang='lat' dir='ltr'><strong>fatione</strong></span> <span class='ocrx_word' id='word_1_700' title='bbox 547 5580 561 5619; x_wconf 90' lang='lat'><strong>:</strong></span> <span class='ocrx_word' id='word_1_701' title='bbox 588 5567 680 5623; x_wconf 82' lang='lat' dir='ltr'><strong>ubi</strong></span> <span class='ocrx_word' id='word_1_702' title='bbox 700 5567 1005 5625; x_wconf 85' lang='lat' dir='ltr'><strong>observavit</strong></span> <span class='ocrx_word' id='word_1_703' title='bbox 1022 5571 1237 5643; x_wconf 80' lang='lat' dir='ltr'><strong>Egilum</strong></span> <span class='ocrx_word' id='word_1_704' title='bbox 1259 5588 1354 5628; x_wconf 89' lang='lat' dir='ltr'><strong>seu</strong></span> <span class='ocrx_word' id='word_1_705' title='bbox 1373 5573 1624 5644; x_wconf 79' lang='lat' dir='ltr'><strong>Eigilem,</strong></span> <span class='ocrx_word' id='word_1_706' title='bbox 1647 5575 1719 5630; x_wconf 78' lang='lat' dir='ltr'><strong>ad</strong></span> <span class='ocrx_word' id='word_1_707' title='bbox 1740 5590 1903 5645; x_wconf 88' lang='lat' dir='ltr'><strong>quem</strong></span> 
     </span>
    </p>
   </div>
   <div class='ocr_carea' id='block_1_102' title="bbox 312 5650 1905 5737">
    <p class='ocr_par' dir='ltr' id='par_1_102' title="bbox 312 5650 1905 5737">
     <span class='ocr_line' id='line_1_102' title="bbox 312 5650 1905 5737; baseline 0.009 -28"><span class='ocrx_word' id='word_1_708' title='bbox 312 5650 428 5723; x_wconf 82' lang='lat' dir='ltr'><strong>iam</strong></span> <span class='ocrx_word' id='word_1_709' title='bbox 450 5655 700 5714; x_wconf 83' lang='lat' dir='ltr'><strong>abbatem</strong></span> <span class='ocrx_word' id='word_1_710' title='bbox 727 5658 1100 5717; x_wconf 88' lang='lat' dir='ltr'><strong>Prumiensem</strong></span> <span class='ocrx_word' id='word_1_711' title='bbox 1126 5665 1276 5734; x_wconf 91' lang='lat' dir='ltr'><strong>prior</strong></span> <span class='ocrx_word' id='word_1_712' title='bbox 1301 5680 1370 5720; x_wconf 79' lang='lat' dir='ltr'><strong>ex</strong></span> <span class='ocrx_word' id='word_1_713' title='bbox 1407 5666 1492 5721; x_wconf 91' lang='lat' dir='ltr'><strong>his</strong></span> <span class='ocrx_word' id='word_1_714' title='bbox 1532 5666 1741 5723; x_wconf 88' lang='lat' dir='ltr'><strong>duabus</strong></span> <span class='ocrx_word' id='word_1_715' title='bbox 1790 5668 1905 5737; x_wconf 89' lang='lat' dir='ltr'><strong>cpi-</strong></span> 
     </span>
    </p>
   </div>
   <div class='ocr_carea' id='block_1_103' title="bbox 316 5746 1901 5827">
    <p class='ocr_par' dir='ltr' id='par_1_103' title="bbox 316 5746 1901 5827">
     <span class='ocr_line' id='line_1_103' title="bbox 316 5746 1901 5827; baseline 0.008 -25"><span class='ocrx_word' id='word_1_716' title='bbox 316 5746 475 5803; x_wconf 80' lang='lat' dir='ltr'><strong>stolis</strong></span> <span class='ocrx_word' id='word_1_717' title='bbox 510 5750 715 5820; x_wconf 87' lang='lat' dir='ltr'><strong>scripta</strong></span> <span class='ocrx_word' id='word_1_718' title='bbox 741 5760 848 5818; x_wconf 88' lang='lat' dir='ltr'><strong>est,</strong></span> <span class='ocrx_word' id='word_1_719' title='bbox 872 5753 1014 5809; x_wconf 86' lang='lat' dir='ltr'><strong>hanc</strong></span> <span class='ocrx_word' id='word_1_720' title='bbox 1035 5753 1350 5827; x_wconf 82' lang='lat' dir='ltr'><strong>dignitatem</strong></span> <span class='ocrx_word' id='word_1_721' title='bbox 1392 5758 1578 5814; x_wconf 88' lang='lat' dir='ltr'><strong>iniisse</strong></span> <span class='ocrx_word' id='word_1_722' title='bbox 1607 5776 1750 5816; x_wconf 82' lang='lat' dir='ltr'><strong>anno</strong></span> <span class='ocrx_word' id='word_1_723' title='bbox 1775 5759 1901 5825; x_wconf 79' lang='grc'><strong>855,</strong></span> 
     </span>
    </p>
   </div>
   <div class='ocr_carea' id='block_1_104' title="bbox 319 5837 1904 5915">
    <p class='ocr_par' dir='ltr' id='par_1_104' title="bbox 319 5837 1904 5915">
     <span class='ocr_line' id='line_1_104' title="bbox 319 5837 1904 5915; baseline 0.012 -25"><span class='ocrx_word' id='word_1_724' title='bbox 319 5837 398 5891; x_wconf 91' lang='lat' dir='ltr'><strong>uti</strong></span> <span class='ocrx_word' id='word_1_725' title='bbox 420 5838 587 5893; x_wconf 85' lang='lat' dir='ltr'><strong>etiam</strong></span> <span class='ocrx_word' id='word_1_726' title='bbox 613 5840 670 5896; x_wconf 91' lang='lat' dir='ltr'><strong>in</strong></span> <span class='ocrx_word' id='word_1_727' title='bbox 696 5842 812 5913; x_wconf 83' lang='lat' dir='ltr'><strong>ejus</strong></span> <span class='ocrx_word' id='word_1_728' title='bbox 835 5842 1023 5915; x_wconf 85' lang='lat' dir='ltr'><strong>Elogio</strong></span> <span class='ocrx_word' id='word_1_729' title='bbox 1044 5845 1425 5905; x_wconf 83' lang='lat' dir='ltr'><strong>demonstrabo</strong></span> <span class='ocrx_word' id='word_1_730' title='bbox 1454 5849 1696 5911; x_wconf 81' lang='lat' dir='ltr'><strong>inferius,</strong></span> <span class='ocrx_word' id='word_1_731' title='bbox 1732 5852 1904 5908; x_wconf 72' lang='lat' dir='ltr'><strong>Porro</strong></span> 
     </span>
    </p>
   </div>
   <div class='ocr_carea' id='block_1_105' title="bbox 322 5928 1906 6020">
    <p class='ocr_par' dir='ltr' id='par_1_105' title="bbox 322 5928 1906 6020">
     <span class='ocr_line' id='line_1_105' title="bbox 322 5928 1906 6020; baseline 0.012 -37"><span class='ocrx_word' id='word_1_732' title='bbox 322 5928 378 5984; x_wconf 88' lang='lat' dir='ltr'><strong>in</strong></span> <span class='ocrx_word' id='word_1_733' title='bbox 398 5931 681 6001; x_wconf 79' lang='lat' dir='ltr'><strong>posteriori</strong></span> <span class='ocrx_word' id='word_1_734' title='bbox 715 5936 782 5993; x_wconf 87' lang='lat' dir='ltr'><strong>ad</strong></span> <span class='ocrx_word' id='word_1_735' title='bbox 820 5935 1188 6008; x_wconf 85' lang='lat' dir='ltr'><strong>Hcribaldum,</strong></span> <span class='ocrx_word' id='word_1_736' title='bbox 1217 5954 1337 6020; x_wconf 81' lang='lat' dir='ltr'><strong>quae</strong></span> <span class='ocrx_word' id='word_1_737' title='bbox 1362 5958 1393 5998; x_wconf 89' lang='lat' dir='ltr'><strong>a</strong></span> <span class='ocrx_word' id='word_1_738' title='bbox 1420 5940 1717 6014; x_wconf 80' lang='lat' dir='ltr'><strong>Reginone,</strong></span> <span class='ocrx_word' id='word_1_739' title='bbox 1745 5942 1906 6002; x_wconf 85' lang='lat' dir='ltr'><strong>lvone</strong></span> 
     </span>
    </p>
   </div>
   <div class='ocr_carea' id='block_1_106' title="bbox 2005 4726 3597 4813">
    <p class='ocr_par' dir='ltr' id='par_1_106' title="bbox 2005 4726 3597 4813">
     <span class='ocr_line' id='line_1_106' title="bbox 2005 4726 3597 4813; baseline -0.011 -14"><span class='ocrx_word' id='word_1_740' title='bbox 2005 4743 2274 4813; x_wconf 85' lang='lat' dir='ltr'><strong>quomodo</strong></span> <span class='ocrx_word' id='word_1_741' title='bbox 2309 4756 2420 4796; x_wconf 78' lang='lat' dir='ltr'><strong>non</strong></span> <span class='ocrx_word' id='word_1_742' title='bbox 2468 4739 2679 4808; x_wconf 85' lang='lat' dir='ltr'><strong>accepit</strong></span> <span class='ocrx_word' id='word_1_743' title='bbox 2720 4737 2948 4808; x_wconf 77' lang='lat' dir='ltr'><strong>gratiam</strong></span> <span class='ocrx_word' id='word_1_744' title='bbox 2996 4732 3180 4788; x_wconf 81' lang='lat' dir='ltr'><strong>tuam?</strong></span> <span class='ocrx_word' id='word_1_745' title='bbox 3208 4738 3303 4785; x_wconf 82' lang='lat' dir='ltr'><strong>aut</strong></span> <span class='ocrx_word' id='word_1_746' title='bbox 3345 4729 3413 4793; x_wconf 88' lang='lat' dir='ltr'><strong>si,</strong></span> <span class='ocrx_word' id='word_1_747' title='bbox 3462 4726 3597 4797; x_wconf 70' lang='lat' dir='ltr'><strong>quia</strong></span> 
     </span>
    </p>
   </div>
   <div class='ocr_carea' id='block_1_107' title="bbox 2005 4825 3590 4901">
    <p class='ocr_par' dir='ltr' id='par_1_107' title="bbox 2005 4825 3590 4901">
     <span class='ocr_line' id='line_1_107' title="bbox 2005 4825 3590 4901; baseline -0.011 -10"><span class='ocrx_word' id='word_1_748' title='bbox 2005 4835 2320 4891; x_wconf 90' lang='lat' dir='ltr'><strong>solemniter</strong></span> <span class='ocrx_word' id='word_1_749' title='bbox 2344 4850 2449 4888; x_wconf 88' lang='lat' dir='ltr'><strong>non</strong></span> <span class='ocrx_word' id='word_1_750' title='bbox 2481 4841 2605 4888; x_wconf 91' lang='lat' dir='ltr'><strong>sunt</strong></span> <span class='ocrx_word' id='word_1_751' title='bbox 2635 4832 2905 4887; x_wconf 88' lang='lat' dir='ltr'><strong>celebrata</strong></span> <span class='ocrx_word' id='word_1_752' title='bbox 2934 4826 3214 4901; x_wconf 73' lang='lat' dir='ltr'><strong>mysteria,</strong></span> <span class='ocrx_word' id='word_1_753' title='bbox 3246 4825 3353 4879; x_wconf 85' lang='lat' dir='ltr'><strong>hoc</strong></span> <span class='ocrx_word' id='word_1_754' title='bbox 3382 4827 3590 4877; x_wconf 85' lang='lat' dir='ltr'><strong>movet:</strong></span> 
     </span>
    </p>
   </div>
   <div class='ocr_carea' id='block_1_108' title="bbox 2003 4917 3593 4997">
    <p class='ocr_par' dir='ltr' id='par_1_108' title="bbox 2003 4917 3593 4997">
     <span class='ocr_line' id='line_1_108' title="bbox 2003 4917 3593 4997; baseline -0.023 2"><span class='ocrx_word' id='word_1_755' title='bbox 2003 4941 2133 4997; x_wconf 67' lang='grc'><strong>61⁸80</strong></span> <span class='ocrx_word' id='word_1_756' title='bbox 2158 4944 2258 4983; x_wconf 65' lang='lat' dir='ltr'><strong>nec</strong></span> <span class='ocrx_word' id='word_1_757' title='bbox 2281 4935 2566 4997; x_wconf 72' lang='lat' dir='ltr'><strong>martyres,</strong></span> <span class='ocrx_word' id='word_1_758' title='bbox 2595 4925 2641 4980; x_wconf 87' lang='lat' dir='ltr'><strong>si</strong></span> <span class='ocrx_word' id='word_1_759' title='bbox 2671 4921 3045 4981; x_wconf 76' lang='lat' dir='ltr'><strong>catechumeni</strong></span> <span class='ocrx_word' id='word_1_760' title='bbox 3079 4917 3295 4980; x_wconf 73' lang='lat' dir='ltr'><strong>fuerint,</strong></span> <span class='ocrx_word' id='word_1_761' title='bbox 3329 4926 3593 4968; x_wconf 84' lang='lat' dir='ltr'><strong>coronen-</strong></span> 
     </span>
    </p>
   </div>
   <div class='ocr_carea' id='block_1_109' title="bbox 2004 5004 3595 5082">
    <p class='ocr_par' dir='ltr' id='par_1_109' title="bbox 2004 5004 3595 5082">
     <span class='ocr_line' id='line_1_109' title="bbox 2004 5004 3595 5082; baseline -0.012 -6"><span class='ocrx_word' id='word_1_762' title='bbox 2004 5028 2097 5076; x_wconf 85' lang='lat' dir='ltr'><strong>tur</strong></span> <span class='ocrx_word' id='word_1_763' title='bbox 2123 5039 2137 5075; x_wconf 90' lang='lat'>:</span> <span class='ocrx_word' id='word_1_764' title='bbox 2162 5035 2272 5075; x_wconf 82' lang='lat' dir='ltr'><strong>non</strong></span> <span class='ocrx_word' id='word_1_765' title='bbox 2316 5020 2461 5076; x_wconf 76' lang='lat' dir='ltr'><strong>enim</strong></span> <span class='ocrx_word' id='word_1_766' title='bbox 2498 5026 2849 5082; x_wconf 73' lang='lat' dir='ltr'><strong>coronantur,</strong></span> <span class='ocrx_word' id='word_1_767' title='bbox 2880 5017 2925 5071; x_wconf 81' lang='lat' dir='ltr'><strong>si</strong></span> <span class='ocrx_word' id='word_1_768' title='bbox 2960 5030 3069 5070; x_wconf 83' lang='lat' dir='ltr'><strong>non</strong></span> <span class='ocrx_word' id='word_1_769' title='bbox 3100 5011 3398 5066; x_wconf 63' lang='lat' dir='ltr'><strong>initiantur.</strong></span> <span class='ocrx_word' id='word_1_770' title='bbox 3439 5004 3595 5071; x_wconf 81' lang='lat' dir='ltr'><strong>Quod</strong></span> 
     </span>
    </p>
   </div>
   <div class='ocr_carea' id='block_1_110' title="bbox 2007 5097 3596 5180">
    <p class='ocr_par' dir='ltr' id='par_1_110' title="bbox 2007 5097 3596 5180">
     <span class='ocr_line' id='line_1_110' title="bbox 2007 5097 3596 5180; baseline -0.011 -11"><span class='ocrx_word' id='word_1_771' title='bbox 2007 5114 2053 5170; x_wconf 90' lang='lat' dir='ltr'><strong>si</strong></span> <span class='ocrx_word' id='word_1_772' title='bbox 2081 5129 2178 5168; x_wconf 93' lang='lat' dir='ltr'><strong>suo</strong></span> <span class='ocrx_word' id='word_1_773' title='bbox 2202 5112 2494 5167; x_wconf 87' lang='lat' dir='ltr'><strong>abluuntur</strong></span> <span class='ocrx_word' id='word_1_774' title='bbox 2520 5110 2803 5180; x_wconf 86' lang='lat' dir='ltr'><strong>sanguine,</strong></span> <span class='ocrx_word' id='word_1_775' title='bbox 2828 5116 2882 5163; x_wconf 90' lang='lat' dir='ltr'><strong>et</strong></span> <span class='ocrx_word' id='word_1_776' title='bbox 2906 5109 3053 5162; x_wconf 91' lang='lat' dir='ltr'><strong>hunc</strong></span> <span class='ocrx_word' id='word_1_777' title='bbox 3076 5119 3172 5160; x_wconf 86' lang='lat' dir='ltr'><strong>sua</strong></span> <span class='ocrx_word' id='word_1_778' title='bbox 3214 5101 3390 5171; x_wconf 86' lang='lat' dir='ltr'><strong>pietas</strong></span> <span class='ocrx_word' id='word_1_779' title='bbox 3424 5097 3596 5153; x_wconf 75' lang='lat' dir='ltr'><strong>abluit</strong></span> 
     </span>
    </p>
   </div>
   <div class='ocr_carea' id='block_1_111' title="bbox 2009 5190 3594 5274">
    <p class='ocr_par' dir='ltr' id='par_1_111' title="bbox 2009 5190 3594 5274">
     <span class='ocr_line' id='line_1_111' title="bbox 2009 5190 3594 5274; baseline -0.011 -13"><span class='ocrx_word' id='word_1_780' title='bbox 2009 5213 2065 5261; x_wconf 87' lang='lat' dir='ltr'><strong>et</strong></span> <span class='ocrx_word' id='word_1_781' title='bbox 2086 5204 2360 5260; x_wconf 68' lang='lat' dir='ltr'><strong>voluntas.</strong></span> <span class='ocrx_word' id='word_1_782' title='bbox 2394 5223 2415 5254; x_wconf 68' lang='grc' dir='ltr'><strong><em>ι</em></strong></span> <span class='ocrx_word' id='word_1_783' title='bbox 2448 5202 2639 5274; x_wconf 83' lang='lat' dir='ltr'><strong>Itaque</strong></span> <span class='ocrx_word' id='word_1_784' title='bbox 2668 5217 2733 5259; x_wconf 77' lang='lat' dir='ltr'><strong>ex</strong></span> <span class='ocrx_word' id='word_1_785' title='bbox 2757 5196 3032 5261; x_wconf 73' lang='lat' dir='ltr'><strong>Ambrosii</strong></span> <span class='ocrx_word' id='word_1_786' title='bbox 3059 5202 3113 5252; x_wconf 87' lang='lat' dir='ltr'><strong>et</strong></span> <span class='ocrx_word' id='word_1_787' title='bbox 3137 5190 3427 5267; x_wconf 65' lang='lat' dir='ltr'><strong>Augustini</strong></span> <span class='ocrx_word' id='word_1_788' title='bbox 3472 5205 3594 5247; x_wconf 87' lang='lat' dir='ltr'><strong>sen-</strong></span> 
     </span>
    </p>
   </div>
   <div class='ocr_carea' id='block_1_112' title="bbox 2008 5282 3592 5360">
    <p class='ocr_par' dir='ltr' id='par_1_112' title="bbox 2008 5282 3592 5360">
     <span class='ocr_line' id='line_1_112' title="bbox 2008 5282 3592 5360; baseline -0.011 -8"><span class='ocrx_word' id='word_1_789' title='bbox 2008 5296 2196 5360; x_wconf 90' lang='lat' dir='ltr'><strong>tentia,</strong></span> <span class='ocrx_word' id='word_1_790' title='bbox 2219 5311 2326 5351; x_wconf 92' lang='lat' dir='ltr'><strong>non</strong></span> <span class='ocrx_word' id='word_1_791' title='bbox 2359 5295 2489 5350; x_wconf 90' lang='lat' dir='ltr'><strong>solis</strong></span> <span class='ocrx_word' id='word_1_792' title='bbox 2528 5293 2935 5351; x_wconf 80' lang='lat' dir='ltr'><strong>catechumenis</strong></span> <span class='ocrx_word' id='word_1_793' title='bbox 2982 5287 3244 5358; x_wconf 80' lang='lat' dir='ltr'><strong>martyrio</strong></span> <span class='ocrx_word' id='word_1_794' title='bbox 3281 5282 3490 5349; x_wconf 77' lang='lat' dir='ltr'><strong>aii‘ectis</strong></span> <span class='ocrx_word' id='word_1_795' title='bbox 3520 5282 3592 5335; x_wconf 88' lang='lat' dir='ltr'><strong>ad</strong></span> 
     </span>
    </p>
   </div>
   <div class='ocr_carea' id='block_1_113' title="bbox 1962 5369 3594 5460">
    <p class='ocr_par' dir='ltr' id='par_1_113' title="bbox 1962 5369 3594 5460">
     <span class='ocr_line' id='line_1_113' title="bbox 1962 5369 3594 5460; baseline -0.012 -17"><span class='ocrx_word' id='word_1_796' title='bbox 1962 5432 1971 5443; x_wconf 93' lang='lat'><strong>.</strong></span> <span class='ocrx_word' id='word_1_797' title='bbox 2006 5388 2233 5446; x_wconf 88' lang='lat' dir='ltr'><strong>salutem</strong></span> <span class='ocrx_word' id='word_1_798' title='bbox 2266 5387 2489 5460; x_wconf 90' lang='lat' dir='ltr'><strong>prodest</strong></span> <span class='ocrx_word' id='word_1_799' title='bbox 2526 5386 2777 5441; x_wconf 82' lang='lat' dir='ltr'><strong>voluntas</strong></span> <span class='ocrx_word' id='word_1_800' title='bbox 2811 5378 3137 5451; x_wconf 80' lang='lat' dir='ltr'><strong>suscipiendi</strong></span> <span class='ocrx_word' id='word_1_801' title='bbox 3184 5373 3463 5445; x_wconf 77' lang='lat' dir='ltr'><strong>baptismi,</strong></span> <span class='ocrx_word' id='word_1_802' title='bbox 3494 5369 3594 5425; x_wconf 79' lang='lat' dir='ltr'><strong>sed</strong></span> 
     </span>
    </p>
   </div>
   <div class='ocr_carea' id='block_1_114' title="bbox 1999 5468 3594 5550">
    <p class='ocr_par' dir='ltr' id='par_1_114' title="bbox 1999 5468 3594 5550">
     <span class='ocr_line' id='line_1_114' title="bbox 1999 5468 3594 5550; baseline -0.013 -13"><span class='ocrx_word' id='word_1_803' title='bbox 1999 5480 2173 5538; x_wconf 81' lang='lat' dir='ltr'><strong>etiam</strong></span> <span class='ocrx_word' id='word_1_804' title='bbox 2202 5479 2268 5534; x_wconf 87' lang='lat' dir='ltr'><strong>iis</strong></span> <span class='ocrx_word' id='word_1_805' title='bbox 2291 5478 2382 5550; x_wconf 87' lang='lat' dir='ltr'><strong>qui</strong></span> <span class='ocrx_word' id='word_1_806' title='bbox 2413 5477 2574 5549; x_wconf 86' lang='lat' dir='ltr'><strong>hujus</strong></span> <span class='ocrx_word' id='word_1_807' title='bbox 2614 5472 2940 5532; x_wconf 82' lang='lat' dir='ltr'><strong>sacramenti</strong></span> <span class='ocrx_word' id='word_1_808' title='bbox 2988 5470 3221 5543; x_wconf 82' lang='lat' dir='ltr'><strong>gratiam</strong></span> <span class='ocrx_word' id='word_1_809' title='bbox 3274 5468 3488 5523; x_wconf 84' lang='lat' dir='ltr'><strong>sincero</strong></span> <span class='ocrx_word' id='word_1_810' title='bbox 3529 5476 3594 5515; x_wconf 90' lang='lat' dir='ltr'><strong>ac</strong></span> 
     </span>
    </p>
   </div>
   <div class='ocr_carea' id='block_1_115' title="bbox 2006 5552 3593 5639">
    <p class='ocr_par' dir='ltr' id='par_1_115' title="bbox 2006 5552 3593 5639">
     <span class='ocr_line' id='line_1_115' title="bbox 2006 5552 3593 5639; baseline -0.013 -13"><span class='ocrx_word' id='word_1_811' title='bbox 2006 5570 2236 5626; x_wconf 71' lang='lat' dir='ltr'><strong>feruenti</strong></span> <span class='ocrx_word' id='word_1_812' title='bbox 2266 5570 2447 5624; x_wconf 75' lang='lat' dir='ltr'><strong>animo</strong></span> <span class='ocrx_word' id='word_1_813' title='bbox 2474 5574 2840 5639; x_wconf 80' lang='lat' dir='ltr'><strong>poposcerunt</strong></span> <span class='ocrx_word' id='word_1_814' title='bbox 2858 5580 2930 5623; x_wconf 82' lang='lat' dir='ltr'><strong>ac</strong></span> <span class='ocrx_word' id='word_1_815' title='bbox 2952 5563 3363 5626; x_wconf 77' lang='lat' dir='ltr'><strong>desiderarunt;</strong></span> <span class='ocrx_word' id='word_1_816' title='bbox 3393 5570 3496 5611; x_wconf 88' lang='lat' dir='ltr'><strong>nec</strong></span> <span class='ocrx_word' id='word_1_817' title='bbox 3516 5552 3593 5607; x_wconf 83' lang='lat' dir='ltr'><strong>ab</strong></span> 
     </span>
    </p>
   </div>
   <div class='ocr_carea' id='block_1_116' title="bbox 2008 5646 3592 5733">
    <p class='ocr_par' dir='ltr' id='par_1_116' title="bbox 2008 5646 3592 5733">
     <span class='ocr_line' id='line_1_116' title="bbox 2008 5646 3592 5733; baseline -0.013 -13"><span class='ocrx_word' id='word_1_818' title='bbox 2008 5680 2074 5721; x_wconf 89' lang='lat' dir='ltr'><strong>eo</strong></span> <span class='ocrx_word' id='word_1_819' title='bbox 2108 5663 2448 5733; x_wconf 87' lang='lat' dir='ltr'><strong>suscipiendo</strong></span> <span class='ocrx_word' id='word_1_820' title='bbox 2474 5658 2711 5716; x_wconf 90' lang='lat' dir='ltr'><strong>revocati</strong></span> <span class='ocrx_word' id='word_1_821' title='bbox 2744 5665 2875 5713; x_wconf 82' lang='lat' dir='ltr'><strong>sunt</strong></span> <span class='ocrx_word' id='word_1_822' title='bbox 2908 5671 2979 5711; x_wconf 74' lang='lat' dir='ltr'><strong>ex</strong></span> <span class='ocrx_word' id='word_1_823' title='bbox 3014 5651 3361 5726; x_wconf 71' lang='lat' dir='ltr'><strong>negligentia,</strong></span> <span class='ocrx_word' id='word_1_824' title='bbox 3390 5646 3488 5703; x_wconf 83' lang='lat' dir='ltr'><strong>sed</strong></span> <span class='ocrx_word' id='word_1_825' title='bbox 3521 5658 3592 5699; x_wconf 77' lang='lat' dir='ltr'><strong>ex</strong></span> 
     </span>
    </p>
   </div>
   <div class='ocr_carea' id='block_1_117' title="bbox 2008 5745 3593 5826">
    <p class='ocr_par' dir='ltr' id='par_1_117' title="bbox 2008 5745 3593 5826">
     <span class='ocr_line' id='line_1_117' title="bbox 2008 5745 3593 5826; baseline -0.008 -15"><span class='ocrx_word' id='word_1_826' title='bbox 2008 5754 2409 5826; x_wconf 86' lang='lat' dir='ltr'><strong>dispensatione</strong></span> <span class='ocrx_word' id='word_1_827' title='bbox 2428 5750 2626 5809; x_wconf 86' lang='lat' dir='ltr'><strong>divina.</strong></span> <span class='ocrx_word' id='word_1_828' title='bbox 2664 5748 2810 5807; x_wconf 86' lang='lat' dir='ltr'><strong>Idem</strong></span> <span class='ocrx_word' id='word_1_829' title='bbox 2847 5748 3020 5805; x_wconf 86' lang='lat' dir='ltr'><strong>valide</strong></span> <span class='ocrx_word' id='word_1_830' title='bbox 3060 5760 3127 5802; x_wconf 89' lang='lat' dir='ltr'><strong>ac</strong></span> <span class='ocrx_word' id='word_1_831' title='bbox 3163 5745 3364 5800; x_wconf 76' lang='lat' dir='ltr'><strong>diserte</strong></span> <span class='ocrx_word' id='word_1_832' title='bbox 3394 5750 3593 5811; x_wconf 80' lang='lat' dir='ltr'><strong>propu-</strong></span> 
     </span>
    </p>
   </div>
   <div class='ocr_carea' id='block_1_118' title="bbox 2010 5840 3592 5936">
    <p class='ocr_par' dir='ltr' id='par_1_118' title="bbox 2010 5840 3592 5936">
     <span class='ocr_line' id='line_1_118' title="bbox 2010 5840 3592 5936; baseline -0.012 -30"><span class='ocrx_word' id='word_1_833' title='bbox 2010 5851 2192 5922; x_wconf 74' lang='lat' dir='ltr'><strong>gnarit</strong></span> <span class='ocrx_word' id='word_1_834' title='bbox 2208 5858 2437 5906; x_wconf 77' lang='lat' dir='ltr'><strong>sanctus</strong></span> <span class='ocrx_word' id='word_1_835' title='bbox 2452 5847 2761 5905; x_wconf 68' lang='lat' dir='ltr'><strong>Berurdus</strong></span> <span class='ocrx_word' id='word_1_836' title='bbox 2782 5846 2841 5903; x_wconf 85' lang='lat' dir='ltr'><strong>iu</strong></span> <span class='ocrx_word' id='word_1_837' title='bbox 2865 5841 3092 5915; x_wconf 81' lang='lat' dir='ltr'><strong>epistola</strong></span> <span class='ocrx_word' id='word_1_838' title='bbox 3126 5840 3192 5894; x_wconf 84' lang='lat'><strong>77</strong></span> <span class='ocrx_word' id='word_1_839' title='bbox 3213 5854 3330 5936; x_wconf 34' lang='lat' dir='ltr'><strong>seu.</strong></span> <span class='ocrx_word' id='word_1_840' title='bbox 3359 5840 3592 5936; x_wconf 65' lang='lat' dir='ltr'><strong>tractatu</strong></span> 
     </span>
    </p>
   </div>
   <div class='ocr_carea' id='block_1_119' title="bbox 2006 5928 3591 6015">
    <p class='ocr_par' dir='ltr' id='par_1_119' title="bbox 2006 5928 3591 6015">
     <span class='ocr_line' id='line_1_119' title="bbox 2006 5928 3591 6015; baseline -0.008 -18"><span class='ocrx_word' id='word_1_841' title='bbox 2006 5943 2081 5999; x_wconf 87' lang='lat' dir='ltr'><strong>ad</strong></span> <span class='ocrx_word' id='word_1_842' title='bbox 2109 5940 2394 6015; x_wconf 65' lang='lat' dir='ltr'><strong>nugonem</strong></span> <span class='ocrx_word' id='word_1_843' title='bbox 2418 5940 2489 5997; x_wconf 86' lang='lat' dir='ltr'><strong>de</strong></span> <span class='ocrx_word' id='word_1_844' title='bbox 2508 5937 2711 5998; x_wconf 75' lang='lat' dir='ltr'><strong>Sancte</strong></span> <span class='ocrx_word' id='word_1_845' title='bbox 2730 5938 2971 6005; x_wconf 60' lang='lat' dir='ltr'><strong>Victore,</strong></span> <span class='ocrx_word' id='word_1_846' title='bbox 3011 5930 3259 5990; x_wconf 73' lang='lat' dir='ltr'><strong>adductis</strong></span> <span class='ocrx_word' id='word_1_847' title='bbox 3301 5928 3591 5999; x_wconf 62' lang='lat' dir='ltr'><strong>Augustini</strong></span> 
     </span>
    </p>
   </div>
  </div>
