4016 6496
415 469 488 529 '59

1548 454 1643 509 AD
1679 451 1908 513 OPERA
1944 451 2008 508 B.
2047 447 2305 506 RABANI
2340 444 2562 504 MAURI

3608 442 3682 499 L0

415 587 475 637 et
506 572 779 633 Ambrosii
819 568 1150 629 testimoniis
1191 566 1452 625 adversus
1504 566 1792 636 quemdam
1844 578 2000 621 secus
2025 567 2081 628 Α
2101 563 2287 627 missa,
2315 559 2561 632 quamvis
2585 556 2744 615 bonis
2769 555 3023 628 operibus
3038 553 3249 627 praediti
3273 552 3492 611 fuerint.
3507 553 3694 624 Quan-

419 667 764 723 sentientem.
791 661 866 717 At
891 659 1199 732 oppositum
1228 657 1455 713 invenio”
1469 658 1610 728 apud
1642 655 2002 727 Augustinum
2108 670 2270 726 quam
2297 667 2485 709 omnes
2525 648 2822 707 universim
2870 648 3288 704 catechumenos
3328 648 3440 702 sine
3490 648 3698 705 redem-

419 758 595 829 ipsum
628 756 684 811 in
718 767 967 811 sermone
994 751 1067 808 ΞΟ
1090 752 1157 807 de
1186 749 1379 807 Verbis
1396 746 1661 820 Apostoli,
1691 763 1809 818 cap.
1839 746 1892 813 6,
1910 744 2006 802 ubi
2105 748 2280 819 ptione
2302 745 2544 817 baptismi
2579 742 2873 813 defunctos,
2914 756 3068 796 sacra
3097 739 3370 797 oblatione
3410 745 3466 796 et
3507 739 3695 798 Eccle-

418 847 753 920 expendens,
771 863 790 896 ι
808 856 981 913 quare
996 859 1016 894 ι
1037 842 1246 897 duobus
1256 839 1678 905 catechumenis,
1692 853 1800 893 uno
1812 838 2005 908 probo,

419 936 595 993 altero
641 933 913 1004 improbo,
966 931 1107 988 «iste
1126 930 1389 987 adductus
1434 935 1518 986 est
1554 944 1586 983 a
1620 928 2009 999 gubernatione

419 1028 537 1095 Dei,
589 1034 650 1083 ut
686 1026 1095 1097 baptizaretur:
1125 1023 1214 1078 ille
1260 1030 1464 1089 autem,
1517 1035 1640 1079 cum
1682 1020 1818 1074 bene
1866 1026 2010 1074 cate-

422 1124 721 1180 chumenos
747 1119 965 1185 vixerit,
1012 1116 1189 1173 subita
1224 1116 1383 1171 ruina
1410 1122 1656 1170 mortuus
1703 1118 1808 1177 est,
1848 1117 1906 1166 et
1941 1109 2011 1165 ad

419 1213 747 1285 baptismum
796 1225 908 1266 non
950 1209 1229 1281 pervenit;
1263 1227 1283 1261 ι
1323 1209 1427 1263 hoc
1465 1220 1632 1260 unum
1676 1202 2005 1273 respondet:

425 1302 658 1371 «Quare
690 1300 905 1367 merita,
942 1315 1051 1356 non
1084 1300 1343 1363 invenies,
1387 1298 1493 1354 nisi
1539 1310 1788 1366 pmnam;
1827 1307 2011 1363 quaere

420 1390 732 1465 gratiam,'o
758 1391 986 1455 altitudo
1036 1390 1369 1446 divitiarum.
1406 1407 1424 1439 ι
1468 1385 1608 1441 Hinc
1642 1393 1868 1456 apparet
1902 1383 2014 1438 Au-

421 1485 696 1557 gustinum
726 1483 961 1539 sensisse
984 1481 1088 1537 hoc
1115 1482 1256 1548 loco,
1304 1479 1447 1536 bono
1486 1477 1562 1533 illi
1600 1476 2008 1540 catechumeno,

421 1575 566 1645 quod
591 1573 662 1629 ad
685 1572 939 1644 baptismi
962 1570 1194 1642 gratiam
1220 1585 1325 1625 non
1350 1567 1617 1639 pervenit,
1653 1565 1901 1637 deputari
1944 1563 2013 1618 ad

421 1679 663 1735 poenam,
710 1678 813 1720 nec
871 1663 1041 1719 bonos
1100 1675 1282 1719 mores
1329 1661 1398 1716 ad
1448 1659 1676 1719 salutem
1724 1656 2010 1729 profuisse.

422 1756 578 1825 Quod
606 1772 774 1813 unum
803 1756 1059 1813 Rabanus
1082 1763 1140 1810 et
1165 1753 1429 1810 Alcuinus
1457 1753 1689 1808 fortasse
1708 1749 2011 1813 docuerint,

2109 840 2202 895 size
2243 837 2513 910 suffragiis
2557 834 2737 908 privat
2780 831 3070 890 concilium
3116 830 3449 887 Bracarense
3493 846 3693 888 secun-

2108 931 2238 986 dum
2265 946 2385 1002 cap.
2427 928 2515 983 17.

2180 1022 2269 1077 52.
2298 1022 2547 1093 Denique
2576 1020 2823 1078 nonnulli
2856 1019 2991 1076 vitio
3033 1024 3252 1074 vertunt
3279 1014 3505 1074 Rabano
3550 1017 3697 1088 quod

2110 1114 2487 1171 Gotescalcum
2514 1114 2739 1186 ejusque
2772 1112 3073 1171 doctrinam
3116 1112 3474 1167 damnaverit.
3526 1111 3598 1167 At
3624 1127 3694 1169 ex

2110 1209 2355 1279 opposito
2376 1216 2504 1264 sunt
2522 1208 2615 1278 qui
2638 1206 2848 1262 Rabani
2880 1204 3084 1261 factum
3114 1204 3218 1260 hac
3261 1204 3318 1259 in
3364 1212 3519 1275 parte
3567 1220 3701 1276 pro-

2110 1301 2260 1356 bent.
2301 1300 2442 1356 Sane
2473 1300 2648 1371 ipsum
2675 1306 2824 1356 recte
2865 1298 3101 1355 sensisse
3128 1296 3196 1354 de
3222 1297 3698 1368 praedestinationc

2112 1399 2325 1446 constat
2362 1406 2432 1447 ex
2479 1388 2596 1459 ejus
2645 1390 2888 1460 epistolis
2932 1390 3180 1461 superius
3235 1389 3505 1446 laudatis:
3534 1398 3699 1460 atque

2113 1477 2326 1533 etiamsi
2362 1476 2666 1533 Gotescalci
2693 1478 3017 1532 sententiam
3052 1478 3237 1533 itidem
3287 1486 3493 1533 rectam
3530 1475 3698 1533 fuisse

2115 1570 2495 1635 concedamus,
2525 1583 2633 1624 non
2663 1568 2941 1625 immerito
2978 1578 3164 1624 tamen
3211 1583 3496 1639 repressus
3523 1583 3555 1623 a
3580 1567 3696 1623 Ra-

2113 1663 2255 1719 hano
2275 1669 2360 1717 est
2388 1678 2402 1715 :
2431 1669 2542 1715 tum
2577 1660 2701 1731 quia
2754 1659 3154 1731 praedicationis
3200 1657 3434 1716 ofﬁcium
3473 1658 3530 1713 in
3580 1657 3698 1729 ejus

2114 1752 2391 1823 provincia
2416 1759 2621 1808 temere
2649 1752 2947 1823 usurpavit,
2988 1758 3104 1807 tum
3149 1751 3274 1821 quia
3326 1749 3488 1806 nimis
3531 1764 3695 1820 quam

425 1848 643 1903 tametsi
666 1863 792 1903 cum
814 1846 1106 1902 Ambrosio
1136 1854 1191 1903 et
1216 1845 1517 1918 Augustino
1543 1844 1647 1899 alio
1678 1843 1735 1898 in
1763 1842 1883 1897 loco
1920 1840 2016 1895 ad-
2116 1844 2465 1914 pertinaciter
2513 1841 2775 1898 vocabulo
2828 1839 3317 1913 praedestinationis
3363 1840 3421 1894 in
3481 1838 3699 1909 sequio-

422 1935 693 2003 miserint,
718 1936 877 1993 bonis
896 1935 1319 2002 catechumenis,
1345 1934 1435 2005 qui
1467 1924 1661 2004 magna
1686 1947 1751 1988 ac
1774 1929 2012 2003 perfecta
2039 1926 2089 1987 Β
2116 1950 2229 1991 rem
2282 1940 2494 2006 partem
2547 1933 2697 1990 abuti
2733 1932 3055 1989 credebatur
3101 1947 3223 1989 cum
3257 1931 3439 2003 populi
3472 1930 3698 1998 offensa,

422 2027 959 2098 charitate~haptismi
979 2027 1209 2100 gratiam
1231 2025 1675 2092 desideraverint,
1700 2038 1808 2079 non
1820 2021 2013 2078 obesse
2117 2043 2226 2099 quo
2248 2026 2304 2083 in
2330 2041 2495 2083 sensu
2516 2026 2635 2083 haec
2662 2041 2769 2082 vox
2799 2025 2979 2081 rarius
3015 2039 3048 2080 a
3079 2022 3330 2082 Patribus
3352 2023 3601 2081 sumitur.

422 2119 568 2189 quod
588 2118 729 2190 rapti
748 2119 859 2177 sint
877 2129 1005 2177 ante
1032 2126 1283 2191 suscepta
1314 2117 1574 2189 mysteria
1602 2136 1616 2172 :
1649 2130 1806 2173 secus
1840 2115 1887 2172 si
1927 2130 2013 2172 reo

437 2279 2081 2307 W

2088 2265 3686 2300 M

1382 2418 1489 2505 B.
1569 2412 2003 2506 RABANI
2077 2410 2459 2503 MAURI
2530 2408 2819 2505 VITA

1063 2609 1442 2677 AUCTORE
1480 2607 1862 2672 RUDOLFO
1907 2604 2459 2670 SCHOLASTICO
2502 2603 2686 2667 EJUS
2728 2602 3147 2668 DlSClPULO

1264 2772 1428 2842 (Apud
1450 2771 1656 2851 Iabill.,
1679 2768 1855 2822 Annal.
1876 2769 1964 2821 SS.
1987 2769 2093 2820 0rd.
2118 2767 2170 2821 S.
2191 2765 2404 2830 Bened.,
2430 2779 2547 2819 stes.
2571 2782 2618 2821 IV
2642 2773 2780 2831 parte
2802 2766 2877 2832 ιι.)

757 3034 1330 3097 OBSERVATIONES
1366 3032 1528 3091 ΡΡιᾸαέ
1536 3031 1698 3091 ἮιΕ.

496 3172 720 3245 Librum
757 3173 823 3229 de
852 3174 1019 3245 gestis
1052 3172 1277 3245 Baetin,
1320 3187 1415 3228 seu
1442 3170 1723 3245 Ιυῖᾳιιιιιιὶ2
1772 3170 1878 3245 alio
1891 3185 2016 3245 _no-

2118 3032 2176 3111 in
2205 3028 2637 3111 Antiquitatibus
2674 3024 3055 3111 Fuldensibus,
3077 3032 3133 3081 et
3156 3025 3475 3085 Bollandum
3499 3031 3559 3087 in
3594 3036 3697 3092 Fe-

2115 3103 2338 3159 bruario
2366 3116 2481 3157 suo.

2189 3173 2243 3227 2.
2289 3172 2439 3228 Hanc
2471 3170 2684 3228 Rudolil
2713 3168 3238 3241 lucubrgationemisi
3279 3169 3430 3241 legit,
3458 3171 3512 3225 in
3532 3169 3693 3240 justa:

428 3243 576 3299 mine
631 3243 830 3309 Minui,
854 3238 1118 3299 'monachi
1162 3238 1423 3313 primum,
1469 3242 1595 3313 dein
1639 3241 1850 3313 abbatis
1891 3240 2017 3313 Ful-
2043 3244 2089 3307 C
2120 3245 2257 3300 Vitae
2282 3259 2510 3299 numero
2541 3258 2647 3313 non
2677 3241 2864 3296 habuit
2892 3238 3127 3313 Joannes
3156 3238 3502 3313 Tritlieinius,
3531 3238 3618 3311 qui
3643 3244 3697 3299 in

428 3313 631 3385 densis,
660 3330 724 3370 ac
752 3315 989 3385 demum
1014 3314 1405 3385 archiepisctmi
1432 3312 1769 3385 Moguntinil
1798 3312 2017 3385 scripsit

429 3383 716 3451 Rudolfus,
762 3399 857 3439 seu
912 3382 1282 3450 HRuodolfus,
1330 3382 1677 3446 Rodulﬁtsve,
1730 3382 2016 3439 Fuldensis

428 3454 747 3524 monachus,
782 3455 951 3522 ipsius
988 3453 1195 3507 Rabani
1238 3453 1553 3524 discipulus,
1596 3453 1644 3508 is
1675 3455 1767 3523 qui
1817 3463 2016 3509 sanctae

434 3522 617 3578 Licha:
653 3524 943 3579 abbatissa:
969 3522 1483 3581 Bischot'heimensis
1512 3522 1772 3579 Vitam’in
1807 3524 2016 3580 litteras

434 3593 640 3659 retulit,
671 3594 871 3664 editam
909 3592 977 3664 _in
1028 3593 1210 3648 sazculi
1250 3595 1395 3649 tertii
1428 3602 1580 3664 parte
1626 3594 1881 3657 secunda,
1924 3595 2015 3648 ubi

435 3664 592 3733 plura
627 3664 693 3718 de
723 3662 952 3719 Rudolfo
980 3663 1234 3720 diximus.
1260 3662 1487 3719 Dubium
1519 3672 1603 3719 est
1634 3679 1701 3718 an
1732 3664 2016 3719 HRuodol-

436 3734 522 3788 fus
547 3734 902 3805 scholasticus
930 3741 985 3789 et
1012 3734 1391 3799 cancellarius,
1416 3735 1508 3805 qui
1539 3734 1794 3805 Ratgario
1821 3735 2015 3789 abbate

434 3805 697 3874 quasdam
746 3803 955 3859 litteras
1002 3805 1351 3861 donationum
1394 3803 1493 3874 pro
1540 3803 1868 3859 monasterio
1915 3821 2014 3861 suo

429 3876 675 3946 exaravit
707 3890 849 3946 anno
877 3875 1054 3946 primo
1081 3874 1626 3946 LudoviciAAugusti,
1670 3876 1811 3945 apud
1840 3874 2016 3930 Pisto-

433 3945 571 4017 gium
594 3960 721 4017 pag.
754 3944 891 4017 δῷς
905 3945 1044 4001 idem
1093 3946 1164 4001 sit
1191 3962 1314 4017 cum
1343 3944 1573 4001 Rudolfo
1616 3944 1760 4017 isto:
1787 3962 1855 3999 an
1884 3961 2015 4003 vero

433 4014 1108 4087 Rudolfussubdiaconus,
1134 4017 1225 4086 qui
1254 4016 1397 4087 alias
1418 4024 1603 4085 postea
1633 4016 1851 4087 scripsit
1871 4032 2014 4073 anno

429 4084 931 4157 ejusdemAngnsti
954 4084 1169 4153 octavo,
1199 4102 1323 4157 pag.
1352 4084 1478 4152 550,
1517 4094 1572 4142 et
1598 4084 1759 4142 anno'
1773 4088 2005 4154 decimo,

430 4102 672 4154 ejusdem
698 4102 925 4208 augusu
954 4102 1169 4153 octavo,
1199 4102 1323 4157 pag.
1352 4102 1478 4152 aeu,
1517 4102 1572 4142 et
1598 4103 1741 4142 anno
1773 4102 2005 4154 decimo,

430 4170 553 4225 pag.
588 4155 713 4221 554,
747 4155 781 4209 5
820 4155 874 4209 5.
902 4155 1060 4212 Certe
1087 4172 1211 4211 cum
1239 4157 1496 4212 Rudolfus
1529 4157 1684 4211 istius
1707 4157 1841 4211 Vita:
1877 4173 2011 4212 con-

432 4224 579 4279 ditor
606 4224 770 4280 fuerit
796 4225 1005 4296 Rabani
1037 4227 1348 4296 discipulus,
1381 4241 1506 4282 eum
1527 4226 1771 4296 Ratgarii
1802 4229 2013 4283 abbatis

438 4303 843 4368 tempore,_quo
891 4295 1588 4368 Rabanueruldaglitteras
1616 4295 1863 4364 docebat,
1896 4299 2013 4368 jam

436 4364 821 4436 cancellarium
843 4374 898 4420 et
917 4366 1299 4421 scholasticum
1319 4366 1523 4422 dictum
1546 4366 1714 4423 fuisse
1737 4382 1842 4421 non
1858 4364 2009 4436 puto.

437 4433 566 4489 Veri
598 4435 828 4491 similius
856 4445 958 4501 est,
996 4436 1287 4506 ipsummet
1317 4452 1437 4493 esse
1465 4436 1753 4492 Rudolfum
1789 4433 2011 4493 subdia-

436 4518 655 4575 conum,
688 4505 780 4575 qui
817 4521 957 4561 anno
983 4505 1239 4563 Ludovici
1261 4516 1453 4563 octavo
1490 4509 1738 4564 chartam
1773 4508 2013 4563 condidit

434 4575 543 4650 vise
583 4574 885 4650 ᾼιεΙιιιῇηῃξ
909 4576 1197 4650 presbyteri
1216 4596 1234 4632 :
1258 4594 1322 4634 ac
1352 4578 1578 4650 proinde
1602 4578 1845 4650 nondum
1875 4593 2007 4632 can-

435 4644 707 4719 cellarius.
733 4644 1024 4717 Presbyter
1043 4644 1235 4719 deinde
1252 4644 1455 4719 scholis
1478 4647 1765 4719 praefectus
1785 4655 1870 4702 est
1887 4655 2011 4719 post

435 4714 761 4789 Iulianum,
780 4714 955 4789 quem
974 4730 1130 4789 suum
1162 4718 1329 4786 ipsius
1358 4714 1724 4789 praeceptorem
1750 4714 1929 4789 vocat
1952 4718 2011 4789 in

436 4785 678 4855 prologis
704 4783 841 4840 Vita:
878 4783 1130 4853 subjecta:
1174 4783 1230 4841 et
1277 4783 1476 4844 sancta:
1504 4783 1703 4858 Liobze,
1737 4787 1892 4858 cujus
1921 4788 2014 4843 Vi-

436 4862 551 4928 tam
576 4868 861 4925 aggressus
888 4864 992 4928 est,
1012 4856 1773 4928 imperio_tgenerandi_Patris,
1802 4856 1862 4912 ut
1895 4859 2012 4928 ipse

439 4924 561 4995 ait,
588 4924 665 4979 ac
691 4927 1020 4995 prmeeptoris
1066 4924 1169 4980 inci
1211 4926 1488 4981 HRabani.
1535 4926 1670 4980 Eum
1729 4924 2009 4991 oratorem,

438 4994 891 5065 confossorernque
950 5010 1105 5051 suum
1133 5037 1149 5062 ,
1198 5013 1262 5053 ac
1308 4996 1611 5053 scholarum
1665 4995 2012 5051 Fuldensium

438 5062 756 5136 praefectum
802 5062 1045 5136 appellat
1098 5066 1404 5123 Ludovicus
1454 5065 1759 5136 Germaniae
1808 5082 1903 5120 rex
1955 5066 2014 5120 in

438 5133 627 5208 charta
650 5133 973 5208 donationis,
988 5137 1149 5208 cujus
1164 5137 1523 5208 fragmentum
1546 5135 1716 5208 refert
1729 5135 2015 5208 Browerus

439 5200 639 5276 iit-cap.
672 5204 739 5276 ιι
782 5204 905 5261 libri
931 5200 992 5261 ιιι
1028 5200 1426 5276 Ᾱιιιίίιιιὶῖειιιιιιι
1466 5204 1835 5260 Fuldensium.
1870 5204 2015 5261 Sane

439 5269 791 5347 Ermenricns
836 5276 1017 5342 levita,
1046 5269 1448 5347 Eletvangensis
1484 5276 1802 5347 monachus,
1834 5276 2013 5347 Vitam

447 5344 623 5427 s‘ancti
646 5343 759 5427 ξοιί
785 5354 1061 5427 nuncnpat
1080 5346 1220 5427 omni
1254 5343 1307 5398 in
1333 5355 1445 5427 arte
1469 5344 1796 5427 celeberrimo
1821 5346 2014 5427 domno

443 5412 714 5490 Ruodulfo
762 5412 1273 5490 meo_dt_’¢1ascql_o,.a
1298 5431 1398 5485 quo
1425 5415 1704 5490 bonitatem
1735 5433 1797 5470 ac
1820 5417 2016 5490 dociri-

446 5500 567 5553 nam
599 5500 657 5539 se
685 5485 741 5538 in
780 5484 937 5538 annis
959 5484 1285 5552 juvenilibus
1314 5484 1622 5553 praelibasse
1661 5484 1881 5541 fatetur.
1908 5487 2015 5541 Ra-

340 5608 349 5615 ,
392 5590 405 5595 -
442 5552 569 5608 bani
596 5553 773 5610 Vitam
801 5553 1067 5623 integram
1095 5568 1164 5607 an
1191 5552 1482 5610 absolverit
1524 5555 1807 5622 Rudolfus,
1840 5557 2016 5613 incer-

445 5632 557 5695 tum
582 5640 595 5695 ;
627 5635 892 5695 nusquam
922 5624 1066 5695 enim
1096 5623 1305 5695 integra
1334 5626 1534 5695 prodiit
1578 5626 1633 5680 in
1681 5625 1853 5682 lucem
1880 5646 1895 5683 :
1921 5630 2016 5684 sed

445 5692 628 5769 deficit
655 5694 710 5769 in
756 5692 1686 5769 enumerationeARaba'niOperum,
1715 5697 1858 5752 nulla
1899 5699 2016 5769 ejus

447 5760 920 5834 archiepiscopalis
942 5763 1221 5834 regiminis
1245 5760 1516 5822 mentione
1540 5760 1701 5833 facta,
1733 5778 1846 5823 tum
1874 5760 2016 5834 apud

449 5832 724 5908 Set-arium
851 5830 1089 5908 Historia
1118 5833 1467 5908 _Moguntina,
1497 5846 1610 5893 tum
1656 5830 1798 5908 apud
1827 5830 2017 5894 Calve-

448 5901 659 5959 ncrium
696 5902 851 5961 initio
871 5902 1080 5967 Rabani
1104 5901 1358 5979 Operam,
1386 5901 1500 5966 tum
1535 5909 1677 5981 apud
1689 5901 2015 5969 "Browerum

1851 6058 2001 6093 ’δεξῃῖ
2100 6072 2103 6079 ν

2035 4606 2087 4664 Ι)

2157 3315 2345 3385 rologo
2369 3315 2505 3370 Vitae
2526 3312 2755 3385 Bahani,
2787 3312 3150 3385 quaintrihus
3176 3310 3328 3385 libris
3357 3310 3699 3385 hortatuAl-

2157 3333 2345 3385 I'OIOKO
2378 3333 2505 3370 νιιω
2526 3333 2755 3377 nariam,
2787 3333 2949 3383 quam
2974 3333 3150 3367 ll‘lDIIS
3176 3333 3328 3367 IIUI‘IS
3357 3333 3575 3367 llOl'lillu
3605 3333 3693 3369 ΛΙ-

2120 3333 2258 3441 geni
2313 3384 2753 3456 Moguntinensis
2780 3382 3051 3456 pontificis
3095 3382 3319 3453 digessit
3366 3399 3519 3456 anno
3537 3384 3693 3452 1515,

2120 3457 2245 3534 haec
2263 3453 2425 3511 habet
2453 3474 2465 3509 :
2496 3475 2513 3507 ‹
2543 3454 2654 3534 Nec
2684 3454 2881 3534 mirum
2905 3455 2947 3508 si
2975 3453 3131 3534 plura
3173 3462 3445 3534 gestorum
3475 3454 3592 3534 ejﬂus
3620 3456 3696 3512 si-

2118 3526 2284 3581 lentio
2307 3524 2653 3596 pertransivi,
2676 3524 2871 3594 quippe
2888 3523 2997 3596 qui
3018 3523 3221 3596 nullum
3246 3530 3369 3576 ante
3396 3538 3481 3596 me
3507 3523 3695 3591 ﬁxum,

2118 3594 2348 3651 solidum
2389 3606 2446 3651 et
2472 3594 2825 3666 sufﬁcientem
2868 3594 2934 3666 de
2985 3594 3086 3648 hac
3135 3594 3250 3664 ipsa
3284 3594 3508 3666 materia
3546 3596 3701 3666 potui

2119 3667 2321 3721 habere
2351 3667 2689 3737 scriptorem,
2721 3662 2817 3737 sed
2834 3665 3041 3737 primus
3068 3662 3258 3737 auctor
3277 3662 3700 3737 esseAsine'prat-

2119 3737 2345 3792 cedente
2386 3733 2696 3805 compellor.
2728 3754 2747 3785 ι
2778 3733 2845 3785 Ει
2875 3733 3013 3805 infra
3040 3752 3107 3805 :_¢
3135 3734 3348 3796 Plures,
3383 3733 3577 3805 fateor,
3610 3737 3697 3790 hi-

2120 3808 2412 3861 storiarum
2443 3802 2737 3875 scriptores
2775 3803 2923 3875 varia
2950 3802 3169 3875 laudum
3198 3804 3465 3875 praeconia
3498 3804 3565 3875 de
3592 3808 3699 3861 hoc

2117 3877 2434 3933 beatissimo
2464 3871 2625 3933 atque
2656 3871 2968 3927 doctissimo
2997 3871 3113 3926 viro
3139 3871 3339 3926 in7suis
3368 3872 3700 3931 lucubratio-

2118 3949 2276 4018 nibus
2304 3947 2507 4018 passim
2538 3942 2665 4018 hinc
2696 3944 2817 4018 inde
2846 3942 3219 4018 scripsernnt:
3251 3956 3481 4018 quorum
3512 3953 3695 4018 tanien

2119 4013 2495 4072 nullus’Vitam
2522 4013 2638 4083 ejus
2659 4013 2972 4069 continuata
3003 4013 3141 4067 serie
3163 4015 3487 4083 composuit.
3518 4035 3538 4067 ι
3565 4015 3697 4071 Pro-

2115 4096 2302 4169 pterea
2326 4088 2393 4143 ad
2418 4102 2538 4169 eam
2561 4084 2903 4169 scribendam
2935 4083 3305 4169 impulsusest
3342 4084 3694 4169 'i‘rithemius,

2118 4152 2372 4228 illamque
2418 4158 2472 4213 in
2516 4163 2655 4228 tres,
2698 4154 2915 4228 ut_di_xi,
2951 4152 3115 4228 libros
3159 4152 3441 4228 distinxit:
3468 4169 3697 4228 quorum

2116 4224 2324 4299 primus
2349 4237 2435 4285 est
2461 4229 2528 4284 de
2563 4224 2773 4299 Rabani
2799 4226 2907 4299 vita
2933 4225 3163 4299 privata,
3195 4225 3466 4299 secundus
3486 4224 3560 4299 ide
3579 4225 3698 4294 ejus

2121 4293 2386 4370 regimine
2413 4298 2691 4370 abbatiali,
2723 4296 2914 4370 tertius
2934 4293 3005 4370 de
3026 4295 3333 4364 episcopali.
3364 4294 3423 4348 ln
3450 4310 3514 4370 ea
3544 4293 3696 4370 lucu—

2120 4364 2369 4425 bratione
2408 4368 2740 4424 Trithemius
2775 4364 3060 4434 aliquoties
3106 4380 3236 4419 usus
3276 4373 3362 4419 est
3388 4366 3697 4420 testimonio

2119 4439 2424 4511 Meginl‘ridi
2465 4436 2750 4511 Fuldensis
2791 4435 3044 4511 monachi
3091 4435 3287 4511 saaculo
3316 4452 3414 4511 χιι,
3458 4452 3521 4511 ea;
3551 4435 3697 4488 volu-

2120 4505 2257 4588 mine
2284 4510 2363 4588 De
2387 4508 2701 4588 temporibus
2727 4505 2932 4588 graiiw,
2954 4505 3219 4588 hactenus
3246 4506 3469 4588 inedita,
3490 4506 3555 4588 in
3582 4520 3690 4586 quo

2121 4578 2330 4633 Rabani
2374 4573 2569 4645 saepius
2624 4573 2897 4645 meminit._
2951 4573 3219 4629 Caeterum
3264 4577 3365 4631 etsi
3411 4573 3695 4629 Tritheniii

2111 4662 2247 4727 opus
2275 4647 2342 4701 de
2370 4643 2595 4700 Rabano
2634 4643 2995 4727 spernendum
3037 4660 3144 4699 non
3192 4646 3281 4711 sit,
3302 4655 3374 4727 ⁸ιιι,
3407 4654 3584 4699 tamen
3616 4662 3696 4700 rc-

2109 4718 2423 4781 cuderetur,
2474 4729 2580 4769 non
2626 4717 2813 4785 visum
2844 4724 2928 4769 est
2972 4730 3150 4785 opera:
3176 4717 3430 4785 pretium,
3474 4724 3697 4785 propter

2108 4787 2432 4856 multiplicia
2453 4793 2635 4841 errata
2657 4800 2777 4856 qua:
2802 4783 2857 4856 in
2885 4800 2950 4856 eo
2980 4783 3251 4856 commisit
3275 4804 3286 4837 :
3312 4783 3545 4839 maxime
3570 4783 3694 4856 cum

2115 4859 2258 4913 istud
2273 4854 2426 4927 'opus
2468 4863 2652 4927 exstet
2674 4854 2863 4927 'initioi
2894 4854 3369 4927 Babanioperun}
3403 4864 3461 4909 et
3508 4856 3563 4909 in
3598 4855 3695 4927 Fe-

2112 4922 2341 4983 bruario
2387 4925 2761 4989 Bollandiano,
2813 4925 2905 4979 ubi
2949 4922 3269 4993 Godefridus
3320 4924 3695 4981 Henschenius

2114 4996 2323 5052 Rabani
2354 4996 2532 5050 Vitam
2561 4996 2791 5049 eruditis
2819 4995 3223 5050 commentariis
3251 4994 3557 5050 illustravit.
3584 4995 3692 5047 No-

2112 5067 2198 5122 bis
2227 5067 2449 5134 proinde
2471 5073 2555 5120 sat
2576 5066 2682 5119 erit
2708 5065 2906 5119 habere
2938 5064 3177 5121 libellum
3204 5064 3414 5120 Rudolﬁ
3432 5106 3447 5131 ,
3482 5065 3567 5121 cui
3609 5066 3693 5119 hi-

2115 5137 2375 5218 storicum
2423 5135 2632 5191 Rabani
2679 5134 2928 5204 Elogium
2968 5135 3086 5191 vice
3133 5136 3511 5193 commentarii
3552 5151 3693 5206 pnn—

2119 5221 2387 5262 ιῐιιειιιιιιε.

2185 5278 2240 5349 5.
2281 5276 2327 5330 A
2377 5285 2565 5334 sancto
2614 5277 2913 5349 Bonifacio
2937 5277 3192 5349 Rabanus
3238 5276 3691 5349 Moguntiacensis

2116 5348 2423 5419 episcopus,
2450 5349 2573 5403 vita:
2599 5347 2955 5419 sanctimonia
2975 5347 3251 5419 praeditus,
3293 5347 3488 5404 tertius
3510 5356 3595 5401 est
3621 5362 3689 5402 ex

2116 5416 2313 5489 ordine
2330 5419 2505 5475 sancti
2528 5418 2823 5481 Benedicti,
2846 5432 2911 5471 ex
2933 5431 3039 5485 quo
3066 5416 3242 5489 educti
3273 5427 3401 5473 sunt
3427 5426 3691 5489 quotquot

2118 5488 2231 5543 fere
2266 5487 2412 5544 illam
2436 5490 2620 5543 sedem
2642 5495 2935 5541 teauerunt
2960 5493 3083 5554 post
3101 5486 3383 5543 Rabanum
3411 5486 3478 5541 ad
3510 5503 3687 5542 saccu-

2117 5558 2229 5613 lum
2258 5574 2428 5628 usque
2456 5557 2852 5613 duodecimum.
2887 5554 3129 5628 Omnino
3147 5556 3688 5628 tredecim_numera-

2118 5630 2210 5685 bat
2237 5626 2436 5699 Paulus
2486 5628 2739 5699 Langius,
2781 5642 2845 5699 es
2896 5626 3066 5697 ipsius
3094 5626 3368 5699 Qhronico
3407 5626 3683 5699 Citizensi.

2117 5699 2234 5754 Non
2275 5698 2473 5769 mirum
2501 5696 2745 5769 proinde,
2796 5697 2841 5752 si
2870 5696 2951 5754 tot
2984 5699 3039 5752 in
3070 5696 3175 5753 illis
3200 5697 3442 5769 partibus
3487 5696 3686 5769 fuerint

2117 5768 2478 5823 Benedictinae
2502 5766 2734 5821 “familiae
2775 5770 3121 5833 monasteria,
3167 5766 3300 5823 adeo
3334 5778 3393 5821 ut
3420 5788 3439 5819 ‹
3468 5770 3519 5823 in
3569 5768 3684 5821 sola

2116 5838 2393 5910 provincia
2440 5837 2799 5918 Moguntina)
2846 5839 3411 5918 Tritheniii_teinpore
3439 5853 3689 5918 superes-

2117 5908 2242 5969 Sent
2275 5926 2293 5961 ι
2326 5908 2547 5966 centum
2586 5908 2777 5982 viginti
2818 5919 3051 5981 quatuor
3076 5908 3305 5966 abbatis:
3348 5908 3518 5966 nostri
3545 5908 3683 5964 ordi‘
