4016 6496
254 412 330 520 ιι
1647 456 1861 517 PROLE

1967 455 2176 516 MENA.
3464 469 3534 527 42

270 572 378 636 nis,
407 576 607 641 praeter
635 568 756 626 illas
793 583 912 654 qua:
959 570 1042 652 ab.
1060 568 1250 627 ordine
1289 570 1660 654 dimembratae
1699 581 1844 654 sunt,
1874 577 1928 639 Α
1951 587 2081 628 vero
2104 579 2222 644 {per
2250 572 2477 632 clericos
2523 584 2723 634 sanetae
2766 579 2910 637 sedis
2953 581 3261 654 apostolicae
3286 581 3354 641 'et
3382 585 3532 642 cives

270 657 501 735 23“???
521 657 823 735 εξ¹¹ἓῖῗ¹9¹ξῗ¹⁸-
851 641 1435 735 έῗῆἒξἹὲἮηὲΗὲῗῖἓῢ
1454 663 1510 735 .’_
1527 643 1851 735 ,ωὲίθηξὲεἶο
1959 641 2219 721 Roma—nae
2251 665 2400 721 urbis
2437 665 2634 735 allatae.

272 709 576 767 'I‘rithemio
598 711 652 765 in
681 711 774 767 lib.
807 710 915 767 ide
946 709 1092 767 Viris
1121 709 1421 770 illustribus
1449 715 1566 770 0rd.
1593 711 1651 768 S.
1679 709 1855 771 Bene-

272 781 427 850 dicti,
455 797 576 853 cap.
606 781 662 835 2.

505 910 1034 989 PBIEFATIO
1103 910 1638 992 AUCTORIS.

347 1025 398 1077 ι.
440 1021 748 1093 Scriptores
768 1038 950 1078 rerum
979 1023 1468 1082 ecclesiasticarum
1491 1042 1613 1082 cum
1641 1025 1855 1097 sapien-

275 1125 375 1181 ter,
393 1124 506 1170 tum
533 1115 696 1171 etiam
727 1115 932 1170 utiliter
960 1115 1336 1184 instituerunt,
1353 1117 1492 1173 vitas
1522 1125 1578 1172 et
1605 1117 1747 1172 facta
1765 1117 1856 1188 ju-

270 1216 505 1275 storum,
535 1216 592 1264 et
622 1209 919 1264 secundum
949 1209 1130 1265 divina
1158 1219 1425 1282 praecepta
1452 1212 1748 1268 viventium
1773 1212 1854 1268 vi-

274 1311 481 1361 rorum,
513 1312 611 1367 per
636 1297 942 1353 litterarum
975 1300 1338 1356 revelationes
1365 1301 1574 1357 tradere
1598 1301 1849 1372 posteris.

274 1385 468 1442 Merito
504 1403 536 1442 a
565 1386 814 1444 ﬁdelibus
859 1390 1072 1462 magnis
1100 1391 1223 1446 ideo
1257 1391 1506 1448 laudibus
1535 1393 1848 1460 extollendi,

271 1479 418 1548 quod
448 1495 558 1536 non
583 1479 846 1537 invidiose
873 1481 1094 1538 silentes
1119 1496 1182 1538 ea
1211 1483 1710 1555 praetermiserunt;
1755 1484 1852 1540 sed

272 1571 562 1638 charitate,
593 1587 713 1643 quae
739 1573 991 1629 omnibus
1030 1574 1288 1643 prodesse
1334 1574 1628 1642 desiderat,
1676 1576 1850 1632 abun-

272 1664 484 1731 dantes,
531 1667 599 1723 ad
628 1666 934 1739 exemplum
965 1678 1113 1724 recte
1149 1669 1364 1724 vivendi
1416 1671 1625 1727 cunctis
1649 1670 1851 1726 imitari

270 1757 576 1814 volentibus
629 1758 754 1816 ﬁdei
812 1761 1042 1817 veritate
1108 1762 1322 1818 subnixi
1375 1763 1736 1835 protulerunt.
1791 1761 1850 1818 Si

272 1850 420 1904 enim
448 1867 557 1907 non
593 1851 670 1907 ita
703 1852 980 1919 fecissent,
1020 1869 1368 1925 nequaquam
1397 1855 1541 1912 scire
1576 1855 1847 1926 potuisse-

1839 837 1855 871 Ι,

2662 668 2748 723 vel
2773 685 2873 741 per
2896 673 3040 728 viam
3065 688 3174 744 qua
3203 674 3532 741 ferebantur,

1958 753 2044 810 vel
2073 754 2128 810 in
2153 754 2288 811 locis
2319 756 2512 825 quibus
2538 767 2801 830 susceplte
2835 769 2893 817 et
2915 764 3144 820 conditae
3170 774 3316 829 sunt,
3353 767 3537 822 multis

1957 852 2012 899 et
2053 845 2264 917 magnis
2306 847 2689 904 miraculorum
2746 851 2936 922 signis,
2970 854 3124 924 cujus
3170 864 3354 912 essent
3394 856 3537 925 apud

1955 934 2125 991 Deum
2163 935 2348 992 meriti
2379 936 2704 998 claruerunt.
2752 941 2978 998 Constat
3011 959 3245 1015 namque
3278 945 3537 1015 reliquias

1955 1026 2131 1082 sancti
2167 1025 2475 1083 Sebastiani
2514 1032 2772 1102 martyris
2801 1034 2868 1089 ab
2894 1035 3028 1090 urbe
3056 1035 3227 1092 Roma
3257 1037 3530 1103 devectas,

1955 1123 2009 1172 et
2046 1116 2115 1171 ab
2144 1115 2398 1172 Hilduino
2443 1118 2637 1174 abbate
2667 1122 2809 1189 apud
2835 1123 3134 1195 Augustam
3181 1124 3535 1182 Suessionum

1957 1205 2088 1278 [Al.,
2115 1205 2458 1280 Suessorum]
2485 1207 2671 1267 Galliae
2698 1212 2993 1282 civitatem,
3017 1216 3071 1271 in
3099 1217 3328 1273 ecclesia
3360 1219 3536 1273 sancti

1955 1295 2194 1352 Medardi
2234 1298 2560 1356 confessoris
2585 1303 2965 1360 venerabiliter
2988 1307 3255 1374 conditas,
3289 1309 3456 1364 tantis
3481 1317 3538 1364 et

1955 1387 2212 1443 inauditis
2248 1389 2502 1446 omnibus
2537 1400 2685 1448 retro
2716 1397 3158 1466 generationibus
3203 1397 3397 1456 ﬂorere
3424 1401 3540 1471 ⁵ιιιί-

1954 1480 2170 1548 raculis,
2219 1489 2280 1536 ut
2315 1482 2574 1539 revelatio
2596 1499 2786 1542 eorum
2834 1487 2995 1544 ﬁdem
3023 1489 3312 1546 excederet
3333 1491 3384 1557 ιι,
3431 1491 3540 1546 nisi

1954 1581 2165 1628 certum
2211 1583 2358 1631 esset
2402 1577 2653 1634 omnibus
2701 1579 2933 1636 ﬁdeliter
2977 1580 3344 1649 credentibus,
3394 1582 3541 1652 quod

1953 1662 2097 1720 Deus
2130 1674 2186 1722 et
2224 1664 2488 1724 Dominus
2516 1678 2702 1725 noster
2721 1668 2879 1727 Jesus
2921 1670 3192 1740 Christus,
3220 1674 3314 1744 qui
3343 1673 3542 1745 glorio-

1954 1767 2047 1810 sus
2071 1762 2156 1810 est
2190 1753 2248 1810 in
2273 1757 2479 1813 sanctis
2508 1759 2642 1826 suis,
2670 1759 2936 1816 mirabilis
2961 1761 3016 1816 in
3038 1760 3436 1831 maiestatibus,
3460 1763 3541 1818 fa-

1953 1846 2213 1916 ciensque
2255 1847 2502 1918 prodigia
2527 1889 2542 1916 ,
2601 1851 2782 1905 omnia
2825 1866 3158 1922 quaecunque
3200 1853 3433 1908 voluerit
3487 1853 3543 1908 in

271 1954 394 1995 mus
421 1941 555 2012 quid
602 1943 778 1999 sancti
817 1945 1161 2015 patriarchae,
1211 1945 1342 2018 quid
1386 1948 1687 2019 ρι-οριιθιω,
1723 1946 1852 2018 quid
1878 1933 1928 1994 B
1955 1934 2092 1992 caelo
2123 1944 2180 1991 et
2201 1935 2270 2006 .in
2291 1942 2439 1991 terra
2468 1937 2586 1993 sine
2614 1937 2724 1994 ulla
2747 1938 3069 1996 difﬁcultate
3096 1950 3275 2010 potest
3298 1941 3535 1997 efﬁcere.

269 2033 526 2102 apostoli,
558 2034 691 2104 quid
716 2035 880 2091 etiam
907 2037 1089 2093 caeteri
1126 2039 1301 2094 sancti
1335 2048 1606 2113 martyres
1642 2048 1698 2096 et
1724 2055 1852 2096 con-

269 2120 511 2177 fessores
537 2122 736 2180 Christi
778 2127 1062 2197 gesserint,
1100 2129 1188 2184 vel
1213 2129 1515 2197 docuerint,
1547 2128 1852 2203 quibusque

269 2213 445 2284 signis
473 2223 529 2270 et
565 2216 854 2273 virtutibus
885 2225 1010 2275 ante
1042 2220 1129 2276 vel
1156 2229 1278 2290 post
1297 2230 1529 2278 mortem
1563 2237 1717 2278 suam
1741 2222 1854 2279 cla-

269 2304 513 2372 ruerint;
548 2305 654 2362 nisi
679 2322 746 2362 ex
785 2323 975 2364 eorum
1001 2310 1219 2382 scriptis
1252 2311 1459 2367 credita
1487 2320 1544 2367 et
1579 2311 1853 2369 intellecta

271 2411 653 2465 uosceremus;
693 2399 787 2470 qui
836 2415 898 2455 ea
942 2417 1053 2459 non
1088 2400 1366 2473 captandas
1401 2403 1638 2474 propriae
1677 2402 1852 2459 laudis

271 2487 569 2546 intentione
593 2491 956 2561 protulerunt,
982 2494 1077 2550 sed
1108 2500 1169 2549 ut
1191 2507 1291 2564 per
1311 2493 1580 2564 ejusmodi
1606 2493 1853 2565 exempla

272 2577 343 2632 ad
369 2579 735 2637 emendandos
758 2597 956 2652 pravos
986 2598 1169 2640 mores
1193 2583 1446 2640 humanae
1473 2584 1852 2656 praesurnptio-

274 2669 383 2735 nis,
431 2679 487 2726 et
537 2672 606 2727 ad
649 2673 1058 2731 collaudandam
1099 2676 1293 2732 divinae
1339 2676 1640 2749 majestatis
1664 2684 1855 2747 poten-

273 2761 407 2816 tiam
436 2779 880 2838 quorumcunque
917 2769 1128 2824 animos
1171 2769 1483 2826 incitarent.
1531 2769 1720 2842 Itaque
1765 2786 1856 2827 eo—

279 2872 402 2912 rum
435 2858 700 2917 laudabile
724 2861 1030 2920 institutum
1062 2878 1163 2935 pro
1192 2863 1412 2920 modulo
1441 2879 1563 2919 meo
1599 2879 1854 2934 sequens,

274 2953 534 3012 facultate
557 2973 662 3029 qua
690 2959 844 3016 valeo
873 2961 1116 3018 scribere
1162 2962 1309 3018 nitor
1329 2963 1562 3019 virtutes
1590 2973 1646 3020 et
1687 2965 1856 3020 mira-

273 3043 398 3099 cula
429 3062 544 3115 quae
569 3047 712 3105 Deus
734 3066 832 3122 per
870 3059 1089 3108 sanctos
1118 3067 1248 3108 suos
1285 3053 1563 3109 modernis
1593 3053 1854 3124 tempori-

273 3138 378 3194 bus
401 3139 580 3199 facere
608 3144 858 3216 dignatus
877 3156 979 3213 est,
1009 3163 1240 3217 quorum
1266 3149 1410 3204 sacri
1435 3149 1650 3205 cineres
1677 3148 1856 3220 regio-

274 3245 402 3285 nem
431 3243 674 3290 nostram
705 3236 861 3304 illati,
908 3239 1148 3308 quotidie
1186 3238 1431 3296 ﬁdelibus
1457 3255 1620 3295 causa
1667 3239 1858 3295 salutis

1955 2024 2089 2083 Ossa
2128 2041 2344 2096 quoque
2371 2027 2659 2083 beatorum
2695 2037 2996 2100 martyrum
3023 2029 3322 2086 Marcellini
3349 2038 3405 2085 et
3437 2030 3542 2084 Pe-

1954 2117 2026 2172 tri
2048 2127 2095 2184 ε,
2138 2116 2289 2172 Proti
2328 2127 2491 2189 atque
2536 2118 2824 2191 Hyacinthi
2852 2119 2902 2188 ἀ,
2931 2136 3056 2176 cum
3089 2121 3332 2192 reliquiis
3362 2130 3519 2177 sanet

1953 2207 2252 2277 Hermetis,
2287 2224 2395 2265 non
2421 2209 2632 2267 minore
2660 2211 3046 2268 miraculorum
3079 2213 3250 2285 gloria
3274 2214 3329 2268 in
3354 2213 3536 2269 diver-

1955 2299 2031 2356 sis
2053 2299 2378 2358 sanitatibus
2397 2301 2790 2358 inﬁrmantium
2815 2304 3054 2373 quotidie
3081 2304 3289 2376 fulgent
3311 2322 3325 2360 :
3345 2320 3466 2374 quae
3485 2314 3542 2359 ct

1955 2390 2074 2462 ipsa
2124 2407 2156 2446 a
2192 2390 2364 2448 Roma
2391 2393 2673 2462 translata,
2712 2402 2768 2452 et
2790 2395 3066 2451 Einhardo
3093 2407 3116 2435 θ
3164 2395 3346 2452 abbati
3376 2395 3544 2450 addu-

1957 2489 2068 2549 cta,
2103 2479 2258 2550 juxta
2284 2482 2520 2539 Maanum
2563 2484 2867 2541 Germania:
2902 2483 3146 2552 ﬂuvium,
3192 2485 3249 2541 in
3275 2485 3399 2540 villa
3423 2500 3544 2555 qua:

1956 2572 2108 2644 prius
2133 2571 2488 2643 Mullinheim,
2519 2590 2664 2631 nunc
2691 2582 2873 2631 autem
2908 2574 3237 2647 Saligumtat
3273 2574 3292 2613 ί
3322 2574 3540 2640 dicitur,

1959 2665 2123 2737 digna
2161 2666 2526 2726 celebratione
2555 2683 2588 2723 a
2635 2667 2885 2725 ﬁdelibus
2915 2676 3267 2725 venerantur.
3299 2667 3378 2723 De
3411 2681 3546 2736 quo—

1960 2772 2084 2812 rum
2119 2759 2474 2817 translatione
2518 2760 2678 2816 simul
2726 2770 2782 2817 et
2822 2761 3134 2828 virtutibus,
3165 2775 3300 2831 quas
3327 2775 3426 2830 per
3455 2774 3550 2814 eos

1960 2845 2106 2903 Deus
2132 2858 2388 2920 operatus
2429 2859 2534 2918 est,
2579 2853 2708 2922 quia
2740 2851 3024 2923 diligenter
3061 2851 3340 2908 memoriae
3375 2850 3545 2906 tradi-

1963 2945 2082 2994 tum
2110 2951 2215 3008 est,
2244 2943 2334 2999 hic
2361 2943 2542 2999 dicere
2569 2945 2780 3000 omitto.

1963 3068 1976 3078 .
2037 3031 2092 3086 5.
2133 3033 2210 3090 De
2252 3036 2468 3093 ossibus
2501 3051 2632 3093 vero
2660 3036 2806 3092 beati
2847 3035 3142 3092 Alexandri
3183 3032 3460 3105 martyris,
3492 3040 3549 3087 et

1967 3122 2193 3180 aliorum
2223 3137 2537 3184 sanctorum
2562 3143 2792 3199 quorum
2821 3129 3040 3185 nomina
3077 3129 3189 3185 suis
3211 3127 3345 3183 locis
3365 3127 3548 3205 dicen-

1967 3222 2078 3281 tur,
2118 3218 2464 3275 scribendum
2499 3233 2620 3275 esse
2645 3235 2840 3276 censeo
2875 3219 3128 3291 qualiter,
3171 3227 3227 3275 ct
3271 3233 3302 3272 a
3333 3217 3549 3288 quibus,
3650 3266 3652 3270 ,

275 3323 565 3391 exsistunt,
601 3327 829 3384 credens
856 3345 942 3384 me
968 3346 1075 3386 non
1112 3331 1367 3399 inaniter,
1411 3331 1520 3386 imo
1546 3331 1772 3398 utiliter,
1805 3339 1860 3386 et

1966 3317 2047 3374 vel
2075 3316 2143 3372 ad
2164 3329 2284 3384 qua:
2322 3313 2442 3369 loca
2476 3313 2738 3369 translata
2775 3312 2905 3380 sint,
2948 3314 3252 3384 quibusque
3299 3309 3480 3399 signis
3497 3315 3552 3362 ct

276 3416 633 3490 mihimctipsi
663 3428 718 3476 et
762 3421 947 3477 multis
979 3422 1100 3478 aliis
1137 3422 1428 3479 laborare:
1455 3424 1590 3478 mihi
1617 3424 1856 3493 quidem,

275 3510 403 3579 quia
433 3513 715 3580 praemium
741 3515 944 3572 laboris
967 3517 1074 3572 mei
1103 3532 1229 3572 cum
1259 3516 1358 3583 eis,
1384 3531 1522 3586 quos
1551 3517 1619 3572 ob
1646 3515 1862 3571 laudem

275 3599 375 3656 Dei
399 3602 456 3658 in
481 3604 646 3660 simili
665 3621 828 3677 opere
857 3607 1114 3664 sudantes
1143 3608 1387 3663 imitatus
1415 3623 1559 3674 sum,
1586 3622 1673 3663 me
1703 3607 1859 3664 habi-

276 3701 462 3750 turum
498 3709 620 3750 esse
652 3711 752 3767 per
798 3697 896 3753 Dei
936 3698 1167 3769 gratiam
1196 3698 1506 3766 conﬁdens;
1559 3697 1679 3755 aliis
1709 3713 1857 3766 vero,

273 3788 405 3860 quia
451 3786 615 3844 rebus
645 3789 872 3860 cognitis
909 3791 1214 3847 veneranda
1251 3799 1564 3848 sanctorum
1601 3789 1863 3848 solemnia

269 3879 492 3935 ﬁdelius
531 3879 945 3951 amplectuntur,
988 3890 1043 3937 et
1090 3881 1296 3952 majore
1337 3883 1538 3940 mentis
1571 3883 1862 3942 devotione

271 3971 518 4037 accensi,
551 3970 607 4026 in
629 3971 846 4028 laudem
887 3972 1163 4030 Creatoris
1200 3975 1285 4031 sui
1331 3975 1507 4031 laetius
1549 3983 1860 4048 assurgunt.
1951 4006 1964 4016 ι

349 4061 406 4115 2.
449 4061 802 4133 Temporibus
848 4064 1013 4137 igitur
1056 4065 1317 4124 Ludovici
1361 4067 1731 4138 imperatoris,
1771 4065 1866 4138 qui
1952 4098 1962 4107 -

273 4157 403 4222 post
447 4151 746 4222 genitorem
791 4169 948 4211 suum
973 4155 1229 4214 Carolum
1270 4157 1524 4232 Magnum
1566 4159 1863 4230 imperato-

275 4259 421 4309 rem,
460 4259 558 4314 per
591 4260 762 4305 annos
807 4259 1019 4321 septem
1054 4259 1111 4308 et
1135 4252 1330 4323 viginti
1351 4265 1377 4295 ει
1401 4253 1742 4310 Francorum
1786 4261 1867 4310 te-

275 4334 401 4389 nuit
430 4334 716 4406 imperium
739 4380 755 4408 ,
803 4341 1098 4399 multorum
1149 4343 1392 4416 reliquiae
1439 4341 1754 4401 sanctorum
1796 4345 1866 4401 ab

277 4425 416 4481 urbe
458 4426 626 4483 Roma
652 4429 709 4486 in
736 4430 1026 4488 Franciam
1061 4434 1253 4491 delatae
1292 4443 1419 4493 sunt
1447 4453 1719 4508 :quarum
1746 4437 1867 4493 alia:

280 4517 502 4588 quidem
527 4521 594 4577 ab
618 4521 696 4578 eis
740 4523 984 4580 adductae
1016 4534 1162 4594 sunt,
1209 4527 1302 4599 qui
1330 4526 1490 4597 jussu
1520 4527 1868 4586 dominorum

281 4623 507 4665 suorum
534 4619 597 4668 ut
628 4611 683 4669 id
709 4613 988 4672 efﬁcerent
1021 4616 1251 4674 Romam
1284 4618 1515 4690 profecti
1562 4628 1716 4687 sunt;
1751 4621 1868 4678 alite

1959 3405 2273 3470 virtutibus,
2305 3404 2420 3459 sive
2451 3404 2503 3457 in
2527 3403 2722 3458 itinere
2747 3418 2856 3473 quo
2887 3401 3219 3466 ferebantur,
3254 3399 3366 3453 sive
3387 3397 3442 3451 in
3468 3396 3546 3452 lo-

1961 3500 2040 3557 cis
2069 3497 2266 3569 quibus
2295 3494 2512 3552 condita
2553 3503 2701 3562 sunt,
2753 3492 3056 3561 ﬂoruerint,
3085 3490 3362 3548 memoriae
3399 3505 3554 3544 man-

1961 3590 2198 3648 dandum
2225 3595 2318 3644 :ut
2358 3602 2481 3643 cum
2535 3589 2601 3643 de
2633 3585 2984 3642 translatione
3028 3592 3083 3640 et
3130 3580 3407 3639 miraculis
3457 3595 3552 3636 eo-

1961 3698 2085 3740 rum
2115 3681 2410 3737 secundum
2427 3678 2712 3735 veritatem
2732 3687 3008 3751 gestorum
3034 3675 3197 3733 fuerit
3220 3691 3402 3732 sermo
3424 3690 3549 3745 pro-

1963 3772 2130 3838 latus,
2161 3771 2356 3842 quibus
2384 3770 2439 3824 in
2473 3769 2608 3825 locis
2633 3784 2665 3824 a
2703 3768 2954 3824 ﬁdelibus
2987 3766 3294 3823 veneranda
3319 3766 3554 3822 debeant

1964 3864 2220 3932 inveniri,
2247 3879 2346 3935 per
2366 3863 2483 3920 haec
2507 3863 2713 3935 scripta
2741 3862 2920 3919 valeat
2945 3860 3181 3934 agnosci.

2383 4015 2784 4096 INCIPIT
2857 4014 3133 4094 VITA.

2036 4161 2094 4218 4.
2133 4161 2267 4218 lnea
2290 4166 2442 4232 parte
2453 4157 2761 4215 Germaniae
2775 4171 2939 4228 quam
2959 4155 3156 4212 Franci
3176 4154 3269 4226 qui
3292 4153 3554 4211 dicuntur

1967 4251 2271 4310 Orientales
2322 4248 2648 4315 inhabitant,
2689 4246 2842 4304 locus
2896 4255 2980 4304 est
3023 4261 3088 4302 ex
3130 4244 3350 4302 nomine
3385 4243 3555 4300 vicini

1967 4341 2206 4398 ﬂuminis
2236 4344 2262 4383 8
2283 4339 2451 4396 Fulda
2494 4345 2740 4405 vocatus,
2765 4338 2903 4394 situs
2951 4337 3008 4393 in
3036 4336 3176 4393 saltu
3215 4351 3431 4408 magno,
3464 4333 3559 4405 qui

1969 4435 2231 4491 moderno
2255 4441 2498 4502 tempore
2540 4431 2608 4486 ab
2643 4430 2835 4487 incolis
2882 4429 3095 4485 illarum
3136 4427 3420 4500 regionum
3455 4427 3560 4482 Bo-

1972 4526 2169 4584 chonia
2189 4526 2219 4568 ιι
2243 4524 2546 4597 appellatur
2574 4541 2588 4578 :
2614 4536 2776 4594 quem
2810 4529 3028 4578 sanctus
3062 4519 3377 4577 Bonifacius
3415 4533 3559 4574 mar-

1972 4626 2080 4689 tyr,
2102 4616 2315 4688 legatus
2361 4615 2414 4671 in
2447 4613 2794 4671 Germaniam
2823 4613 2891 4668 ab
2920 4611 3215 4683 apostolica
3243 4611 3372 4667 sede
3409 4609 3555 4664 dire-

353 4723 533 4802 aNonA
555 4729 870 4802 completos,
913 4733 1189 4802 requisitis
1227 4743 1352 4789 octo
1402 4733 1516 4789 fere
1568 4735 1864 4792 mensibus.
1891 4736 1947 4797 D
1990 4799 2004 4802 Α
2048 4729 2069 4769 ί
2094 4729 2152 4784 Id
2195 4736 2285 4802 est
2318 4728 2468 4781 beata
2498 4726 2700 4802 civitas.
2735 4722 2887 4802 Unde
2921 4720 3255 4802 :I‘rithemius
3285 4718 3558 4802 og‘rrigen-

282 4796 562 4870 Successit
584 4796 724 4870 patri
755 4796 867 4856 vita
895 4796 1080 4858 functo
1109 4819 1196 4858 an.
1233 4803 1504 4870 Chr.8M,
1534 4804 1621 4859 die
1645 4805 1715 4861 28
1740 4805 1864 4862 Jan.

283 4867 483 4938 Vivere
521 4869 680 4938 desiit
706 4886 849 4926 anno
877 4873 1020 4938 840;
1053 4874 1137 4928 die
1165 4875 1227 4928 2i
1262 4874 1404 4930 Maii.
1442 4867 1605 4930 BoLL.

356 4937 385 4977 ιι
409 4936 539 5012 [iuge
561 4937 675 4996 fere
697 4951 822 4996 sunt
847 4936 1140 5012 Eginhardi
1176 4945 1361 5000 verba.
1393 4944 1534 5000 Man.

355 5019 378 5046 ε
409 5007 676 5065 Coluntur
701 5013 758 5066 hi
791 5013 826 5066 2
852 5007 1018 5067 Junii.
1064 5013 1196 5070 Vide
1226 5015 1515 5070 Historiam
1559 5017 1868 5074 translatio-

284 5077 370 5157 nis
417 5078 772 5157 reliquiarum
832 5083 1129 5157 Marcellini
1170 5093 1224 5139 et
1253 5085 1415 5157 Petri,
1444 5087 1511 5141 ab
1556 5086 1866 5157 Eginhardo

284 5147 632 5214 descriptam.
681 5151 872 5208 Exstat
911 5155 980 5208 de
1016 5154 1204 5209 eadem
1250 5147 1865 5214 translationevcarmen

286 5217 447 5300 beati“
461 5217 696 5300 Iuliani,
746 5232 878 5282 tom.
914 5224 983 5280 VI
1020 5223 1256 5296 Operum
1284 5227 1434 5298 ejus,
1479 5235 1671 5298 estque
1710 5229 1858 5300 hym-

287 5303 390 5344 nus
414 5287 506 5344 24.
535 5287 701 5348 BOLL.
829 5322 839 5330 -

358 5357 487 5436 βυρ-
511 5361 717 5436 horum,
733 5365 976 5436 reliquiis
1002 5367 1188 5423 Romae
1209 5367 1446 5424 obtentis
1467 5376 1522 5424 et
1551 5369 1654 5424 sibi
1685 5369 1866 5425 missis

286 5429 401 5502 agit
447 5431 788 5502 Eginhardus
832 5429 868 5490 Ιῖ
901 5453 956 5491 ιν
1003 5439 1183 5494 citatae
1209 5438 1462 5494 Historiae
1498 5439 1868 5496 translationis

286 5499 643 5565 reliquiarum
676 5503 776 5560 SS.
811 5506 960 5561 Petri
987 5518 1041 5564 et
1068 5509 1381 5565 Marcellini.
1406 5510 1481 5564 In.

368 5583 389 5651 ξε
413 5575 746 5651 Browerus,_
762 5577 830 5651 ab
850 5575 1107 5651 _Einard_o
1149 5580 1354 5651 abbgte,
1379 5595 1695 5651 perperam.
1729 5581 1872 5637 Reli-

287 5641 432 5722 quiae
454 5644 815 5722 namque_SS_.
850 5645 1142 5722 Marcellini
1164 5659 1220 5704 et
1243 5641 1460 5722 Petri-ei
1483 5641 1650 5706 Roma
1676 5667 1871 5722 appor-

293 5718 420 5792 t_at.'e
464 5723 593 5768 sunt
627 5715 906 5792 a_Ratleio
945 5719 1160 5792 notario
1189 5736 1314 5792 suo;
1357 5721 1475 5775 alia:
1501 5737 1627 5777 vero
1664 5715 1873 5792 a'quo-

288 5780 419 5860 {Iam
442 5787 738 5860 _tnonacho
774 5803 874 5860 suo
912 5787 1144 5860 alioque,
1190 5780 1482 5846 Sabhatino
1523 5792 1686 5856 dicto,
1721 5780 1875 5848 fami-

289 5849 414 5934 Iiari
442 5854 743 5934 Deusdonze
771 5859 980 5934 diaconi
1015 5849 1274 5934 Romanis
1299 5861 1570 5931 Ecclesia,
1609 5849 1761 5934 cujus
1791 5865 1872 5920 in-

291 5921 505 5992 dustria
533 5925 749 5984 fuerant
781 5929 1098 5998 impetratae.
1131 5929 1204 5984 In.

576 6094 583 6102 _
651 6054 662 6064 ο
738 6019 1223 6084 ΡΛτιιοι.Ονιι.

1973 4799 2075 4856 dus
2125 4797 2219 4868 qui
2252 4798 2329 4873 .in
2367 4794 2690 4873 φηξρριιξιὶο
2717 4792 2817 4873 .de.
2847 4790 3064 4873 (ξιῖὲείρθ
3098 4790 3298 4873 88119.8.
3318 4789 3560 4873 Ριῖξεῠίξρ·

1971 4884 2116 4934 rum,
2142 4859 2216 4923 ex
2252 4859 2542 4921 Hunibaldi
2588 4862 2850 4934 fabulosis
2883 4859 3059 4934 libris,
3092 4859 3260 4934 tradit
3284 4861 3339 4915 in
3370 4859 3556 4934 Clodio

1972 4930 2184 5010 Crinito
2221 4938 2438 5010 urbem_
2455 4937 2601 4990 hanc
2625 4932 2906 5010 conditam
2935 4948 2964 4986 a
3008 4930 3290 5010 Salgggsto
3325 4930 3557 5010 sapiente

1971 5019 2021 5066 et
2054 5008 2362 5080 philosopho
2390 5005 2757 5080 raucorum,
2786 5019 2849 5080 ac
2887 5001 3060 5072 legum
3091 4999 3389 5080 Sdlicqrum
3423 5000 3557 5080 scri-

1969 5068 2149 5151 pto're:
2175 5068 2554 5152 subjungitque
2584 5090 2710 5130 eum
2733 5068 2802 5128 in
2834 5068 2998 5152 hac'a
3027 5086 3086 5126 se
3115 5069 3391 5152 nominata
3420 5068 3559 5152 urbe

1971 5137 2289 5277 ἒηοτιιὲυῐίιξ
2304 5137 2666 5209 combustum,
2699 5157 2958 5213 urnaeque
2983 5138 3292 5210 impositum
3315 5155 3403 5194 an.
3431 5137 3556 5194 Clo-

2009 5220 2047 5274 ii
2090 5221 2116 5273 l
2165 5259 2178 5274 .
2236 5235 2289 5273 n.

2009 5237 2047 5274 Il
2090 5235 2178 5274 ’10.
2210 5235 2289 5274 ID.

2047 5312 2072 5352 ε
2094 5293 2194 5365 Hic
2245 5307 2580 5365 Buchoniam
2618 5305 2976 5374 Hassiamque
3018 5299 3300 5371 perlapsus
3342 5300 3557 5372 Visurgi

1971 5379 2254 5436 miscetur.
2279 5379 2356 5434 In.
3063 5398 3076 5409 -

2048 5476 2075 5515 ιι
2101 5474 2269 5540 Aliis,
2320 5472 2630 5539 Buchonia,
2671 5488 2702 5526 a
2746 5470 2885 5542 fagis
2926 5483 3125 5542 nomen
3177 5467 3562 5542 sortita,_quze

1973 5537 2307 5600 Teutonibus
2361 5544 2560 5598 buchen
2613 5537 2885 5598 dicuntur.
2948 5539 3026 5593 Ita
3086 5537 3360 5594 Candidus
3416 5537 3559 5592 beati

1977 5615 2188 5672 Babani
2229 5614 2545 5686 discipulus,
2577 5614 2629 5669 in
2665 5612 2786 5667 Vita
2810 5610 3000 5682 Eigilis
3023 5609 3268 5665 abbatis:

2351 5787 2362 5798 .
2404 5785 2417 5798 .
2453 5787 2469 5802 .
2505 5784 2520 5800 .
2557 5748 2733 5797 Patriis
2758 5752 2960 5796 evectus
2982 5745 3042 5794 ab
3068 5747 3168 5793 oris

2101 5811 2304 5862 Ducitur
2329 5812 2377 5861 in
2400 5811 2590 5871 silvam,
2615 5809 2714 5869 fagi
2736 5809 2802 5860 de
2825 5810 3022 5860 nomine
3045 5805 3221 5856 dictam

2101 5875 2408 5926 Buchoniam.
2829 5934 2883 5988 ID

3067 6021 3106 6080 '2
