4016 6466
276 483 349 543 ‘5
656 546 661 549 _
1658 474 1855 531 PROLI

1962 477 2189 534 lMENA.
3477 472 3548 551 to

277 599 424 675 quod
448 597 549 657 sibi
576 597 631 655 in
658 594 845 654 eadem
871 593 1089 664 regione
1114 607 1432 653 concessum
1460 600 1620 658 esset,
1652 591 1858 663 ingredi
1887 596 1939 655 Α
1965 592 2129 648 simili
2158 594 2553 653 inhumanitate
2598 606 2946 658 contraxerat
2980 604 3175 672 rebus,
3218 607 3289 663 ad
3328 612 3547 681 propria

281 693 503 757 deberet
537 710 550 746 :
588 688 911 746 Otlimarum
968 686 1254 757 quemdam
1280 726 1295 752 ,
1350 700 1510 754 quem
1563 684 1860 738 intraturus

278 796 444 855 esset,
483 801 550 844 ex
593 784 811 847 nomine
856 782 1171 852 designans,
1217 781 1299 836 Ad
1347 796 1506 853 quem
1554 783 1859 854 presbyter,

279 883 407 951 quia
450 895 557 943 non
594 875 785 953 procul
832 875 1130 941 habitabat,
1161 889 1288 943 mox
1331 874 1579 939 nuntium
1616 873 1858 941 mittens,

274 973 437 1045 jussit
459 982 537 1040 ut,
555 970 896 1035 confessione
917 968 1081 1037 facta,
1107 975 1453 1040 peccatorum
1475 966 1860 1041 paenitentiam

279 1072 483 1137 ageret,
512 1079 579 1125 ne
605 1061 745 1118 forte
772 1059 1077 1119 facinorum
1103 1074 1323 1114 suorum
1354 1057 1551 1113 merito
1580 1056 1735 1113 ﬁeret
1757 1057 1859 1113 ini-
1894 1056 1901 1065 '

281 1154 405 1211 mici
449 1164 496 1208 α.
540 1150 640 1225 Qui
689 1150 975 1223 praeceptis
1024 1148 1282 1213 obediens
1333 1146 1399 1205 ad
1458 1147 1857 1221 paenitentiam,

276 1258 441 1314 quam
477 1241 721 1301 diabolus
760 1255 976 1312 semper
1025 1247 1329 1313 aversatur,
1360 1247 1475 1299 tota
1514 1248 1701 1301 mente
1730 1255 1859 1299 con-

222 1330 231 1337 ’
275 1322 518 1411 fugiens,
563 1332 1004 1404 insidias-evasit
1053 1332 1532 1389 inimici:dzemcn
1578 1348 1707 1389 vero
1763 1347 1860 1407 per

273 1422 531 1476 virtutem
562 1422 733 1475 sancti
765 1420 1021 1493 martyris
1063 1421 1176 1495 ipsa
1220 1421 1307 1476 die
1332 1419 1554 1493 cjectus,
1601 1421 1858 1478 feminam

273 1529 439 1584 quam
464 1514 680 1572 tenebat
705 1529 849 1579 sanae
870 1514 1070 1569 utentis
1099 1522 1151 1570 et
1187 1514 1509 1573 incolumem
1542 1515 1783 1587 reliquit.

345 1607 399 1671 8,
440 1605 571 1665 item
600 1606 845 1679 quaedam
890 1605 1111 1672 femina,
1141 1606 1404 1661 orationis
1429 1621 1593 1662 causa
1634 1606 1857 1665 veniens
1890 1608 1895 1612 ’

274 1696 343 1753 ad
376 1697 633 1768 reliquias
656 1698 851 1766 sancti,
875 1698 1009 1753 duas
1039 1698 1255 1753 inaures
1285 1714 1479 1755 aureas
1503 1715 1603 1771 pro
1631 1714 1857 1756 munere

270 1791 471 1851 obtulit
498 1792 564 1851 ad
588 1792 757 1857 altare
787 1811 800 1851 :
825 1808 960 1873 quas
985 1791 1198 1859 ancilla,
1225 1807 1343 1864 qua:
1370 1793 1425 1848 in
1454 1792 1571 1863 ejus
1595 1795 1855 1867 obsequio

269 1892 409 1949 erat,
441 1900 604 1956 super
642 1885 813 1945 altare
855 1886 1061 1956 positas
1106 1887 1514 1957 concupiscens,
1550 1902 1672 1942 cum
1713 1887 1857 1942 inter

1964 684 2142 739 redire
2170 685 2376 753 volens,
2408 689 2585 743 subita
2614 705 2907 747 nervorum
2942 694 3140 750 duritia
3175 696 3248 752 ita
3278 698 3511 771 deriguit
3530 743 3545 766 ,

1962 786 2024 833 ut
2071 780 2136 835 de
2179 779 2300 837 loco
2340 781 2397 837 in
2445 798 2551 853 quo
2595 794 2714 839 erat
2762 785 2869 841 ullo
2911 802 2971 843 se
3008 790 3296 847 conamine
3322 806 3547 848 movere

1962 885 2071 927 non
2095 881 2309 944 posset;
2334 876 2620 947 stabatque
2642 878 2993 948 stupefactus,
3020 896 3085 937 ac
3107 897 3310 952 pavore
3332 884 3545 956 percul-

1961 972 2054 1016 sus
2103 963 2346 1035 cogitare
2394 966 2561 1037 carpit
2605 968 2749 1025 unde
2788 969 2837 1026 ei
2868 971 3003 1026 tanti
3034 970 3164 1026 mali
3202 973 3546 1046 contingeret

1961 1065 2138 1108 casus.
2153 1052 2396 1110 Tandem
2424 1065 2714 1114 accusante
2734 1060 3067 1117 conscientia
3091 1062 3146 1117 in
3174 1076 3235 1119 se
3264 1077 3539 1129 reversus,

1960 1144 2138 1201 scelus
2183 1147 2330 1218 quod
2368 1148 2717 1205 commiserat
2752 1153 3121 1224 recognoscit;
3158 1154 3545 1226 commissique

1958 1236 2253 1307 pmnitens,
2284 1239 2353 1295 ad
2382 1239 2555 1295 sancti
2582 1240 2863 1312 reliquias,
2891 1245 3145 1317 quatiam
3178 1254 3305 1303 tunc
3327 1247 3397 1304 ab
3426 1262 3546 1303 om-

1960 1327 2122 1384 nibus
2163 1328 2280 1385 fere
2322 1332 2558 1400 regionis
2597 1332 2741 1388 illius
2788 1333 2983 1391 incolis
3028 1335 3282 1409 religiosa
3314 1353 3544 1395 venera-

1963 1419 2108 1477 tione
2133 1420 2639 1492 frequentabantur,
2671 1438 2772 1494 pro
2801 1424 3144 1482 absolutione
3172 1443 3270 1483 sua
3289 1428 3371 1485 ire
3398 1430 3544 1486 desi-

1960 1512 2142 1580 derat;
2173 1516 2466 1586 statimque
2488 1517 2670 1572 divina
2691 1518 3045 1576 miseratione
3068 1521 3352 1592 gradiendi
3373 1521 3544 1578 facul-

1959 1610 2126 1661 tatem
2156 1607 2424 1677 recipiens
2459 1607 2850 1679 prollciscitur,
2891 1610 3178 1666 ecclesiam
3220 1611 3419 1680 intrat,
3448 1627 3546 1683 pa-

1959 1711 2057 1754 nes
2081 1706 2207 1755 ante
2227 1699 2401 1754 altare
2421 1714 2545 1755 cum
2568 1700 2782 1779 publica
2811 1700 3071 1759 facinoris
3096 1703 3181 1759 sui
3200 1702 3545 1761 confessione

1959 1787 2200 1858 deponit.
2248 1788 2395 1857 Quos
2450 1799 2511 1847 ut
2559 1792 2819 1849 mulieres
2864 1803 3221 1867 receperunt,
3272 1796 3542 1870 integram

1961 1881 2248 1938 sanitatem
2287 1884 2543 1954 adeptus,
2584 1886 2805 1941 domum
2852 1902 3008 1943 suam
3044 1903 3175 1945 etim
3219 1889 3418 1961 gaudio
3451 1905 3542 1946 re-

268 1987 500 2043 caeteras
536 1980 792 2043 mulieres
827 1996 948 2051 qua:
994 1980 1326 2039 advenerant
1371 1981 1601 2037 orationi
1646 1981 1854 2047 incum-
1882 1957 1931 2019 Β
1956 1975 2169 2047 petivit.

264 2071 450 2138 heret,
491 2073 698 2143 optavit
737 2074 792 2131 in
823 2074 984 2129 corde
1028 2089 1126 2135 suo
1153 2082 1213 2130 ut
1247 2089 1341 2131 cas
1366 2089 1490 2130 cum
1512 2072 1724 2144 justitia
1765 2090 1853 2129 re-

2026 2065 2113 2119 10.
2155 2063 2289 2121 item
2335 2066 2557 2136 quidam
2605 2068 2674 2123 de
2717 2068 2983 2125 comitatu
3020 2069 3244 2126 Geraldi
3289 2070 3540 2140 comitis,

265 2162 521 2234 demptas
545 2164 745 2221 habere
767 2165 1051 2237 potuisset.
1077 2163 1321 2236 Cumque
1346 2165 1489 2221 inter
1514 2165 1778 2221 orandum
1800 2165 1853 2220 id
1953 2156 2176 2213 nomine
2204 2156 2623 2231 PerathsariuS.
2662 2159 2804 2216 ﬁlius
2830 2161 3125 2219 Theodaldi
3142 2204 3159 2228 .
3194 2163 3304 2220 iter
3340 2178 3539 2235 agens,

266 2252 453 2311 animo
501 2253 788 2323 volutaret,
829 2271 955 2312 mox
998 2256 1196 2312 mirum
1243 2256 1300 2315 in
1347 2256 1587 2322 modum,
1618 2255 1738 2310 aliis
1783 2255 1850 2310 ab
1954 2263 2079 2304 cum
2115 2249 2353 2306 venisset
2380 2264 2539 2307 secus
2578 2251 2866 2310 ecclesiam
2911 2254 2971 2313 in
3016 2270 3125 2325 qua
3167 2254 3342 2317 sancti
3387 2270 3540 2312 mar-

264 2343 515 2400 oratione
544 2346 907 2418 surgentibus,
942 2348 1057 2420 ipsa
1085 2363 1144 2404 se
1174 2348 1385 2420 erigere
1417 2346 1723 2403 nullatenus
1747 2363 1847 2419 pc-
1959 2333 2097 2413 tit-is
2126 2342 2318 2411 positae
2345 2351 2473 2399 sunt
2498 2343 2770 2416 reliquiae,
2804 2353 2861 2403 et
2895 2346 3059 2407 vellet
3098 2349 3380 2419 preteripe
3398 2390 3414 2417 ,
3448 2349 3545 2405 ad-

264 2437 399 2504 tuit;
430 2438 524 2494 sed
549 2439 645 2506 ita,
676 2449 735 2495 ut
775 2457 939 2511 super
969 2458 1144 2514 genua
1174 2457 1272 2497 sua
1301 2442 1536 2498 orationi
1582 2443 1848 2509 incubuit,
1960 2435 2201 2490 monitus
2225 2450 2257 2489 a
2277 2450 2464 2505 puero,
2490 2437 2585 2508 qui
2623 2438 2916 2497 comitatus
2949 2447 3037 2497 est
3065 2455 3213 2507 eum,
3250 2449 3312 2497 ut
3349 2441 3420 2498 ad
3453 2455 3545 2497 sa-

264 2531 501 2602 quodam
530 2532 708 2605 rigore
736 2542 1012 2595 contracta
1037 2536 1354 2606 permansit.
1385 2534 1720 2607 Interrogata
1749 2551 1847 2591 au-

1962 2539 2080 2580 cras
2120 2526 2381 2595 reliquias
2405 2542 2571 2585 causa
2599 2528 2865 2590 orationis
2898 2529 3178 2602 paululum
3207 2530 3537 2598 declinaret,

266 2630 376 2680 tem
405 2640 437 2683 a
464 2626 781 2703 presbytero
816 2643 1029 2687 causam
1055 2626 1288 2700 peccati,
1331 2626 1485 2698 cujus
1512 2629 1707 2684 merito
1740 2636 1849 2683 tan.
1890 2614 1900 2638 ³
1954 2617 2239 2689 respondit
2259 2619 2365 2675 sibi
2391 2626 2521 2676 tunc
2547 2620 2767 2690 quidem
2788 2635 2910 2678 esse
2931 2619 3298 2679 festinandum
3319 2630 3543 2694 propter

263 2718 500 2783 subitam
536 2720 906 2787 membrorum
948 2721 1375 2779 contractionem
1397 2721 1733 2791 pertulisset,
1765 2720 1849 2776 vel
1934 2708 2281 2790 legationem
2315 2710 2520 2795 domini
2562 2711 2646 2769 sui
2688 2713 3081 2784 peragendam,
3128 2721 3371 2785 tempore
3410 2728 3543 2771 vero

264 2810 398 2881 quid
433 2812 612 2869 animo
638 2821 855 2885 gereret
905 2811 1120 2887 quando
1159 2813 1215 2879 in
1250 2813 1496 2869 oratione
1540 2812 1865 2885 procubuit,’
1950 2809 2257 2872 opportuno
2287 2802 2358 2858 ad
2388 2803 2694 2863 orationem
2721 2819 2842 2866 ease
2869 2805 3217 2867 veniendum.
3246 2805 3395 2863 Inter
3425 2806 3543 2863 haec

264 2901 545 2973 respondit
580 2902 783 2961 nullam
826 2903 929 2961 sibi
979 2903 1140 2965 aliam
1185 2904 1421 2961 ltesionis
1474 2919 1585 2960 suae
1626 2919 1849 2960 causam
1956 2893 2124 2949 verba
2170 2893 2350 2950 διιΜο
2397 2908 2567 2964 equus
2611 2895 2701 2952 cui
2728 2896 2968 2963 θθάῡῧθῑ»
2996 2895 3256 2961 “Nimim
3296 2897 3541 2968 Ροῐθιιιίίὶ

266 2991 440 3050 videri
468 3010 627 3066 quam
657 2996 931 3055 inaurium
952 2996 1166 3054 illarum
1197 2995 1712 3068 concupiscentiam.
1748 2994 1845 3054 Cui
1954 2983 2121 3054 ³⁸11³»
2142 2985 2325 3042 “ab”
2348 2986 2676 3055 inmobilis;
2707 2996 2763 3043 θι
2795 2988 2926 3049 licet
2960 2988 3190 3051 nimium
3235 2987 3542 3046 calcaribus

262 3082 547 3156 presbyter
572 3105 586 3141 :
613 3087 671 3145 Si
699 3089 893 3157 sancti,
924 3089 1116 3165 inquit,
1152 3089 1446 3149 Alexandri
1472 3089 1723 3148 voluntas
1753 3090 1846 3158 sit,
1952 3077 2251 3150 fatigatus,
2280 3078 2431 3137 nullo
2456 3079 2620 3137 modo
2652 3079 2721 3137 ad
2763 3080 3151 3143 ambulandum
3193 3088 3411 3153 poterat
3435 3081 3540 3137 im-

262 3182 322 3229 ut
358 3189 472 3243 eas,
523 3177 662 3234 sicut
691 3179 1030 3248 desiderasti,
1080 3180 1379 3252 possideas,
1433 3196 1593 3253 surge
1631 3188 1686 3236 et
1722 3180 1848 3237 tolle

1962 3170 2103 3241 pelli.
2135 3170 2287 3229 Unde
2316 3172 2522 3229 factum
2549 3180 2666 3241 est,
2692 3182 2755 3235 ut
2778 3172 3038 3237 confusus
3075 3190 3141 3233 ac
3180 3190 3387 3247 pavore
3410 3189 3539 3247 per-

261 3264 384 3324 illas
412 3267 478 3329 de
504 3269 684 3327 altari.
714 3271 798 3331 Ad
834 3272 987 3343 cujus
1011 3288 1199 3329 vocem
1228 3288 1354 3327 mox
1382 3272 1470 3327 illa
1493 3272 1725 3328 sanitate
1756 3286 1859 3326 τε-.
1879 3263 2181 3343 ειωτὶωε
2204 3264 2559 3329 descenderet
2578 3266 2646 3324 de
2672 3282 2846 3338 equo;
2877 3275 2933 3325 et
2955 3268 3100 3338 quod
3118 3267 3270 3338 prius
3290 3266 3543 3337 equitan-

260 3367 420 3430 cepta
464 3363 720 3432 surrexit,
752 3363 1085 3435 linteumque
1116 3363 1257 3435 quod
1301 3364 1445 3419 circa
1487 3370 1647 3433 caput
1693 3378 1850 3418 suum
1875 3354 1925 3391 "'
1957 3354 2026 3411 de
2059 3354 2242 3412 facere
2266 3359 2621 3429 contempsit,
2650 3357 2897 3427 implevit
2921 3357 3270 3417 ambulando.
3292 3355 3547 3415 Perrexit

261 3447 452 3507 habuit
496 3452 564 3507 ad
615 3452 785 3509 altare
817 3453 1002 3510 volens
1031 3454 1246 3522 oﬂ'erre,
1280 3453 1429 3508 nullo
1460 3453 1745 3509 conamine
1784 3454 1850 3509 de
1953 3450 2123 3521 igitur
2141 3450 2212 3506 ad
2239 3451 2548 3517 ecclesiam,
2571 3459 2629 3507 et
2648 3465 2836 3512 coram
2861 3450 3107 3522 reliquiis
3127 3449 3302 3509 sancti
3328 3458 3538 3524 marty-

260 3543 439 3613 capitc
466 3547 644 3616 potuit
687 3547 1025 3603 abstrahere.
1053 3547 1206 3617 Quod
1236 3562 1360 3602 cum
1395 3545 1604 3602 videret
1628 3546 1852 3617 presby-
1953 3540 2031 3596 ris
2059 3542 2272 3611 expleta
2296 3542 2614 3613 suppliciter
2632 3543 3114 3614 orationmssrum
3134 3540 3278 3613 iuris
3304 3542 3411 3611 δαί,
3445 3543 3540 3615 qui

261 3642 366 3701 ter,
399 3644 458 3691 et
484 3652 555 3692 ex
580 3638 988 3709 recuperatione
1030 3639 1280 3694 sanitatis
1321 3637 1660 3710 intelligeret,
1705 3638 1851 3709 pucl-

260 3724 326 3781 la:
351 3728 523 3785 etiam
566 3728 785 3785 inaures
823 3745 956 3800 quas
992 3730 1395 3786 desideraverat
1438 3731 1696 3787 divinitus
1729 3746 1849 3787 esse

260 3833 587 3888 concessas,
640 3822 780 3879 datis
833 3823 884 3879 ei
934 3823 1216 3878 inauribus
1256 3823 1369 3878 ait:
1402 3823 1600 3894 Accipe
1653 3840 1850 3880 munus

262 3909 408 3981 quod
433 3910 772 3979 desiderasti,
804 3912 965 3984 idque
1000 3913 1097 3969 tibi
1130 3913 1299 3986 gratis
1327 3930 1358 3968 a
1382 3921 1571 3970 saneto
1595 3914 1713 3981 Dei,
1741 3930 1851 3970 non

258 4019 362 4076 pro
398 4006 679 4079 temporali
730 4006 906 4078 pretio
955 4022 1220 4085 cognosce
1261 4022 1379 4065 esse
1428 4008 1702 4063 donatum.
1755 4007 1849 4063 illa

264 4111 397 4153 vero
426 4098 630 4169 gratias
658 4114 822 4170 agens
863 4099 995 4167 Deo,
1024 4108 1080 4155 et
1123 4101 1318 4156 merita
1352 4101 1524 4157 sancti
1552 4100 1849 4156 Alexandri

263 4183 597 4256 gloriﬁcans,
646 4186 866 4243 domum
899 4204 1025 4244 cum
1065 4189 1284 4248 domina
1334 4206 1433 4247 sua
1482 4192 1723 4261 gaudens
1764 4205 1847 4246 re-

265 4292 425 4335 versa
455 4288 558 4335 est.

335 4368 390 4423 9.
429 4368 625 4425 Postea
651 4371 879 4443 contigit
906 4373 1169 4443 quasdam
1194 4372 1556 4444 pauperculae
1588 4371 1847 4430 mulieres

263 4458 456 4515 orandi
476 4460 651 4531 gratia
680 4462 749 4517 ad
779 4471 997 4519 sanctas
1021 4463 1141 4519 illas
1171 4464 1429 4535 reliquias
1449 4463 1642 4520 devota
1665 4471 1849 4520 mente

262 4560 622 4622 properantes
648 4554 860 4611 venisse
899 4556 966 4611 ad
1004 4554 1228 4612 ﬂuvium
1258 4556 1486 4614 Turisec
1519 4558 1582 4624 b;
1619 4573 1849 4628 cumque

264 4656 376 4697 non
400 4651 621 4713 possent
648 4646 854 4716 absque
889 4647 1105 4719 navigio
1148 4648 1412 4715 transire,
1444 4664 1545 4705 nec
1584 4649 1850 4704 haberent
1871 4682 1929 4743 Β

264 4734 411 4804 quod
458 4750 560 4806 pro
597 4736 758 4794 naulo
807 4738 1027 4805 darent,
1074 4736 1206 4811 (non
1246 4739 1391 4793 enim
1436 4738 1516 4793 eis
1546 4746 1702 4792 erant
1740 4738 1847 4794 nisi

265 4833 507 4905 quinque
548 4840 761 4891 tantum
804 4851 969 4906 panes
1012 4836 1082 4890 ad
1123 4832 1404 4907 viaticum)
1446 4841 1612 4889 nauta
1664 4842 1849 4893 autem

266 4940 391 4983 cum
419 4927 773 4984 vehementer
819 4928 1047 4985 instaret
1097 4929 1318 4984 naulum
1362 4929 1430 4984 ab
1468 4928 1549 4984 eis
1590 4928 1845 5001 exigens,

266 5022 489 5078 tandem
533 5022 844 5079 obtulerunt
887 5024 938 5081 ei
968 5031 1202 5096 quatuor
1238 5038 1440 5095 panes,
1480 5038 1591 5079 uno
1632 5030 1846 5078 tantum

268 5113 372 5170 sibi
396 5115 470 5170 ob
502 5116 882 5171 necessitatem
916 5116 1089 5172 victus
1135 5122 1434 5171 reservato.
1461 5112 1569 5169 Sed
1597 5129 1718 5169 cum
1755 5112 1851 5170 ille

270 5204 445 5260 adhuc
488 5220 599 5261 non
642 5207 1038 5278 acquievisset,
1067 5207 1331 5263 dederunt
1373 5207 1425 5264 ei
1463 5215 1518 5263 et
1559 5207 1809 5278 quintum
1836 5250 1851 5278 ,

270 5296 724 5368 Meribanes
750 5299 819 5354 ad
843 5307 1055 5370 tempus
1081 5298 1282 5355 famem
1307 5299 1616 5356 moribundi
1652 5296 1871 5370 corpo-J

270 5386 349 5442 ris
365 5387 598 5458 perpeti,
621 5403 787 5460 quam
808 5388 1075 5446 victuram
1098 5395 1359 5459 perpetuo
1386 5387 1623 5445 animam
1649 5397 1853 5451 sanctae

271 5480 534 5537 orationis
555 5480 735 5538 fructu
757 5483 990 5554 privare.
1012 5482 1254 5552 Recepto
1276 5488 1459 5536 autem
1479 5480 1668 5551 quinto
1686 5496 1847 5553 pane,

273 5568 329 5629 in
356 5571 591 5637 alterum
623 5573 800 5639 amnis
843 5573 1015 5651 ripam
1038 5572 1268 5633 feminas
1306 5572 1473 5628 miser
1514 5572 1604 5631 ille
1637 5572 1849 5646 navigio

275 5666 642 5735 transposuit;
675 5666 1077 5736 assumptiqu
1103 5666 1335 5745 panibus
1369 5681 1434 5723 ac
1469 5666 1684 5723 εωιθιίδ
1710 5680 1850 5737 quas

342 5796 633 5869 fﬂolvem,
644 5799 881 5866 Wo,
895 5799 1048 5869 quasi
1062 5813 1163 5861 vox
1179 5798 1433 5859 obnoxius
1447 5801 1845 5862 decsset.Bou..

346 5866 376 5906 h
416 5868 587 5940 Vulgo
614 5869 744 5942 Tur,
791 5886 825 5942 a
860 5866 966 5942 quo
996 5876 1200 5942 tractus
1217 5870 1319 5942 ille
1348 5870 1577 5942 Turgana
1609 5873 1848 5931 denomi-

278 5944 465 6008 natus;
490 5938 580 6012 qui
600 5941 792 5998 ﬂuvius
815 5938 1135 5998 iu'Rhenunt
1152 5938 1325 5997 inﬂuit
1345 5938 1489 5997 inter
1509 5941 1845 6000 Scafbusiam

1950 3635 2283 3705 possessioni
2318 3634 2564 3691 ecclesiae
2608 3634 2754 3695 illius
2790 3636 3077 3707 contiguus
3122 3643 3274 3704 erat,
3312 3651 3417 3707 pro
3450 3652 3540 3693 sa-

1952 3724 2065 3781 lute
2122 3726 2317 3783 anima:
2358 3742 2501 3795 suae,
2544 3727 2773 3785 solemni
2831 3728 3122 3789 donatione
3170 3729 3223 3784 ei
3271 3729 3540 3798 contulit;

1954 3816 2143 3886 sicque
2182 3818 2376 3874 itinere
2413 3833 2511 3875 suo
2533 3859 2550 3885 ,
2590 3833 2698 3888 quo
2730 3819 2930 3879 missus
2951 3817 3149 3887 fuerat,
3180 3818 3353 3877 libero
3374 3834 3540 3877 cursu

1953 3908 2213 3976 perrexit.

2025 4003 2114 4056 li.
2153 4002 2277 4059 Alio
2304 4016 2523 4075 quoque
2559 4009 2804 4075 tempore
2842 4001 3072 4074 contigit
3110 4011 3174 4060 ut
3203 4003 3287 4061 vir
3317 4002 3539 4076 quidam

1955 4095 2023 4151 de
2046 4094 2405 4151 orientalibus
2431 4094 2769 4153 Alamanniae
2793 4096 3040 4167 partibus
3056 4137 3073 4163 ,
3105 4112 3231 4152 cum
3267 4096 3539 4152 sociorum

1954 4202 2177 4244 suorum
2204 4190 2465 4247 comitatu
2511 4205 2622 4246 non
2668 4190 2911 4255 modico,
2960 4205 3124 4248 causa
3161 4189 3424 4246 orationis
3468 4188 3539 4244 ad

1951 4279 2240 4349 pmdietas
2274 4280 2534 4352 reliquias
2556 4280 2786 4347 veniret,
2817 4288 3042 4352 portans
3084 4295 3268 4336 secum
3311 4280 3537 4337 donaria

1954 4370 2023 4424 ad
2052 4372 2354 4427 sacrarium
2376 4371 2594 4431 Domini
2622 4370 2917 4431 offerenda.
2942 4371 3076 4441 Quae
3112 4386 3238 4428 cum
3266 4371 3541 4445 posuisset

1953 4477 2117 4532 super
2148 4463 2351 4531 altare,
2377 4465 2626 4536 protinus
2661 4464 2845 4536 elapsa
2873 4464 2931 4523 in
2955 4470 3161 4531 terram
3186 4465 3533 4533 ceciderunt;

1952 4555 2266 4629 factumque
2290 4565 2395 4624 est,
2425 4565 2488 4613 ut
2514 4557 2678 4614 tertio
2705 4557 3063 4628 superposita,
3090 4556 3443 4615 nihilominus
3480 4556 3540 4612 in

1954 4657 2158 4705 terram
2200 4657 2538 4705 corruerent.
2583 4648 2736 4705 Unde
2769 4650 3057 4720 presbyter
3090 4647 3397 4718 intelligens
3438 4645 3540 4701 ali-

1957 4743 2086 4814 quid
2112 4744 2292 4798 inesse
2316 4742 2536 4797 latentis
2560 4741 2816 4810 nequitiae
2846 4739 3017 4797 menti
3042 4738 3128 4796 vel
3166 4736 3378 4797 actibus
3404 4735 3536 4793 oll‘e-

1956 4835 2148 4901 rentis,
2182 4835 2261 4888 ait
2287 4833 2340 4887 ei
2360 4840 2420 4888 ut
2440 4847 2539 4888 sua
2558 4830 2798 4899 tolleret,
2821 4837 2878 4893 et
2898 4830 2973 4893 ad
2992 4830 3217 4903 propria
3235 4835 3535 4899 remearet;

1956 4925 2275 4996 monuitque
2300 4939 2425 4981 eum
2450 4923 2598 4980 circa
2622 4922 2851 4987 “mea
3109 4936 3229 4983 8H8
3265 4934 3386 4977 esse
3426 4917 3535 4975 sol-

1956 5018 2164 5075 licitum
2187 5059 2201 5085 ,
2239 5032 2305 5073 ac
2341 5032 2478 5088 pura
2517 5013 2859 5076 confessione
2893 5022 2951 5070 et
2987 5013 3164 5086 dignis
3200 5009 3535 5083 paenitentiae

1956 5110 2224 5167 fructibus
2256 5108 2648 5177 conscientiam
2678 5122 2834 5165 suam
2868 5104 3162 5170 mundare,
3191 5116 3302 5189 quo
3326 5101 3533 5159 oratio-

1954 5220 2052 5261 nes
2089 5205 2207 5275 ejus
2244 5212 2301 5260 et
2346 5217 2573 5260 munera
2613 5201 2868 5272 deinceps
2909 5198 3022 5256 Deo
3064 5196 3367 5267 potuissent
3411 5210 3534 5253 esse

1953 5297 2260 5369 placabilia.

2026 5393 2112 5455 12.
2149 5391 2281 5453 Erat
2297 5390 2383 5451 vir
2408 5390 2631 5463 quidam
2657 5388 2716 5449 in
2741 5386 2929 5443 eadem
2948 5382 3189 5456 regione,
3220 5379 3532 5454 Sigihaldus

1953 5486 2191 5555 nomine,
2224 5502 2294 5543 ex
2314 5484 2468 5556 cuius
2493 5485 2669 5543 servis
2701 5483 2842 5541 inter
2864 5486 3091 5563 castam
3125 5474 3528 5545 multitudines,

1956 5590 2077 5649 quae
2107 5577 2175 5633 ad
2198 5576 2464 5635 orandum
2487 5566 2848 5640 conﬂuebant,
2870 5568 3100 5627 eamad
3123 5566 3416 5625 ecclesiam
3440 5577 3537 5621 ve-

1955 5668 2068 5737 nit,
2104 5676 2493 5745 susceptusque
2532 5683 2563 5724 a
2592 5678 2851 5740 germano
2887 5678 2985 5719 suo
3010 5660 3251 5725 eiusdem
3289 5654 3534 5713 ecclesia

1953 5813 2010 5860 et
2030 5803 2416 5869 Rbinfeldiam,
2440 5818 2507 5857 ex
2530 5815 2639 5869 quo
2668 5798 2966 5861 Κεπήὑηιεὶ
2994 5805 3120 5851 ante
3146 5790 3434 5861 meti
3450 5788 3539 5846 civ

1954 5883 2070 5933 tum
2097 5885 2243 5939 recte
2275 5875 2473 5935 colligit
2502 5869 2891 5937 lienschenius.
2916 5869 3054 5925 Man.
