4016 6458
478 395 544 451 51
1599 384 1688 438 AD
1725 379 1951 437 OPERA
1989 377 2048 431 B.

2155 374 2340 429 tBANl
2379 371 2598 429 MAURI
3612 410 3619 418 κ
3664 361 3737 416 ἒὶὲ

478 505 703 564 Achillei
745 519 870 562 ossa
920 501 1220 566 sexdecim,
1269 497 1441 555 sancti
1491 504 1678 565 autem.
1708 508 1734 535 α
1775 493 2053 573 Turturini
2081 494 2131 553 Λ
2159 490 2427 553 claudum,
2468 494 2593 541 ante
2636 483 2892 553 reliquias
2938 480 3111 537 sancti
3155 478 3409 550 martyris
3449 478 3650 549 posuit,
3682 487 3739 535 et

479 616 624 666 ossa,
653 606 708 655 et
732 596 908 653 sancti
936 596 963 637 ι)
994 591 1199 651 Stactei
1224 591 1291 647 de
1318 588 1590 646 cineribus
1614 586 1856 657 corporis
1882 584 2053 638 maxi-

479 706 623 746 mam
654 689 870 759 ρει-ιω
907 694 963 742 et
994 699 1119 743 ossa
1148 685 1353 741 decem.
1386 680 1478 735 ille
1506 692 1631 735 vero
1658 678 1910 733 universa
1936 676 2054 730 haec

477 774 857 838 venerabiliter
905 786 1155 847 suscepta
1208 774 1261 830 in
1311 788 1525 838 arcam,
1570 786 1734 840 quam
1760 782 1921 838 supra
1952 767 2053 822 sub

478 873 685 928 duobus
718 869 983 926 cherubin
1011 868 1243 940 positam
1271 864 1527 929 diximus,
1557 860 1784 932 supplici
1811 858 2053 914 devotio-

475 980 546 1021 ne
579 957 883 1021 collocavit.

543 1055 633 1113 18.
670 1055 841 1129 igitur
889 1055 1015 1111 dum
1058 1053 1175 1108 hac
1222 1057 1528 1123 agerentur,
1568 1038 1723 1101 Addo
1770 1042 2053 1115 presbyter

472 1143 688 1203 abbatis
712 1186 729 1214 ,
764 1161 926 1218 quem
966 1158 1131 1215 supra
1170 1143 1239 1198 ad
1276 1139 1599 1210 Alabingum
1637 1135 1923 1206 quemdam
1951 1147 2053 1203 pro

471 1237 831 1309 suscipiendis
854 1234 1081 1305 alicujus
1118 1232 1291 1289 sancti
1330 1232 1543 1287 ossibus
1586 1226 1792 1281 italiam
1825 1225 2052 1280 missum

470 1329 639 1385 fuisse
666 1328 967 1394 retulimus,
996 1340 1194 1387 corpus
1214 1322 1358 1379 beati
1384 1332 1405 1360 ο
1440 1319 1689 1377 Venantii
1710 1316 1967 1387 martyris
1994 1314 2050 1369 in

473 1419 754 1475 territorio
780 1417 1143 1473 Ariminensis
1171 1414 1322 1469 urbis
1347 1412 1623 1466 inventum
1652 1406 1886 1471 sustulit,
1911 1414 1966 1460 et
1994 1405 2050 1460 in

470 1509 759 1566 Franciam
779 1508 957 1564 redire
981 1505 1270 1562 festinavit.
1292 1501 1567 1572 Ae'primu
1592 1498 1805 1570 quidem
1830 1500 2053 1567 propter

471 1611 675 1659 metum
702 1601 1003 1659 incolarum
1032 1594 1163 1655 illud
1202 1595 1411 1652 oeculte
1430 1592 1672 1658 ferebat;
1703 1589 1895 1646 deinde
1921 1596 2051 1642 vero

469 1703 752 1767 postquam
763 1694 979 1766 Alpium
990 1692 1119 1765 iuga
1132 1690 1365 1755 transiit,
1381 1695 1437 1742 et
1462 1686 1671 1756 inﬁnes
1680 1681 2050 1753 Bajuariorum

468 1787 735 1857 pervenit,
760 1785 874 1857 jam
898 1784 1139 1840 securior
1172 1780 1431 1845 effectus,
1465 1777 1667 1833 feretro
1702 1774 2044 1846 impositum,

2153 579 2365 650 expleta
2404 576 2562 630 laude
2596 573 2901 644 vespertina
2945 569 3156 626 cazteris
3201 567 3268 623 ad
3309 583 3406 623 sua
3448 568 3737 639 regressis,

2154 671 2267 739 ipsa
2312 683 2433 723 cum
2477 681 2645 736 puero
2686 658 3044 735 pernoctavit.
3114 652 3269 714 Mane
3321 668 3501 713 autem
3546 657 3736 727 facto,

2152 756 2419 814 sublatum
2463 755 2656 820 adhuc,
2706 754 2844 809 sicut
2884 744 3082 818 fuerat,
3128 749 3362 805 debilem
3397 749 3616 805 domum
3649 765 3738 806 re-

2150 861 2395 923 portans,
2448 848 2503 904 in
2547 846 2798 903 lectulum
2844 842 3060 916 posuit;
3107 842 3498 912 cellariumque
3539 848 3737 910 suum,

2150 953 2211 1001 ut
2236 960 2404 1017 puero
2448 958 2642 1014 panem
2689 940 2861 1006 daret,
2889 937 3128 993 intravit.
3176 934 3219 990 A
3251 951 3359 1007 quo
3386 951 3511 991 cum
3539 930 3738 992 fuisSet

2151 1042 2393 1107 egressa,
2438 1031 2605 1087 tilium
2645 1047 2821 1097 suum,
2846 1045 3006 1100 quem
3048 1020 3296 1083 claudum
3342 1027 3399 1082 in
3438 1025 3578 1083 lecto
3606 1016 3739 1084 reii-

2151 1122 2298 1198 q'uit,
2339 1138 2461 1181 cum
2507 1123 2625 1178 aliis
2670 1121 2908 1193 ejusdem
2949 1114 3052 1175 loci
3093 1118 3276 1190 pueris
3322 1116 3377 1172 in
3420 1116 3603 1188 platea
3646 1110 3735 1175 iu-

2152 1220 2369 1278 dentem
2412 1218 2631 1289 reperit,
2666 1216 2744 1271 ita
2770 1231 2982 1283 sanum,
3023 1222 3083 1269 ut
3122 1229 3224 1270 nec
3263 1213 3476 1284 signum
3516 1213 3740 1284 aliquod

2152 1310 2204 1369 in
2229 1328 2293 1369 eo
2314 1312 2559 1384 pristinae
2600 1308 2895 1365 debilitatis
2932 1314 3257 1362 remaneret.
3300 1304 3358 1360 in
3390 1321 3497 1376 quo
3526 1292 3738 1376 liquido

2151 1398 2455 1463 ostenditur
2492 1400 2637 1475 quod
2683 1396 3103 1472 suifragantibus
3145 1398 3354 1454 meritis
3406 1399 3577 1454 sancti
3622 1395 3734 1454 Ve-

2150 1500 2326 1558 nantii
2365 1515 2501 1572 puer
2541 1490 2630 1554 ille
2667 1506 2888 1553 sanatus
2929 1496 3021 1562 sit,
3063 1508 3159 1565 per
3192 1492 3450 1547 virtutem
3488 1491 3604 1561 ejus
3641 1490 3737 1561 qui

2152 1602 2207 1650 et
2246 1593 2414 1648 filium
2448 1589 2622 1662 reguli
2662 1596 2717 1645 et
2756 1602 2984 1660 puerum
3012 1580 3349 1640 centurionis
3376 1580 3542 1636 verbo
3582 1594 3741 1635 cura-

2151 1686 2250 1751 vit,
2278 1684 2412 1740 etin
2437 1681 2583 1739 omni
2619 1681 2738 1737 loco
2771 1677 3059 1750 praesentia
3100 1690 3211 1730 suae
3249 1673 3551 1743 majestatis
3587 1686 3740 1743 quae-

2154 1794 2368 1848 cunque
2415 1775 2645 1831 voluerit
2700 1764 2956 1828 facillime
3018 1776 3199 1841 potest
3256 1765 3513 1833 efﬁcere,
3574 1754 3737 1820 Jcsus

467 1875 862 1933 continentibus
888 1874 1124 1943 undique
1170 1871 1486 1944 populorum
1514 1868 1719 1933 turbis,
1748 1870 1805 1921 ei
1834 1862 2048 1920 excelsa
2077 1854 2125 1914 Β
2153 1866 2401 1925 Christus
2425 1864 2675 1921 Salvator
2697 1872 2905 1929 noster,
2931 1861 3021 1933 qui
3067 1871 3149 1917 est
3190 1874 3351 1929 super
3378 1854 3561 1915 omnia
3590 1857 3738 1912 Deus

466 1967 638 2024 Deum
672 1980 806 2023 voce
841 1964 1213 2029 laudantibus,
1246 1960 1434 2018 detulit
1462 1961 1517 2015 in
1547 1958 1763 2024 cellam,
1798 1970 1918 2027 qua:
1945 1970 2046 2011 vo-

466 2067 626 2115 eatur
650 2057 678 2100 (ἱ
712 2054 1041 2122 Suolenhus,
1070 2056 1230 2110 sitam
1262 2054 1316 2108 in
1342 2054 1562 2124 regione
1587 2046 1963 2104 Sualaveldoni
1997 2054 2044 2113 ο,

467 2156 523 2205 et
546 2150 621 2205 ad'
641 2147 931 2205 australem
956 2147 1168 2219 plagam
1206 2143 1394 2198 altaris
1431 2141 1675 2197 ecclesia:
1717 2140 1771 2193 iu
1810 2137 2045 2203 feretro,

465 2239 609 2296 sicut
631 2238 854 2295 allatum
878 2245 1017 2305 erat,
1043 2235 1340 2292 honorifice
1382 2233 1581 2302 posuit.
1610 2229 1744 2285 Erat
1772 2237 1953 2285 autem
1983 2240 2048 2283 eo

466 2340 715 2403 tempore
734 2330 1055 2403 praepositus
1083 2329 1231 2386 cellae
1261 2327 1408 2383 illius
1431 2336 1499 2381 ex
1530 2324 1790 2379 fratribus
1812 2321 2011 2377 nostris
2029 2361 2046 2388 ,

466 2420 686 2481 nomine
715 2418 1106 2486 Sautbaratus;
1139 2419 1231 2489 qui
1261 2419 1446 2473 statim
1494 2416 1662 2471 misso
1709 2414 1900 2469 nuntio
1932 2426 2049 2467 om-

468 2529 594 2570 nem
615 2513 697 2569 rei
728 2521 892 2586 gestae
915 2513 1163 2569 ordinem
1192 2510 1472 2566 mandavit
1496 2509 1701 2575 abbati,
1724 2518 1918 2579 rogans
1942 2504 2047 2562 sibi

467 2602 770 2659 renuntiari
806 2609 989 2658 utrum
1030 2609 1249 2658 sanctas
1286 2601 1406 2656 illas
1436 2600 1692 2671 reliquias
1735 2599 1790 2654 in
1828 2612 1894 2652 eo
1929 2596 2048 2652 loco

466 2695 561 2752 ubi
589 2703 719 2752 tunc
746 2706 905 2751 erant
936 2708 1256 2766 permanere
1281 2693 1560 2759 voluisset,
1590 2704 1660 2747 an
1689 2690 1791 2747 sibi
1835 2690 1902 2745 ad
1933 2703 2051 2744 mo-

466 2789 765 2846 nasterium
811 2787 1115 2845 transferri.
1155 2786 1355 2844 Omnes
1399 2787 1542 2841 enim
1586 2782 1767 2855 populi
1813 2780 2049 2853 regionis

466 2881 610 2940 illius
636 2881 692 2938 id
716 2882 1009 2953 petebant,
1042 2881 1204 2953 idque
1238 2880 1463 2937 summis
1496 2880 1639 2936 votis
1664 2877 1957 2949 Optabam,
1987 2884 2049 2931 ut

466 2990 662 3046 corpus
687 2976 862 3032 sancti
885 2974 1146 3047 martyris
1172 2974 1249 3031 ibi
1270 2973 1475 3030 habere
1501 2979 1863 3038 mererentur,
1895 2967 2049 3039 cujus

464 3086 625 3142 opem
669 3071 725 3127 in
773 3070 1001 3127 diversis
1026 3069 1402 3125 infirmitatum
1452 3067 1780 3123 sanitatibus
1808 3061 2049 3134 quotidie

466 3162 791 3219 sentiebant.
818 3162 1001 3219 Abbas
1038 3176 1171 3219 vero
1206 3176 1331 3216 cum
1365 3159 1641 3224 audisset,
1671 3171 1797 3212 mox
1831 3154 1902 3211 de
1935 3154 2049 3211 suis

465 3252 602 3309 duos
628 3253 923 3311 monachos
949 3252 1296 3324 presbyteros
1319 3250 1470 3306 misit
1495 3250 1565 3306 ad
1589 3247 1912 3319 praedictum
1940 3243 2049 3299 fra-
2075 3245 2123 3307 C

466 3352 640 3412 trem,
686 3344 1009 3416 praecipiens
1053 3343 1133 3399 eis
1181 3349 1384 3413 quanta
1429 3340 1731 3412 potuissent
1770 3336 2051 3394 celeritate

466 3442 685 3491 sanctas
710 3435 832 3490 illas
855 3434 1112 3504 reliquias
1153 3434 1257 3489 sibi
1285 3431 1561 3488 afferrent.
1590 3429 1727 3485 Erat
1763 3428 1911 3485 enim
1935 3426 2051 3497 jam

467 3535 597 3584 tunc
628 3541 729 3598 per
770 3541 960 3583 omnes
1000 3541 1139 3597 pene
1181 3525 1432 3596 regiones
1465 3524 1586 3580 illas
1609 3522 1824 3579 celebre
1852 3535 2050 3577 nomen

466 3617 643 3709 sancti
674 3615 928 3674 Venantii
973 3624 1195 3688 propter
1239 3617 1470 3672 virtutes
1510 3621 1565 3671 et
1603 3611 1889 3679 miracula,
1930 3626 2053 3681 qua:

464 3704 715 3769 Christus
750 3710 1011 3769 Dominus
1036 3720 1093 3766 et
1118 3724 1216 3766 rex
1240 3717 1545 3781 martyrum
1583 3722 1682 3777 per
1708 3718 1834 3762 eum
1870 3704 2052 3760 facere

467 3802 719 3873 dignatus
751 3810 853 3859 est.
876 3802 953 3858 De
976 3802 1172 3873 quibus
1195 3818 1316 3874 qua:
1346 3800 1489 3858 facta
1518 3809 1645 3858 sunt
1673 3801 1728 3857 in
1754 3800 1945 3857 eodem
1974 3798 2052 3854 lo-

466 3908 555 3960 co,
584 3893 899 3966 priusquam
924 3893 1176 3950 venirent
1201 3894 1295 3965 qui
1323 3894 1397 3951 ab
1415 3893 1615 3951 abbate
1634 3892 1788 3949 missi
1811 3891 2048 3959 fuerant,

468 3987 660 4056 paucis
680 3983 917 4041 arbitror
940 3998 1062 4043 esse
1085 3986 1519 4060 perstringenda.

476 4155 483 4161 '
541 4068 627 4131 l9.
669 4068 804 4132 Nam
826 4090 952 4134 eum
977 4076 1153 4135 adhuc
1175 4070 1439 4134 feretrum
1473 4082 1599 4134 cum
1634 4078 1807 4135 sacris
1837 4076 2052 4135 ossibus

464 4168 621 4243 juxta
662 4167 834 4227 altare
867 4177 1012 4227 esset
1042 4168 1305 4241 positum,
1344 4169 1590 4242 quaedam
1615 4169 1818 4226 femina
1842 4170 1910 4225 de
1932 4168 2051 4240 ipso

470 4266 635 4333 pago.
677 4276 798 4331 quas
839 4268 969 4318 ante
1008 4275 1105 4318 sex
1146 4270 1318 4318 annos
1360 4260 1639 4317 oculorum
1682 4259 1863 4315 lumen
1911 4258 2050 4313 amid

470 4354 635 4423 serat,
679 4352 891 4425 rogavit
934 4364 993 4410 se
1033 4348 1160 4410 illuc
1184 4350 1395 4418 adduci,
1426 4353 1653 4409 credens
1679 4350 1783 4407 sibi
1817 4360 1916 4422 per
1940 4358 2053 4405 me-

471 4446 574 4501 rita
624 4452 681 4501 et
725 4445 999 4502 orationes
1038 4444 1212 4502 sancti
1244 4444 1497 4503 Venantii
1534 4441 1824 4499 Dominum
1870 4440 2053 4511 propi-

470 4536 617 4594 tiari.-
678 4536 923 4607 Cumque
976 4536 1240 4609 perducta
1280 4544 1466 4603 esset,
1516 4543 1573 4591 et
1615 4543 1743 4589 ante
1786 4531 2050 4587 feretrum

467 4628 743 4698 prostrata
787 4598 1107 4701 suppliciter
1143 4628 1388 4694 crasset,
1647 4623 1874 4695 recepit.
1922 4622 2051 4679 Post
2074 4598 2131 4660 Ῑ)

470 4717 587 4779 hinc
611 4722 782 4780 altera
805 4723 999 4778 mulier
1024 4712 1195 4777 lilium
1234 4737 1394 4779 suum
1439 4734 1755 4812 sexenngm,
1798 4734 1868 4775 ex
1896 4726 2053 4774 utero

472 4848 779 4983 msg#11111.“
816 4852 1047 4915 necdum
1082 4860 1137 4915 tu
1180 4854 1304 4917 ullis
1354 4848 1510 4917 fastis
1557 4834 1821 4915 natalem.
1848 4858 2054 4928 reperi-

542 4967 809 5069 imgi‘é’mt
837 4996 907 5055 28
932 4996 1212 5069 Septemb.

546 5078 569 5153 ε
610 5064 907 5153 ξρξξισοριιδ
933 5064 1035 5153 fuit
1056 5069 1148 5124 hic
1176 5066 1236 5126 S.
1266 5066 1579 5153 Ye‘nuntius.
1603 5082 1837 5153 martyr;
1850 5066 2049 5153 Piger-

473 5134 742 5223 susabieo
762 5134 864 5223 nec
880 5141 1182 5223 episcopus,
1201 5140 1293 5223 (ιιιί
1313 5138 1583 5196 Camerini
1604 5134 1801 5199 colitur
1818 5136 1882 5194 l8
1903 5134 2050 5206 Maii,

477 5202 739 5268 martyrio
762 5208 883 5265 istic
909 5201 1326 5268 coronatusfin.

545 5277 571 5318 ά
610 5276 666 5332 id
694 5282 776 5334 est
811 5276 922 5336 Soli
946 5297 1040 5337 seu
1070 5279 1284 5337 Solonis
1310 5280 1580 5336 monachi.
1611 5278 1751 5337 Mss.
1772 5312 1843 5322 —
1868 5276 2052 5335 Solen-

474 5342 593 5432 ξισΙῙ
611 5347 1161 5432 marginis-Scriptum
1178 5392 1194 5418 ,
1220 5358 1276 5432 et
1301 5347 1430 5431 celfa
1461 5341 1693 5432 δὼς-σιω
1720 5351 1879 5432 vulgo
1915 5348 2048 5430 dici:

476 5416 584 5476 tur.
634 5416 809 5475 suam
853 5416 908 5476 id
956 5416 1341 5478 monasterium
1387 5418 1445 5473 in
1486 5418 1777 5477 Eistatensi
1814 5416 2049 5475 Himcesi

475 5480 617 5560 apud
644 5488 822 5560 rivum
848 5488 1187 5558 Altmonam,
1228 5509 1260 5560 a
1298 5488 1356 5546 S.
1388 5488 1545 5556 Sola,
1570 5490 1728 5558 Solo,
1761 5491 1890 5560 sive,
1915 5488 2052 5544 Sua-

475 5505 617 5560 apuu
644 5505 822 5545 rivum
848 5505 1187 5558 Attmonam,
1228 5509 1260 5548 a
1298 5505 1356 5546 δ.
1388 5505 1545 5556 bona,
1570 5505 1728 5558 δοιο,
1761 5505 1875 5545 sive
1915 5505 2052 5544 aua-

474 5552 597 5614 l‘one
643 5552 961 5627 fundatore,
1006 5561 1097 5632 qui
1144 5563 1212 5617 10
1237 5558 1491 5632 Deceml).
1522 5560 1753 5632 coliturj;
1796 5558 2053 5616 Fuldensi

473 5632 803 5713 monasterio
836 5616 1137 5713 subiectum
1161 5616 1689 5713 :cuipostliminio,
1716 5616 1837 5687 cum
1867 5646 2053 5713 exem-

474 5702 627 5769 ptu'm
655 5711 833 5767 esset,
865 5698 947 5758 ΒΣ
964 5701 1227 5786 [tabanus
1257 5698 1341 5758 im'
1405 5710 1548 5758 trato
1577 5698 1831 5758 Ludovici
1867 5701 1948 5757 Pii
1976 5701 2054 5755 di-

474 5764 711 5832 plomate
732 5812 748 5832 .
776 5780 1136 5832 recuperavit.
1164 5772 1301 5832 Vide
1326 5717 1664 5832 Eowerum.
1695 5772 1737 5831 l.
1772 5788 1813 5829 ιι
1862 5770 2048 5832 Antia.

521 5771 711 5826 Iomate
732 5812 748 5839 ,
776 5773 1136 5902 rectmvit.
1164 5772 1301 5832 Vide
1326 5771 1664 5841 Browerum,
1695 5772 1737 5831 l.
1772 5788 1813 5829 ιι
1862 5771 2048 5842 Anttq.

521 5839 654 5914 uld.,
685 5856 735 5900 c.
767 5842 855 5901 l5.
1031 5883 1045 5899 ο

2148 1960 2465 2020 benedictus
2501 1961 2553 2013 in
2589 1957 2807 2014 szecula.
2850 1955 3041 2011 Amen.
3085 1944 3211 2007 Haec
3246 1950 3462 2022 quidem
3502 1949 3605 2005 duo
3632 1945 3739 2001 mi-

2150 2053 2336 2110 racula
2367 2068 2485 2122 quae
2526 2051 2684 2105 modo
2715 2046 2897 2112 retuli,
2923 2042 2991 2100 ab
3012 2044 3090 2098 eis
3115 2042 3208 2112 qui
3234 2047 3530 2111 przcsentes
3553 2043 3736 2103 erant,

2151 2155 2206 2203 et
2245 2161 2309 2202 ea
2351 2159 2410 2200 se
2452 2143 2653 2199 vidisse
2692 2139 2873 2195 testati
2918 2143 3062 2202 sunt,
3108 2133 3314 2190 didici:
3363 2137 3558 2187 cmtera
3603 2136 3738 2184 Vero

2150 2258 2271 2315 quae
2310 2241 2611 2310 scripturus
2651 2249 2789 2301 sum,
2818 2233 2932 2303 ipse
2972 2241 3157 2288 coram
3192 2227 3398 2299 positus
3428 2222 3558 2290 vidi,
3604 2216 3738 2293 quia

2149 2353 2217 2396 ex
2250 2337 2330 2392 eis
2363 2334 2455 2405 qui
2491 2332 2558 2388 ad
2592 2327 2942 2403 perferendos
2980 2338 3165 2382 sacros
3190 2321 3402 2378 cineres
3428 2315 3580 2375 missi
3614 2315 3739 2372 fue-

2147 2438 2272 2487 rant
2299 2442 2438 2483 unus
2464 2434 2611 2482 eram
2621 2466 2633 2478 .

2218 2521 2308 2576 20.
2350 2518 2517 2590 igitur
2556 2526 2679 2572 cum
2703 2513 3041 2570 venissemus
3074 2507 3143 2563 ad
3175 2505 3354 2561 locum
3404 2510 3569 2572 quem
3594 2496 3738 2555 Suo-

2148 2608 2345 2670 ienhus
2382 2609 2569 2665 vocari
2608 2620 2771 2679 supra
2812 2603 3063 2667 diximus,
3107 2597 3312 2671 paratis
3338 2594 3589 2651 celeriter
3611 2602 3735 2647 om-

2148 2702 2309 2762 nibus
2349 2716 2469 2775 quae
2510 2700 2579 2755 ad
2619 2697 2991 2755 devectionem
3027 2698 3339 2748 sanctarum
3378 2683 3735 2756 reliquiarum

2150 2774 2460 2853 necessaria
2494 2790 2838 2855 videbantur,
2881 2785 3058 2857 prima
3092 2783 3212 2838 luce
3249 2787 3370 2852 post
3404 2774 3736 2847 cumpletum

2149 2889 2475 2946 matutinum
2517 2880 2776 2948 oiilcium,
2819 2872 3107 2935 celebratis
3147 2888 3215 2929 ex
3250 2882 3401 2927 more
3443 2869 3736 2925 missarum

2149 2981 2465 3047 solemniis,
2529 2988 2653 3033 cum
2706 2972 2913 3044 ingenti
2970 2970 3118 3026 luctu
3161 2983 3225 3023 ac
3266 2972 3502 3047 maerore
3545 2966 3735 3017 eorum

2150 3073 2243 3146 qui
2287 3042 2489 3127 ibidem
2532 3072 2687 3124 erant
2727 3042 3069 3127 remansuri,
3121 3059 3366 3115 sanctum
3412 3042 3562 3110 illum
3608 3043 3731 3107 the-
3773 3079 3790 3097 ο

2151 3178 2372 3222 saurum
2401 3160 2738 3225 sustulimus,
2766 3162 2929 3227 atque
2970 3154 3076 3210 iter
3107 3148 3338 3223 ingressi
3376 3152 3597 3220 pcrtare
3621 3154 3736 3198 cm-

2154 3258 2353 3333 pimus.
2400 3248 2531 3310 Erat
2570 3253 2716 3308 enim
2758 3249 2956 3307 coelum
2997 3252 3159 3319 grave
3198 3242 3430 3299 nubibus
3466 3236 3737 3295 obscuris-

2154 3328 2345 3416 simis,
2411 3354 2466 3405 et
2510 3354 2630 3418 q‘u’m
2684 3343 2794 3400 cito
2835 3342 2890 3397 in
2932 3340 3205 3412 ingentem
3256 3335 3495 3407 pluviam
3537 3328 3735 3418 rescit'i

2152 3408 2395 3513 possent,
2426 3408 2545 3493 nisi.
2567 3435 2621 3491 id
2652 3435 2823 3489 virtus
2855 3408 3036 3487 divina
3071 3426 3188 3513 fieri
3220 3425 3573 3513 prohiberet.’
3598 3408 3737 3476 Nam

2154 3504 2269 3592 tota
2313 3504 2474 3588 nocte
2514 3529 2605 3584 illa
2645 3527 2761 3581 sine
2805 3512 3209 3580 intermissione
3248 3517 3502 3591 pluebat;
3555 3504 3633 3569 ita
3674 3518 3737 3567 ut

2155 3626 2311 3682 nobis
2347 3624 2451 3678 iter
2490 3621 2619 3675 illud
2661 3634 2725 3673 ea
2773 3614 2861 3673 die
2902 3614 3147 3670 inchoari
3186 3626 3347 3683 posse
3391 3606 3614 3665 minime
3655 3603 3737 3658 vi-

2155 3716 2393 3773 deretur.
2443 3710 2553 3768 Sed
2593 3718 2835 3779 superna
2872 3706 3043 3777 gratia
3086 3719 3185 3774 per
3224 3702 3417 3759 merita
3444 3696 3618 3754 sancti
3650 3694 3736 3751 sui

2155 3807 2211 3863 id
2245 3804 2390 3876 quod
2429 3801 2722 3858 timebatur
2760 3800 2919 3869 longe
2960 3795 3118 3851 aliter
3157 3807 3276 3849 esse
3316 3789 3465 3846 fecit.
3513 3787 3652 3842 Nam
3676 3793 3737 3841 ut

2152 3904 2381 3975 pergere
2419 3894 2704 3968 coepimus,
2729 3898 2857 3951 mox
2899 3887 3173 3961 dissipatis
3208 3878 3460 3975 nubibus,
3493 3876 3616 3937 coeli
3646 3893 3738 3935 se-

2153 3968 2364 4051 renitas
2384 3991 2552 4058 venit,
2594 3997 2651 4046 et
2688 4002 2787 4059 per
2807 3987 2951 4041 viam
2984 3980 3083 4039 luti
3107 3995 3299 4053 parum
3330 3968 3606 4034 inventum
3631 3979 3734 4028 est.

2153 4084 2277 4144 ιζίηὶ
2317 4092 2553 4155 quoquq,
2590 4079 2685 4150 qui
2722 4079 2779 4133 in
2820 4084 2932 4132 tam
2973 4088 3166 4145 magna
3209 4080 3266 4127 et
3291 4069 3407 4141 jugi
3441 4064 3649 4155 pluvia,
3676 4070 3738 4118 ut

2153 4192 2219 4234 ea
2265 4152 2425 4232 nocte
2445 4152 2606 4239 ierat,
2646 4184 2895 4227 crescere
2937 4165 3214 4229 solebant,
3254 4168 3394 4233 pene
3440 4152 3575 4212 nihil
3616 4158 3739 4210 ere.

2153 4269 2300 4325 visse
2341 4265 2543 4337 reperti
2589 4271 2734 4321 sunt.
2795 4261 3091 4332 Pergentes
3136 4264 3317 4312 autem
3359 4267 3457 4324 per
3497 4244 3739 4320 singulas

2153 4358 2345 4424 villas,
2383 4356 2560 4413 obviis
2594 4352 2915 4425 populorum
2956 4348 3131 4405 turbis
3172 4342 3595 4414 excipiebantur,
3642 4338 3737 4407 qui

2154 4465 2256 4507 nos
2299 4450 2353 4504 in
2401 4447 2643 4504 dicendis
2683 4445 2931 4500 laudibus
2967 4438 3183 4504 divinis,
3222 4440 3279 4494 et
3310 4435 3365 4490 in
3393 4438 3553 4490 Sacro
3570 4442 3740 4485 onere

2156 4540 2380 4598 ferendo
2421 4554 2531 4594 non
2570 4535 2806 4607 segniter
2840 4530 3186 4600 adjuvahant,
3231 4527 3403 4583 donec
3426 4518 3739 4577 veniremus

2155 4634 2211 4689 in
2250 4632 2430 4688 locum
2471 4629 2561 4701 qui
2605 4634 2830 4683 vocatur
2876 4616 3199 4678 Holzkireha
3228 4617 3274 4683 τ,
3301 4616 3465 4701 situm
3506 4611 3561 4666 in
3602 4608 3735 4664 Ala-

2151 4720 2405 4791 mannia;
2448 4719 2540 4776 ubi
2580 4722 2904 4790 congregata
2944 4711 3181 4768 maxima
3222 4696 3572 4764 multitudine
3609 4715 3739 4771 pro-

2227 4866 2251 4893 ο
2288 4849 2556 4914 Bolland.,
2583 4844 2833 4903 Sualavel
2853 4843 3203 4914 dominofupt.
3234 4834 3373 4890 Man.
3392 4824 3735 4914 fﬁrqwero

2155 4900 2556 4980 suamne:
2583 4900 2636 4970 in
2669 4916 2793 4971 Vita
2820 4922 3020 4970 sanctae
3054 4909 3212 4980 Scite,
3240 4902 3510 4980 pagus‘vei
3546 4900 3736 4956 domus

2155 4968 2393 5055 sirit};
2404 4968 2483 5043 "iii
2494 4968 2793 5057 diplomate
2824 4968 3084 5057 Ludovici
3112 4968 3543 5057 ΡὶἱξβτᾶιιρξῙ-(ἰιάιΔ
3562 4987 3736 5057 pagus

2149 5040 2312 5135 {uitta
2327 5040 2832 5135 fiuviumfAltmule,
2860 5054 2945 5109 cui
2967 5052 3131 5107 etiam
3153 5040 3735 5135 adjacentpystadiqm

2152 5116 2211 5192 et
2229 5116 2693 5201 Papenheimium,
2724 5140 2756 5180 a
2784 5116 2890 5201 quo
2915 5139 3021 5179 non
3047 5116 3735 5201 proculfdis‘t‘atIILnonaste:

2152 5180 2817 5260 rittiririia-idenh—eimense'
2831 5237 2847 5261 ,
2870 5196 2924 5249 in
2952 5180 3064 5263 quo
3084 5191 3219 5246 obiit
3247 5187 3305 5242 S.
3336 5181 3647 5251 Walburgis
3677 5180 3741 5237 in

2148 5284 2288 5347 pago
2300 5271 2477 5347 etiam
2500 5267 2884 5347 Sttalefeldicoz
2895 5263 3072 5347 post.

2218 5284 2287 5381 ᾳο
2311 5284 2477 5327 etiam
2500 5284 2884 5351 bttaletetmoo.’
2908 5284 3072 5345 ptum.

2269 5341 2579 5397 Monastern
2599 5351 2819 5399 nomen,
2841 5343 2929 5389 siti
2952 5339 3091 5386 inter
3110 5330 3348 5399 Moenum
3369 5333 3426 5399 et
3439 5322 3731 5399 Tuberqm,

2148 5414 2206 5471 in
2239 5388 3254 5471 hodierno-comitatuiWerthaimensi,
3284 5398 3355 5471 ad
3375 5394 3595 5471 fluvium

2152 5458 2837 5551 Eiarié“,"ri66d'i§iiiii§risr
2854 5458 3196 5551 monasterio
3219 5458 3479 5551 subjecit
3504 5458 3732 5551 (ἐφ’ῳὲ

2154 5529 2425 5625 iugatis:
2433 5529 2494 5625 in
2506 5529 2673 5625 cuius
2684 5529 2692 5531 Ὗ
2704 5529 2899 5625 litteris
2940 5529 3730 5625 monasterium'iiolta‘lztirich:

2154 5602 2491 5682 δυνᾷᾖῆρῆ
2516 5602 2655 5691 εἰξιί
2679 5654 2693 5680 ,
2748 5631 2778 5670 a
2827 5614 3078 5691 Troando
3114 5609 3365 5691 principe
3391 5602 3733 5691 .mdificaagtrlln

2155 5666 2890 5760 Eiéuiﬁ'iﬁua'sgbtggma
2910 5666 3161 5760 ngat}.
3185 5666 3581 5760 Antiquitatgun

2155 5737 2604 5826 ἕὲᾟέἰὶἰὲιιῖνεεῐρῗ
2617 5737 2674 5810 '5'.
2693 5737 3148 5811 ‘niaizvms
3174 5737 3423 5808 versibus
3450 5741 3586 5801 illud
3606 5737 3732 5795 illu-

2156 5835 2349 5891 stravit
2375 5833 2436 5889 Β.
2465 5828 2739 5884 Rabanus.
2777 5826 2941 5883 Bon.
