4016 6498
339 462 411 517 55
814 492 821 503 -
1440 464 1446 469 ’
1719 462 2250 524 PROLEGOMENA.
3522 474 3587 531 54

338 573 532 630 miscui
575 581 740 629 sexus
780 582 835 628 et
876 576 1053 631 aetatis
1075 590 1197 631 cum
1224 576 1424 648 ingenti
1455 578 1638 633 laetitia
1680 581 1915 651 suscepti
1939 587 2260 647 Amatrona
2303 583 2523 653 nobilis,
2569 585 2752 644 audito
2794 590 2935 661 quod
2979 606 3075 662 per
3118 593 3394 664 regionem
3443 594 3586 649 illam

338 682 544 723 sumus.
590 666 723 722 Erat
749 676 929 723 autem
961 669 1034 724 ibi
1060 670 1358 725 oratorium
1380 687 1486 727 non
1522 673 1746 742 grande,
1772 674 1917 743 quod

336 758 544 815 intrare
582 772 649 813 ae
684 756 946 814 feretrum
990 758 1193 816 inferre
1232 761 1497 829 voientes;
1537 764 1650 833 prm
1676 763 1916 819 multitu-

337 852 466 906 dine
497 850 776 907 turbarum
818 868 939 923 quae
975 854 1240 925 prmibant
1280 862 1335 910 et
1369 869 1491 925 quae
1531 859 1911 927 sequebanmr,

337 942 557 997 minime
596 943 910 1013 potuimus;
958 959 1023 999 ac
1063 959 1160 1014 per
1201 946 1306 1002 hoc
1346 947 1448 1001 sub
1491 948 1647 1015 divo,
1694 949 1751 1003 in
1795 949 1914 1005 loco

337 1033 565 1089 editiore
605 1034 763 1089 altari
796 1044 1001 1101 erecto,
1031 1050 1094 1091 ac
1135 1035 1336 1093 feretro
1362 1036 1515 1107 juxta
1557 1038 1687 1093 illud
1713 1039 1911 1109 posito,

333 1138 523 1180 rursus
560 1124 850 1180 missarum
888 1125 1149 1181 solemnia
1191 1126 1583 1183 celebravimus
1609 1145 1622 1182 :
1652 1128 1743 1183 ubi
1771 1129 1915 1184 inter

334 1214 717 1271 celebrandum
756 1198 876 1272 dum
917 1216 1174 1272 mulieres
1198 1217 1479 1287 spiritibus
1503 1218 1793 1275 immundis
1817 1221 1914 1275 ob-

331 1320 500 1362 sessa:
519 1306 711 1362 vexari
737 1316 1042 1378 cmperunt,
1065 1318 1121 1363 et
1160 1323 1283 1364 mox
1310 1323 1407 1379 per
1430 1310 1685 1366 virtutem
1710 1311 1911 1367 Christi

331 1411 396 1452 ac
442 1397 635 1453 merita
675 1399 851 1455 sancti
879 1398 1154 1466 Venautii,
1194 1399 1392 1472 fugatis
1432 1401 1783 1465 daemonibus,
1830 1402 1912 1456 in-

330 1494 677 1564 tegerrimam
710 1494 911 1550 mentis
951 1502 1008 1551 et
1043 1494 1286 1566 corporis
1324 1502 1643 1552 meruerunt
1667 1495 1911 1567 recipere

329 1586 638 1642 sanitatem.
1850 1602 1851 1605 η

398 1678 486 1733 Si.
526 1679 755 1751 Expleta
794 1680 976 1737 autem
1017 1682 1306 1738 missarum
1349 1680 1743 1749 celebratione,
1785 1697 1908 1737 cum

326 1772 555 1843 populus
597 1773 667 1828 ad
704 1787 803 1829 sua
846 1776 1196 1841 revertisset,
1245 1778 1542 1832 oratorium
1589 1777 1732 1846 quod
1770 1776 1906 1831 vici-

323 1879 456 1920 num
497 1874 638 1932 erat,
682 1874 900 1923 sanctos
944 1862 1156 1924 cineres
1200 1868 1497 1934 intulimus,
1544 1876 1607 1925 a'c
1650 1869 1907 1925 feretrum

2018 674 2189 728 sancti
2229 668 2324 729 D‘e’i
2369 677 2608 747 reliquiae
2643 678 2967 737 veherentur
2990 682 3129 755 (erat
3152 678 3297 739 enim
3323 683 3378 739 in
3403 686 3489 740 via
3519 688 3587 743 a‘d

2016 764 2179 819 alium
2232 769 2516 837 quemdam
2570 771 2746 828 locum
2799 773 2879 829 ire
2918 773 3145 850 volens)
3172 818 3185 843 ,
3251 776 3437 834 relicto
3480 794 3588 849 quo

2017 856 2273 913 tendebat
2308 856 2521 929 itinere,
2546 864 2759 919 obviam
2796 866 2952 921 nobis
2990 868 3317 938 properavit,
3342 868 3589 926 fibulam-

2014 961 2119 1015 que
2140 958 2291 1004 suam
2316 965 2559 1019 auream,
2585 970 2747 1024 quam
2767 955 2949 1029 lingua
2969 955 3300 1015 Francorum
3327 976 3588 1032 spangam

2013 1046 2235 1106 vocant,
2278 1041 2334 1095 in
2380 1042 2495 1112 ipso
2540 1047 2771 1102 transitu
2808 1048 3058 1118 perdidit.
3109 1050 3280 1118 Quam
3326 1054 3466 1107 cum‘
3496 1052 3588 1107 diu

2012 1142 2135 1181 cum
2175 1130 2320 1185 omni
2364 1133 2622 1188 comitatu
2665 1151 2799 1203 suo,
2846 1140 2937 1208 Qui
2982 1150 3100 1195 erat
3142 1157 3248 1197 non
3294 1132 3575 1210 modicus,

2011 1230 2298 1289 quaereret,
2343 1231 2397 1278 et
2439 1225 2660 1281 minime
2702 1231 2997 1299 reperiret,
3044 1242 3280 1303 emptum
3326 1236 3429 1290 iter
3467 1250 3588 1291 ear-

2010 1313 2191 1382 pebat,
2219 1314 2442 1370 dicens:
2486 1316 2543 1372 Si
2586 1320 2817 1376 Domino
2854 1332 3040 1378 nostro
3077 1322 3204 1380 Jesu
3227 1324 3444 1382 Christo
3472 1327 3587 1397 pla-

2012 1411 2118 1469 cet,
2161 1403 2314 1474 cujus
2358 1400 2531 1463 sancti
2569 1409 2756 1466 famuli
2799 1413 3043 1483 reliquiis
3082 1416 3306 1485 supplex
3349 1419 3583 1485 occurri,

1990 1494 2171 1552 'ﬁbuia
2212 1514 2372 1567 quam
2399 1500 2606 1570 perdidi
2649 1500 2808 1559 faeile
2831 1512 2913 1559 est
2936 1513 2999 1559 ut
3034 1520 3064 1560 a
3097 1507 3336 1576 quolibet
3370 1508 3586 1564 inventa

2009 1586 2144 1641 mihi
2182 1589 2517 1645 restituatur.
2567 1588 2727 1648 Venit
2764 1608 2911 1665 ergo,
2958 1598 3011 1649 et
3045 1596 3283 1651 adoratis
3319 1598 3584 1668 reliquiis,

2009 1677 2315 1750 oblatisque
2351 1682 2665 1740 muneribus
2711 1689 2833 1740 cum
2869 1687 3086 1751 rediret,
3117 1687 3356 1744 occurrit
3384 1690 3434 1745 ei
3463 1692 3584 1761 qui-

2010 1768 2135 1823 dam
2173 1771 2338 1827 homo
2376 1772 2608 1844 ignotus,
2634 1777 2881 1831 eamdem
2903 1775 3123 1831 fibulam
3161 1793 3272 1848 prae
3310 1784 3369 1835 Se
3408 1779 3589 1836 ferens

2010 1861 2066 1915 in
2102 1876 2304 1917 manu:
2349 1878 2511 1933 quam
2551 1866 2671 1919 enm
2717 1866 2806 1920 illa
2843 1876 2994 1921 suam
3036 1866 3153 1924 fore
3192 1869 3450 1925 dixisset:
3482 1871 3589 1926 Re-

323 1968 467 2025 poue
510 1957 686 2013 altare
727 1959 1037 2028 posuimus;
1084 1960 1349 2015 ordinatis
1393 1961 1484 2030 qui
1528 1961 1602 2016 ibi
1647 1961 1905 2016 excubias
1930 1958 1979 2019 B
2008 1956 2145 2027 cipe,
2191 1958 2385 2028 inquit,
2431 1961 2559 2029 quia
2596 1976 2693 2030 per
2732 1961 3006 2017 orationes
3052 1964 3245 2028 sancti,
3273 1962 3431 2034 cujus
3463 1964 3588 2020 reli-

324 2047 624 2114 dueerent,
670 2055 832 2119 atque
874 2050 1066 2105 divinis
1104 2044 1354 2105 laudibus
1398 2051 1644 2107 dicendis
1686 2064 1909 2121 operam

325 2138 553 2203 darent,
602 2138 704 2209 ipsi
745 2154 846 2196 nos
885 2140 940 2195 in
982 2140 1276 2212 hospitium
1314 2142 1640 2212 recepimus.
1689 2141 1750 2197 In
1794 2141 1911 2213 ipsa

320 2237 505 2284 autem
550 2238 752 2297 nocte,
816 2242 940 2287 cum
994 2232 1060 2287 ad
1115 2240 1412 2290 nocturnas
1452 2234 1665 2304 Vigilias
1716 2234 1910 2292 divina:

317 2319 507 2381 laudes
528 2324 862 2394 dicerentur,
888 2329 1133 2399 quaedam
1160 2328 1358 2387 mdlier
1394 2330 1564 2399 muta,
1593 2344 1693 2403 per
1713 2328 1910 2389 merita

316 2412 496 2471 sancti
535 2415 792 2489 martyris
818 2458 834 2484 ,
878 2418 1054 2475 soluto
1092 2419 1288 2492 linguae
1329 2421 1548 2479 vinculo
1572 2464 1587 2489 ,
1636 2421 1909 2495 loquelam

317 2506 541 2579 recepit.
593 2507 704 2563 Nec
745 2509 919 2566 multo
956 2516 1079 2582 post
1125 2512 1297 2568 altera
1337 2514 1533 2570 mulier
1575 2512 1771 2585 spiritu
1800 2515 1907 2571 im-

315 2601 519 2658 mundo
561 2602 831 2672 possessa,
877 2608 940 2662 er
979 2604 1262 2663 brachium
1297 2607 1506 2685 habens
1543 2606 1776 2677 aridum,
1809 2622 1909 2680 per

317 2688 591 2749 orationes
636 2692 809 2752 sancti
852 2693 1110 2770 martyris
1150 2697 1327 2770 ejecto
1368 2692 1633 2757 daamonio
1676 2701 1753 2756 ita
1784 2704 1908 2773 per-

316 2782 461 2841 fecte
500 2786 735 2857 corpore
772 2798 829 2844 et
865 2792 1047 2846 mente
1092 2799 1284 2846 sanata
1324 2800 1428 2857 est,
1466 2799 1527 2847 ut
1555 2792 1642 2850 die
1668 2793 1908 2850 crastina

319 2873 579 2933 l'érett'unt
624 2878 749 2935 cum
796 2876 1012 2937 caeteris
1054 2880 1171 2955 ipsa
1212 2888 1474 2954 portaret.
1530 2882 1685 2940 Mane
1725 2894 1906 2941 autem

317 2964 470 3024 faeto
510 2972 629 3024 cum
673 2970 969 3028 mis‘sarii'm
1007 2973 1266 3029 solemnia
1312 2970 1621 3046 agerentur,
1659 2970 1906 3045 quaedam

316 3060 532 3132 mulier,
578 3064 697 3134 quat
744 3062 923 3125 ti‘iiius
967 3062 1133 3126 semis
1179 3068 1337 3127 annis
1380 3087 1523 3128 cmea
1564 3070 1776 3137 fuerat,
1821 3054 1903 3127 vi-

314 3150 439 3209 sum
475 3150 698 3228 recepit.
756 3152 825 3215 Et
871 3154 1040 3217 altera
1066 3203 1082 3227 ,
1139 3156 1391 3219 dcimam
1440 3168 1661 3220 manum
1700 3156 1906 3221 habens

315 3243 570 3312 debilem,
598 3261 695 3320 per
726 3247 927 3307 merita
962 3248 1139 3309 sancti
1179 3250 1470 3310 cbnsecuta
1508 3260 1595 3310 est
1634 3253 1903 3326 integram

316 3338 628 3399 sanitatem.

386 3427 478 3484 22.
518 3422 653 3490 (ium
697 3436 879 3490 autem
922 3434 1051 3491 inde
1088 3434 1409 3506 promovere
1444 3426 1811 3509 parassemus,
1848 3443 1904 3492 et

316 3519 375 3576 in
421 3522 539 3594 ipso
584 3525 938 3597 praestionis
980 3532 1183 3586 nostra;
1228 3528 1457 3587 articulo
1508 3528 1825 3587 solemniter
1871 3545 1904 3586 a

315 3615 603 3672 sacerdote
652 3614 926 3675 diceretur
964 3622 1140 3676 oratio
1162 3664 1177 3690 ,
1239 3626 1383 3678 unus
1433 3636 1501 3680 ex
1551 3621 1763 3680 clericis
1809 3620 1902 3694 qui

316 3705 611 3762 nobiscum
627 3718 804 3777 erant,
830 3711 1049 3767 nomine
1071 3707 1279 3780 Otheri,
1319 3714 1404 3770 cui
1435 3712 1902 3786 suscipiendorum

315 3813 607 3856 munerum
630 3808 752 3872 quae
779 3814 808 3856 a
832 3804 1028 3874 pOpulo
1048 3803 1416 3863 on‘erebantur
1441 3823 1570 3864 cura
1609 3807 1903 3866 commissa

315 3888 536 3958 fuerat,
594 3888 807 3965 partem
853 3890 1145 3965 quamdam
1189 3895 1365 3954 allatae
1407 3900 1648 3969 peCuniae
1692 3892 1904 3957 furatus

317 3981 455 4056 [Ai.,
482 3982 784 4059 fraudans];
826 3988 1007 4046 subito
1044 3989 1259 4058 cecidit,
1302 3996 1357 4047 et
1398 3992 1451 4046 in
1496 3999 1788 4063 conspectu
1821 4000 1905 4047 to-

319 4076 430 4130 tius
471 4070 849 4147 multitudinis,
884 4072 1005 4150 quae
1043 4074 1455 4140 innumerabilis
1496 4084 1732 4155 undique
1774 4082 1905 4142 con-

318 4168 579 4239 fluxerat,
621 4172 834 4243 spiritui
872 4175 1103 4233 traditus
1144 4178 1442 4246 immundo,
1479 4179 1669 4236 Vexari
1705 4181 1902 4250 cmpit,

318 4272 376 4317 et
420 4276 656 4334 eousque
697 4279 729 4319 a
767 4262 1033 4322 daemonio
1066 4260 1351 4337 possessus
1390 4268 1494 4337 est,
1540 4258 1713 4325 donec
1739 4285 1771 4324 a
1797 4270 1905 4325 cir-

319 4354 716 4410 cumstantibus
749 4355 913 4411 aliata
943 4359 1192 4430 pecunia,
1220 4372 1385 4431 quam
1420 4360 1479 4414 in
1515 4372 1650 4415 zona
1677 4360 1904 4416 abscon-

319 4441 497 4511 derat,
538 4458 636 4514 per
675 4446 871 4503 merita
913 4455 969 4505 et
1007 4440 1282 4508 orationes
1320 4452 1495 4508 sancti
1520 4442 1617 4508 Dei
1645 4442 1902 4522 mart'yris

320 4545 434 4591 tam
476 4536 712 4606 perfecte
754 4546 981 4599 curatus
1014 4552 1121 4613 est,-
1159 4551 1222 4599 ut
1264 4544 1339 4600 ab'
1370 4545 1560 4601 eodem
1600 4545 1719 4600 loco
1756 4544 1907 4599 inco-

321 4628 486 4683 lumis
528 4644 653 4685 cum
694 4622 853 4688 laud'e
892 4622 989 4690 Dei
1031 4644 1097 4691 ac
1132 4626 1346 4707 publica
1393 4632 1613 4693 sceleris
1657 4630 1741 4693 sui
1774 4651 1904 4692 eon-

321 4718 561 4776 fessione
581 4721 838 4779 feretrum
863 4726 1235 4793 comitaretur,
1251 4728 1423 4783 donec
1443 4728 1564 4783 loco
1583 4741 1681 4784 suo
1703 4736 1904 4785 sanctae

321 4814 568 4884 reliquiae
624 4818 1002 4874 conderentur.
1070 4817 1256 4888 Neque
1303 4819 1448 4874 enim
1502 4818 1659 4890 prius
1701 4819 1904 4889 aliquid

320 4906 696 4977 hujuscemodi
738 4908 963 4964 insanire
1003 4910 1070 4965 ab
1110 4908 1339 4965 infantia
1375 4926 1549 4981 usque
1584 4911 1653 4966 ad
1692 4918 1903 4983 tempus

320 4996 453 5053 iilud
489 4990 545 5053 iii
580 5008 648 5054 eo
678 5000 919 5055 auditum
952 5008 1044 5057 aut
1069 5003 1241 5058 visum
1276 5000 1364 5059 est
1386 5004 1407 5058 :'
1443 5004 1539 5060 sed
1566 5018 1667 5059 nec
1690 5004 1901 5076 postea,

294 5088 565 5157 .qnahdiu
604 5080 773 5155 vixit,
816 5092 1055 5162 potestas
1098 5092 1153 5147 in
1196 5088 1320 5148 eum
1359 5094 1483 5149 data
1529 5102 1613 5149 est
1656 5086 1899 5151 inimico.

322 5177 493 5249 igitur
531 5179 658 5235 inde
696 5180 925 5252 profecti
960 5182 1208 5239 venimus
1235 5185 1290 5238 in
1311 5184 1491 5239 villam
1528 5197 1651 5255 quae
1677 5192 1905 5240 vocatur

325 5267 770 5344 Truthmuntiga,
799 5274 889 5328 ubi
921 5273 1078 5344 juxta
1117 5270 1303 5330 sacros
1338 5275 1551 5331 cineres
1587 5268 1642 5331 in
1673 5276 1905 5333 ecclesia

323 5360 555 5432 positos,
580 5368 814 5432 quatuor
845 5364 1100 5421 mulieres
1134 5366 1189 5421 in
1234 5366 1350 5437 ipsa
1387 5372 1549 5423 noete
1577 5365 1645 5422 ab
1672 5366 1907 5424 immun-

325 5448 409 5507 dis
435 5451 719 5522 spiritibus
743 5452 983 5510 liberatae
1007 5462 1152 5511 sunt.

395 5543 492 5600 25.
530 5543 643 5601 Nec
677 5545 1114 5617 praetereundum
1154 5547 1390 5603 arbitror
1423 5550 1551 5603 esse
1582 5547 1907 5605 miraculum

327 5634 475 5707 quod
509 5636 716 5710 merito
740 5636 867 5691 huic
905 5643 1094 5692 saneto
1115 5635 1215 5693 Dei
1244 5636 1552 5694 ascribitur.
1594 5636 1736 5695 Ante
1760 5639 1908 5696 enim

325 5739 497 5801 quam
540 5728 610 5784 ad
649 5730 963 5801 praedictam
994 5726 1174 5784 villam
1211 5728 1427 5788 ventum
1468 5732 1634 5798 esset,
1660 5734 1910 5804 quadam

331 5854 428 5974 his
449 5838 617 5900 Hoeni
634 5842 857 5915 scilicet,
879 5842 950 5902 ad
968 5857 1132 5916 quem
1151 5841 1315 5901 situm
1336 5843 1480 5904 istud
1498 5846 1908 5905 monasterium.

394 5934 472 5974 ω.

394 5934 472 5976 AB.

1929 3321 1977 3386 C

1926 4688 1982 4750 D

2011 2050 2167 2120 quias
2186 2061 2444 2108 venerata
2483 2068 2565 2120 es,
2593 2055 2801 2110 reddita
2825 2056 3048 2111 esttibi.
3089 2057 3265 2127 Atque
3293 2058 3369 2113 ita
3395 2059 3591 2115 mulier

2010 2150 2232 2212 accepto
2258 2145 2403 2213 quod
2427 2158 2587 2201 suum
2619 2154 2760 2213 erat,
2797 2146 2993 2203 itinere
3032 2163 3130 2204 suo
3167 2152 3448 2221 pergebat,
3476 2151 3589 2208 lau-

2010 2233 2144 2288 dans
2170 2241 2224 2289 et
2248 2234 2578 2291 benedicens
2604 2237 2795 2293 Deum.

2078 2323 2170 2379 24.
2208 2324 2398 2380 Altera
2427 2333 2610 2383 autem
2641 2328 2729 2384 die
2758 2329 3043 2399 celebratis
3066 2332 3242 2403 primo
3268 2347 3429 2388 mane
3458 2334 3587 2389 mis-

2008 2430 2195 2473 sarum
2232 2416 2510 2474 solemniis
2534 2458 2550 2486 ,
2605 2434 2729 2476 cum
2775 2422 2978 2479 sanctis
3021 2424 3294 2479 cineribus
3346 2425 3451 2478 iter
3498 2425 3585 2479 in-

2008 2508 2201 2580 gressi,
2244 2509 2494 2566 venimus
2530 2511 2585 2566 in
2628 2511 2805 2568 locum
2849 2515 2942 2585 qui
2991 2524 3215 2570 vocatur
3251 2515 3585 2580 Hassarodt,

1964 2652 1967 2656 .
2008 2600 2068 2657 in
2109 2617 2219 2672 quo
2259 2605 2648 2660 monasterium
2686 2613 2769 2661 est
2809 2607 3219 2675 monachorum,
3265 2608 3357 2677 qui
3382 2607 3588 2678 egressi

2008 2712 2135 2754 cum
2174 2698 2426 2755 crucibus
2459 2706 2517 2755 et
2552 2700 2731 2770 capsis
2769 2705 3079 2760 sanctorum
3120 2700 3376 2771 reliquias
3415 2702 3592 2756 conti-

2007 2792 2286 2860 nentibus,
2330 2792 2540 2849 divinas
2582 2792 2769 2849 laudes
2811 2794 3177 2859 concinentes,
3203 2808 3269 2848 ex
3292 2792 3382 2849 illa
3414 2791 3586 2868 [Leg.,

2010 2880 2139 2953 alia]
2181 2889 2334 2953 parte
2372 2881 2612 2939 fluminis
2635 2895 2663 2925 ι
2689 2884 2981 2939 adventum
3020 2892 3267 2940 nostrum
3309 2891 3592 2955 exspecta-

2006 2975 2158 3031 bant.
2208 2974 2319 3031 Nos
2358 2989 2489 3032 vero
2530 2990 2655 3031 cum
2692 2975 3032 3033 venissemus
3065 2976 3135 3031 ad
3163 2983 3383 3047 pontem
3416 2974 3593 3029 ﬂumi-

2006 3068 2115 3135 nis,
2139 3072 2363 3137 propter
2390 3067 2789 3123 multitudinem
2812 3072 2932 3138 qua:
2963 3067 3032 3121 ab
3055 3066 3374 3121 Ala‘mannia
3403 3065 3587 3121 nobis-

2010 3175 2135 3217 cum
2157 3168 2380 3216 venerat
2416 3168 2473 3217 et
2508 3161 2623 3231 jam
2650 3161 2828 3216 redire
2867 3160 3082 3216 volebat
3104 3168 3164 3215 ut
3191 3159 3382 3214 arandi
3408 3159 3586 3213 locum

2008 3254 2238 3310 haberet
2261 3294 2278 3320 ,
2339 3260 2633 3325 parumper
2669 3253 3032 3310 constitimus.
3096 3253 3156 3307 in
3201 3266 3309 3321 quo
3358 3251 3476 3306 loco
3519 3264 3588 3306 ex

2005 3345 2206 3402 accolis
2247 3345 2486 3416 regionis
2527 3345 2671 3404 illius
2722 3349 2831 3401 non
2869 3345 3091 3400 minima
3148 3356 3275 3413 pars
3322 3341 3504 3413 populi
3560 3355 3592 3395 e

2006 3436 2223 3493 diverso
2262 3436 2418 3492 nobis
2459 3437 2717 3503 occurrit,
2747 3437 2889 3490 inter
2920 3446 3057 3505 quos
3097 3432 3299 3489 femina
3336 3434 3587 3503 quaedam

2003 3526 2177 3583 vellus
2215 3526 2354 3582 lana:
2394 3526 2598 3593 ferens,
2640 3541 2763 3583 cum
2808 3526 2875 3581 ad
2916 3525 3177 3582 feretrum
3217 3540 3415 3580 munus
3442 3525 3593 3579 obla-

2005 3625 2130 3675 tura
2169 3618 2521 3685 extenderet,
2563 3618 2686 3673 lana
2725 3633 2890 3689 quam
2928 3616 3179 3682 tenebat,
3225 3615 3372 3672 velut
3412 3616 3591 3671 fumus

2006 3711 2248 3769 evanuit.
2296 3711 2451 3779 Quod
2481 3724 2605 3767 cum
2628 3711 2857 3767 vidisset
2879 3710 2992 3776 illa,
3032 3722 3236 3782 pavens
3264 3723 3329 3763 ac
3352 3717 3590 3763 tremens

2007 3805 2177 3875 cuspit
2218 3816 2463 3874 quaerere
2500 3803 2911 3874 presbyterum,
2958 3803 3045 3857 cui
3084 3804 3432 3871 peccatorum
3466 3813 3593 3854 suo-

2007 3898 2133 3951 rum
2175 3892 2576 3951 confessionem
2613 3893 2789 3957 daret,
2834 3890 3227 3960 consiliumque
3260 3903 3371 3944 suae
3397 3888 3592 3946 salutis

2007 3986 2299 4056 acciperet.
2342 3985 2681 4056 interrogata
2726 3990 2909 4038 autem
2951 3982 2997 4039 si
3039 3982 3163 4036 lana
3209 3995 3329 4051 qua:
3370 3980 3436 4036 de
3474 3996 3591 4036 ma-

2004 4077 2168 4136 nibus
2211 4076 2329 4147 ejus
2369 4076 2589 4133 evanuit
2627 4082 2773 4133 eSSet
2814 4073 3034 4140 furtiva,
3078 4072 3325 4129 confessa
3362 4080 3447 4128 est
3480 4086 3590 4126 non

2006 4170 2041 4224 ὰ
2077 4182 2141 4224 se
2180 4167 2437 4235 furatum,
2466 4168 2561 4224 sed
2597 4180 2632 4221 a
2670 4166 2905 4237 quadam
2948 4165 3095 4221 socia
3140 4179 3241 4219 sua
3280 4162 3385 4219 sibi
3423 4160 3590 4216 fuisse

2006 4260 2279 4319 donatam.
2329 4260 2572 4332 Cumque
2612 4262 2701 4316 res
2744 4258 2991 4330 diligenti
3032 4255 3380 4327 inquisitione
3418 4252 3586 4307 vesti-

2006 4354 2248 4427 garetur,
2276 4355 2551 4411 inventum
2594 4361 2679 4410 est
2721 4352 2865 4423 quod
2900 4352 3018 4406 ovis
3056 4365 3087 4403 a
3123 4363 3231 4419 qua
3263 4345 3433 4403 vellus
3459 4344 3590 4400 illud

2003 4444 2281 4518 {sumptum
2303 4455 2446 4512 erat,
2488 4444 2710 4516 proprio
2749 4440 3047 4515 possessori
3072 4432 3192 4496 erat
3230 4436 3421 4492 fraude
3464 4438 3589 4491 sub-

2004 4537 2134 4594 lata.
2181 4538 2261 4594 ibi
2299 4537 2516 4608 quidem
2561 4537 2721 4592 turba
2767 4534 2878 4601 illa,
2924 4548 3045 4604 quae
3088 4546 3207 4599 nos,
3233 4538 3295 4586 ut
3333 4529 3588 4594 diximus,

2007 4634 2079 4690 ab
2102 4633 2421 4689 Alamannia
2444 4641 2731 4703 prosecuta
2753 4640 2856 4697 est,
2884 4630 3122 4685 adoratis
3146 4635 3309 4695 atque
3333 4625 3591 4681 osculatis

2008 4727 2180 4783 sacris
2219 4725 2484 4796 reliquiis,
2527 4726 2745 4781 domum
2784 4735 3000 4778 reversa
3039 4728 3140 4774 est.
3186 4714 3434 4774 Monachi
3460 4731 3590 4771 vero

2007 4816 2100 4887 qui
2123 4830 2225 4870 nos
2249 4814 2498 4869 in'aitera
2521 4813 2757 4869 ﬂuminis
2790 4812 2908 4883 ripa
2932 4809 3373 4883 opperiebatur,
3403 4815 3460 4863 et
3484 4806 3589 4860 alia

2007 4906 2296 4964 multitudo
2330 4921 2449 4977 quae
2486 4905 2642 4963 nobis
2680 4904 2756 4960 ibi
2792 4904 3050 4971 occurrit,
3073 4901 3314 4958 comitati
3339 4906 3468 4956 sunt
3494 4912 3592 4952 nos

2006 5004 2139 5059 cum
2174 5000 2370 5056 divinis
2404 4998 2655 5056 laudibus
2694 5004 2867 5070 usque
2904 4998 2973 5051 ad
3010 5006 3133 5052 eum
3174 4995 3372 5056 locum,
3402 4991 3455 5045 in
3484 5004 3591 5060 quo

2007 5090 2177 5150 simili
2220 5086 2381 5148 modo
2424 5090 2492 5146 ab
2532 5089 2655 5146 aliis
2691 5082 3104 5146 occurrentibus
3145 5082 3587 5154 excipiebamur:

2007 5202 2131 5258 quae
2165 5194 2296 5242 tunc
2327 5184 2600 5251 similiter,
2636 5193 2698 5240 ut
2729 5185 2900 5256 prior,
2924 5180 3070 5237 facta
3102 5177 3370 5244 oratione,
3397 5176 3467 5231 ad
3493 5190 3592 5231 sua

1988 5266 2239 5334 reversa
2268 5272 2371 5333 est.
2431 5274 2547 5332 Hoc
2587 5277 2748 5333 modo
2791 5290 2890 5345 per
2932 5266 3171 5342 singulos
3207 5267 3325 5325 dies
3364 5284 3396 5323 a
3434 5279 3594 5322 mane

2007 5383 2186 5439 usque
2208 5368 2276 5423 ad
2299 5381 2582 5437 vesperam
2603 5364 2986 5423 comitantibus
3005 5377 3126 5431 nos,
3140 5370 3197 5417 et
3207 5359 3375 5432 Κριτία
3397 5358 3594 5415 εἰσίεοη

2010 5461 2362 5517 eautantibus
2401 5458 2721 5531 populorum
2760 5455 2954 5524 turbis,
2991 5469 3117 5511 cum
3154 5451 3362 5525 ingenti
3395 5450 3593 5524 gaudio

2011 5554 2417 5626 gradiebamur.

2086 5642 2177 5699 25.
2219 5640 2353 5700 Cum
2396 5651 2577 5699 autem
2624 5632 3208 5712 appropinquassemus
3248 5628 3428 5719 villae,
3476 5647 3595 5704 qua:

2014 5728 2245 5794 vocatur
2280 5734 2685 5804 Hamalunburg
2704 5734 2756 5800 ι),
2780 5732 2884 5789 sita
2923 5747 3086 5804 super
3124 5728 3354 5787 ﬂuvium
3374 5724 3595 5783 nomine

2088 5853 2119 5893 ι’
2134 5852 2304 5908 Hodie
2326 5850 2604 5917 Amelburg
2623 5849 2877 5919 oppidum
2899 5848 2965 5902 ad
2988 5846 3189 5919 salem.
3216 5837 3592 5919 Mam—Aliis,

2020 5922 2347 5996 Hamelburg
2372 5961 2387 5992 ,
2423 5909 2615 5980 notuit
2643 5909 2747 5982 Βόα
2782 5933 2896 5981 εθγο
2931 5916 3218 5992 oppidum,
3258 5911 3413 5985 cuius
3450 5909 3593 5984 Cives

3143 6060 3181 6086 Ι...ιὶ
