4016 6484
491 430 562 488 65
1641 430 1733 485 AD
1770 427 1997 486 OPERA
2034 431 2097 487 Β.
2138 432 2390 490 RABANI
2427 430 2646 492 MAURI
3674 435 3749 494 56

494 548 615 606 Sala
643 588 660 614 ,
702 561 822 618 qua:
863 544 964 602 fuit
1001 545 1272 617 quondam
1312 543 1474 602 ﬁscus
1512 545 1694 617 regius
1718 585 1733 612 ,
1778 547 1948 604 donec
1992 563 2060 604 ex
2086 553 2136 614 Α
2162 551 2419 618 crastina,
2442 559 2502 605 ut
2528 547 2710 621 populi
2738 547 3006 617 dicebant,
3030 547 3336 606 audientem
3357 555 3413 606 et
3436 549 3751 622 loquentem

494 642 743 713 largitate
782 637 996 709 Pippini
1037 638 1181 709 regis
1224 637 1575 703 Francorum,
1621 638 1867 708 partibus
1897 639 2068 694 sancti

492 733 757 791 Bonifacii
797 731 1081 804 martyris,
1124 731 1350 787 solemni
1385 730 1676 787 donatione
1715 731 1911 787 collata
1954 740 2066 799 est,

491 833 848 884 occurrerunt
890 824 1046 879 nobis
1091 839 1211 878 eum
1257 823 1432 878 cereis
1477 830 1531 878 et
1577 824 1832 880 crucibus
1871 823 2070 880 fratres

494 917 701 983 nostri,
726 915 815 986 qui
840 915 1090 970 habitant
1127 913 1182 967 in
1207 913 1363 978 cella,
1386 928 1507 983 quae
1525 914 1594 969 ob
1616 914 1719 970 hoc
1739 915 1881 985 quod
1917 916 1986 970 ab
2003 928 2068 971 eo

490 1012 763 1082 quondam
799 1018 884 1066 est
925 1008 1200 1074 habitata,
1243 1006 1486 1077 Baugulﬁ
1516 1019 1542 1048 ει
1565 1015 1809 1074 vocatur,
1851 1015 1907 1064 ct
1946 1023 2069 1063 cum

491 1104 572 1158 eis
614 1104 804 1175 ingens
845 1101 1129 1156 multitudo
1162 1100 1404 1155 virorum
1449 1115 1514 1155 ac
1552 1099 1838 1155 mulierum
1880 1115 1947 1155 ex
1991 1099 2071 1154 di-

493 1193 661 1248 versis
697 1193 828 1248 locis
865 1191 1101 1261 undique
1137 1188 1546 1245 conﬂuentium.
1596 1189 1744 1244 Inter
1777 1204 1912 1261 quos
1951 1197 2071 1244 erat

490 1282 710 1339 claudus
735 1283 952 1353 quidam
985 1283 1052 1336 de
1075 1282 1190 1351 ipsa
1214 1281 1363 1345 villa,
1391 1295 1552 1350 quam
1579 1296 1740 1350 supra
1767 1281 2067 1347 nominavi,

489 1374 580 1443 qui
633 1380 853 1444 propter
891 1373 1068 1428 cruris
1123 1387 1188 1427 ac
1241 1371 1394 1442 pedis
1437 1371 1596 1427 unius
1649 1371 2068 1428 imbecillitatem

490 1463 699 1519 duobus
742 1479 800 1520 se
837 1463 1044 1520 baculis
1083 1462 1152 1516 ad
1190 1462 1547 1518 incedendum
1591 1464 1944 1518 sustentabat.
1994 1463 2065 1530 ls,

490 1569 612 1609 cum
648 1554 802 1610 nobis
836 1553 1112 1624 paululum
1147 1553 1569 1609 consistentibus
1602 1553 1831 1624 pepulus
1859 1555 1951 1624 qui
1980 1569 2071 1610 oc-

488 1646 661 1700 currit
696 1661 883 1702 sacras
923 1646 1180 1715 reliquias
1219 1646 1489 1711 adoraret,
1526 1645 1582 1699 in
1616 1654 1906 1716 conspectu
1931 1645 2071 1702 mul-

490 1740 736 1796 titudinis
777 1755 875 1811 per
917 1740 1111 1795 merita
1154 1739 1328 1795 sancti
1375 1739 1631 1810 martyris
1675 1746 1786 1794 tam
1827 1739 2069 1809 perfecte

2172 642 2486 711 reportavit.

2239 732 2329 786 27.
2368 729 2479 788 Nos
2524 748 2656 789 vero
2697 732 2976 804 completis
3023 733 3408 791 matutinorum
3457 734 3708 793 laudibus
3731 775 3750 802 ,

2169 825 2565 896 missarumque
2597 826 2876 882 solemniis
2935 826 3039 882 rite
3073 827 3339 898 peractis,
3378 842 3504 884 cum
3535 828 3754 898 populis

2169 914 2382 971 divinas
2417 915 2604 971 laudes
2629 917 3038 974 concinentibus
3076 919 3180 974 iter
3209 917 3470 988 ingressi,
3504 933 3627 973 cum
3656 933 3754 974 ve-

2170 1003 2442 1060 nissemus
2494 1006 2562 1060 ad
2611 1017 2956 1078 conspectum
3004 1010 3352 1075 monasterii,
3406 1024 3532 1065 ecce
3581 1010 3754 1064 abbas

2169 1104 2373 1162 noster,
2403 1097 2496 1166 qui
2525 1112 2624 1153 nos
2648 1098 2823 1169 pridie
2849 1101 3128 1170 praecessit
3155 1101 3222 1156 ad
3249 1099 3604 1155 ordinandam
3633 1113 3754 1154 sus-

2170 1188 2475 1257 ceptionem
2505 1197 2815 1246 sanctarum
2842 1192 3212 1261 reliquiarum,
3240 1193 3455 1248 obviam
3482 1193 3666 1258 venit,
3698 1199 3755 1246 et

2170 1292 2292 1331 cum
2321 1293 2387 1332 eo
2412 1279 2588 1334 omnis
2628 1280 2916 1336 multitudo
2946 1281 3174 1336 fratrum
3204 1289 3545 1347 nostrorum,
3591 1295 3755 1335 exce—

2168 1370 2278 1437 ptis
2299 1384 2434 1439 quos
2452 1371 2539 1426 vel
2565 1380 2698 1426 :etas
2717 1372 2802 1427 vel
2826 1372 3114 1428 inﬁrmitas
3134 1373 3286 1428 exire
3306 1373 3606 1442 prohibuit,
3626 1386 3753 1426 cum

2170 1460 2422 1516 crucibus
2448 1469 2505 1517 et
2529 1463 2704 1518 cereis
2728 1503 2743 1528 ,
2791 1471 3070 1533 portantes
3099 1465 3152 1518 in
3180 1463 3374 1519 loculis
3402 1478 3526 1518 ossa
3556 1462 3752 1518 beato-

2170 1568 2292 1607 rum
2330 1564 2626 1624 martyrum
2658 1553 2861 1610 Urbani
2908 1563 2964 1608 et
3010 1553 3253 1622 Quirini,
3299 1569 3420 1624 quae
3465 1554 3534 1608 de
3577 1552 3753 1608 Roma

2170 1661 2345 1716 nuper
2371 1646 2533 1702 allata
2561 1663 2722 1718 supra
2747 1648 3062 1703 memoravi.
3100 1648 3233 1704 Erat
3259 1649 3420 1704 etiam
3443 1664 3566 1704 eum
3591 1648 3674 1704 eis
3697 1656 3756 1702 et

2169 1732 2534 1806 Reginbaldus
2583 1737 3001 1807 chorepiscopus
3028 1777 3044 1802 ,
3108 1745 3163 1793 et
3212 1737 3421 1792 inﬁnita
3471 1737 3753 1792 hominum

489 1840 712 1887 curatus
748 1839 849 1898 est,
887 1839 947 1887 ut
980 1831 1121 1886 ultra
1161 1831 1216 1886 in
1256 1817 1582 1887 ambulando
1620 1831 1936 1888 baculorum
1975 1833 2062 1888 ad-

2172 1825 2477 1891 multitudo,
2518 1827 2609 1896 qui
2647 1835 2869 1897 propter
2903 1827 3121 1882 litanias
3157 1824 3411 1895 majores,
3457 1842 3579 1898 quin
3622 1835 3755 1882 tunc

487 1921 743 1978 miniculo
770 1937 877 1978 non
905 1930 1110 1993 egeret.

557 2036 646 2090 26.
687 2035 821 2092 Cum
852 2045 1031 2091 autem
1058 2036 1406 2108 pergentibus
1432 2037 1586 2093 nobis
1613 2045 1668 2093 et
1693 2050 1906 2094 sacrum
1933 2054 2070 2096 onus

490 2127 791 2183 ferentibus
817 2135 1040 2182 ventum
1073 2137 1219 2182 esset
1247 2128 1314 2182 ad
1342 2127 1562 2182 ﬂuvium
1581 2170 1596 2196 ,
1635 2130 1942 2186 invenimus
1972 2132 2069 2186 ab-

487 2217 669 2273 batem
715 2225 961 2273 nostrum
1008 2234 1129 2273 cum
1172 2219 1544 2274 sacerdotibus
1585 2233 1649 2273 ac
1690 2220 1969 2274 monachis
2014 2227 2070 2275 et

486 2323 681 2379 magna
711 2308 1052 2363 multitudine
1079 2308 1380 2375 hominum,
1405 2308 1461 2362 in
1490 2308 1660 2362 altera
1691 2309 1809 2380 ripa
1833 2307 2069 2365 ﬂuminis

485 2402 775 2457 adventum
813 2410 1059 2458 nostrum
1094 2409 1519 2473 exspectantem.
1570 2402 1700 2457 Erat
1736 2403 1951 2472 quidem
1993 2403 2067 2460 ibi

487 2492 744 2547 transitui
774 2501 959 2548 nostro
989 2494 1142 2548 navis
1171 2503 1390 2562 parata,
1438 2494 1530 2549 sed
1573 2509 1681 2548 non
1713 2493 1768 2548 in
1794 2502 1921 2564 apto
1947 2494 2067 2550 loco

487 2583 556 2637 ad
602 2590 803 2637 terram
847 2583 1142 2651 subducta;
1186 2584 1387 2640 idcirco
1420 2593 1745 2656 praeceptum
1775 2593 1861 2640 est
1886 2586 2068 2642 nautis

483 2682 546 2730 ut
570 2690 689 2730 eam
719 2675 876 2732 nobis
901 2677 1115 2732 obviam
1141 2678 1422 2744 ducerent,
1451 2679 1543 2749 qui
1571 2677 1728 2749 longe
1754 2693 1968 2734 sursum
1997 2680 2066 2735 ab

484 2782 550 2823 eo
579 2767 698 2823 loco
729 2770 796 2824 ad
824 2767 974 2824 littus
999 2769 1265 2826 venimus.
1299 2769 1409 2826 lllis
1438 2785 1566 2826 vero
1600 2769 1980 2826 festinantibus
2006 2777 2068 2826 ut

478 2861 631 2932 jussa
658 2863 962 2933 explerent,
992 2879 1117 2919 cum
1146 2863 1328 2920 funem
1358 2863 1674 2930 solvissent,
1706 2871 1761 2918 et
1791 2864 1846 2919 in
1871 2877 2066 2920 navem

483 2952 814 3008 descendere
835 2960 1143 3024 parassent,
1167 2954 1346 3009 subito
1372 2967 1403 3007 e
1426 2954 1677 3009 manibus
1701 2967 1884 3009 eorum
1915 2953 2066 3024 lapsa

454 3074 456 3076 -
482 3040 538 3096 in
568 3057 804 3110 amnem,
835 3044 884 3098 vi
914 3045 1145 3112 quadarn
1172 3043 1430 3101 invisibili
1461 3052 1649 3100 contra
1678 3045 1940 3116 impetum
1965 3044 2066 3100 ﬂu-

483 3134 644 3190 minis
673 3143 793 3192 acta
823 3126 1120 3204 fér'ébatur,
1166 3137 1339 3194 donec
1382 3138 1451 3194 ad
1492 3137 1671 3194 locum
1705 3153 1812 3208 quo
1849 3152 2063 3194 sacrum

480 3237 618 3280 onus
638 3235 954 3297 susceptura
976 3235 1095 3284 erat
1116 3227 1285 3284 littori
1304 3227 1557 3300 applicita
1577 3229 1842 3298 pervenit.
1873 3229 2063 3285 Trans-

478 3316 670 3386 positis
700 3325 883 3373 autem
912 3319 1178 3390 reliquiis,
1211 3327 1268 3376 et
1295 3319 1351 3375 in
1379 3328 1536 3392 prato
1561 3321 1841 3391 adjacente
1867 3322 2065 3377 missa-

480 3423 601 3463 rum
630 3409 908 3467 solemniis
943 3419 1166 3482 propter
1203 3411 1605 3468 multitudinem
1647 3415 1746 3468 sub
1789 3413 1880 3469 dio
1922 3413 2062 3468 cele-

481 3498 672 3567 bratis,
697 3516 821 3556 cum
848 3502 904 3556 in
928 3501 1228 3558 oratorium
1253 3502 1396 3572 quod
1421 3501 1478 3557 in
1503 3501 1630 3558 villa
1655 3511 1774 3557 erat
1801 3501 2063 3559 feretrum

479 3607 604 3648 cum
646 3594 816 3650 sacris
857 3594 1130 3650 cineribus
1173 3609 1530 3664 poneremus,
1576 3595 1772 3650 mulier
1815 3597 2063 3666 quaedam

477 3699 768 3739 nervorum
795 3686 1165 3740 contractione
1209 3684 1287 3739 ita
1316 3692 1576 3751 curvata,
1623 3692 1683 3739 ut
1729 3685 1948 3754 penitus
1994 3685 2064 3739 ad

475 3774 766 3830 videndum
796 3776 994 3831 ccelum
1026 3791 1084 3832 se
1109 3776 1320 3848 erigere
1344 3790 1451 3831 non
1479 3783 1690 3846 posset,
1727 3777 1940 3832 cunctis
1967 3777 2062 3848 qui

477 3865 704 3920 aderant
730 3865 1056 3932 videntibus,
1079 3881 1262 3921 coram
1291 3867 1464 3923 sancti
1489 3866 1586 3923 Dei
1616 3867 1860 3938 reliquiis
1889 3870 1957 3925 ab
1981 3869 2064 3925 in-

478 3956 785 4023 commodo,
813 3972 921 4026 quo
940 3955 1053 4024 jam
1081 3971 1181 4027 per
1205 3955 1404 4013 multos
1435 3973 1606 4014 annos
1634 3958 1917 4015 laborabat
1943 4001 1958 4026 ,
2004 3959 2061 4017 in

477 4056 755 4102 momento
799 4047 1058 4117 temporis
1086 4049 1288 4104 virtute
1324 4049 1505 4106 divina
1538 4049 1766 4107 liberata
1803 4059 1906 4107 est.
1958 4050 2063 4108 Po-

474 4146 623 4191 stera
659 4138 744 4193 die
779 4138 903 4194 inde
931 4137 1190 4210 profecti,
1231 4139 1478 4196 venimus
1505 4141 1559 4195 in
1591 4141 1769 4197 locum
1798 4142 2062 4200 vocabulo

473 4226 854 4284 Lihtolvcsbah
877 4227 1301 4302 [Lichtesbacb],
1325 4233 1417 4302 qui
1442 4239 1528 4287 est
1554 4232 1608 4286 in
1635 4232 1776 4288 saltu
1799 4233 2058 4302 Buconia,

473 4326 706 4388 quatuor
749 4319 918 4374 leucis
962 4320 1172 4377 distans
1217 4337 1248 4375 a
1278 4320 1584 4378 \luldensib
1621 4323 1913 4380 coenobio:
1966 4325 2058 4381 ubi

473 4410 710 4480 suscepti
740 4412 808 4468 ab
837 4411 1037 4468 accolis
1067 4413 1246 4479 silvae,
1288 4429 1518 4484 quorum
1547 4428 1741 4486 magna
1771 4415 2059 4472 multitudo

471 4500 687 4556 obviam
713 4513 964 4570 venerat,
997 4520 1122 4560 cum
1152 4505 1207 4560 in
1234 4505 1475 4560 oratorio
1503 4503 1762 4560 feretrum
1790 4507 2059 4577 posuisse-

470 4607 613 4660 mus,
659 4595 903 4665 quaedam
927 4597 1123 4651 mulier
1144 4597 1469 4669 paupercula
1493 4581 1662 4652 ﬁlium
1683 4613 1841 4654 suum
1867 4615 2056 4656 sexen-

468 4701 614 4754 nem,
640 4703 671 4743 a
697 4689 978 4746 nativitatc
1009 4689 1231 4746 surdum
1259 4698 1314 4744 et
1338 4698 1568 4758 mutum,
1599 4690 1653 4745 in
1680 4690 1821 4746 ulnis
1849 4691 2050 4761 ferens,

469 4788 595 4835 ante
624 4785 796 4836 sancti
828 4782 1086 4853 reliquias
1113 4784 1322 4852 posuit,
1352 4783 1532 4854 ibique
1560 4793 1886 4855 pernoctans
1904 4828 1921 4854 ,
1967 4787 2055 4843 die

468 4967 556 5008 an.
587 4952 788 5010 Christi
829 4955 968 5010 1540
1007 4971 1037 5010 a
1081 4955 1185 5013 ﬁde
1221 4959 1524 5015 orthodoxa
1566 4961 1830 5018 defecisse
1866 4962 2054 5020 obser-

466 5032 559 5150 ἶὶεὲι
591 5025 879 5082 Browerus
919 5028 974 5082 in
1013 5027 1362 5102 cbronologia
1399 5030 1651 5086 abbatum
1678 5031 2048 5090 Fuldensium.

546 5110 631 5149 LL.

536 5199 563 5226 ιι
585 5187 666 5266 De
701 5189 804 5266 hac
839 5191 1082 5266 Daugnlﬁ
1112 5191 1245 5248 cella
1272 5192 1560 5250 Browerus
1588 5193 1864 5266 disputat,
1903 5196 1944 5252 l.
1974 5213 2051 5265 ιν,

469 5256 522 5311 in
553 5257 920 5331 chronologia.
957 5256 1030 5318 l'n.

536 5348 565 5389 δ
590 5348 680 5429 _Si_(_:
723 5367 833 5429 _n_on
881 5369 1003 5429 raro
1030 5355 1268 5429 ﬂectunt
1303 5354 1574 5429 Euidense
1613 5360 2004 5417 monasterium
2034 5405 2050 5429 ,

464 5420 605 5486 quod
637 5421 806 5476 Volda
834 5423 998 5478 etiam
1027 5425 1280 5482 Matthzeo
1307 5425 1517 5484 Parisio
1545 5437 1600 5486 et
1629 5431 1752 5486 aliis
1778 5420 2052 5489 nonnullis

463 5489 679 5545 dicitur.
705 5491 844 5547 MAR.

534 5590 556 5618 ε
585 5579 736 5662 Adde
760 5583 1295 5662 celeergbantur,aut
1317 5588 1448 5662 quid
1474 5589 1667 5662 simile.
1708 5591 1841 5646 Erat
1865 5601 2047 5649 autem

459 5663 635 5732 annus
653 5649 852 5732 Christi
879 5655 1004 5732 gibt},
1029 5673 1138 5728 quo
1162 5649 1370 5732 Pascha
1396 5668 1514 5715 erat
1540 5660 1574 5716 9
1593 5660 1815 5732 Aprilis,
1845 5662 2049 5719 Ascen-

786 5725 854 5846 με
876 5719 1020 5792 Maii,
1046 5719 1100 5784 et
1119 5731 1326 5800 primus
1347 5719 1707 5804 Rogationu'm
1727 5719 1844 5788 dies
1865 5734 2044 5789 idibus

529 5859 556 5899 ἀ
583 5860 839 5938 Ludovici
867 5866 1168 5936 Germania:
1199 5873 1338 5946 regis
1363 5873 1621 5948 diploma,
1648 5875 1871 5942 Rabano
1898 5873 2040 5934 ﬁdeli

2078 4625 2132 4685 D

2100 1912 2148 1972 B
2174 1915 2359 1972 Idibus
2384 1929 2406 1957 ο
2438 1917 2564 1972 Maii
2597 1919 2820 1984 mensis,
2864 1919 2931 1974 de
2969 1919 3198 1974 diversis
3226 1918 3358 1974 locis
3385 1919 3454 1973 ad
3480 1927 3756 1974 monaste-

2172 2009 2315 2064 rium
2352 2021 2736 2066 convenerant.
2791 2009 3033 2080 Cumque
3080 2010 3393 2082 suppliciter
3435 2011 3755 2066 adorassent

2172 2113 2299 2153 cum
2328 2114 2540 2154 summa
2567 2101 2944 2167 veneratione,
2995 2109 3302 2173 susceptum
3339 2117 3536 2173 corpus
3573 2102 3752 2158 sancti

2172 2192 2423 2247 Vcnantii
2463 2194 2720 2266 martyris
2760 2194 3045 2250 ecclesiam
3063 2195 3090 2235 ά
3119 2195 3291 2251 sancti
3317 2194 3536 2250 Joannis
3565 2195 3750 2266 Bapti-

2171 2295 2298 2350 stae,
2349 2300 2468 2355 quae
2513 2286 2678 2340 distat
2721 2285 2804 2359 (ut
2846 2285 3104 2357 praefatus
3149 2287 3291 2358 sum)
3339 2301 3372 2341 a
3419 2287 3752 2342 monasterio

2170 2377 2327 2448 quasi
2355 2377 2544 2434 stadiis
2577 2393 2801 2444 novem,
2839 2394 2962 2434 cum
2997 2379 3214 2451 hymnis
3239 2386 3296 2434 et
3318 2378 3570 2434 laudibus
3603 2379 3752 2435 intu-

2169 2468 2368 2524 lerunt.
2408 2469 2562 2537 Quod
2590 2470 2956 2542 Reginbaldus
2989 2472 3406 2542 chorepiscopus
3442 2469 3586 2528 facta
3627 2485 3754 2526 ora-

2167 2558 2318 2614 tione
2349 2559 2406 2614 in
2436 2559 2623 2615 absida
2650 2559 2895 2616 ecclesia:
2925 2561 2994 2616 ad
3020 2561 3285 2616 orientem
3313 2561 3502 2616 altaris
3536 2560 3592 2615 in
3624 2574 3752 2616 arca

2167 2662 2331 2705 saxea
2360 2651 2697 2718 recondidit,
2745 2651 3064 2721 cineresque
3103 2659 3412 2707 sanctorum
3447 2657 3751 2722 martyrum

2171 2741 2376 2796 Urbani
2405 2749 2460 2797 et
2484 2741 2692 2808 Quirini
2720 2742 2924 2812 pariter
2947 2741 3218 2812 deposuit,
3240 2740 3483 2812 singulos
3507 2754 3752 2797 seorsum

2168 2829 2227 2885 in
2257 2831 2486 2902 singulis
2511 2830 2702 2888 loculis
2730 2833 3007 2888 inclusos:
3042 2832 3166 2899 ubi,
3203 2832 3538 2888 orationibus
3561 2847 3752 2888 eorum

2168 2920 2402 2976 ﬁdeliter
2427 2920 2598 2976 Deum
2624 2923 3060 2994 deprecantibus,
3089 2921 3352 2980 beneﬁcia
3376 2934 3400 2963 ο
3427 2930 3753 2993 praestantur

2167 3028 2341 3084 usque
2378 3014 2436 3070 in
2474 3024 2797 3085 praesentem
2837 3016 2980 3072 diem
3003 3055 3022 3083 ,
3069 3015 3139 3072 ad
3177 3014 3389 3070 laudem
3429 3023 3485 3070 et
3524 3015 3753 3087 gloriam

2168 3104 2386 3161 Domini
2431 3106 2605 3162 nostri
2638 3103 2766 3162 Jesu
2803 3106 3040 3173 Christi,
3081 3106 3174 3177 qui
3203 3107 3467 3178 cuvaeo
3491 3105 3654 3162 Patre
3698 3113 3754 3162 et

2170 3195 2378 3266 Spiritu
2401 3205 2592 3254 sancto
2613 3197 2748 3254 vivit
2773 3205 2830 3254 et
2855 3207 3047 3270 regnat
3067 3198 3208 3256 Deus
3231 3215 3333 3271 per
3352 3199 3533 3255 omnia
3558 3196 3752 3254 saecula

2090 3271 2135 3332 ε
2166 3291 2507 3349 saeculorum.

2237 3385 2326 3442 28.
2367 3385 2549 3442 Abbas
2573 3401 2703 3444 vero
2726 3387 2957 3458 desuper
2975 3386 3216 3460 ligneum
3237 3387 3412 3444 erexit
3434 3385 3748 3452 :ediﬁcium,

2166 3477 2310 3548 quod
2341 3491 2410 3534 ex
2438 3493 2572 3533 auro
2607 3487 2664 3534 et
2692 3486 2918 3550 argento
2948 3479 3204 3534 decenter
3236 3478 3486 3544 ornavit,
3531 3476 3752 3546 scriptis

2165 3567 2222 3621 in
2245 3567 2476 3624 circuitu
2499 3569 2741 3624 metricis
2762 3569 3030 3637 versibus,
3055 3577 3218 3641 gestze
3240 3570 3319 3626 rei
3339 3581 3558 3625 causam
3580 3565 3732 3622 decla

2165 3659 2435 3727 rantibus,
2464 3662 2570 3716 hoc
2595 3661 2757 3717 modo
2783 3678 2797 3715 :

2228 3770 3010 3836 PrggcursorADominiLChristum
3034 3775 3118 3836 qnl
3143 3774 3356 3836 tinxerat
3376 3772 3518 3823 undis
3541 3810 3558 3834 ,

2295 3832 2429 3882 Hanc
2453 3833 2611 3899 aulam
2638 3832 2895 3899 inhabitat,
2911 3832 3513 3899 sanctiﬁcatquedomnm.

2229 3895 2470 3960 Quattuor
2505 3895 2729 3960 hancque
2755 3896 2842 3960 viri
2860 3895 3079 3958 ,’Christi
3103 3895 3344 3960 mag'nalia
3367 3895 3562 3960 scriptis

2290 3957 2382 4022 Qui
2401 3957 2500 4022 jam
2523 3955 2658 4020 (AL,
2673 3958 2796 4022 tum)
2823 3955 3208 4022 expresserunt:
3217 3971 3336 4022 ecce
3354 3955 3520 4022 colunt
3542 3958 3747 4022 pariter.

2226 4019 2327 4082 sed
2351 4017 2577 4069 homines
2598 4017 2748 4082 sancti
2771 4017 3008 4082 unum;
3027 4033 3166 4069 sacro
3182 4017 3359 4072 ordine
3384 4019 3502 4073 clari
3526 4052 3544 4080 ,

2285 4080 2393 4145 Non
2416 4083 2578 4145 minus
2602 4080 2849 4145 exsultant
2870 4080 3225 4145 nebllitantque
3251 4084 3406 4145 locum
3429 4122 3444 4145 ,

2223 4140 2356 4207 Quos
2377 4141 2474 4191 huc
2493 4142 2867 4207 diversisduxit
2887 4156 2952 4193 ex
2975 4140 3193 4203 partibus
3212 4144 3347 4194 orbis
3367 4181 3384 4207 ,

2288 4205 2553 4256 Serrorum
2575 4202 2766 4253 Domini
2793 4202 3026 4254 strenuus
3046 4211 3184 4256 actus
3215 4218 3369 4255 amor.

2224 4267 2474 4318 Urbanum
2498 4265 2669 4324 Roma,
2705 4264 2954 4324 Quirinum
2997 4267 3149 4318 Siscia
3186 4270 3348 4327 misit,

2285 4328 2417 4387 Quos
2441 4330 2524 4388 pie
2546 4329 2821 4389 suscipiens
2847 4330 3064 4378 enminet
3085 4331 3181 4380 iste
3203 4329 3355 4380 locus.

2223 4389 2433 4455 Insignis
2456 4389 2858 4455 praesulsanctus
2881 4389 3156 4455 V_e_nantius_
3172 4431 3184 4453 ,
3210 4400 3360 4455 atque

2286 4448 2362 4516 De
2385 4448 2601 4516 Arimino
2629 4448 2650 4489 ί
2681 4457 2891 4504 veniens
2912 4451 2991 4502 hic
3014 4448 3292 4516 simnl'ipse'
3314 4460 3498 4505 manet.

2220 4512 2324 4578 Hos
2340 4511 2600 4578 (At.,_Hic)
2621 4524 2821 4578 quoque
2844 4521 3098 4578 susceptos
3121 4511 3348 4578 Babulus
3366 4522 3500 4566 sorte
3520 4514 3700 4567 locavit

2284 4575 2596 4636 Sarcopbago
2619 4575 2710 4625 b'oe
2730 4575 2904 4637 digne,
2930 4575 3080 4627 edidit
3101 4583 3154 4628 et
3177 4576 3392 4637 titulum,

2219 4636 2507 4749 Delposcens
2529 4648 2704 4686 omnes
2726 4636 2960 4699 templum
2982 4638 3066 4694 qui
3089 4639 3340 4701 gressibus
3359 4636 3541 4690 intrant
3561 4676 3578 4703 ,

2310 4711 2447 4749 nsum
2472 4703 2527 4749 ut
2549 4699 2895 4749 commendent
2917 4699 3013 4749 rite
3036 4699 3146 4749 Deo
3183 4701 3428 4749 precibus.

2309 4699 2447 4762 psum
2472 4703 2527 4749 ut
2549 4699 2895 4750 commendent
2917 4699 3013 4749 rite
3036 4699 3146 4750 Déo
3182 4701 3428 4763 precibus.

2229 4781 2319 4838 ΞΕ).
2360 4779 2491 4837 Post
2527 4781 2642 4836 hzec
2683 4780 2861 4837 allatae
2899 4781 3118 4838 sunLei
3162 4782 3404 4852 reliquiae
3431 4789 3741 4840 sanctorum

2157 4958 2460 5032 (sic_vocat)
2480 4957 2780 5032 secretario
2808 4973 2908 5032 suo
2925 4973 3251 5032 concessum
3274 4959 3336 5032 in
3360 4960 3746 5032 gratiam_san-

2155 5028 2230 5102 cli
2264 5028 2514 5086 Venantii
2537 5029 2720 5102 Liege
2754 5031 2896 5101 apud
2925 5028 3237 5086 Browerum
3268 5030 3323 5086 in
3349 5028 3537 5102 Antiq.
3578 5029 3739 5086 Fuld.

2159 5100 2254 5157 lib.
2284 5115 2366 5166 ιιι,
2397 5114 2514 5168 cap.
2546 5099 2632 5155 15.
2664 5098 2811 5154 Mn:
3497 5098 3516 5102 “
3726 5105 3737 5115 ·

2235 5183 2258 5211 ο
2281 5170 2338 5226 S.
2362 5171 2684 5225 Venantium
2704 5170 2809 5226 hoc
2829 5171 2882 5226 in
2903 5169 3022 5226 loco
3039 5170 3318 5226 miraculis
3337 5185 3461 5227 mox
3482 5169 3743 5226 claruisse

2159 5249 2389 5297 testatur
2419 5239 2723 5296 Ludovicus
2751 5240 2879 5296 Pius
2914 5242 3210 5311 imperator
3237 5243 3293 5296 in
3328 5245 3596 5311 praecepto
3623 5249 3737 5311 tra-_

2157 5313 2377 5368 ditionis
2399 5312 2587 5381 ιη·ωάἱί
2613 5308 3005 5381 υῐθερτιιῐιςθιί
3038 5310 3099 5364 Β.
3123 5308 3347 5366 Rabano
3367 5308 3739 5381 dona—ti,quod

2157 5326 2377 5368 ditionis
2399 5326 2587 5434 [ﬁrmari
2616 5326 2997 5435 uresPrungen
3041 5326 3099 5364 is.
3125 5326 3347 5366 uanam)
3367 5326 3567 5373 donati,
3594 5326 3739 5379 qum

2156 5383 2365 5453 profert
2455 5397 2698 5437 rowerus
2769 5422 2782 5436 .
2817 5397 2875 5453 ut
2907 5380 3094 5453 Antig.
3125 5381 3314 5445 Fuld.,
3353 5397 3401 5436 c.
3437 5382 3523 5436 15.
3569 5380 3634 5453 _ln
3672 5395 3739 5434 eo

2157 5450 2413 5534 dicuntur
2430 5470 2484 5534 At
2540 5453 2802 5534 miracula
2851 5450 2996 5534 facta
3041 5451 3457 5534 longenlateque
3501 5450 3740 5534 celeber:

2154 5524 2291 5579 rima
2313 5540 2331 5602 _:
2366 5522 2772 5602 inﬁr_m_i_san'ati
2790 5520 3158 5602 ,_d:emoniaci
3181 5520 3426 5602 liberati,
3447 5520 3736 5602 paralytici

2151 5595 2348 5658 curati,
2379 5592 2509 5647 caeci
2540 5591 2858 5657 illuminati;
2891 5602 2948 5646 et
2975 5608 3041 5648 ex
3072 5594 3382 5650 omnimoda
3413 5591 3736 5647 inﬁrmitate

2151 5679 2319 5734 genus
2349 5665 2644 5734 humanum}
2670 5661 2956 5734 salvatum.
2989 5684 3007 5715 ι
3039 5665 3203 5720 Βοιι.

2225 5734 2246 5772 ί
2272 5734 2331 5788 In
2356 5732 2518 5789 editis
2538 5730 2744 5786 Rabani
2769 5731 2922 5789 libris
2943 5734 3138 5806 legitur
3159 5734 3429 5803 Alimim‘o,
3451 5732 3734 5791 mendose.

2147 5803 2284 5868 Man,
