4016 6504
315 405 383 461 57
1671 413 2200 474 PROLEGOMENA.
3504 433 3574 492 58

313 519 691 614 episcoporum
720 517 952 614 Cornelii
969 525 1149 614 atque;
1162 519 1374 614 Callisti
1398 535 1448 590 ει,
1492 533 1548 581 et
1581 535 1888 584 sanctorum
1917 531 1970 591 Α
1991 543 2138 594 ossa,
2163 529 2254 599 qui
2285 537 2528 602 tempore
2559 531 2704 589 Decii
2732 533 3071 608 imperatoris
3095 539 3289 613 ligatus
3309 544 3472 614 pedes
3498 548 3569 604 ad

314 618 617 679 martyrum
639 607 856 680 Agapiti
878 609 930 675 ι),
958 609 1172 680 Georgii
1195 623 1240 677 ο,
1264 613 1514 670 Vincenti
1539 625 1594 672 et
1614 617 1892 686 Maximid,

313 709 625 757 sanctarum
656 715 868 771 quoque
894 701 1164 774 virginum
1183 744 1198 771 ,
1238 703 1465 761 Caeciliae
1490 718 1533 774 ο,
1570 708 1819 781 Eugenia:
1846 711 1893 779 ί,

313 795 499 865 Dignaa
548 801 604 849 et
651 792 902 849 Emerita:
928 796 974 862 ⁸,
1030 803 1191 864 atque
1235 794 1650 855 Columbanzeh.
1703 800 1897 857 Attulit

315 892 496 940 autem
527 899 620 940 eas
650 884 873 954 quidam
899 885 1132 941 clericus
1168 886 1385 944 Italicus
1403 929 1418 955 ,
1461 890 1676 946 nomine
1703 891 1854 948 Felix
1875 934 1891 960 ,

314 977 456 1034 an'no
585 977 960 1035 Incarnatione
991 980 1208 1037 Domini
1235 983 1338 1040 858
1371 983 1560 1057 [Βοιι.,
1596 986 1756 1060 837],
1805 988 1892 1046 die

313 1075 506 1146 quinto
529 1075 732 1132 mensis
754 1075 974 1146 Aprilis.

382 1173 474 1230 50.
515 1173 644 1230 Post
674 1173 828 1244 cujus
858 1175 1121 1243 reditum,
1158 1191 1264 1233 non
1293 1177 1478 1234 multis
1506 1177 1694 1234 diebus
1724 1179 1892 1234 inter-

311 1265 523 1334 positis,
558 1265 915 1322 Theodorusi
949 1265 1121 1323 frater
1147 1268 1446 1325 Deusdonte
1469 1311 1485 1336 ,
1532 1269 1685 1340 cujus
1727 1287 1890 1343 supra

313 1353 515 1408 mentio
543 1353 683 1410 facta
711 1364 814 1423 est,
849 1372 972 1412 cum
1007 1358 1242 1427 quodam
1269 1359 1416 1415 socio
1443 1375 1541 1417 suo
1572 1360 1888 1428 Sabbatino,

312 1446 380 1502 ab
430 1446 565 1502 urbe
613 1448 783 1503 Roma
835 1448 1112 1519 profectus
1153 1451 1532 1508 Alamanniam
1561 1454 1746 1509 venit:
1795 1464 1886 1522 et,

313 1538 455 1595 sicut
481 1540 682 1596 dudum
706 1541 1030 1612 promiserat
1057 1543 1267 1611 abbati,
1299 1554 1609 1601 sanctorum
1636 1546 1890 1617 reliquias

311 1646 493 1687 secum
523 1632 735 1700 detulit,
765 1645 890 1689 ossa
925 1634 1167 1690 videlicet
1197 1637 1372 1692 sancti
1401 1636 1608 1704 Quirini
1636 1636 1680 1705 i,
1712 1639 1802 1708 qui
1833 1639 1888 1694 in

311 1719 486 1777 Siscia
505 1721 906 1780 Pannoniarum
930 1727 1128 1796 oppido
1151 1729 1420 1796 quondam
1444 1731 1726 1801 episcopus
1751 1740 1887 1799 erat,

307 1819 364 1867 et
398 1815 732 1884 temporibus
758 1815 1080 1872 Diocletiani
1125 1817 1468 1888 imperatoris
1507 1822 1607 1876 sub
1636 1821 1887 1876 Amantio

305 1904 536 1973 praeside
571 1907 712 1962 inter
741 1907 940 1963 multas
969 1923 1105 1979 quas
1132 1924 1232 1979 pro
1260 1909 1460 1966 Christi
1501 1912 1719 1966 nomine
1757 1928 1882 1982 per-
1912 1894 1961 1954 Β

305 1998 432 2054 tulit
469 2000 786 2069 passiones,
838 2001 1000 2072 ligata
1055 2005 1120 2060 ad
1167 2004 1364 2060 collum
1413 2006 1553 2062 mola
1595 2008 1650 2062 in
1685 2007 1885 2064 ﬂumen

303 2090 673 2160 praecipitatus
719 2101 820 2149 est.
870 2093 1112 2166 Cumque
1157 2097 1462 2154 diutissime
1505 2114 1668 2171 super
1711 2101 1885 2156 undas

302 2188 539 2247 nataret,
570 2198 688 2238 cum
719 2187 1084 2254 spectantibus
1115 2187 1326 2245 locutus
1352 2201 1452 2258 est,
1487 2206 1555 2247 ne
1585 2207 1683 2248 suo
1713 2201 1885 2249 terre-

301 2280 494 2327 rentur
518 2276 784 2345 exemplo,
823 2287 878 2332 et
905 2279 994 2334 vix
1025 2280 1270 2336 oratione
1307 2297 1338 2335 a
1372 2283 1618 2349 Domino,
1653 2292 1714 2339 ut
1741 2300 1885 2342 mer-

299 2371 548 2434 geretur,
568 2366 820 2422 obtinuit.
859 2367 1024 2439 Cujus
1054 2387 1250 2443 corpus
1280 2373 1574 2441 inventum,
1609 2386 1664 2431 et
1692 2392 1724 2430 a
1753 2376 1884 2433 ﬁde-

300 2454 442 2512 libus
489 2458 787 2517 honoriﬁce
833 2464 1102 2533 sepultum
1145 2475 1229 2522 est
1270 2468 1444 2539 pridie
1491 2468 1670 2526 Nonas
1714 2470 1878 2526 Junii.

300 2551 614 2613 lucursione
653 2566 833 2614 autem
863 2561 1221 2618 barbarorum
1258 2563 1311 2618 in
1349 2572 1530 2634 partes
1565 2564 1708 2621 facta
1743 2565 1882 2621 Pan-

300 2648 507 2714 noniae,
553 2651 783 2721 populus
810 2651 1184 2722 Christianus,
1232 2665 1454 2727 accepto
1481 2672 1708 2728 corpore
1736 2657 1882 2713 beati

298 2737 511 2805 Quirini
540 2743 818 2815 martyris,
858 2745 1087 2801 Romam
1118 2746 1286 2819 fugit,
1325 2757 1380 2802 et
1409 2764 1594 2804 sacras
1623 2749 1882 2819 reliquias

299 2831 390 2886 via
414 2832 604 2904 Appia,
637 2837 800 2893 tertio
830 2838 1086 2894 milliario
1119 2840 1188 2895 ab
1217 2840 1382 2908 Urbe,
1416 2841 1471 2896 in
1501 2841 1727 2898 ecclesia
1754 2856 1882 2911 apo-

300 2924 562 2982 stolorum
594 2927 744 2984 Petri
773 2938 828 2985 et
852 2930 1006 2988 Pauli
1032 2972 1050 2999 ,
1094 2934 1184 2988 ubi
1213 2934 1524 3006 aliquandiu
1553 2933 1842 3006 iacuerunt
1863 2977 1878 3004 ,

297 3017 545 3088 sepelivit
572 3019 626 3074 in
652 3021 773 3078 loco
797 3023 890 3093 qui
917 3023 1118 3080 dicitur
1141 3024 1522 3083 Catacumbas.

366 3130 457 3188 '51.
489 3133 693 3191 Detulit
715 3137 842 3192 item
885 3146 941 3193 et
968 3138 1226 3210 reliquias
1251 3138 1453 3196 Urbani
1491 3153 1643 3211 papae
1666 3147 1724 3196 et
1749 3153 1881 3196 con-

295 3220 525 3279 fessoris
554 3225 604 3291 k,
633 3226 787 3297 cujus
813 3227 1057 3284 doctrina
1081 3245 1179 3286 suo
1201 3237 1439 3301 tempore
1461 3230 1616 3286 multi
1635 3231 1880 3287 coronati

294 3324 426 3371 sunt
451 3318 747 3388 martyrio;
777 3334 898 3376 ossa
919 3335 1132 3392 quoque
1160 3330 1360 3378 sanctae
1381 3321 1608 3379 Caeciliae
1630 3323 1876 3395 virginis,

294 3421 417 3476 quae
443 3424 698 3479 sponsum
734 3425 889 3466 suum
917 3409 1250 3483 fratremque
1276 3412 1393 3483 ejus
1411 3411 1629 3469 Christo
1648 3413 1878 3482 lucrata,

292 3505 570 3572 martyres
607 3500 771 3568 fecit;
813 3509 866 3558 et
896 3502 1011 3573 ipsa
1050 3503 1244 3559 deinde
1281 3504 1660 3576 martyrizata,
1701 3505 1880 3576 ignem

293 3587 515 3658 quidem
541 3604 821 3660 superans,
851 3592 945 3647 sed
972 3591 1118 3648 ferro
1143 3593 1320 3648 occisa
1346 3595 1444 3650 sub
1470 3594 1751 3651 Almachio
1780 3596 1881 3653 Ur-

289 3679 376 3736 bis
400 3679 693 3751 prarfecto;
725 3698 934 3740 necnon
970 3692 1025 3740 et
1065 3699 1189 3741 ossa
1222 3694 1532 3742 sanctorum
1563 3686 1792 3743 Tiburtii
1825 3696 1882 3744 et

291 3770 569 3828 Valeriani
609 3774 812 3845 latque
840 3775 1072 3841 Maximi,
1101 3791 1331 3846 quorum
1351 3777 1509 3847 primi
1541 3778 1757 3849 quidem
1779 3780 1880 3835 sub

288 3867 551 3936 praedicto
575 3866 858 3923 Almachio
893 3866 1054 3924 Urbis
1092 3868 1378 3939 praefecto,
1413 3868 1644 3926 fustibus
1671 3871 1794 3926 caesi
1824 3879 1881 3927 et

293 3958 470 4029 gladio
501 3967 627 4015 sunt
650 3961 927 4030 percussi,
965 3961 1186 4018 ultimus
1213 3977 1340 4018 vero
1369 3963 1553 4018 tandiu
1588 3963 1881 4035 plumbatis

292 4049 612 4106 verberatus
633 4061 736 4118 est,
764 4051 934 4108 donec
953 4053 1203 4109 redderet
1233 4053 1502 4123 spiritum.
1526 4053 1721 4108 Attulit
1743 4071 1876 4125 quo-

293 4155 400 4212 que
427 4156 550 4197 ossa
577 4151 887 4199 sanctorum
913 4144 1149 4216 Agapiti,
1189 4144 1436 4201 Januarii
1457 4153 1512 4202 et
1537 4146 1737 4218 Magni,
1766 4147 1880 4202 dia-

292 4247 550 4289 coriorum
580 4233 723 4290 beati
753 4233 890 4291 Sixti
909 4251 1092 4307 papae,
1140 4237 1232 4307 qui
1262 4252 1383 4294 cum
1421 4253 1487 4294 eo
1515 4239 1613 4294 sub
1652 4238 1814 4293 Decio
1837 4249 1880 4280 ιιι

292 4323 542 4380 decollati
585 4334 742 4394 sunt,
773 4327 913 4384 sicut
952 4329 1007 4382 in
1045 4328 1211 4401 gestis
1236 4329 1635 4398 pontiﬁcalibus
1662 4329 1877 4399 legitur.

287 4413 527 4473 Zenonis
568 4427 597 4455 ιι
633 4431 847 4489 quoque
893 4418 1105 4476 diaconi
1144 4428 1200 4476 et
1243 4419 1512 4491 Hippolyti
1559 4428 1583 4456 ο
1625 4421 1882 4492 martyris

283 4588 291 4599 ’
364 4611 392 4640 ιι
411 4599 565 4674 Alias
580 4601 802 4674 _horum
843 4601 1161 4673 pontiﬁcum
1204 4601 1463 4674 reliquias
1493 4603 1716 4659 biennio
1752 4612 1880 4660 ante

287 4667 550 4742 attulerat
575 4667 920 4742 Sabbatinus,
952 4689 1114 4742 supra
1142 4691 1199 4728 n.
1228 4667 1521 4730 17.'BOLL.

361 4737 706 4814 bAgapitus,
744 4737 1035 4798 Januarius
1077 4752 1132 4798 et
1167 4743 1390 4814 Magnus
1434 4743 1573 4798 infra
1619 4745 1874 4800 dicuntur

286 4809 503 4884 diaconi
532 4809 766 4884 SLSixti
795 4829 945 4884 papae
963 4855 978 4881 ,
1020 4815 1218 4882 quibus
1237 4809 1554 4870 Vincentius
1585 4815 1748 4868 etiam
1786 4831 1873 4871 so-

283 4881 405 4955 cius
429 4880 550 4955 fuit.
585 4880 849 4955 Coluntur
865 4880 995 4940 cum
1024 4880 1081 4939 S.
1111 4884 1265 4940 Sixto
1289 4885 1322 4939 6
1344 4885 1592 4955 Augusti.
1621 4885 1746 4955 Agit
1771 4884 1874 4940 Ra-

283 4949 464 5038 banus
490 4953 558 5038 de
587 4952 644 5008 S.
668 4954 957 5038 Vincen_ti_o
984 4970 1160 5038 poem.

321 5092 333 5104 _
357 5032 394 5109 si
411 5022 644 5109 Rabang
866 5025 935 5080 54
956 5022 1172 5109 videtur
1197 5026 1425 5098 intelligi
1453 5041 1680 5096 magnus
1702 5024 1872 5082 Geor-

283 5095 424 5164 gius,
457 5095 550 5163 qui
577 5095 648 5149 25
671 5095 872 5166 Aprilis
897 5096 1110 5152 colitur.
1152 5096 1228 5152 In.
1378 5095 1398 5098 ’
1554 5095 1567 5096 ί

283 5162 711 5289 magism?
732 5166 831 5222 SS.
859 5167 1090 5224 Tiburtii
1115 5175 1172 5224 et
1189 5167 1488 5235 Valeriani,
1511 5168 1708 5238 quibus
1730 5166 1873 5223 infra

279 5237 570 5303 iungitur?
607 5237 684 5290 In.
1530 5237 1545 5238 κ

287 5305 786 5430 ιιὲ.ῗῗ,Ν⁰νθ¹“¹³’
832 5309 1090 5366 “ibam”
1131 5317 1369 5380 υοθωειο
1406 5308 1528 5376 ηε»
1581 5307 1704 5375 1³1,
1745 5307 1875 5376 455.

365 5445 388 5522 ξ
415 5447 767 5522 QS‘Deeemb.
801 5451 1054 5508 Rabanus
1079 5466 1256 5522 poem.
1287 5451 1412 5517 114,
1442 5449 1573 5522 122,
1606 5449 1682 5504 In.

363 5517 388 5597 ε
417 5516 683 5597 Coluntur
719 5519 802 5597 ha:
829 5522 1064 5597 virgines
1082 5516 1167 5578 ~et
1209 5516 1476 5597 martyres
1513 5521 1584 5597 22
1611 5528 1750 5597 sept.
1772 5520 1874 5597 _In.

357 5586 589 5663 h_IIujus
622 5591 868 5663 natalem,
901 5586 1128 5648 necdum
1169 5586 1486 5663 reperimus.
1536 5591 1622 5663 An
1673 5586 1731 5646 S.
1764 5590 1869 5646 Co-

287 5657 534 5732 lumineL
556 5676 651 5716 seu
679 5662 1062 5726 Cordubensis,
1096 5664 1210 5718 sive
1232 5657 1596 5728 'Senonensis,
1639 5677 1871 5732 quarum

289 5728 379 5783 illa
405 5729 478 5802 Δ17
503 5729 802 5802 Septemb,
834 5735 950 5788 haec
972 5733 1034 5786 5t
1063 5734 1311 5789 Decemb.
1341 5735 1566 5798 colitur;
1599 5728 1673 5787 an
1691 5733 1872 5802 potius

291 5799 468 5879 tertiae
493 5799 738 5879 alicujus,
755 5819 868 5879 _nos
891 5803 1041 5879 latet.
1083 5803 1158 5879 In.

369 5871 386 5914 ί
411 5869 721 5929 ιιιυὶεοιίεηι
746 5872 958 5932 fratrem
975 5874 1271 5932 Deusdonw
1292 5890 1432 5946 saepe
1453 5873 1699 5932 nominat
1712 5872 1872 5945 Egin-

1997 622 2131 679 colla
2155 623 2534 681 indomitorum
2554 640 2834 696 equorum,
2851 641 2903 686 et
2921 649 3020 703 per
3038 635 3320 691 cardetum
3345 645 3573 708 tractus,

1995 713 2175 770 emisit
2198 715 2465 786 spiritum.
2499 717 2705 789 Aquin
2733 731 2762 770 P
2785 722 2948 778 etiam
2985 733 3148 796 atque
3176 726 3464 797 Priscillae,
3493 732 3574 790 uti

1991 807 2159 863 Actus
2212 809 2575 878 apostolorum
2631 821 2934 881 testantur,
2992 817 3262 886 quondam
3313 823 3574 877 comitum

1954 962 1958 966 ,
1991 899 2162 967 Pauli,
2192 909 2564 958 sacrosanctas
2601 904 2854 976 reliquias
2875 907 3105 975 detulit;
3146 910 3211 966 de
3248 911 3443 982 quibus
3476 926 3574 982 per

1989 995 2162 1062 viam,
2208 1011 2315 1066 qua
2361 995 2705 1066 ferebantur,
2755 1015 3009 1072 magnum
3058 1009 3218 1070 atque
3267 1001 3571 1057 inauditum

1991 1088 2215 1160 contigit
2247 1088 2597 1155 miraculum,
2627 1105 2758 1146 vero
2799 1093 2998 1147 etenim
3047 1106 3240 1148 cruore
3283 1092 3415 1147 visae
3448 1099 3575 1148 sunt

1990 1182 2290 1248 maduisse,
2339 1197 2465 1237 nam
2509 1190 2688 1238 tantus
2734 1185 2929 1240 humor
2969 1185 3247 1257 sanguinei
3282 1184 3477 1240 coloris
3506 1183 3572 1239 de

1990 1270 2162 1327 loculo
2205 1273 2261 1326 in
2297 1287 2402 1342 quo
2429 1273 2659 1328 conditae
2699 1271 2913 1328 fuerant
2955 1273 3260 1339 distillavit,
3305 1282 3365 1327 ut
3393 1281 3572 1328 vestes

1991 1375 2202 1432 quoque
2224 1363 2554 1432 portantium
2580 1361 2843 1430 inliceret,
2869 1370 3184 1435 mentesque
3208 1361 3570 1433 spectantium

1989 1455 2068 1509 rei
2097 1455 2333 1510 novitate
2355 1455 2691 1526 percelleret.

2059 1565 2147 1620 52.
2178 1565 2342 1636 Igitur
2372 1581 2494 1622 cum
2524 1567 2819 1633 venissent,
2853 1567 3090 1638 suscepit
3120 1581 3213 1622 eos
3246 1564 3570 1622 Santhratus

1989 1654 2156 1710 frater
2195 1664 2416 1721 noster,
2469 1671 2632 1727 quem
2678 1656 2880 1712 cellulae
2929 1655 3178 1712 Suolonis
3219 1656 3569 1726 praepositum

1989 1745 2156 1801 fuisse
2185 1761 2346 1816 supra
2374 1746 2606 1802 diximus
2653 1747 2842 1819 (Num.
2865 1746 2974 1819 18).
3009 1747 3075 1802 Et
3118 1750 3406 1803 adventum
3451 1747 3570 1816 qui-

1991 1839 2113 1894 dem
2139 1853 2324 1893 eorum
2366 1853 2487 1893 cum
2516 1838 2795 1893 celeritate
2823 1837 3074 1892 nuntiare
3102 1838 3310 1893 curavit
3343 1837 3522 1891 abbati
3547 1853 3564 1903 ;

1989 1930 2247 2000 reliquias
2275 1946 2403 1986 vero
2435 1931 2488 1984 in
2518 1930 2635 1985 loco
2657 1930 2747 1999 qui
2776 1938 2998 1984 vocatur
3024 1928 3366 1985 HoltZkircha
3401 1930 3569 1984 hono-

1989 2019 2141 2075 riﬁce
2171 2019 2484 2085 collocavit,
2533 2020 2756 2074 sabbato
2802 2027 2988 2074 sancto
3025 2019 3370 2095 Pentecostes
3396 2034 3430 2070 v
3457 2015 3566 2072 Ka-

1988 2112 2172 2167 lendas
2191 2111 2332 2167 Junii
2359 2123 2407 2164 q.
2435 2111 2697 2167 Convenit
2717 2119 2895 2166 autem
2921 2110 3048 2166 illuc
3067 2110 3352 2165 multitudo
3372 2124 3568 2180 magna

1986 2204 2225 2260 virorum
2255 2219 2318 2259 ac
2344 2203 2652 2268 mulierum,
2693 2203 2835 2257 inter
2862 2216 2995 2271 quos
3021 2201 3247 2256 adducta
3281 2209 3366 2256 est
3393 2199 3568 2270 puella

1985 2295 2230 2364 quaedam
2254 2293 2572 2359 duodennis,
2597 2308 2628 2347 a
2649 2292 2930 2348 nativitate
2951 2307 3092 2348 caeca
3115 2299 3170 2348 et
3189 2291 3427 2346 brachiis
3447 2306 3569 2346 cru-

1987 2386 2245 2454 ribusque
2272 2394 2550 2441 contracta
2578 2405 2589 2439 :
2629 2401 2746 2455 quae
2773 2399 2870 2454 per
2898 2384 3091 2441 merita
3118 2392 3174 2438 et
3200 2385 3472 2439 orationes
3509 2382 3567 2442 in

1984 2475 2114 2546 ipsis
2142 2475 2340 2547 vigiliis
2367 2485 2422 2530 et
2457 2477 2742 2531 sanitatem
2771 2475 3136 2530 membrorum
3157 2481 3211 2528 et
3235 2489 3392 2529 usum
3416 2485 3566 2527 rece-

1981 2568 2062 2640 pit
2091 2569 2391 2625 oculorum.
2422 2569 2547 2622 Inde
2564 2575 2686 2638 post
2713 2566 2828 2621 dies
2849 2567 2982 2620 duos
3007 2564 3091 2620 vel
3117 2572 3228 2620 tres
3250 2563 3435 2636 [Boll.,
3451 2562 3566 2618 dies

1983 2659 2127 2733 octo]
2157 2660 2353 2716 mulier
2377 2660 2619 2730 quzedam
2644 2674 2784 2714 caeca
2813 2673 2970 2713 usum
2993 2657 3213 2728 recepit,
3250 2665 3306 2712 et
3331 2654 3566 2710 hominis

1984 2751 2262 2822 cujusdam
2294 2766 2326 2805 a
2346 2749 2631 2805 nativitate
2655 2748 2790 2803 muti
2819 2748 2888 2803 ad
2915 2746 3239 2817 loquendum
3269 2745 3448 2816 lingua
3477 2759 3562 2801 re-

1983 2847 2169 2902 stituta
2195 2855 2296 2900 est.
2320 2843 2449 2900 Post
2474 2844 2591 2898 haec
2616 2843 2701 2898 die
2741 2841 2897 2897 tertia
2926 2840 3171 2910 quaedam
3197 2837 3412 2902 mulier,
3442 2852 3563 2906 quae

1983 2934 2160 2991 tribus
2181 2934 2455 2989 continuis
2477 2933 2634 2988 annis
2657 2931 2792 2986 nihil
2811 2931 3000 2985 videns
3023 2939 3045 2966 τ
3063 2968 3078 2994 ,
3105 2943 3204 2999 per
3223 2927 3417 2983 merita
3440 2941 3565 2981 san-

1982 3034 2192 3082 ctorum
2214 3024 2395 3080 lumen
2421 3024 2660 3094 recipere
2687 3021 2906 3078 meruit.
2937 3020 3002 3074 Et
3031 3019 3278 3089 sequenti
3309 3017 3395 3074 die
3425 3016 3563 3072 alte-

1981 3117 2097 3173 rius
2121 3116 2362 3173 mulieris
2389 3130 2584 3171 manus
2611 3121 2913 3179 contracta,
2939 3110 3181 3184 pristina:
3207 3109 3456 3167 restituta
3482 3115 3568 3164 est

1983 3209 2225 3266 sanitati.

2054 3324 2142 3379 '55.
2178 3323 2345 3396 Igitur
2373 3325 2501 3379 dum
2532 3322 2659 3378 talia
2689 3322 2828 3394 apud
2857 3320 3111 3391 reliquias
3145 3325 3457 3376 sanctorum
3485 3315 3566 3371 di-

1985 3416 2185 3472 vinitus
2208 3424 2496 3486 agerentur
2511 3455 2527 3482 ,
2564 3422 2828 3470 venerunt
2851 3412 2942 3482 qui
2971 3412 3040 3465 ab
3062 3410 3254 3465 abbate
3275 3406 3424 3463 missi
3447 3405 3564 3462 fue-

1985 3516 2142 3575 runt,
2168 3522 2237 3563 ex
2273 3506 2552 3563 monachis
2572 3504 2774 3561 nostris
2817 3500 3122 3576 presbyteri
3162 3509 3306 3565 tres,
3333 3512 3564 3569 quorum

1981 3617 2123 3658 unus
2151 3601 2447 3657 vocabatur
2483 3598 2783 3670 Megingoz,
2815 3595 2948 3652 alter
2974 3592 3231 3651 Oedoltus
3265 3593 3564 3655 dicebatur,

1984 3693 2174 3749 tertius
2218 3700 2396 3747 autem
2444 3690 2840 3746 Thcothmarus
2884 3693 3037 3753 erat,
3081 3685 3223 3740 idem
3267 3682 3420 3752 cujus
3461 3680 3567 3738 feci

1982 3781 2312 3836 mentionem
2361 3777 2550 3850 (Num.
2601 3775 2688 3848 1'5)
2732 3776 2788 3831 in
2818 3773 3169 3830 translatione
3215 3770 3567 3842 reliquiarum

1980 3875 2128 3931 beati
2157 3872 2415 3944 martyris
2442 3869 2756 3926 Alexandri.
2799 3868 2899 3935 Qui
2927 3865 3219 3921 secundum
3250 3863 3566 3917 mandatum

1981 3965 2125 4036 quod
2162 3963 2454 4028 habebant,
2493 3960 2730 4030 acceptis
2757 3966 3070 4014 sanctorum
3101 3953 3312 4010 ossibus
3343 3966 3461 4022 qua:
3489 3950 3568 4004 al-

1981 4056 2089 4111 lata
2117 4055 2354 4120 fuerant,
2386 4067 2511 4110 cum
2552 4051 2758 4106 honore
2791 4057 2847 4104 et
2881 4045 3186 4102 reverentia
3222 4042 3365 4098 ferre
3390 4053 3570 4111 cnspe-

1979 4156 2125 4203 runt.
2153 4146 2421 4203 Comitata
2450 4151 2535 4200 est
2562 4150 2744 4197 autem
2771 4153 2864 4196 eos
2889 4135 3177 4194 multitudo
3202 4147 3396 4203 magna
3425 4131 3570 4186 viro-

1982 4255 2103 4297 rum
2127 4255 2192 4296 ac
2216 4238 2502 4309 mulierum
2531 4233 2898 4306 psallentium,
2920 4237 2976 4285 et
2996 4229 3204 4285 divinas
3231 4225 3416 4280 laudes
3445 4238 3570 4295 gra-

1982 4330 2274 4387 tulabunda
2314 4343 2447 4384 voce
2492 4325 2823 4383 canentium.
2861 4322 2938 4377 De
2963 4319 3115 4391 pagis
3155 4330 3369 4388 quoque
3402 4323 3459 4371 et
3499 4313 3568 4369 de

1980 4422 2123 4478 villis
2147 4420 2396 4479 certatim
2419 4418 2600 4492 populi
2624 4415 3016 4479 conﬂuxerunt,
3034 4410 3362 4466 adducentes
3383 4420 3566 4463 secum

1983 4599 2185 4655 bardus
2206 4598 2262 4653 in
2282 4596 2520 4653 Historia
2543 4589 2909 4650 translationis
2930 4585 3281 4656 reliquiarum
3305 4582 3406 4640 SS.
3429 4581 3562 4637 Mar-

1983 4670 2160 4726 cellini
2187 4677 2242 4724 et
2263 4667 2433 4731 Petri,
2462 4666 2684 4736 ejusque
2710 4655 3226 4736 avaritiam_culpat.
3263 4655 3358 4734 In._

2055 4740 2067 4790 i
2102 4739 2298 4807 Aliqua
2340 4725 2508 4804 hujus
2541 4725 2613 4807 Sf
2631 4731 2841 4800 Quirini
2878 4727 3136 4783 attulerat
3177 4725 3398 4779 biennio
3438 4727 3564 4776 ante

1980 4811 2124 4866 idem
2155 4805 2498 4862 sabbatinus.
2541 4805 2618 4858 In.
3162 4830 3180 4866 ,-

2053 4862 2232 4959 itimo
2253 4876 2538 4959 martyris,
2569 4882 2630 4957 ut
2664 4887 2830 4959 supra
2877 4886 2932 4959 Il.
2979 4865 3078 4934 15,
3122 4864 3216 4921 ubi
3247 4863 3390 4919 Deus
3423 4862 3563 4918 dona

1981 4951 2192 5022 aliquas
2220 4949 2380 5018 hujus
2397 4941 2665 5018 reliquias
2691 4941 2856 4998 dedit.
2883 4941 3046 4996 BOLL.

2059 5023 2075 5060 1
2111 5021 2371 5076 Coluntur
2397 5019 2464 5072 14
2497 5016 2716 5088 Aprilis.
2763 5013 3019 5068 Rabanus
3058 5020 3237 5079 poem.
3280 5003 3380 5070 52,
3426 5001 3560 5070 126,

1981 5093 2104 5149 151.
2143 5093 2220 5147 In.

2054 5144 2104 5202 ιῖἷ
2125 5144 2237 5217 Sub
2260 5160 2546 5216 Valeriano
2570 5158 2700 5231 imp.
2732 5156 2984 5231 [tabanus
3012 5162 3189 5231 poem.
3220 5144 3344 5227 127.
3374 5144 3451 5200 In.

2053 5244 2082 5272 ιι
2112 5215 2264 5288 Varii
2299 5232 2544 5286 Zenones
2571 5215 2840 5283 col-untur.
2873 5215 3043 5288 Hujus
3083 5216 3296 5272 diaconi
3329 5215 3560 5272 necdum

1980 5304 2218 5374 natalem
2244 5303 2565 5374 reperimus.
2599 5299 2677 5353 In.
2714 5368 2728 5374 _
2770 5365 2813 5374 κ
2851 5364 2863 5374 _
2933 5361 2946 5374 ,
3233 5357 3297 5374 π
3451 5355 3469 5374 ,
3494 5354 3534 5374 _,

2053 5355 3075 5445 5ﬁ1ivAugustipassussubjaleriano,
3100 5374 3209 5414 non
3233 5355 3414 5414 Decio.
3437 5355 3561 5426 Agit

1978 5445 2234 5501 Rabanus
2263 5433 2450 5512 poem:
2475 5442 2564 5507 40,
2594 5440 2682 5502 48,
2718 5437 2846 5512 121._
2862 5433 2946 5512 In.

2053 5528 2081 5567 ι)
2108 5517 2141 5570 8
2163 5503 2309 5568 Julii.
2337 5503 2590 5568 Rabanus
2615 5503 2946 5580 poem._126.
2982 5503 3057 5580 In.

2051 5561 2079 5636 (-1
2105 5561 2268 5650 {36117;
2275 5561 2604 5637 'kzkaﬁiﬁ
2611 5561 2738 5633 ἦήἰί.
2774 5575 2910 5650 Man.
2941 5575 3343 5650 —_I_irov_verus,
3366 5581 3405 5650 χ
3429 5561 3555 5650 Κ

1977 5637 2137 5712 ιπηιξῖ
2154 5637 2456 5726 aetheriam.
2483 5651 2617 5726 Nam
2639 5647 2972 5726 31390.6an
3006 5637 3560 5726 858.€e§‘“‘!!?99§£:

1979 5703 2742 5783 éééiés’iﬁaaiﬁhsiuna.
2776 5717 2910 5788 Ipsis
2953 5730 3081 5786 ergo
3121 5709 3375 5768 Kalendis
3409 5703 3555 5762 Junii

1979 5798 2080 5854 fuit
2112 5796 2396 5851 sabbatum
2428 5793 2794 5846 Pentecostes.
2823 5789 2983 5843 BOLL.

2050 5879 2078 5950 f
2105 5867 2267 5924 Forte
2291 5865 2511 5922 viderat.
2540 5861 2616 5917 In.
