4016 6478
311 389 377 446 61
1681 380 1907 448 PROLE

2016 380 2215 447 “ENA.
3496 402 3565 458 62

312 503 541 579 pulchra
566 502 829 560 varietate
855 501 1143 569 decoravit,
1186 502 1402 577 scriptis
1436 504 1492 560 in
1521 503 1749 563 circuitu
1780 523 1893 563 me-
1917 511 1971 573 Α
1996 506 2099 563 ﬁde
2122 507 2489 577 perduxerunt
2509 508 2578 565 ad
2600 510 2916 568 memoriam
2938 521 3247 571 sanctorum
3269 475 3569 589 martyrum

314 597 471 655 tricis
496 597 743 653 versibus
768 596 964 652 litteris
992 596 1283 663 deauratis,
1316 598 1419 653 hoc
1443 597 1630 655 modo:

439 708 568 774 Ecce
601 709 729 774 viros
752 712 871 760 istos
890 709 1192 774 ,Aprzeclaros
1214 709 1354 774 valde
1379 717 1643 774 patronos,

505 771 654 823 Roma
680 771 832 823 decus
854 771 988 822 orbis
1011 774 1211 823 miserat
1244 772 1338 823 huc
1360 771 1578 833 pariter:

443 833 573 899 Qu_os
596 846 791 899 quoque
818 834 1042 899 [tabanus
1067 833 1260 899 humilis
1291 834 1744 899 susceperat‘abbas
1764 874 1778 899 ,

504 892 723 947 Przesuie
756 909 866 946 eum
890 895 1162 947 Humberto
1187 898 1282 946 rite
1300 892 1475 948 locavit
1507 902 1558 946 et
1579 895 1674 946 hic.

442 956 533 1009 Hic
555 956 759 1019 Magnus
783 966 951 1019 pausat
975 962 1175 1019 martyr,
1200 957 1453 1007 Januarius
1474 964 1623 1019 atque
1643 996 1659 1020 ,

505 1021 675 1070 (inicio
699 1023 920 1083 insignes
939 1027 1128 1083 ,_atque
1152 1022 1306 1071 sacris
1330 1020 1553 1070 meritis:

442 1081 534 1144 Qui
559 1095 668 1133 cum
694 1080 926 1144 Poniiﬁce
952 1080 1138 1144 Christo
1160 1094 1393 1132 mucrone
1415 1081 1660 1144 perempti

510 1141 713 1207 Levita,
740 1143 864 1195 cmlo
897 1142 1212 1194 reddiderant
1235 1141 1431 1194 animas:

388 1226 477 1280 59.
514 1225 681 1296 igitur
708 1241 775 1281 ex
816 1240 881 1282 eo
912 1230 1153 1294 tempore
1183 1230 1291 1295 que
1328 1239 1513 1279 eorum
1562 1236 1730 1280 sacrm
1767 1223 1895 1279 reli-

318 1316 459 1385 quia:
482 1316 556 1372 ibi
581 1318 809 1372 conditae
844 1323 1000 1383 sunt,
1048 1316 1226 1371 divina
1272 1328 1442 1386 usque
1486 1315 1646 1370 hodie
1690 1313 1900 1386 populis

317 1407 625 1477 praebentur
662 1409 943 1464 beneﬁcia.
977 1407 1081 1462 Per
1119 1408 1389 1464 orationes
1422 1409 1566 1463 enim
1610 1415 1664 1462 et
1709 1407 1899 1463 merita

316 1510 508 1552 eorum
531 1498 733 1554 debiles
757 1510 814 1554 et
840 1499 1037 1554 inﬁrmi
1062 1504 1341 1566 curantur,
1366 1506 1418 1554 et
1441 1500 1508 1554 ab
1528 1497 1762 1554 obsessis
1783 1512 1901 1553 eor-

318 1590 541 1658 poribus
569 1591 839 1647 daemones
858 1591 1181 1663 eii'ugantur,
1223 1606 1289 1647 ac
1322 1590 1624 1647 desiderata
1672 1591 1902 1647 fideliter

317 1681 598 1737 orantibus
634 1690 758 1751 vota
794 1690 1136 1753 prmstantur.
1187 1682 1268 1738 Ex
1308 1684 1502 1755 quibus
1540 1695 1709 1752 pauca
1740 1683 1902 1737 mira-

319 1770 458 1836 cuia,
497 1787 618 1842 qua:
644 1773 710 1827 ab
737 1772 822 1828 bis
848 1772 939 1842 qui
963 1780 1258 1843 praesentes
1303 1779 1488 1838 erant,
1529 1781 1585 1829 et
1623 1789 1688 1829 ea
1725 1782 1783 1829 se
1817 1774 1902 1828 vi-

1996 605 2171 652 stante
2207 597 2522 654 Eburbardo
2546 600 2861 672 presbytero
2883 601 3038 672 juxta
3064 604 3258 672 altare,
3281 621 3346 661 ae
3373 606 3570 663 missas

1994 688 2321 745 celebrante.
2351 689 2592 762 Cumque
2638 708 2737 764 pro
2772 709 2835 749 ea
2876 695 3073 753 fuisset
3113 705 3359 765 orenam,
3394 698 3573 754 subito

1995 782 2330 837 immundum
2366 784 2548 839 nescio
2576 786 2707 855 quid
2752 801 2819 844 ac
2853 786 3085 844 fetidum
3118 792 3389 859 evomuit,-
3430 789 3576 862 pari-

1995 882 2185 944 terque
2212 892 2334 931 cum
2356 878 2561 932 vomitu
2590 894 2811 949 egresso
2836 879 3113 937 daemonis
3129 883 3325 938 curata
3349 889 3411 938 et.
3429 890 3577 937 sanae

1993 970 2194 1025 mentis
2220 968 2408 1026 effecta
2434 979 2537 1037 est,
2563 970 2813 1043 factaque
2835 983 3183 1044 peccatorum
3205 988 3427 1032 suorum
3448 989 3579 1031 eon—

1997 1058 2260 1127 fessione,
2309 1063 2546 1133 gaudens
2579 1073 2633 1119 et
2658 1065 2882 1123 laudans
2905 1067 3077 1124 Deum
3117 1077 3337 1125 reversa
3380 1076 3465 1125 est
3510 1066 3579 1122 ad

1998 1152 2215 1209 domum
2247 1169 2423 1211 suam.

2067 1242 2158 1295 4‘2.
2192 1243 2286 1298 Vir
2308 1243 2527 1314 quidam
2555 1254 2675 1302 erat
2700 1247 2755 1303 in
2781 1249 3000 1319 regione
3019 1250 3132 1318 illa,
3150 1250 3461 1307 Frevlrleus
3485 1263 3581 1305 no-

1999 1333 2164 1400 mine,
2193 1335 2257 1389 de
2284 1334 2412 1389 vilia
2441 1350 2560 1405 quae
2582 1346 2808 1394 vocatur
2834 1339 3120 1411 Betting’a;
3162 1340 3316 1410 cujus
3353 1340 3578 1406 ariciiia,

1999 1426 2262 1481 vocabulo
2289 1425 2576 1494 Gersuind,
2604 1430 2782 1485 subito
2821 1431 3121 1496 obmutuit,
3151 1445 3215 1486 ae
3244 1434 3342 1501 per
3374 1438 3583 1499 septem

2002 1518 2287 1573 continuos
2330 1519 2445 1574 dies
2486 1526 2634 1575 muta
2682 1522 3016 1591 permansit;
3056 1524 3250 1577 Octavo
3281 1524 3461 1577 autem
3500 1519 3586 1576 die

2005 1609 2071 1662 ad
2102 1608 2746 1681 memoriam'martyrum
2776 1612 3027 1677 adducta,
3052 1627 3152 1682 per
3176 1613 3370 1668 merita
3397 1624 3586 1667 eorum

2002 1698 2245 1766 pristiam
2276 1699 2525 1754 restituta
2559 1708 2645 1756 est
2675 1701 2914 1757 sanitati.-
2950 1702 3085 1758 Nam
3113 1717 3237 1758 cum
3273 1702 3329 1757 in
3357 1701 3587 1758 eccleSia

2004 1788 2218 1859 publice
2251 1789 2541 1846 missarum
2568 1803 2855 1863 agerentur
2872 1793 3157 1859 solemnia,
3177 1801 3233 1848 et
3259 1793 3418 1849 lectio
3440 1791 3589 1862 iege-

319 1862 463 1917 disse
485 1864 668 1919 testati
688 1863 916 1929 sunt,ad
940 1878 1117 1918 meam
1140 1864 1391 1919 notitiam
1411 1864 1602 1920 litteris
1625 1862 1899 1931 denotata,

2016 1889 2154 1934 retur
2187 1880 2484 1952 Evangelii,
2507 1862 2776 1938 stantibus
2796 1884 3047 1939 omnibus
3064 1881 3218 1952 juxta
3238 1896 3443 1938 morem
3464 1896 3589 1938 eum

316 1953 561 2010 breviter
588 1955 841 2010 intimare
867 1955 1070 2010 curavi.
1102 1953 1241 2010 Villa
1271 1962 1357 2011 est
1389 1957 1457 2012 ab
1478 1970 1543 2011 eo
1573 1957 1903 2011 monasterio

318 2046 574 2117 passibus
602 2046 750 2103 mille
774 2048 979 2103 distans
1008 2048 1073 2102 ad
1102 2046 1379 2103 Meridiem
1398 2088 1412 2115 ,
1444 2048 1663 2104 nomine
1700 2047 1905 2103 Gundi-

323 2140 583 2206 cbenhus,
622 2154 688 2195 ex
721 2156 827 2211 qua
861 2140 1055 2196 mulier
1079 2141 1325 2211 quaedam
1355 2141 1572 2197 nomine
1605 2140 1898 2211 Adalburg,

318 2245 443 2286 cum
470 2232 699 2288 sedisset
725 2234 792 2288 ad
828 2240 1074 2289 mensam
1100 2250 1226 2290 cum
1254 2235 1451 2291 marito
1480 2249 1609 2301 suo,
1637 2240 1697 2289 ut
1722 2235 1903 2290 cibum

316 2331 539 2395 caperet
556 2365 573 2392 ,
596 2325 774 2381 subita
802 2328 1172 2384 contractione
1211 2332 1500 2383 nervorum
1541 2328 1615 2383 ita
1639 2327 1900 2398 deriguit,

316 2424 379 2471 ut
418 2417 688 2488 unguibus
731 2418 788 2473 in
824 2419 1059 2491 palmam
1083 2420 1276 2477 deﬁxis
1304 2426 1645 2493 nequaquam
1676 2420 1901 2488 digitum

318 2524 351 2565 a
374 2509 544 2581 digito
569 2511 833 2580 potuisset
860 2513 1152 2583 explicare.
1189 2508 1342 2581 Quod
1380 2518 1612 2569 cernens
1648 2511 1766 2584 ejus
1791 2527 1905 2567 ma-

318 2601 477 2668 ritus,
502 2610 703 2673 quanta
728 2604 905 2675 potuit
928 2604 1223 2673 celeritate,
1254 2607 1567 2675 praedictam
1612 2605 1680 2660 ad
1720 2618 1903 2660 mona-

317 2695 544 2752 sterium
576 2699 909 2769 presbyteris
941 2704 996 2754 et
1031 2698 1288 2755 fratribus
1313 2699 1415 2755 ioci
1445 2698 1589 2754 illius
1611 2706 1905 2769 praesenta-

320 2788 417 2855 vit,
444 2789 752 2860 supplicans
780 2799 839 2846 ut
866 2804 966 2861 pro
986 2793 1216 2849 sanitate
1245 2792 1388 2847 illius
1413 2792 1649 2847 divinam
1671 2790 1904 2846 elemen-

321 2878 456 2934 tiam
496 2888 865 2950 precarentur.
918 2882 1088 2938 Ducta
1137 2890 1221 2938 est
1268 2883 1432 2954 igitur
1474 2883 1542 2938 ad
1585 2882 1905 2938 memoriam

320 2980 641 3045 martyrum,
681 2974 1049 3047 fratribusque
1090 2975 1458 3046 vespertinum
1507 2972 1905 3033 celebrantibus

317 3062 587 3132 ollieium,
613 3073 670 3121 et
700 3066 791 3121 illa
838 3081 1024 3123 coram
1070 3067 1228 3122 altari
1275 3069 1545 3137 pi‘bStrata
1592 3074 1647 3123 et
1692 3075 1903 3134 orante,

316 3156 544 3214 dextera
568 3160 618 3215 ei
657 3175 851 3217 manus
892 3163 1140 3217 restituta
1178 3160 1296 3228 est;
1341 3161 1512 3217 altera
1556 3171 1737 3217 autem
1781 3160 1901 3228 die,

2006 1964 2222 2026 silentio
2250 1980 2306 2027 et
2334 1974 2634 2028 reverentia
2653 2014 2681 2043 ,_
2711 1973 2803 2028 illa
2846 1982 3067 2044 repente
3093 1974 3249 2045 quasi
3272 1973 3326 2029 vi
3354 1973 3587 2043 quadam

2005 2068 2124 2117 acta
2151 2062 2329 2132 erupit
2364 2064 2420 2117 in
2448 2068 2659 2131 vacem,
2700 2072 2756 2119 et
2800 2062 2967 2134 Hyrie
3007 2063 3199 2118 eleison
3231 2076 3418 2118 eorum
3441 2061 3591 2117 omni

2003 2152 2200 2224 populo
2230 2153 2571 2220 exclamavit,
2603 2168 2668 2209 ac
2694 2154 2773 2210 sic
2799 2166 2897 2225 per
2917 2154 3174 2211 virtutem
3195 2138 3293 2209 Dei
3317 2152 3372 2207 et
3398 2151 3592 2207 merita

2005 2256 2315 2302 sanctorum
2348 2254 2647 2318 martyrum
2684 2256 2901 2319 recepta
2940 2247 3213 2303 locutione
3250 2244 3469 2303 domum
3506 2258 3593 2298 re-

2004 2355 2162 2396 versa
2185 2348 2288 2394 est.

2077 2429 2165 2484 45.
2196 2430 2320 2485 Dies
2346 2437 2464 2485 erat
2498 2427 2777 2485 natalitius
2809 2436 3122 2486 sanctorum
3161 2434 3464 2496 martyrum
3489 2420 3585 2477 Ja-

2005 2523 2181 2579 nuarii
2213 2532 2267 2577 et
2292 2523 2468 2594 Magni
2498 2541 2509 2577 :
2540 2526 2872 2593 praeceptam
2892 2524 2975 2578 est
3003 2519 3254 2576 omnibus
3280 2516 3347 2572 ad
3367 2516 3458 2586 jus
3480 2529 3596 2569 mo-

2006 2615 2229 2671 nasterii
2269 2615 2415 2669 illius
2450 2614 2880 2686 pertinentibus,
2915 2613 3049 2667 viris
3080 2627 3147 2667 ao
3168 2607 3507 2673 mulieribus,
3536 2614 3598 2661 ut

2006 2725 2071 2764 ea
2100 2709 2186 2764 die
2230 2726 2259 2763 a
2299 2707 2465 2762 rurali
2510 2718 2574 2763 ac
2615 2706 2797 2763 servili
2841 2716 3005 2778 opere
3033 2696 3313 2768 vacarent,
3345 2701 3597 2769 diemque

2007 2799 2203 2856 festum
2249 2796 2511 2855 dicarcnt.
2549 2797 2788 2870 Contigit
2829 2799 2884 2853 in
2929 2798 3056 2852 vilia
3102 2795 3367 2867 quadam,
3404 2806 3524 2863 qua:
3564 2804 3596 2844 a

2009 2889 2257 2945 Sehlavis
2300 2888 2405 2961 [Αι.
2430 2930 2445 2956 ,
2483 2887 2735 2961 Sehavis]
2778 2887 3099 2944 Christianis
3124 2880 3500 2949 habitabatur,
3536 2888 3600 2935 ut

2009 2997 2146 3037 unus
2168 2997 2373 3047 eorum,
2405 2978 2805 3051 parvipendcns
2831 2968 3091 3035 honorem
3115 2984 3449 3039 sanctorum,
3474 2985 3596 3027 cum

2008 3074 2122 3129 suis
2145 3068 2319 3129 exiret
2346 3074 2400 3128 in
2432 3076 2642 3144 agrum,
2662 3078 2979 3141 metensque
3006 3078 3241 3140 segetem
3265 3074 3321 3123 et
3342 3079 3595 3129 messem,

2009 3173 2366 3239 congregaret
2390 3166 2443 3220 in
2467 3166 2711 3231 acervos,
2740 3163 2952 3220 caeteris
2974 3158 3244 3217 solemnes
3271 3157 3437 3213 ferias
3459 3153 3599 3210 cele-

316 3250 464 3307 eirca
493 3252 684 3309 horam
709 3254 949 3319 tertiam,
982 3262 1196 3324 recepta
1234 3254 1401 3310 etiam
1440 3254 1673 3311 sinistra:
1713 3268 1908 3310 manus
1935 3256 1980 3320 C
2011 3259 2312 3315 brantibus.
2359 3258 2569 3312 interea
2608 3256 2773 3328 igitur
2807 3264 2902 3310 aer
2943 3251 3294 3308 densissimas
3335 3245 3505 3303 erevit
3544 3243 3598 3298 in

315 3342 575 3411 sanitate,
602 3359 726 3399 cum
750 3345 946 3414 gaudio
972 3346 1232 3400 remeavit
1264 3344 1329 3399 ad
1356 3346 1593 3416 pr0pria.

389 3433 480 3489 40.
508 3434 696 3492 Altera
724 3448 940 3507 quoque
962 3436 1085 3492 villa
1116 3443 1200 3492 est
1223 3437 1387 3492 etiam
1412 3452 1517 3493 non
1549 3435 1707 3507 longe
1731 3437 1797 3491 ab
1817 3450 1909 3492 eo-

316 3523 445 3581 dem
467 3527 827 3595 monasterio,
850 3528 1069 3583 nomine
1088 3527 1337 3595 Hohhus,
1362 3528 1416 3583 in
1439 3538 1545 3598 qua
1569 3526 1745 3598 puella
1766 3543 1908 3598 qum-

317 3615 464 3681 dam,
497 3633 624 3673 eum
649 3618 822 3674 staret
858 3618 930 3673 ad
969 3620 1262 3675 textrinum
1304 3630 1468 3689 Opus,
1501 3619 1782 3675 subitaneo
1810 3620 1911 3675 im-

313 3714 449 3777 petu
475 3707 699 3777 spiritus
725 3709 946 3781 maligni
969 3717 1210 3779 arrepta,
1237 3710 1595 3780 manibusque
1613 3711 1912 3767 contractis

316 3798 530 3856 inutilis
556 3798 747 3857 eli'ecta
775 3811 881 3858 est..-
910 3802 1152 3873 Cumque
1194 3812 1293 3875 per
1336 3804 1619 3860 continuos
1659 3810 1770 3860 tres
1796 3804 1912 3860 dies

318 3907 385 3948 ac
414 3901 528 3948 tres
564 3894 761 3950 noctes
798 3896 1035 3950 aettuaﬁ's
1066 3898 1121 3951 et
1149 3886 1481 3962 vociferans,
1512 3896 1680 3952 multa
1729 3896 1911 3968 ignota

320 3984 481 4055 quasi
506 3984 719 4055 cognita
741 3985 1082 4056 loqueretur;
1120 3995 1364 4042 sanctam
1388 3985 1728 4044 Gerdrudam
1760 4000 1787 4029 α
1818 4004 1913 4059 ap-

316 4076 587 4151 pellabat,
620 4078 959 4151 aliorumque
1001 4088 1314 4138 sanctorum
1353 4081 1571 4137 nomina
1606 4081 1911 4153 proclama-

318 4164 451 4225 bat:
493 4170 635 4228 inter
676 4174 872 4229 uetera
915 4184 1129 4244 quoque
1174 4164 1479 4228 alﬁrmabat
1521 4172 1751 4228 Lueiam
1781 4174 1810 4214 ι)
1846 4173 1913 4230 de

318 4262 475 4320 ccelis
495 4263 911 4321 descendentem
940 4281 998 4321 se
1024 4265 1317 4321 admonere
1340 4273 1401 4320 ut
1440 4266 1509 4320 ad
1539 4273 1786 4321 sanetum
1822 4264 1914 4320 Ja-

318 4357 572 4414 nuarium
596 4357 957 4431 Magnumque
978 4360 1247 4431 martyres
1268 4361 1606 4432 properaret,
1630 4359 1914 4428 aiebatque

318 4466 379 4507 se
402 4450 689 4522 praedictos
717 4460 935 4508 sanctos
962 4453 1165 4519 videre,
1205 4461 1261 4508 et
1284 4468 1457 4523 usque
1495 4453 1563 4508 ad
1605 4452 1780 4509 locum
1821 4452 1913 4507 ubi

318 4540 669 4611 requiescunt
709 4543 1033 4599 nominatim
1070 4545 1398 4614 exprimens,
1438 4544 1519 4599 ire
1547 4544 1908 4611 desiderabat.

319 4616 444 4702 Quo
472 4645 595 4691 eum
619 4634 811 4692 fuitset
851 4638 884 4691 ὲ
925 4638 1244 4707 parentibus
1288 4638 1549 4705 adducta,
1580 4636 1912 4707 presbyteris

318 4742 387 4784 ac
411 4728 691 4786 monachis
728 4730 837 4786 loci
864 4723 1007 4786 illius
1048 4730 1237 4788 eadem
1274 4746 1339 4785 ex
1380 4731 1567 4786 ordine
1608 4729 1908 4800 replieavit.

317 4816 484 4876 Pater
509 4827 687 4877 autem
716 4820 908 4894 puella:
946 4830 1058 4878 tres
1100 4822 1349 4879 denarios
1390 4838 1553 4894 super
1577 4827 1912 4877 contractam

317 4913 448 4973 illim
479 4928 594 4971 sum
620 4930 845 4971 manum
869 4916 1099 4988 positos,
1130 4916 1355 4971 dextera
1386 4930 1482 4971 sua
1517 4928 1737 4970 manum
1769 4912 1911 4969 illius

318 5004 387 5060 ad
428 5003 605 5061 altare
643 5010 768 5063 cum
813 5008 1039 5062 munere
1065 5007 1347 5077 porrexit:
1386 5006 1527 5076 quod
1558 5021 1679 5061 cum
1706 5004 1910 5060 factum

318 5095 538 5166 fuisset,
570 5110 697 5156 mox
719 5098 920 5156 mirum
945 5090 1003 5157 in
1027 5098 1248 5155 modum
1273 5115 1371 5171 per
1397 5100 1672 5155 orationes
1699 5107 1912 5155 sanctei

318 5204 467 5256 rum,
491 5187 551 5245 in
576 5204 686 5246 uno
710 5193 1006 5262 eodemque
1032 5194 1313 5247 momento
1333 5197 1387 5247 et
1416 5190 1619 5246 denarii
1650 5202 1812 5261 super
1835 5188 1913 5246 al-‘

323 5286 445 5337 tare
469 5279 804 5350 ceciderunt,
832 5282 888 5339 et
914 5282 1107 5355 puellm
1140 5278 1349 5352 integra
1392 5282 1592 5339 mentis
1622 5292 1685 5338 ac
1722 5298 1916 5340 manus

324 5373 533 5429 sanitas
566 5374 813 5431 restituta
847 5385 950 5431 est.

391 5466 486 5523 4i.
517 5466 650 5523 Erat
671 5470 837 5525 etiam
865 5470 971 5527 illis
996 5470 1326 5542 temporibus
1349 5468 1547 5526 mulier
1582 5469 1828 5541 qumda'm
1858 5469 1915 5525 in

322 5560 452 5616 villa
472 5577 595 5632 quae
615 5562 815 5618 dicitur
835 5561 1087 5628 Eriabah,
1111 5563 1320 5619 distans
1341 5578 1373 5617 a
1394 5561 1724 5617 monasterio
1748 5556 1917 5617 ieucis

326 5650 636 5720 duodecim,
663 5669 785 5725 quae
810 5659 908 5725 per
945 5653 1128 5708 decem
1166 5670 1338 5711 annos
1364 5653 1620 5711 centinua
1652 5652 1915 5712 immundi

328 5745 552 5816 spiritus
569 5745 862 5801 vexatione
887 5744 1184 5800 laborabat.
1207 5744 1356 5801 lianc
1378 5754 1634 5817 parentes
1659 5745 1743 5802 sui
1760 5745 1921 5817 plena

403 5872 432 5905 ι
458 5858 732 5918 Nimirum
758 5858 1075 5931 Carieburgi
1104 5859 1427 5918 honoratam
1457 5858 1523 5920 i7
1551 5856 1748 5923 Martii.
1777 5871 1914 5928 Man.

2008 3349 2200 3414 nubes,
2216 3356 2270 3403 et
2293 3353 2583 3417 tempestas
2603 3360 2744 3401 saeva
2766 3351 2951 3400 exorta
2979 3340 3081 3405 est,
3110 3336 3321 3410 fulgura
3344 3335 3600 3404 ventique

2012 3442 2364 3497 vehementer
2392 3438 2629 3506 undique
2658 3435 3005 3499 ferebantur,
3044 3430 3445 3487 eoruseationes
3467 3432 3601 3496 quo-

2006 3545 2118 3602 que
2135 3530 2291 3584 valde
2312 3528 2602 3593 terribiles,
2619 3532 2675 3582 et
2695 3525 2908 3595 fulgura
2930 3520 3290 3580 discurrentia
3313 3520 3599 3575 horrorem

2012 3625 2240 3679 nimium
2279 3619 2599 3677 mortalibus
2644 3619 3001 3690 ingerebant;
3042 3614 3355 3684 factumque
3400 3609 3603 3684 grande

2011 3712 2356 3777 miraculum,
2398 3710 2996 3765 Domino‘diseerncnte
3030 3706 3173 3762 inter
3196 3704 3519 3760 venerantes
3547 3709 3603 3756 et

2010 3806 2152 3862 festa
2199 3808 2512 3860 sanctorum
2558 3802 2675 3871 ejus
2722 3808 3147 3857 contemnentes.
3202 3796 3404 3854 O‘mnes'
3455 3792 3600 3849 enim

2014 3894 2195 3950 acervi
2228 3893 2443 3964 frugum
2465 3894 2603 3962 quos
2630 3890 2798 3946 anser
2825 3884 2915 3945 ille
2937 3904 3001 3944 ea
3029 3888 3115 3943 die
3142 3894 3351 3942 messos
3379 3884 3603 3955 conges-

2012 3991 2163 4045 serat
2190 3986 2399 4042 ccelesti
2432 3985 2555 4058 igne
2590 3982 2895 4053 censumpti
2926 3986 3071 4048 sunt,
3115 3979 3325 4036 cmteris
3359 3991 3496 4048 quos
3517 3974 3602 4029 vel

2013 4082 2146 4154 ipse,
2179 4080 2266 4136 vel
2295 4079 2546 4136 eoneives
2568 4076 2683 4149 eius
2705 4076 2879 4149 pridie
2908 4074 3249 4154 messuerant
3274 4070 3457 4127 illaesis
3482 4070 3607 4139 per—

2016 4152 2400 4239 manentibus;
2442 4178 2731 4240 tantusque
2757 4169 2920 4224 tinior
2941 4176 3008 4223 ex
3031 4152 3134 4222 hoc
3164 4178 3353 4221 omnes
3372 4156 3607 4233 perculit

2016 4267 2071 4323 in
2096 4266 2349 4331 circuitu,
2380 4269 2439 4319 ut
2465 4262 2719 4335 deinceps
2749 4258 2888 4318 festa
2922 4267 3232 4316 sanctorum
3266 4268 3477 4313 summa
3518 4248 3607 4307 co-

2014 4358 2189 4414 ierent
2213 4344 2533 4413 reverentia.
3132 4429 3148 4436 _
3316 4429 3347 4439 ὴ

2084 4449 2173 4503 44.
2224 4448 2463 4519 Contigit
2507 4446 2673 4501 etiam
2714 4446 2769 4500 in
2820 4444 2906 4501 die
2947 4434 3305 4520 solemnitatis
3322 4434 3393 4493 ut
3427 4434 3605 4509 puella

2014 4542 2258 4612 quendam
2289 4542 2355 4595 de
2377 4540 2505 4597 vilia
2533 4536 2943 4604 Munbrunnosi,
2976 4537 3195 4592 nomine
3240 4532 3456 4597 Selina,
3497 4530 3604 4585 ﬁlia

1937 4620 1991 4682 D
2016 4633 2326 4700 Bernaiahi,
2370 4633 2436 4689 de
2469 4631 2782 4703 quotidiana
2815 4631 3100 4687 vexatione
3136 4625 3357 4693 maligni
3385 4622 3607 4691 spiritus

2022 4733 2130 4782 tam
2156 4723 2396 4794 perfecte
2420 4730 2728 4787 sanaretur,
2749 4729 2811 4775 ut
2838 4722 2913 4774 ab
2930 4732 2993 4775 ea
3015 4717 3104 4773 die
3126 4728 3361 4786 nequam
3384 4710 3608 4783 spiritus

2018 4826 2294 4883 nunquam
2319 4820 2439 4868 eam
2475 4811 2772 4868 invaderet.
2812 4808 3035 4866 Talibus
3071 4806 3290 4878 quidem
3330 4802 3608 4862 miraculis

2019 4916 2075 4966 et
2128 4910 2249 4967 aliis
2301 4909 2819 4978 innumerabilibus,
2869 4925 2990 4981 quae
3032 4907 3284 4964 brevitati
3329 4902 3608 4960 studentes

2017 5002 2339 5068 emittimus,
2372 5002 2636 5058 Dominus
2665 5004 2852 5058 noster
2879 5001 3035 5058 Iesus
3059 4998 3308 5055 Christus
3330 4991 3608 5050 declarare

2020 5094 2272 5173 dignatus
2309 5101 2394 5149 est
2425 5095 2622 5149 merita
2651 5101 2964 5150 sanctorum
3009 5094 3233 5173 sutorem
3276 5082 3517 5142 Januarii
3553 5092 3609 5143 et

2021 5172 2221 5257 Magni,
2253 5188 2484 5257 quorum
2526 5201 2650 5242 ossa
2689 5186 2880 5242 ordine
2918 5182 3226 5255 supradicto
3266 5180 3527 5235 translata
3553 5184 3609 5233 et

2022 5279 2237 5336 Condita
2270 5294 2392 5335 esse
2419 5287 2651 5335 constat.
2690 5279 3024 5334 Caeterorurn
3053 5286 3181 5333 vero
3218 5274 3449 5345 corpora
3477 5286 3605 5328 san;

2022 5380 2256 5439 etarum,
2286 5371 2523 5443 quaevei
2555 5371 2747 5428 eodem
2778 5374 2886 5441 quo
2926 5367 3013 5423 isti
3038 5410 3053 5435 ,
3083 5352 3168 5423 vel
3196 5362 3302 5422 alio
3329 5362 3607 5435 tempore;

2023 5464 2254 5520 adducta
2285 5470 2430 5531 sunt,
2458 5478 2566 5535 quo
2594 5461 2852 5519 translata
2886 5466 2943 5516 et
2968 5459 3186 5517 condita
3212 5465 3337 5515 sunt
3357 5454 3514 5527 juxta
3546 5453 3608 5509 ﬁ—

2025 5552 2146 5615 dem
2166 5564 2443 5631 gestorum
2467 5558 2773 5615 declarabo.

2096 5661 2184 5717 45.
2216 5662 2393 5719 Locus
2420 5671 2504 5719 est
2547 5676 2578 5716 a
2620 5658 2947 5715 monasterio
2971 5642 3438 5714 'Fuidensi‘deeem
3464 5642 3609 5707 eteo

2025 5751 2254 5827 amplius
2275 5742 2444 5811 leu‘cis
2471 5752 2680 5808 distans
2700 5792 2715 5819 ,
2757 5750 2826 5808 ad
2866 5751 3128 5821 Boream,
3161 5747 3379 5807 nomine
3406 5741 3613 5802 Badio"

2095 5864 2135 5943 bi
2157 5865 2367 5955 Colitur
2393 5864 2460 5921 15
2486 5863 2820 5925 Decembris.
2849 5864 3014 5924 Bon.
3583 5875 3632 5935 ‘i
