  <div class='ocr_page' id='page_1' title='image "/cluster/home/n/w/nwhite01/storage/ocr_20150623/107/hvd.32044015466832/037.png"; bbox 0 0 4016 6530; ppageno 0'>
   <div class='ocr_carea' id='block_1_1' title="bbox 410 336 3667 412">
    <p class='ocr_par' dir='ltr' id='par_1_1' title="bbox 410 336 3667 412">
     <span class='ocr_line' id='line_1_1' title="bbox 410 336 3667 412; baseline -0.008 -1"><span class='ocrx_word' id='word_1_1' title='bbox 410 355 478 412; x_wconf 77' lang='lat'><strong>63</strong></span> <span class='ocrx_word' id='word_1_2' title='bbox 1546 347 1632 400; x_wconf 81' lang='lat' dir='ltr'><strong>AD</strong></span> <span class='ocrx_word' id='word_1_3' title='bbox 1669 343 1895 401; x_wconf 76' lang='lat' dir='ltr'><strong>OPERA</strong></span> <span class='ocrx_word' id='word_1_4' title='bbox 1930 341 1990 396; x_wconf 85' lang='grc' dir='ltr'><strong>Β.</strong></span> <span class='ocrx_word' id='word_1_5' title='bbox 2031 337 2284 397; x_wconf 81' lang='lat' dir='ltr'><strong>RABANI</strong></span> <span class='ocrx_word' id='word_1_6' title='bbox 2324 336 2541 394; x_wconf 85' lang='lat' dir='ltr'><strong>MAURI</strong></span> <span class='ocrx_word' id='word_1_7' title='bbox 3594 336 3667 392; x_wconf 72' lang='grc'><strong>64</strong></span> 
     </span>
    </p>
   </div>
   <div class='ocr_carea' id='block_1_2' title="bbox 412 444 3672 538">
    <p class='ocr_par' dir='ltr' id='par_1_2' title="bbox 412 444 3672 538">
     <span class='ocr_line' id='line_1_2' title="bbox 412 444 3672 538; baseline -0.004 -19"><span class='ocrx_word' id='word_1_8' title='bbox 412 466 639 538; x_wconf 83' lang='lat' dir='ltr'><strong>sthorph</strong></span> <span class='ocrx_word' id='word_1_9' title='bbox 667 478 717 532; x_wconf 77' lang='grc' dir='ltr'><strong>α,</strong></span> <span class='ocrx_word' id='word_1_10' title='bbox 742 480 772 520; x_wconf 89' lang='lat' dir='ltr'><strong>a</strong></span> <span class='ocrx_word' id='word_1_11' title='bbox 799 461 1076 520; x_wconf 74' lang='lat' dir='ltr'><strong>monachis</strong></span> <span class='ocrx_word' id='word_1_12' title='bbox 1097 459 1312 531; x_wconf 82' lang='lat' dir='ltr'><strong>quidem</strong></span> <span class='ocrx_word' id='word_1_13' title='bbox 1335 456 1626 520; x_wconf 88' lang='lat' dir='ltr'><strong>habitatus,</strong></span> <span class='ocrx_word' id='word_1_14' title='bbox 1656 455 1749 510; x_wconf 90' lang='lat' dir='ltr'><strong>sed</strong></span> <span class='ocrx_word' id='word_1_15' title='bbox 1770 454 1836 508; x_wconf 89' lang='lat' dir='ltr'><strong>ad</strong></span> <span class='ocrx_word' id='word_1_16' title='bbox 1856 468 1987 524; x_wconf 74' lang='lat' dir='ltr'><strong>prac-</strong></span> <span class='ocrx_word' id='word_1_17' title='bbox 2013 451 2066 513; x_wconf 84' lang='lat' dir='ltr'><strong>A</strong></span> <span class='ocrx_word' id='word_1_18' title='bbox 2090 457 2319 520; x_wconf 88' lang='lat' dir='ltr'><strong>utraque</strong></span> <span class='ocrx_word' id='word_1_19' title='bbox 2345 455 2498 519; x_wconf 87' lang='lat' dir='ltr'><strong>parte</strong></span> <span class='ocrx_word' id='word_1_20' title='bbox 2543 445 2810 515; x_wconf 86' lang='lat' dir='ltr'><strong>versibus,</strong></span> <span class='ocrx_word' id='word_1_21' title='bbox 2851 445 2942 518; x_wconf 86' lang='lat' dir='ltr'><strong>qui</strong></span> <span class='ocrx_word' id='word_1_22' title='bbox 2981 453 3144 520; x_wconf 70' lang='lat' dir='ltr'><strong>gestae</strong></span> <span class='ocrx_word' id='word_1_23' title='bbox 3177 444 3256 503; x_wconf 89' lang='lat' dir='ltr'><strong>rei</strong></span> <span class='ocrx_word' id='word_1_24' title='bbox 3284 446 3530 506; x_wconf 88' lang='lat' dir='ltr'><strong>ordinem</strong></span> <span class='ocrx_word' id='word_1_25' title='bbox 3569 449 3672 505; x_wconf 89' lang='lat' dir='ltr'><strong>de-</strong></span> 
     </span>
    </p>
   </div>
   <div class='ocr_carea' id='block_1_3' title="bbox 413 547 1988 622">
    <p class='ocr_par' dir='ltr' id='par_1_3' title="bbox 413 547 1988 622">
     <span class='ocr_line' id='line_1_3' title="bbox 413 547 1988 622; baseline -0.01 -7"><span class='ocrx_word' id='word_1_26' title='bbox 413 559 582 614; x_wconf 83' lang='lat' dir='ltr'><strong>fatum</strong></span> <span class='ocrx_word' id='word_1_27' title='bbox 603 557 990 613; x_wconf 72' lang='lat' dir='ltr'><strong>monasterium</strong></span> <span class='ocrx_word' id='word_1_28' title='bbox 1010 569 1074 610; x_wconf 90' lang='lat' dir='ltr'><strong>eo</strong></span> <span class='ocrx_word' id='word_1_29' title='bbox 1098 561 1336 622; x_wconf 89' lang='lat' dir='ltr'><strong>tempore</strong></span> <span class='ocrx_word' id='word_1_30' title='bbox 1353 549 1420 606; x_wconf 90' lang='lat' dir='ltr'><strong>ad</strong></span> <span class='ocrx_word' id='word_1_31' title='bbox 1441 549 1720 604; x_wconf 80' lang='lat' dir='ltr'><strong>Rabanum</strong></span> <span class='ocrx_word' id='word_1_32' title='bbox 1742 547 1988 602; x_wconf 75' lang='lat' dir='ltr'><strong>abbatem</strong></span> 
     </span>
    </p>
   </div>
   <div class='ocr_carea' id='block_1_4' title="bbox 416 637 1990 719">
    <p class='ocr_par' dir='ltr' id='par_1_4' title="bbox 416 637 1990 719">
     <span class='ocr_line' id='line_1_4' title="bbox 416 637 1990 719; baseline -0.006 -16"><span class='ocrx_word' id='word_1_33' title='bbox 416 648 848 719; x_wconf 88' lang='lat' dir='ltr'><strong>pertinentibus:</strong></span> <span class='ocrx_word' id='word_1_34' title='bbox 890 647 944 700; x_wconf 93' lang='lat' dir='ltr'><strong>in</strong></span> <span class='ocrx_word' id='word_1_35' title='bbox 989 659 1095 713; x_wconf 92' lang='lat' dir='ltr'><strong>quo</strong></span> <span class='ocrx_word' id='word_1_36' title='bbox 1139 643 1418 712; x_wconf 86' lang='lat' dir='ltr'><strong>pulchram</strong></span> <span class='ocrx_word' id='word_1_37' title='bbox 1464 647 1519 695; x_wconf 92' lang='lat' dir='ltr'><strong>et</strong></span> <span class='ocrx_word' id='word_1_38' title='bbox 1563 639 1756 694; x_wconf 87' lang='lat' dir='ltr'><strong>divinis</strong></span> <span class='ocrx_word' id='word_1_39' title='bbox 1801 637 1990 693; x_wconf 85' lang='lat' dir='ltr'><strong>ciliciis</strong></span> 
     </span>
    </p>
   </div>
   <div class='ocr_carea' id='block_1_5' title="bbox 415 729 1992 808">
    <p class='ocr_par' dir='ltr' id='par_1_5' title="bbox 415 729 1992 808">
     <span class='ocr_line' id='line_1_5' title="bbox 415 729 1992 808; baseline -0.006 -15"><span class='ocrx_word' id='word_1_40' title='bbox 415 745 800 808; x_wconf 77' lang='lat' dir='ltr'><strong>congruentem</strong></span> <span class='ocrx_word' id='word_1_41' title='bbox 831 736 1047 791; x_wconf 91' lang='lat' dir='ltr'><strong>noviter</strong></span> <span class='ocrx_word' id='word_1_42' title='bbox 1082 733 1349 789; x_wconf 78' lang='lat' dir='ltr'><strong>exstruxit</strong></span> <span class='ocrx_word' id='word_1_43' title='bbox 1371 731 1688 797; x_wconf 87' lang='lat' dir='ltr'><strong>ecclesiam,</strong></span> <span class='ocrx_word' id='word_1_44' title='bbox 1721 745 1881 800; x_wconf 88' lang='lat' dir='ltr'><strong>quam</strong></span> <span class='ocrx_word' id='word_1_45' title='bbox 1907 729 1992 800; x_wconf 88' lang='lat' dir='ltr'><strong>pi-</strong></span> 
     </span>
    </p>
   </div>
   <div class='ocr_carea' id='block_1_6' title="bbox 418 821 1992 884">
    <p class='ocr_par' dir='ltr' id='par_1_6' title="bbox 418 821 1992 884">
     <span class='ocr_line' id='line_1_6' title="bbox 418 821 1992 884; baseline -0.006 0"><span class='ocrx_word' id='word_1_46' title='bbox 418 829 586 884; x_wconf 88' lang='lat' dir='ltr'><strong>cturis</strong></span> <span class='ocrx_word' id='word_1_47' title='bbox 611 836 666 882; x_wconf 92' lang='lat' dir='ltr'><strong>et</strong></span> <span class='ocrx_word' id='word_1_48' title='bbox 703 827 1038 882; x_wconf 84' lang='lat' dir='ltr'><strong>diversorum</strong></span> <span class='ocrx_word' id='word_1_49' title='bbox 1068 825 1328 881; x_wconf 81' lang='lat' dir='ltr'><strong>varietate</strong></span> <span class='ocrx_word' id='word_1_50' title='bbox 1366 822 1704 879; x_wconf 85' lang='lat' dir='ltr'><strong>metallorum</strong></span> <span class='ocrx_word' id='word_1_51' title='bbox 1737 821 1992 876; x_wconf 67' lang='lat' dir='ltr'><strong>decenmr</strong></span> 
     </span>
    </p>
   </div>
   <div class='ocr_carea' id='block_1_7' title="bbox 417 916 1994 985">
    <p class='ocr_par' dir='ltr' id='par_1_7' title="bbox 417 916 1994 985">
     <span class='ocr_line' id='line_1_7' title="bbox 417 916 1994 985; baseline -0.006 -11"><span class='ocrx_word' id='word_1_52' title='bbox 417 919 647 985; x_wconf 88' lang='lat' dir='ltr'><strong>ornavit,</strong></span> <span class='ocrx_word' id='word_1_53' title='bbox 679 917 938 974; x_wconf 83' lang='lat' dir='ltr'><strong>altaribus</strong></span> <span class='ocrx_word' id='word_1_54' title='bbox 958 925 1013 972; x_wconf 91' lang='lat' dir='ltr'><strong>et</strong></span> <span class='ocrx_word' id='word_1_55' title='bbox 1039 916 1290 972; x_wconf 90' lang='lat' dir='ltr'><strong>crucibus</strong></span> <span class='ocrx_word' id='word_1_56' title='bbox 1320 928 1452 968; x_wconf 89' lang='lat' dir='ltr'><strong>auro</strong></span> <span class='ocrx_word' id='word_1_57' title='bbox 1489 920 1816 984; x_wconf 82' lang='lat' dir='ltr'><strong>argentoque</strong></span> <span class='ocrx_word' id='word_1_58' title='bbox 1843 925 1994 982; x_wconf 88' lang='lat' dir='ltr'><strong>para-</strong></span> 
     </span>
    </p>
   </div>
   <div class='ocr_carea' id='block_1_8' title="bbox 419 1002 1995 1078">
    <p class='ocr_par' dir='ltr' id='par_1_8' title="bbox 419 1002 1995 1078">
     <span class='ocr_line' id='line_1_8' title="bbox 419 1002 1995 1078; baseline -0.004 -16"><span class='ocrx_word' id='word_1_59' title='bbox 419 1008 490 1063; x_wconf 86' lang='lat' dir='ltr'><strong>tis</strong></span> <span class='ocrx_word' id='word_1_60' title='bbox 520 1008 770 1078; x_wconf 87' lang='lat' dir='ltr'><strong>vasisque</strong></span> <span class='ocrx_word' id='word_1_61' title='bbox 799 1007 996 1063; x_wconf 92' lang='lat' dir='ltr'><strong>diversi</strong></span> <span class='ocrx_word' id='word_1_62' title='bbox 1027 1006 1237 1078; x_wconf 87' lang='lat' dir='ltr'><strong>generis</strong></span> <span class='ocrx_word' id='word_1_63' title='bbox 1255 1047 1269 1073; x_wconf 93' lang='lat'><strong>,</strong></span> <span class='ocrx_word' id='word_1_64' title='bbox 1310 1021 1429 1074; x_wconf 74' lang='lat' dir='ltr'><strong>qua:</strong></span> <span class='ocrx_word' id='word_1_65' title='bbox 1457 1005 1668 1059; x_wconf 89' lang='lat' dir='ltr'><strong>divinus</strong></span> <span class='ocrx_word' id='word_1_66' title='bbox 1695 1002 1871 1058; x_wconf 88' lang='lat' dir='ltr'><strong>cultus</strong></span> <span class='ocrx_word' id='word_1_67' title='bbox 1900 1016 1995 1056; x_wconf 79' lang='lat' dir='ltr'><strong>ex-</strong></span> 
     </span>
    </p>
   </div>
   <div class='ocr_carea' id='block_1_9' title="bbox 418 1093 1995 1172">
    <p class='ocr_par' dir='ltr' id='par_1_9' title="bbox 418 1093 1995 1172">
     <span class='ocr_line' id='line_1_9' title="bbox 418 1093 1995 1172; baseline -0.006 -16"><span class='ocrx_word' id='word_1_68' title='bbox 418 1102 615 1172; x_wconf 82' lang='lat' dir='ltr'><strong>poscit,</strong></span> <span class='ocrx_word' id='word_1_69' title='bbox 649 1108 1006 1171; x_wconf 85' lang='lat' dir='ltr'><strong>congruenter</strong></span> <span class='ocrx_word' id='word_1_70' title='bbox 1030 1098 1306 1154; x_wconf 87' lang='lat' dir='ltr'><strong>adhibitis.</strong></span> <span class='ocrx_word' id='word_1_71' title='bbox 1336 1098 1392 1152; x_wconf 92' lang='lat' dir='ltr'><strong>ln</strong></span> <span class='ocrx_word' id='word_1_72' title='bbox 1420 1112 1581 1166; x_wconf 90' lang='lat' dir='ltr'><strong>quam</strong></span> <span class='ocrx_word' id='word_1_73' title='bbox 1611 1111 1731 1151; x_wconf 90' lang='lat' dir='ltr'><strong>cum</strong></span> <span class='ocrx_word' id='word_1_74' title='bbox 1761 1093 1995 1150; x_wconf 81' lang='lat' dir='ltr'><strong>auctori-</strong></span> 
     </span>
    </p>
   </div>
   <div class='ocr_carea' id='block_1_10' title="bbox 424 1187 1995 1263">
    <p class='ocr_par' dir='ltr' id='par_1_10' title="bbox 424 1187 1995 1263">
     <span class='ocr_line' id='line_1_10' title="bbox 424 1187 1995 1263; baseline -0.005 -14"><span class='ocrx_word' id='word_1_75' title='bbox 424 1201 533 1249; x_wconf 86' lang='lat' dir='ltr'><strong>tate</strong></span> <span class='ocrx_word' id='word_1_76' title='bbox 559 1193 854 1257; x_wconf 82' lang='lat' dir='ltr'><strong>llumberti,</strong></span> <span class='ocrx_word' id='word_1_77' title='bbox 878 1193 968 1263; x_wconf 89' lang='lat' dir='ltr'><strong>qui</strong></span> <span class='ocrx_word' id='word_1_78' title='bbox 994 1190 1310 1247; x_wconf 79' lang='lat' dir='ltr'><strong>Herilolfum</strong></span> <span class='ocrx_word' id='word_1_79' title='bbox 1331 1190 1706 1260; x_wconf 85' lang='lat' dir='ltr'><strong>presbyterum</strong></span> <span class='ocrx_word' id='word_1_80' title='bbox 1731 1187 1856 1243; x_wconf 92' lang='lat' dir='ltr'><strong>illuc</strong></span> <span class='ocrx_word' id='word_1_81' title='bbox 1879 1188 1995 1241; x_wconf 88' lang='lat' dir='ltr'><strong>vice</strong></span> 
     </span>
    </p>
   </div>
   <div class='ocr_carea' id='block_1_11' title="bbox 422 1282 1998 1353">
    <p class='ocr_par' dir='ltr' id='par_1_11' title="bbox 422 1282 1998 1353">
     <span class='ocr_line' id='line_1_11' title="bbox 422 1282 1998 1353; baseline -0.005 -11"><span class='ocrx_word' id='word_1_82' title='bbox 422 1303 520 1342; x_wconf 89' lang='lat' dir='ltr'><strong>sua</strong></span> <span class='ocrx_word' id='word_1_83' title='bbox 549 1287 790 1352; x_wconf 86' lang='lat' dir='ltr'><strong>miserat,</strong></span> <span class='ocrx_word' id='word_1_84' title='bbox 817 1301 941 1342; x_wconf 91' lang='lat' dir='ltr'><strong>ossa</strong></span> <span class='ocrx_word' id='word_1_85' title='bbox 969 1287 1139 1342; x_wconf 73' lang='lat' dir='ltr'><strong>beatae</strong></span> <span class='ocrx_word' id='word_1_86' title='bbox 1168 1285 1395 1341; x_wconf 68' lang='lat' dir='ltr'><strong>Cmciliae</strong></span> <span class='ocrx_word' id='word_1_87' title='bbox 1415 1282 1659 1353; x_wconf 86' lang='lat' dir='ltr'><strong>virginis,</strong></span> <span class='ocrx_word' id='word_1_88' title='bbox 1695 1291 1749 1336; x_wconf 89' lang='lat' dir='ltr'><strong>ct</strong></span> <span class='ocrx_word' id='word_1_89' title='bbox 1784 1287 1998 1336; x_wconf 89' lang='lat' dir='ltr'><strong>sancto-</strong></span> 
     </span>
    </p>
   </div>
   <div class='ocr_carea' id='block_1_12' title="bbox 421 1369 1996 1456">
    <p class='ocr_par' dir='ltr' id='par_1_12' title="bbox 421 1369 1996 1456">
     <span class='ocr_line' id='line_1_12' title="bbox 421 1369 1996 1456; baseline -0.005 -25"><span class='ocrx_word' id='word_1_90' title='bbox 421 1393 541 1431; x_wconf 91' lang='lat' dir='ltr'><strong>rum</strong></span> <span class='ocrx_word' id='word_1_91' title='bbox 561 1386 862 1448; x_wconf 80' lang='lat' dir='ltr'><strong>martyrum</strong></span> <span class='ocrx_word' id='word_1_92' title='bbox 893 1376 1123 1431; x_wconf 90' lang='lat' dir='ltr'><strong>Tiburtii</strong></span> <span class='ocrx_word' id='word_1_93' title='bbox 1145 1383 1198 1430; x_wconf 92' lang='lat' dir='ltr'><strong>et</strong></span> <span class='ocrx_word' id='word_1_94' title='bbox 1225 1373 1497 1430; x_wconf 84' lang='lat' dir='ltr'><strong>Valeriani</strong></span> <span class='ocrx_word' id='word_1_95' title='bbox 1523 1371 1917 1456; x_wconf 42' lang='lat' dir='ltr'><strong>intulit,.atque</strong></span> <span class='ocrx_word' id='word_1_96' title='bbox 1941 1369 1996 1423; x_wconf 91' lang='lat' dir='ltr'><strong>in</strong></span> 
     </span>
    </p>
   </div>
   <div class='ocr_carea' id='block_1_13' title="bbox 423 1462 2000 1538">
    <p class='ocr_par' dir='ltr' id='par_1_13' title="bbox 423 1462 2000 1538">
     <span class='ocr_line' id='line_1_13' title="bbox 423 1462 2000 1538; baseline -0.003 -18"><span class='ocrx_word' id='word_1_97' title='bbox 423 1468 756 1538; x_wconf 82' lang='lat' dir='ltr'><strong>sarcophago</strong></span> <span class='ocrx_word' id='word_1_98' title='bbox 779 1474 1083 1538; x_wconf 63' lang='lat' dir='ltr'><strong>saxeovpost</strong></span> <span class='ocrx_word' id='word_1_99' title='bbox 1107 1467 1278 1521; x_wconf 90' lang='lat' dir='ltr'><strong>altare</strong></span> <span class='ocrx_word' id='word_1_100' title='bbox 1299 1465 1498 1535; x_wconf 90' lang='lat' dir='ltr'><strong>posuit,</strong></span> <span class='ocrx_word' id='word_1_101' title='bbox 1515 1463 1848 1533; x_wconf 90' lang='lat' dir='ltr'><strong>singulorum</strong></span> <span class='ocrx_word' id='word_1_102' title='bbox 1863 1462 2000 1516; x_wconf 90' lang='lat' dir='ltr'><strong>ossi—</strong></span> 
     </span>
    </p>
   </div>
   <div class='ocr_carea' id='block_1_14' title="bbox 424 1558 2000 1632">
    <p class='ocr_par' dir='ltr' id='par_1_14' title="bbox 424 1558 2000 1632">
     <span class='ocr_line' id='line_1_14' title="bbox 424 1558 2000 1632; baseline -0.001 -19"><span class='ocrx_word' id='word_1_103' title='bbox 424 1558 524 1614; x_wconf 90' lang='lat' dir='ltr'><strong>bus</strong></span> <span class='ocrx_word' id='word_1_104' title='bbox 549 1559 603 1613; x_wconf 93' lang='lat' dir='ltr'><strong>in</strong></span> <span class='ocrx_word' id='word_1_105' title='bbox 629 1559 817 1616; x_wconf 90' lang='lat' dir='ltr'><strong>loculis</strong></span> <span class='ocrx_word' id='word_1_106' title='bbox 845 1559 1070 1632; x_wconf 85' lang='lat' dir='ltr'><strong>singulis</strong></span> <span class='ocrx_word' id='word_1_107' title='bbox 1107 1575 1346 1615; x_wconf 88' lang='lat' dir='ltr'><strong>seorsum</strong></span> <span class='ocrx_word' id='word_1_108' title='bbox 1379 1561 1629 1625; x_wconf 89' lang='lat' dir='ltr'><strong>conditis,</strong></span> <span class='ocrx_word' id='word_1_109' title='bbox 1659 1566 2000 1627; x_wconf 89' lang='lat' dir='ltr'><strong>erectamque</strong></span> 
     </span>
    </p>
   </div>
   <div class='ocr_carea' id='block_1_15' title="bbox 425 1645 2001 1722">
    <p class='ocr_par' dir='ltr' id='par_1_15' title="bbox 425 1645 2001 1722">
     <span class='ocr_line' id='line_1_15' title="bbox 425 1645 2001 1722; baseline 0.003 -23"><span class='ocrx_word' id='word_1_110' title='bbox 425 1645 674 1717; x_wconf 86' lang='lat' dir='ltr'><strong>desuper,</strong></span> <span class='ocrx_word' id='word_1_111' title='bbox 705 1660 764 1704; x_wconf 88' lang='lat' dir='ltr'><strong>ut</strong></span> <span class='ocrx_word' id='word_1_112' title='bbox 791 1650 840 1704; x_wconf 92' lang='lat' dir='ltr'><strong>ei</strong></span> <span class='ocrx_word' id='word_1_113' title='bbox 866 1650 1033 1705; x_wconf 90' lang='lat' dir='ltr'><strong>moris</strong></span> <span class='ocrx_word' id='word_1_114' title='bbox 1054 1659 1192 1715; x_wconf 89' lang='lat' dir='ltr'><strong>erat,</strong></span> <span class='ocrx_word' id='word_1_115' title='bbox 1222 1650 1454 1722; x_wconf 87' lang='lat' dir='ltr'><strong>ligneam</strong></span> <span class='ocrx_word' id='word_1_116' title='bbox 1488 1651 1726 1704; x_wconf 86' lang='lat' dir='ltr'><strong>tumbam</strong></span> <span class='ocrx_word' id='word_1_117' title='bbox 1754 1665 1885 1705; x_wconf 90' lang='lat' dir='ltr'><strong>auro</strong></span> <span class='ocrx_word' id='word_1_118' title='bbox 1906 1664 2001 1718; x_wconf 89' lang='lat' dir='ltr'><strong>pa-</strong></span> 
     </span>
    </p>
   </div>
   <div class='ocr_carea' id='block_1_16' title="bbox 426 1736 1997 1812">
    <p class='ocr_par' dir='ltr' id='par_1_16' title="bbox 426 1736 1997 1812">
     <span class='ocr_line' id='line_1_16' title="bbox 426 1736 1997 1812; baseline 0.004 -23"><span class='ocrx_word' id='word_1_119' title='bbox 426 1736 564 1790; x_wconf 91' lang='lat' dir='ltr'><strong>ravit</strong></span> <span class='ocrx_word' id='word_1_120' title='bbox 591 1746 643 1791; x_wconf 91' lang='lat' dir='ltr'><strong>et</strong></span> <span class='ocrx_word' id='word_1_121' title='bbox 667 1748 909 1810; x_wconf 85' lang='lat' dir='ltr'><strong>argento.</strong></span> <span class='ocrx_word' id='word_1_122' title='bbox 950 1740 1186 1795; x_wconf 92' lang='lat' dir='ltr'><strong>Tituium</strong></span> <span class='ocrx_word' id='word_1_123' title='bbox 1229 1756 1443 1811; x_wconf 91' lang='lat' dir='ltr'><strong>quoque</strong></span> <span class='ocrx_word' id='word_1_124' title='bbox 1488 1741 1565 1796; x_wconf 91' lang='lat' dir='ltr'><strong>rei</strong></span> <span class='ocrx_word' id='word_1_125' title='bbox 1609 1750 1771 1812; x_wconf 68' lang='lat' dir='ltr'><strong>gesta!</strong></span> <span class='ocrx_word' id='word_1_126' title='bbox 1802 1743 1997 1798; x_wconf 89' lang='lat' dir='ltr'><strong>seriem</strong></span> 
     </span>
    </p>
   </div>
   <div class='ocr_carea' id='block_1_17' title="bbox 2090 539 2746 607">
    <p class='ocr_par' dir='ltr' id='par_1_17' title="bbox 2090 539 2746 607">
     <span class='ocr_line' id='line_1_17' title="bbox 2090 539 2746 607; baseline -0.003 -11"><span class='ocrx_word' id='word_1_127' title='bbox 2090 540 2378 607; x_wconf 90' lang='lat' dir='ltr'><strong>clararent,</strong></span> <span class='ocrx_word' id='word_1_128' title='bbox 2411 541 2514 595; x_wconf 89' lang='lat' dir='ltr'><strong>hoc</strong></span> <span class='ocrx_word' id='word_1_129' title='bbox 2539 539 2700 596; x_wconf 92' lang='lat' dir='ltr'><strong>modo</strong></span> <span class='ocrx_word' id='word_1_130' title='bbox 2731 558 2746 594; x_wconf 93' lang='lat'><strong>:</strong></span> 
     </span>
    </p>
   </div>
   <div class='ocr_carea' id='block_1_18' title="bbox 2213 649 3388 706">
    <p class='ocr_par' dir='ltr' id='par_1_18' title="bbox 2213 649 3388 706">
     <span class='ocr_line' id='line_1_18' title="bbox 2213 649 3388 706; baseline 0.003 -4"><span class='ocrx_word' id='word_1_131' title='bbox 2213 651 2306 702; x_wconf 86' lang='lat' dir='ltr'><strong>Hic</strong></span> <span class='ocrx_word' id='word_1_132' title='bbox 2329 649 2463 700; x_wconf 85' lang='lat' dir='ltr'><strong>locus</strong></span> <span class='ocrx_word' id='word_1_133' title='bbox 2482 663 2598 701; x_wconf 89' lang='lat' dir='ltr'><strong>ecce</strong></span> <span class='ocrx_word' id='word_1_134' title='bbox 2623 654 2764 702; x_wconf 90' lang='lat' dir='ltr'><strong>tenet</strong></span> <span class='ocrx_word' id='word_1_135' title='bbox 2783 655 3058 702; x_wconf 88' lang='lat' dir='ltr'><strong>sanctorum</strong></span> <span class='ocrx_word' id='word_1_136' title='bbox 3077 653 3264 704; x_wconf 86' lang='lat' dir='ltr'><strong>condita</strong></span> <span class='ocrx_word' id='word_1_137' title='bbox 3287 653 3388 706; x_wconf 83' lang='lat' dir='ltr'><strong>rite</strong></span> 
     </span>
    </p>
   </div>
   <div class='ocr_carea' id='block_1_19' title="bbox 2276 712 3389 775">
    <p class='ocr_par' dir='ltr' id='par_1_19' title="bbox 2276 712 3389 775">
     <span class='ocr_line' id='line_1_19' title="bbox 2276 712 3389 775; baseline 0.001 -11"><span class='ocrx_word' id='word_1_138' title='bbox 2276 713 2424 775; x_wconf 66' lang='lat' dir='ltr'><strong>Ossa,</strong></span> <span class='ocrx_word' id='word_1_139' title='bbox 2441 712 2583 775; x_wconf 88' lang='lat' dir='ltr'><strong>simul</strong></span> <span class='ocrx_word' id='word_1_140' title='bbox 2607 725 2904 773; x_wconf 77' lang='lat' dir='ltr'><strong>memorans,</strong></span> <span class='ocrx_word' id='word_1_141' title='bbox 2930 718 2984 764; x_wconf 89' lang='lat' dir='ltr'><strong>et</strong></span> <span class='ocrx_word' id='word_1_142' title='bbox 3007 715 3085 775; x_wconf 88' lang='lat' dir='ltr'><strong>pia</strong></span> <span class='ocrx_word' id='word_1_143' title='bbox 3108 714 3230 766; x_wconf 81' lang='lat' dir='ltr'><strong>facta</strong></span> <span class='ocrx_word' id='word_1_144' title='bbox 3252 714 3389 767; x_wconf 90' lang='lat' dir='ltr'><strong>colit.</strong></span> 
     </span>
    </p>
   </div>
   <div class='ocr_carea' id='block_1_20' title="bbox 2215 773 3389 837">
    <p class='ocr_par' dir='ltr' id='par_1_20' title="bbox 2215 773 3389 837">
     <span class='ocr_line' id='line_1_20' title="bbox 2215 773 3389 837; baseline 0.003 -14"><span class='ocrx_word' id='word_1_145' title='bbox 2215 773 2372 837; x_wconf 68' lang='lat' dir='ltr'><strong>Mater</strong></span> <span class='ocrx_word' id='word_1_146' title='bbox 2393 773 2637 837; x_wconf 80' lang='lat' dir='ltr'><strong>Felicitas,</strong></span> <span class='ocrx_word' id='word_1_147' title='bbox 2661 782 2822 824; x_wconf 86' lang='lat' dir='ltr'><strong>sancta</strong></span> <span class='ocrx_word' id='word_1_148' title='bbox 2848 783 2900 824; x_wconf 91' lang='lat' dir='ltr'><strong>et</strong></span> <span class='ocrx_word' id='word_1_149' title='bbox 2923 773 3204 837; x_wconf 86' lang='lat' dir='ltr'><strong>Concordia,</strong></span> <span class='ocrx_word' id='word_1_150' title='bbox 3225 780 3389 827; x_wconf 82' lang='lat' dir='ltr'><strong>nutrix</strong></span> 
     </span>
    </p>
   </div>
   <div class='ocr_carea' id='block_1_21' title="bbox 2280 835 3465 908">
    <p class='ocr_par' dir='ltr' id='par_1_21' title="bbox 2280 835 3465 908">
     <span class='ocr_line' id='line_1_21' title="bbox 2280 835 3465 908; baseline 0.003 -24"><span class='ocrx_word' id='word_1_151' title='bbox 2280 835 2541 908; x_wconf 70' lang='lat' dir='ltr'><strong>Hippolyti,</strong></span> <span class='ocrx_word' id='word_1_152' title='bbox 2563 837 2641 908; x_wconf 76' lang='lat' dir='ltr'><strong>hic</strong></span> <span class='ocrx_word' id='word_1_153' title='bbox 2664 836 3123 908; x_wconf 75' lang='lat' dir='ltr'><strong>pausant,__Candida</strong></span> <span class='ocrx_word' id='word_1_154' title='bbox 3143 835 3465 908; x_wconf 43' lang='lat' dir='ltr'><strong>et&#39;nEutropia.</strong></span> 
     </span>
    </p>
   </div>
   <div class='ocr_carea' id='block_1_22' title="bbox 2217 896 3675 965">
    <p class='ocr_par' dir='ltr' id='par_1_22' title="bbox 2217 896 3675 965">
     <span class='ocr_line' id='line_1_22' title="bbox 2217 896 3675 965; baseline 0.002 -16"><span class='ocrx_word' id='word_1_155' title='bbox 2217 896 2353 965; x_wconf 64' lang='lat' dir='ltr'><strong>Pauli</strong></span> <span class='ocrx_word' id='word_1_156' title='bbox 2378 896 2544 965; x_wconf 78' lang='lat' dir='ltr'><strong>itaque</strong></span> <span class='ocrx_word' id='word_1_157' title='bbox 2565 896 2747 965; x_wconf 79' lang='lat' dir='ltr'><strong>hospes</strong></span> <span class='ocrx_word' id='word_1_158' title='bbox 2785 896 3071 965; x_wconf 80' lang='lat' dir='ltr'><strong>Aqni|a_hic_</strong></span> <span class='ocrx_word' id='word_1_159' title='bbox 3083 937 3110 965; x_wconf 89' lang='lat'><strong>,_</strong></span> <span class='ocrx_word' id='word_1_160' title='bbox 3120 907 3172 950; x_wconf 89' lang='lat' dir='ltr'><strong>et</strong></span> <span class='ocrx_word' id='word_1_161' title='bbox 3193 901 3353 950; x_wconf 89' lang='lat' dir='ltr'><strong>Prisca</strong></span> <span class='ocrx_word' id='word_1_162' title='bbox 3368 896 3635 964; x_wconf 66' lang='lat' dir='ltr'><strong>&#39;quiescunt</strong></span> <span class='ocrx_word' id='word_1_163' title='bbox 3658 940 3675 965; x_wconf 87' lang='lat'><strong>,</strong></span> 
     </span>
    </p>
   </div>
   <div class='ocr_carea' id='block_1_23' title="bbox 2280 957 3391 1021">
    <p class='ocr_par' dir='ltr' id='par_1_23' title="bbox 2280 957 3391 1021">
     <span class='ocr_line' id='line_1_23' title="bbox 2280 957 3391 1021; baseline 0.005 -14"><span class='ocrx_word' id='word_1_164' title='bbox 2280 957 2504 1021; x_wconf 85' lang='lat' dir='ltr'><strong>Eugenia</strong></span> <span class='ocrx_word' id='word_1_165' title='bbox 2529 958 2605 1006; x_wconf 88' lang='lat' dir='ltr'><strong>hic</strong></span> <span class='ocrx_word' id='word_1_166' title='bbox 2629 957 2770 1021; x_wconf 83' lang='lat' dir='ltr'><strong>virgo</strong></span> <span class='ocrx_word' id='word_1_167' title='bbox 2793 957 2944 1021; x_wconf 66' lang='lat' dir='ltr'><strong>atoue</strong></span> <span class='ocrx_word' id='word_1_168' title='bbox 2965 957 3144 1010; x_wconf 88' lang='lat' dir='ltr'><strong>Basilia</strong></span> <span class='ocrx_word' id='word_1_169' title='bbox 3177 970 3391 1013; x_wconf 89' lang='lat' dir='ltr'><strong>manent.</strong></span> 
     </span>
    </p>
   </div>
   <div class='ocr_carea' id='block_1_24' title="bbox 2217 1019 3269 1084">
    <p class='ocr_par' dir='ltr' id='par_1_24' title="bbox 2217 1019 3269 1084">
     <span class='ocr_line' id='line_1_24' title="bbox 2217 1019 3269 1084; baseline 0 -12"><span class='ocrx_word' id='word_1_170' title='bbox 2217 1019 2437 1084; x_wconf 79' lang='lat' dir='ltr'><strong>Virginis</strong></span> <span class='ocrx_word' id='word_1_171' title='bbox 2455 1020 2662 1084; x_wconf 68' lang='lat' dir='ltr'><strong>Agnetis</strong></span> <span class='ocrx_word' id='word_1_172' title='bbox 2682 1019 2762 1084; x_wconf 85' lang='lat' dir='ltr'><strong>hic</strong></span> <span class='ocrx_word' id='word_1_173' title='bbox 2785 1019 3081 1070; x_wconf 87' lang='lat' dir='ltr'><strong>coilactanea</strong></span> <span class='ocrx_word' id='word_1_174' title='bbox 3104 1025 3233 1072; x_wconf 88' lang='lat' dir='ltr'><strong>sistit</strong></span> <span class='ocrx_word' id='word_1_175' title='bbox 3255 1060 3269 1084; x_wconf 96' lang='lat'><strong>,</strong></span> 
     </span>
    </p>
   </div>
   <div class='ocr_carea' id='block_1_25' title="bbox 2281 1081 3452 1147">
    <p class='ocr_par' dir='ltr' id='par_1_25' title="bbox 2281 1081 3452 1147">
     <span class='ocr_line' id='line_1_25' title="bbox 2281 1081 3452 1147; baseline 0.003 -15"><span class='ocrx_word' id='word_1_176' title='bbox 2281 1081 2473 1144; x_wconf 82' lang='lat' dir='ltr'><strong>Nempe</strong></span> <span class='ocrx_word' id='word_1_177' title='bbox 2505 1081 2874 1145; x_wconf 90' lang='lat' dir='ltr'><strong>Emerentlana,</strong></span> <span class='ocrx_word' id='word_1_178' title='bbox 2901 1089 3078 1146; x_wconf 84' lang='lat' dir='ltr'><strong>martyr</strong></span> <span class='ocrx_word' id='word_1_179' title='bbox 3104 1090 3156 1135; x_wconf 91' lang='lat' dir='ltr'><strong>et</strong></span> <span class='ocrx_word' id='word_1_180' title='bbox 3179 1081 3281 1147; x_wconf 82' lang='lat' dir='ltr'><strong>ipsa</strong></span> <span class='ocrx_word' id='word_1_181' title='bbox 3301 1096 3452 1137; x_wconf 84' lang='lat' dir='ltr'><strong>sacra.</strong></span> 
     </span>
    </p>
   </div>
   <div class='ocr_carea' id='block_1_26' title="bbox 2166 1188 3682 1259">
    <p class='ocr_par' dir='ltr' id='par_1_26' title="bbox 2166 1188 3682 1259">
     <span class='ocr_line' id='line_1_26' title="bbox 2166 1188 3682 1259; baseline 0.001 -17"><span class='ocrx_word' id='word_1_182' title='bbox 2166 1190 2255 1244; x_wconf 75' lang='grc'><strong>47.</strong></span> <span class='ocrx_word' id='word_1_183' title='bbox 2282 1188 2580 1242; x_wconf 91' lang='lat' dir='ltr'><strong>Transtulit</strong></span> <span class='ocrx_word' id='word_1_184' title='bbox 2602 1203 2817 1259; x_wconf 90' lang='lat' dir='ltr'><strong>quoque</strong></span> <span class='ocrx_word' id='word_1_185' title='bbox 2843 1189 3031 1244; x_wconf 91' lang='lat' dir='ltr'><strong>eadem</strong></span> <span class='ocrx_word' id='word_1_186' title='bbox 3069 1190 3156 1245; x_wconf 92' lang='lat' dir='ltr'><strong>die</strong></span> <span class='ocrx_word' id='word_1_187' title='bbox 3185 1205 3310 1246; x_wconf 89' lang='lat' dir='ltr'><strong>ossa</strong></span> <span class='ocrx_word' id='word_1_188' title='bbox 3341 1192 3512 1246; x_wconf 62' lang='lat' dir='ltr'><strong>beate</strong></span> <span class='ocrx_word' id='word_1_189' title='bbox 3537 1191 3682 1245; x_wconf 86' lang='lat' dir='ltr'><strong>Leu-</strong></span> 
     </span>
    </p>
   </div>
   <div class='ocr_carea' id='block_1_27' title="bbox 2095 1281 3682 1354">
    <p class='ocr_par' dir='ltr' id='par_1_27' title="bbox 2095 1281 3682 1354">
     <span class='ocr_line' id='line_1_27' title="bbox 2095 1281 3682 1354; baseline 0.002 -17"><span class='ocrx_word' id='word_1_190' title='bbox 2095 1282 2178 1337; x_wconf 82' lang='lat' dir='ltr'><strong>bae</strong></span> <span class='ocrx_word' id='word_1_191' title='bbox 2206 1281 2227 1320; x_wconf 72' lang='grc' dir='ltr'>ί</span> <span class='ocrx_word' id='word_1_192' title='bbox 2255 1281 2498 1352; x_wconf 82' lang='lat' dir='ltr'><strong>virginis,</strong></span> <span class='ocrx_word' id='word_1_193' title='bbox 2526 1281 2679 1352; x_wconf 87' lang='lat' dir='ltr'><strong>cujus</strong></span> <span class='ocrx_word' id='word_1_194' title='bbox 2711 1283 2891 1336; x_wconf 82' lang='lat' dir='ltr'><strong>Vitam</strong></span> <span class='ocrx_word' id='word_1_195' title='bbox 2921 1292 3082 1352; x_wconf 79' lang='lat' dir='ltr'><strong>atque</strong></span> <span class='ocrx_word' id='word_1_196' title='bbox 3111 1292 3261 1354; x_wconf 87' lang='lat' dir='ltr'><strong>gesta</strong></span> <span class='ocrx_word' id='word_1_197' title='bbox 3298 1285 3448 1340; x_wconf 89' lang='lat' dir='ltr'><strong>brevi</strong></span> <span class='ocrx_word' id='word_1_198' title='bbox 3475 1285 3682 1340; x_wconf 89' lang='lat' dir='ltr'><strong>dudum</strong></span> 
     </span>
    </p>
   </div>
   <div class='ocr_carea' id='block_1_28' title="bbox 2096 1370 3683 1444">
    <p class='ocr_par' dir='ltr' id='par_1_28' title="bbox 2096 1370 3683 1444">
     <span class='ocr_line' id='line_1_28' title="bbox 2096 1370 3683 1444; baseline 0 -18"><span class='ocrx_word' id='word_1_199' title='bbox 2096 1371 2278 1427; x_wconf 90' lang='lat' dir='ltr'><strong>libello</strong></span> <span class='ocrx_word' id='word_1_200' title='bbox 2307 1370 2721 1440; x_wconf 88' lang='lat' dir='ltr'><strong>comprehendi;</strong></span> <span class='ocrx_word' id='word_1_201' title='bbox 2759 1380 2814 1425; x_wconf 91' lang='lat' dir='ltr'><strong>et</strong></span> <span class='ocrx_word' id='word_1_202' title='bbox 2840 1372 3018 1441; x_wconf 90' lang='lat' dir='ltr'><strong>posuit</strong></span> <span class='ocrx_word' id='word_1_203' title='bbox 3043 1387 3106 1427; x_wconf 89' lang='lat' dir='ltr'><strong>ca</strong></span> <span class='ocrx_word' id='word_1_204' title='bbox 3132 1373 3185 1426; x_wconf 91' lang='lat' dir='ltr'><strong>in</strong></span> <span class='ocrx_word' id='word_1_205' title='bbox 3217 1384 3403 1444; x_wconf 78' lang='lat' dir='ltr'><strong>crypta</strong></span> <span class='ocrx_word' id='word_1_206' title='bbox 3437 1372 3683 1442; x_wconf 89' lang='lat' dir='ltr'><strong>ejusdem</strong></span> 
     </span>
    </p>
   </div>
   <div class='ocr_carea' id='block_1_29' title="bbox 2098 1463 3683 1534">
    <p class='ocr_par' dir='ltr' id='par_1_29' title="bbox 2098 1463 3683 1534">
     <span class='ocr_line' id='line_1_29' title="bbox 2098 1463 3683 1534; baseline 0 -14"><span class='ocrx_word' id='word_1_207' title='bbox 2098 1465 2338 1521; x_wconf 79' lang='lat' dir='ltr'><strong>ecclesiae.</strong></span> <span class='ocrx_word' id='word_1_208' title='bbox 2387 1472 2506 1534; x_wconf 92' lang='lat' dir='ltr'><strong>post</strong></span> <span class='ocrx_word' id='word_1_209' title='bbox 2531 1464 2723 1531; x_wconf 89' lang='lat' dir='ltr'><strong>altare,</strong></span> <span class='ocrx_word' id='word_1_210' title='bbox 2770 1463 2825 1518; x_wconf 88' lang='lat' dir='ltr'><strong>in</strong></span> <span class='ocrx_word' id='word_1_211' title='bbox 2853 1465 3112 1520; x_wconf 89' lang='lat' dir='ltr'><strong>honorem</strong></span> <span class='ocrx_word' id='word_1_212' title='bbox 3159 1473 3359 1519; x_wconf 66' lang='lat' dir='ltr'><strong>sancire</strong></span> <span class='ocrx_word' id='word_1_213' title='bbox 3385 1465 3479 1520; x_wconf 92' lang='lat' dir='ltr'><strong>Dei</strong></span> <span class='ocrx_word' id='word_1_214' title='bbox 3511 1465 3683 1520; x_wconf 86' lang='lat' dir='ltr'><strong>Geni-</strong></span> 
     </span>
    </p>
   </div>
   <div class='ocr_carea' id='block_1_30' title="bbox 2099 1554 3684 1625">
    <p class='ocr_par' dir='ltr' id='par_1_30' title="bbox 2099 1554 3684 1625">
     <span class='ocr_line' id='line_1_30' title="bbox 2099 1554 3684 1625; baseline 0.001 -16"><span class='ocrx_word' id='word_1_215' title='bbox 2099 1555 2271 1621; x_wconf 90' lang='lat' dir='ltr'><strong>tricis,</strong></span> <span class='ocrx_word' id='word_1_216' title='bbox 2323 1563 2742 1625; x_wconf 88' lang='lat' dir='ltr'><strong>sanctarumque</strong></span> <span class='ocrx_word' id='word_1_217' title='bbox 2789 1555 3057 1625; x_wconf 79' lang='lat' dir='ltr'><strong>virginum</strong></span> <span class='ocrx_word' id='word_1_218' title='bbox 3101 1554 3301 1611; x_wconf 90' lang='lat' dir='ltr'><strong>Christi</strong></span> <span class='ocrx_word' id='word_1_219' title='bbox 3350 1556 3684 1622; x_wconf 89' lang='lat' dir='ltr'><strong>dedicatum,</strong></span> 
     </span>
    </p>
   </div>
   <div class='ocr_carea' id='block_1_31' title="bbox 2103 1646 3688 1728">
    <p class='ocr_par' dir='ltr' id='par_1_31' title="bbox 2103 1646 3688 1728">
     <span class='ocr_line' id='line_1_31' title="bbox 2103 1646 3688 1728; baseline 0.001 -28"><span class='ocrx_word' id='word_1_220' title='bbox 2103 1647 2156 1701; x_wconf 92' lang='lat' dir='ltr'><strong>in</strong></span> <span class='ocrx_word' id='word_1_221' title='bbox 2182 1662 2307 1701; x_wconf 90' lang='lat' dir='ltr'><strong>arca</strong></span> <span class='ocrx_word' id='word_1_222' title='bbox 2339 1662 2526 1711; x_wconf 82' lang='lat' dir='ltr'><strong>saxea,</strong></span> <span class='ocrx_word' id='word_1_223' title='bbox 2572 1661 2736 1716; x_wconf 88' lang='lat' dir='ltr'><strong>quam</strong></span> <span class='ocrx_word' id='word_1_224' title='bbox 2777 1646 2940 1700; x_wconf 87' lang='lat' dir='ltr'><strong>etiam</strong></span> <span class='ocrx_word' id='word_1_225' title='bbox 2970 1646 3116 1716; x_wconf 87' lang='lat' dir='ltr'><strong>ligno</strong></span> <span class='ocrx_word' id='word_1_226' title='bbox 3145 1646 3534 1728; x_wconf 81' lang='lat' dir='ltr'><strong>circumdatam</strong></span> <span class='ocrx_word' id='word_1_227' title='bbox 3565 1647 3688 1702; x_wconf 85' lang='lat' dir='ltr'><strong>auri</strong></span> 
     </span>
    </p>
   </div>
   <div class='ocr_carea' id='block_1_32' title="bbox 2107 1737 3196 1808">
    <p class='ocr_par' dir='ltr' id='par_1_32' title="bbox 2107 1737 3196 1808">
     <span class='ocr_line' id='line_1_32' title="bbox 2107 1737 3196 1808; baseline -0.001 -16"><span class='ocrx_word' id='word_1_228' title='bbox 2107 1738 2420 1808; x_wconf 85' lang='lat' dir='ltr'><strong>argentique</strong></span> <span class='ocrx_word' id='word_1_229' title='bbox 2446 1737 2664 1792; x_wconf 89' lang='lat' dir='ltr'><strong>metallo</strong></span> <span class='ocrx_word' id='word_1_230' title='bbox 2690 1738 2945 1793; x_wconf 88' lang='lat' dir='ltr'><strong>decenter</strong></span> <span class='ocrx_word' id='word_1_231' title='bbox 2963 1737 3196 1792; x_wconf 90' lang='lat' dir='ltr'><strong>ornavit.</strong></span> 
     </span>
    </p>
   </div>
   <div class='ocr_carea' id='block_1_33' title="bbox 426 1805 3690 1921">
    <p class='ocr_par' dir='ltr' id='par_1_33' title="bbox 426 1805 3690 1921">
     <span class='ocr_line' id='line_1_33' title="bbox 426 1805 3690 1921; baseline 0.003 -42"><span class='ocrx_word' id='word_1_232' title='bbox 426 1826 812 1896; x_wconf 87' lang='lat' dir='ltr'><strong>declarantem,</strong></span> <span class='ocrx_word' id='word_1_233' title='bbox 840 1832 1066 1886; x_wconf 90' lang='lat' dir='ltr'><strong>metrico</strong></span> <span class='ocrx_word' id='word_1_234' title='bbox 1091 1832 1329 1886; x_wconf 91' lang='lat' dir='ltr'><strong>carmine</strong></span> <span class='ocrx_word' id='word_1_235' title='bbox 1375 1834 1761 1903; x_wconf 86' lang='lat' dir='ltr'><strong>compositum,</strong></span> <span class='ocrx_word' id='word_1_236' title='bbox 1804 1833 1997 1888; x_wconf 88' lang='lat' dir='ltr'><strong>litteris</strong></span> <span class='ocrx_word' id='word_1_237' title='bbox 2026 1805 2072 1864; x_wconf 76' lang='grc' dir='ltr'><strong>Β</strong></span> <span class='ocrx_word' id='word_1_238' title='bbox 2167 1852 2256 1908; x_wconf 64' lang='grc'><strong>48,</strong></span> <span class='ocrx_word' id='word_1_239' title='bbox 2285 1851 2540 1921; x_wconf 66' lang='lat' dir='ltr'><strong>sequemi</strong></span> <span class='ocrx_word' id='word_1_240' title='bbox 2569 1859 2747 1906; x_wconf 48' lang='lat' dir='ltr'><strong>autem</strong></span> <span class='ocrx_word' id='word_1_241' title='bbox 2775 1851 2861 1906; x_wconf 72' lang='lat' dir='ltr'><strong>die</strong></span> <span class='ocrx_word' id='word_1_242' title='bbox 2888 1865 2989 1921; x_wconf 65' lang='lat' dir='ltr'><strong>per</strong></span> <span class='ocrx_word' id='word_1_243' title='bbox 3013 1866 3231 1905; x_wconf 72' lang='lat' dir='ltr'><strong>manum</strong></span> <span class='ocrx_word' id='word_1_244' title='bbox 3253 1849 3496 1921; x_wconf 65' lang='grc' dir='ltr'><strong>ρηράίοιί</strong></span> <span class='ocrx_word' id='word_1_245' title='bbox 3518 1849 3690 1905; x_wconf 64' lang='lat' dir='ltr'><strong>Chor-</strong></span> 
     </span>
    </p>
   </div>
   <div class='ocr_carea' id='block_1_34' title="bbox 425 1919 1941 1996">
    <p class='ocr_par' dir='ltr' id='par_1_34' title="bbox 425 1919 1941 1996">
     <span class='ocr_line' id='line_1_34' title="bbox 425 1919 1941 1996; baseline 0.004 -22"><span class='ocrx_word' id='word_1_246' title='bbox 425 1919 700 1977; x_wconf 89' lang='lat' dir='ltr'><strong>deauratis</strong></span> <span class='ocrx_word' id='word_1_247' title='bbox 728 1924 781 1977; x_wconf 89' lang='lat' dir='ltr'><strong>in</strong></span> <span class='ocrx_word' id='word_1_248' title='bbox 807 1924 1036 1979; x_wconf 90' lang='lat' dir='ltr'><strong>circuitu</strong></span> <span class='ocrx_word' id='word_1_249' title='bbox 1062 1925 1403 1996; x_wconf 89' lang='lat' dir='ltr'><strong>conscripsit,</strong></span> <span class='ocrx_word' id='word_1_250' title='bbox 1433 1925 1487 1980; x_wconf 92' lang='lat' dir='ltr'><strong>in</strong></span> <span class='ocrx_word' id='word_1_251' title='bbox 1517 1926 1658 1980; x_wconf 88' lang='lat' dir='ltr'><strong>hunc</strong></span> <span class='ocrx_word' id='word_1_252' title='bbox 1685 1926 1904 1980; x_wconf 87' lang='lat' dir='ltr'><strong>modum</strong></span> <span class='ocrx_word' id='word_1_253' title='bbox 1928 1944 1941 1980; x_wconf 89' lang='lat'><strong>:</strong></span> 
     </span>
    </p>
   </div>
   <div class='ocr_carea' id='block_1_35' title="bbox 551 2036 1904 2114">
    <p class='ocr_par' dir='ltr' id='par_1_35' title="bbox 551 2036 1904 2114">
     <span class='ocr_line' id='line_1_35' title="bbox 551 2036 1904 2114; baseline 0.004 -28"><span class='ocrx_word' id='word_1_254' title='bbox 551 2036 820 2114; x_wconf 15' lang='lat' dir='ltr'><strong>Postquam,</strong></span> <span class='ocrx_word' id='word_1_255' title='bbox 834 2036 941 2114; x_wconf 53' lang='lat' dir='ltr'><strong>lle;</strong></span> <span class='ocrx_word' id='word_1_256' title='bbox 964 2039 1377 2114; x_wconf 15' lang='lat' dir='ltr'><strong>regumichristus</strong></span> <span class='ocrx_word' id='word_1_257' title='bbox 1397 2039 1750 2114; x_wconf 73' lang='lat' dir='ltr'><strong>superasthera</strong></span> <span class='ocrx_word' id='word_1_258' title='bbox 1774 2038 1904 2091; x_wconf 88' lang='lat' dir='ltr'><strong>celsa</strong></span> 
     </span>
    </p>
   </div>
   <div class='ocr_carea' id='block_1_36' title="bbox 615 2097 1682 2163">
    <p class='ocr_par' dir='ltr' id='par_1_36' title="bbox 615 2097 1682 2163">
     <span class='ocr_line' id='line_1_36' title="bbox 615 2097 1682 2163; baseline 0.003 -15"><span class='ocrx_word' id='word_1_259' title='bbox 615 2097 781 2148; x_wconf 73' lang='lat' dir='ltr'><strong>Victor</strong></span> <span class='ocrx_word' id='word_1_260' title='bbox 801 2097 1106 2163; x_wconf 73' lang='lat' dir='ltr'><strong>conscendit,</strong></span> <span class='ocrx_word' id='word_1_261' title='bbox 1133 2102 1318 2150; x_wconf 75' lang='lat' dir='ltr'><strong>arbiter</strong></span> <span class='ocrx_word' id='word_1_262' title='bbox 1343 2097 1650 2163; x_wconf 84' lang='lat' dir='ltr'><strong>omnipotens</strong></span> <span class='ocrx_word' id='word_1_263' title='bbox 1669 2139 1682 2160; x_wconf 93' lang='lat'><strong>,</strong></span> 
     </span>
    </p>
   </div>
   <div class='ocr_carea' id='block_1_37' title="bbox 552 2159 1867 2225">
    <p class='ocr_par' dir='ltr' id='par_1_37' title="bbox 552 2159 1867 2225">
     <span class='ocr_line' id='line_1_37' title="bbox 552 2159 1867 2225; baseline 0.004 -15"><span class='ocrx_word' id='word_1_264' title='bbox 552 2159 834 2225; x_wconf 65' lang='lat' dir='ltr'><strong>Serrorum</strong></span> <span class='ocrx_word' id='word_1_265' title='bbox 857 2162 1050 2225; x_wconf 83' lang='lat' dir='ltr'><strong>turbam</strong></span> <span class='ocrx_word' id='word_1_266' title='bbox 1073 2159 1151 2210; x_wconf 84' lang='lat' dir='ltr'><strong>hic</strong></span> <span class='ocrx_word' id='word_1_267' title='bbox 1175 2163 1331 2225; x_wconf 82' lang='lat' dir='ltr'><strong>liquit,</strong></span> <span class='ocrx_word' id='word_1_268' title='bbox 1356 2159 1650 2225; x_wconf 82' lang='lat' dir='ltr'><strong>plebemque</strong></span> <span class='ocrx_word' id='word_1_269' title='bbox 1670 2159 1867 2215; x_wconf 85' lang='lat' dir='ltr'><strong>tidelem</strong></span> 
     </span>
    </p>
   </div>
   <div class='ocr_carea' id='block_1_38' title="bbox 616 2221 1706 2284">
    <p class='ocr_par' dir='ltr' id='par_1_38' title="bbox 616 2221 1706 2284">
     <span class='ocr_line' id='line_1_38' title="bbox 616 2221 1706 2284; baseline 0.004 -14"><span class='ocrx_word' id='word_1_270' title='bbox 616 2221 708 2280; x_wconf 83' lang='lat' dir='ltr'><strong>Qui</strong></span> <span class='ocrx_word' id='word_1_271' title='bbox 734 2223 885 2272; x_wconf 92' lang='lat' dir='ltr'><strong>verbo</strong></span> <span class='ocrx_word' id='word_1_272' title='bbox 911 2229 962 2270; x_wconf 90' lang='lat' dir='ltr'><strong>et</strong></span> <span class='ocrx_word' id='word_1_273' title='bbox 987 2223 1121 2273; x_wconf 80' lang='lat' dir='ltr'><strong>factis</strong></span> <span class='ocrx_word' id='word_1_274' title='bbox 1147 2221 1345 2284; x_wconf 81' lang='lat' dir='ltr'><strong>pini-ima</strong></span> <span class='ocrx_word' id='word_1_275' title='bbox 1357 2221 1496 2274; x_wconf 85' lang='lat' dir='ltr'><strong>lucra</strong></span> <span class='ocrx_word' id='word_1_276' title='bbox 1518 2221 1706 2274; x_wconf 76' lang='lat' dir='ltr'><strong>darent.</strong></span> 
     </span>
    </p>
   </div>
   <div class='ocr_carea' id='block_1_39' title="bbox 557 2281 1874 2350">
    <p class='ocr_par' dir='ltr' id='par_1_39' title="bbox 557 2281 1874 2350">
     <span class='ocr_line' id='line_1_39' title="bbox 557 2281 1874 2350; baseline 0.005 -18"><span class='ocrx_word' id='word_1_277' title='bbox 557 2281 696 2350; x_wconf 74' lang='lat' dir='ltr'><strong>Inter</strong></span> <span class='ocrx_word' id='word_1_278' title='bbox 719 2296 842 2345; x_wconf 88' lang='lat' dir='ltr'><strong>quos</strong></span> <span class='ocrx_word' id='word_1_279' title='bbox 866 2285 946 2350; x_wconf 83' lang='lat' dir='ltr'><strong>isti</strong></span> <span class='ocrx_word' id='word_1_280' title='bbox 969 2281 1216 2350; x_wconf 14' lang='lat' dir='ltr'><strong>,rquorum</strong></span> <span class='ocrx_word' id='word_1_281' title='bbox 1241 2287 1316 2350; x_wconf 87' lang='lat' dir='ltr'><strong>hic</strong></span> <span class='ocrx_word' id='word_1_282' title='bbox 1336 2287 1558 2336; x_wconf 89' lang='lat' dir='ltr'><strong>membra</strong></span> <span class='ocrx_word' id='word_1_283' title='bbox 1579 2290 1874 2350; x_wconf 84' lang='lat' dir='ltr'><strong>quiescunt,</strong></span> 
     </span>
    </p>
   </div>
   <div class='ocr_carea' id='block_1_40' title="bbox 622 2345 1464 2398">
    <p class='ocr_par' dir='ltr' id='par_1_40' title="bbox 622 2345 1464 2398">
     <span class='ocr_line' id='line_1_40' title="bbox 622 2345 1464 2398; baseline 0.006 -5"><span class='ocrx_word' id='word_1_284' title='bbox 622 2345 860 2394; x_wconf 78' lang='lat' dir='ltr'><strong>Virtutum</strong></span> <span class='ocrx_word' id='word_1_285' title='bbox 880 2345 1036 2395; x_wconf 87' lang='lat' dir='ltr'><strong>titulis</strong></span> <span class='ocrx_word' id='word_1_286' title='bbox 1057 2348 1224 2396; x_wconf 85' lang='lat' dir='ltr'><strong>eximii</strong></span> <span class='ocrx_word' id='word_1_287' title='bbox 1252 2347 1464 2398; x_wconf 80' lang='lat' dir='ltr'><strong>fuerant.</strong></span> 
     </span>
    </p>
   </div>
   <div class='ocr_carea' id='block_1_41' title="bbox 555 2407 1766 2469">
    <p class='ocr_par' dir='ltr' id='par_1_41' title="bbox 555 2407 1766 2469">
     <span class='ocr_line' id='line_1_41' title="bbox 555 2407 1766 2469; baseline 0.003 -12"><span class='ocrx_word' id='word_1_288' title='bbox 555 2407 616 2458; x_wconf 83' lang='lat' dir='ltr'><strong>Hi</strong></span> <span class='ocrx_word' id='word_1_289' title='bbox 641 2419 860 2469; x_wconf 87' lang='lat' dir='ltr'><strong>pompam</strong></span> <span class='ocrx_word' id='word_1_290' title='bbox 883 2409 1047 2469; x_wconf 88' lang='lat' dir='ltr'><strong>mundi</strong></span> <span class='ocrx_word' id='word_1_291' title='bbox 1070 2416 1385 2469; x_wconf 69' lang='lat' dir='ltr'><strong>spernentes,</strong></span> <span class='ocrx_word' id='word_1_292' title='bbox 1410 2414 1505 2460; x_wconf 90' lang='lat' dir='ltr'><strong>rite</strong></span> <span class='ocrx_word' id='word_1_293' title='bbox 1529 2412 1766 2461; x_wconf 88' lang='lat' dir='ltr'><strong>tenebant</strong></span> 
     </span>
    </p>
   </div>
   <div class='ocr_carea' id='block_1_42' title="bbox 617 2468 1658 2532">
    <p class='ocr_par' dir='ltr' id='par_1_42' title="bbox 617 2468 1658 2532">
     <span class='ocr_line' id='line_1_42' title="bbox 617 2468 1658 2532; baseline 0.002 -14"><span class='ocrx_word' id='word_1_294' title='bbox 617 2468 829 2532; x_wconf 79' lang='lat' dir='ltr'><strong>Martyrli</strong></span> <span class='ocrx_word' id='word_1_295' title='bbox 851 2468 1054 2532; x_wconf 87' lang='lat' dir='ltr'><strong>palmam</strong></span> <span class='ocrx_word' id='word_1_296' title='bbox 1076 2468 1454 2532; x_wconf 86' lang='lat' dir='ltr'><strong>virgineumque</strong></span> <span class='ocrx_word' id='word_1_297' title='bbox 1489 2474 1658 2521; x_wconf 87' lang='lat' dir='ltr'><strong>decus.</strong></span> 
     </span>
    </p>
   </div>
   <div class='ocr_carea' id='block_1_43' title="bbox 556 2531 1876 2596">
    <p class='ocr_par' dir='ltr' id='par_1_43' title="bbox 556 2531 1876 2596">
     <span class='ocr_line' id='line_1_43' title="bbox 556 2531 1876 2596; baseline 0.002 -15"><span class='ocrx_word' id='word_1_298' title='bbox 556 2531 786 2596; x_wconf 69' lang='lat' dir='ltr'><strong>Germani</strong></span> <span class='ocrx_word' id='word_1_299' title='bbox 811 2543 930 2580; x_wconf 89' lang='lat' dir='ltr'><strong>ecce</strong></span> <span class='ocrx_word' id='word_1_300' title='bbox 955 2531 1052 2596; x_wconf 72' lang='lat' dir='ltr'><strong>duo</strong></span> <span class='ocrx_word' id='word_1_301' title='bbox 1073 2532 1150 2580; x_wconf 90' lang='lat' dir='ltr'><strong>hic</strong></span> <span class='ocrx_word' id='word_1_302' title='bbox 1171 2531 1396 2596; x_wconf 80' lang='lat' dir='ltr'><strong>pausam,</strong></span> <span class='ocrx_word' id='word_1_303' title='bbox 1419 2547 1541 2595; x_wconf 88' lang='lat' dir='ltr'><strong>quos</strong></span> <span class='ocrx_word' id='word_1_304' title='bbox 1567 2534 1712 2596; x_wconf 79' lang='lat' dir='ltr'><strong>Virgo</strong></span> <span class='ocrx_word' id='word_1_305' title='bbox 1736 2536 1876 2586; x_wconf 87' lang='lat' dir='ltr'><strong>beata</strong></span> 
     </span>
    </p>
   </div>
   <div class='ocr_carea' id='block_1_44' title="bbox 618 2591 1615 2652">
    <p class='ocr_par' dir='ltr' id='par_1_44' title="bbox 618 2591 1615 2652">
     <span class='ocr_line' id='line_1_44' title="bbox 618 2591 1615 2652; baseline 0.002 -11"><span class='ocrx_word' id='word_1_306' title='bbox 618 2591 820 2641; x_wconf 87' lang='lat' dir='ltr'><strong>Lucrata</strong></span> <span class='ocrx_word' id='word_1_307' title='bbox 847 2599 924 2641; x_wconf 89' lang='lat' dir='ltr'><strong>est</strong></span> <span class='ocrx_word' id='word_1_308' title='bbox 946 2593 1135 2643; x_wconf 89' lang='lat' dir='ltr'><strong>Christo</strong></span> <span class='ocrx_word' id='word_1_309' title='bbox 1156 2591 1383 2652; x_wconf 81' lang='lat' dir='ltr'><strong>dogmate</strong></span> <span class='ocrx_word' id='word_1_310' title='bbox 1408 2591 1615 2646; x_wconf 72' lang='lat' dir='ltr'><strong>Caecilia.</strong></span> 
     </span>
    </p>
   </div>
   <div class='ocr_carea' id='block_1_45' title="bbox 557 2652 1638 2718">
    <p class='ocr_par' dir='ltr' id='par_1_45' title="bbox 557 2652 1638 2718">
     <span class='ocr_line' id='line_1_45' title="bbox 557 2652 1638 2718; baseline 0.002 -14"><span class='ocrx_word' id='word_1_311' title='bbox 557 2652 850 2718; x_wconf 70' lang='lat' dir='ltr'><strong>Valerianus</strong></span> <span class='ocrx_word' id='word_1_312' title='bbox 873 2654 1012 2718; x_wconf 80' lang='lat' dir='ltr'><strong>adest</strong></span> <span class='ocrx_word' id='word_1_313' title='bbox 1040 2669 1184 2718; x_wconf 89' lang='lat' dir='ltr'><strong>unus,</strong></span> <span class='ocrx_word' id='word_1_314' title='bbox 1223 2656 1472 2707; x_wconf 91' lang='lat' dir='ltr'><strong>&#39;i‘ihurtins</strong></span> <span class='ocrx_word' id='word_1_315' title='bbox 1495 2659 1638 2716; x_wconf 87' lang='lat' dir='ltr'><strong>alter,</strong></span> 
     </span>
    </p>
   </div>
   <div class='ocr_carea' id='block_1_46' title="bbox 621 2714 1644 2778">
    <p class='ocr_par' dir='ltr' id='par_1_46' title="bbox 621 2714 1644 2778">
     <span class='ocr_line' id='line_1_46' title="bbox 621 2714 1644 2778; baseline 0.007 -15"><span class='ocrx_word' id='word_1_316' title='bbox 621 2714 827 2765; x_wconf 85' lang='lat' dir='ltr'><strong>Nomine</strong></span> <span class='ocrx_word' id='word_1_317' title='bbox 852 2717 1134 2778; x_wconf 76' lang='lat' dir='ltr'><strong>praeclarus,</strong></span> <span class='ocrx_word' id='word_1_318' title='bbox 1158 2714 1332 2766; x_wconf 77' lang='lat' dir='ltr'><strong>clarior</strong></span> <span class='ocrx_word' id='word_1_319' title='bbox 1359 2728 1408 2770; x_wconf 89' lang='lat' dir='ltr'><strong>et</strong></span> <span class='ocrx_word' id='word_1_320' title='bbox 1435 2714 1644 2770; x_wconf 73' lang='lat' dir='ltr'><strong>meritis.</strong></span> 
     </span>
    </p>
   </div>
   <div class='ocr_carea' id='block_1_47' title="bbox 558 2773 1760 2839">
    <p class='ocr_par' dir='ltr' id='par_1_47' title="bbox 558 2773 1760 2839">
     <span class='ocr_line' id='line_1_47' title="bbox 558 2773 1760 2839; baseline 0.004 -13"><span class='ocrx_word' id='word_1_321' title='bbox 558 2773 658 2826; x_wconf 81' lang='lat' dir='ltr'><strong>Has</strong></span> <span class='ocrx_word' id='word_1_322' title='bbox 677 2783 780 2826; x_wconf 90' lang='lat' dir='ltr'><strong>tres</strong></span> <span class='ocrx_word' id='word_1_323' title='bbox 804 2773 1038 2839; x_wconf 75' lang='lat' dir='ltr'><strong>personas</strong></span> <span class='ocrx_word' id='word_1_324' title='bbox 1068 2773 1284 2828; x_wconf 81' lang='lat' dir='ltr'><strong>Romana</strong></span> <span class='ocrx_word' id='word_1_325' title='bbox 1310 2794 1372 2829; x_wconf 82' lang='lat' dir='ltr'><strong>ex</strong></span> <span class='ocrx_word' id='word_1_326' title='bbox 1399 2793 1511 2831; x_wconf 85' lang='lat' dir='ltr'><strong>arce</strong></span> <span class='ocrx_word' id='word_1_327' title='bbox 1537 2785 1760 2831; x_wconf 86' lang='lat' dir='ltr'><strong>meantes</strong></span> 
     </span>
    </p>
   </div>
   <div class='ocr_carea' id='block_1_48' title="bbox 621 2839 1699 2902">
    <p class='ocr_par' dir='ltr' id='par_1_48' title="bbox 621 2839 1699 2902">
     <span class='ocr_line' id='line_1_48' title="bbox 621 2839 1699 2902; baseline 0.003 -14"><span class='ocrx_word' id='word_1_328' title='bbox 621 2840 848 2901; x_wconf 83' lang='lat' dir='ltr'><strong>Suscepit</strong></span> <span class='ocrx_word' id='word_1_329' title='bbox 871 2839 1056 2902; x_wconf 78' lang='lat' dir='ltr'><strong>Raban,</strong></span> <span class='ocrx_word' id='word_1_330' title='bbox 1083 2842 1293 2902; x_wconf 83' lang='lat' dir='ltr'><strong>Christe,</strong></span> <span class='ocrx_word' id='word_1_331' title='bbox 1320 2849 1436 2892; x_wconf 83' lang='lat' dir='ltr'><strong>tuus</strong></span> <span class='ocrx_word' id='word_1_332' title='bbox 1455 2843 1662 2892; x_wconf 82' lang='lat' dir='ltr'><strong>famulus</strong></span> <span class='ocrx_word' id='word_1_333' title='bbox 1684 2880 1699 2902; x_wconf 96' lang='lat'><strong>,</strong></span> 
     </span>
    </p>
   </div>
   <div class='ocr_carea' id='block_1_49' title="bbox 555 2898 1790 2969">
    <p class='ocr_par' dir='ltr' id='par_1_49' title="bbox 555 2898 1790 2969">
     <span class='ocr_line' id='line_1_49' title="bbox 555 2898 1790 2969; baseline 0.004 -18"><span class='ocrx_word' id='word_1_334' title='bbox 555 2898 892 2969; x_wconf 62' lang='lat' dir='ltr'><strong>Patronosque</strong></span> <span class='ocrx_word' id='word_1_335' title='bbox 913 2903 1005 2969; x_wconf 78' lang='lat' dir='ltr'><strong>sibi</strong></span> <span class='ocrx_word' id='word_1_336' title='bbox 1031 2898 1416 2969; x_wconf 56' lang='lat' dir='ltr'><strong>exoptans&#39;lieri,</strong></span> <span class='ocrx_word' id='word_1_337' title='bbox 1439 2914 1544 2969; x_wconf 84' lang='lat' dir='ltr'><strong>arte</strong></span> <span class='ocrx_word' id='word_1_338' title='bbox 1564 2898 1790 2969; x_wconf 83' lang='lat' dir='ltr'><strong>magistra</strong></span> 
     </span>
    </p>
   </div>
   <div class='ocr_carea' id='block_1_50' title="bbox 615 2963 1636 3025">
    <p class='ocr_par' dir='ltr' id='par_1_50' title="bbox 615 2963 1636 3025">
     <span class='ocr_line' id='line_1_50' title="bbox 615 2963 1636 3025; baseline 0.004 -11"><span class='ocrx_word' id='word_1_339' title='bbox 615 2963 820 3014; x_wconf 85' lang='lat' dir='ltr'><strong>Ornavit</strong></span> <span class='ocrx_word' id='word_1_340' title='bbox 839 2963 1092 3025; x_wconf 89' lang='lat' dir='ltr'><strong>tumulum,</strong></span> <span class='ocrx_word' id='word_1_341' title='bbox 1116 2963 1324 3016; x_wconf 81' lang='lat' dir='ltr'><strong>condidit</strong></span> <span class='ocrx_word' id='word_1_342' title='bbox 1349 2963 1636 3018; x_wconf 41' lang='lat' dir='ltr'><strong>et’tltulnm.</strong></span> 
     </span>
    </p>
   </div>
   <div class='ocr_carea' id='block_1_51' title="bbox 496 3066 2010 3147">
    <p class='ocr_par' dir='ltr' id='par_1_51' title="bbox 496 3066 2010 3147">
     <span class='ocr_line' id='line_1_51' title="bbox 496 3066 2010 3147; baseline 0.006 -25"><span class='ocrx_word' id='word_1_343' title='bbox 496 3066 585 3124; x_wconf 76' lang='grc'><strong>46.</strong></span> <span class='ocrx_word' id='word_1_344' title='bbox 615 3068 925 3126; x_wconf 65' lang='grc' dir='ltr'><strong>Ᾱῐὰἱίὶοανὶι</strong></span> <span class='ocrx_word' id='word_1_345' title='bbox 950 3073 1114 3126; x_wconf 90' lang='lat' dir='ltr'><strong>etiam</strong></span> <span class='ocrx_word' id='word_1_346' title='bbox 1145 3073 1430 3130; x_wconf 90' lang='lat' dir='ltr'><strong>ecclesiam</strong></span> <span class='ocrx_word' id='word_1_347' title='bbox 1459 3075 1615 3131; x_wconf 84' lang='lat' dir='ltr'><strong>valde</strong></span> <span class='ocrx_word' id='word_1_348' title='bbox 1659 3075 2010 3147; x_wconf 90' lang='lat' dir='ltr'><strong>conspicuam</strong></span> 
     </span>
    </p>
   </div>
   <div class='ocr_carea' id='block_1_52' title="bbox 430 3261 2010 3333">
    <p class='ocr_par' dir='ltr' id='par_1_52' title="bbox 430 3261 2010 3333">
     <span class='ocr_line' id='line_1_52' title="bbox 430 3261 2010 3333; baseline 0.008 -26"><span class='ocrx_word' id='word_1_349' title='bbox 430 3262 537 3308; x_wconf 91' lang='lat' dir='ltr'><strong>tem</strong></span> <span class='ocrx_word' id='word_1_350' title='bbox 568 3270 600 3310; x_wconf 89' lang='lat' dir='ltr'><strong>a</strong></span> <span class='ocrx_word' id='word_1_351' title='bbox 646 3271 746 3312; x_wconf 92' lang='lat' dir='ltr'><strong>suo</strong></span> <span class='ocrx_word' id='word_1_352' title='bbox 782 3261 1112 3316; x_wconf 91' lang='lat' dir='ltr'><strong>monasterio</strong></span> <span class='ocrx_word' id='word_1_353' title='bbox 1155 3261 1444 3317; x_wconf 87' lang='lat' dir='ltr'><strong>distantem</strong></span> <span class='ocrx_word' id='word_1_354' title='bbox 1501 3279 1514 3315; x_wconf 92' lang='lat'><strong>:</strong></span> <span class='ocrx_word' id='word_1_355' title='bbox 1559 3278 1722 3333; x_wconf 88' lang='lat' dir='ltr'><strong>quam</strong></span> <span class='ocrx_word' id='word_1_356' title='bbox 1774 3279 1897 3319; x_wconf 91' lang='lat' dir='ltr'><strong>cum</strong></span> <span class='ocrx_word' id='word_1_357' title='bbox 1943 3279 2010 3320; x_wconf 77' lang='lat' dir='ltr'><strong>ex</strong></span> 
     </span>
    </p>
   </div>
   <div class='ocr_carea' id='block_1_53' title="bbox 426 3346 2008 3424">
    <p class='ocr_par' dir='ltr' id='par_1_53' title="bbox 426 3346 2008 3424">
     <span class='ocr_line' id='line_1_53' title="bbox 426 3346 2008 3424; baseline 0.009 -28"><span class='ocrx_word' id='word_1_358' title='bbox 426 3352 695 3416; x_wconf 67' lang='lat' dir='ltr'><strong>praecepto</strong></span> <span class='ocrx_word' id='word_1_359' title='bbox 745 3346 950 3419; x_wconf 87' lang='lat' dir='ltr'><strong>Otgarii</strong></span> <span class='ocrx_word' id='word_1_360' title='bbox 1011 3351 1400 3422; x_wconf 90' lang='lat' dir='ltr'><strong>archiepiscopi</strong></span> <span class='ocrx_word' id='word_1_361' title='bbox 1459 3368 1555 3424; x_wconf 92' lang='lat' dir='ltr'><strong>per</strong></span> <span class='ocrx_word' id='word_1_362' title='bbox 1617 3353 2008 3422; x_wconf 84' lang='lat' dir='ltr'><strong>Reginbaidum</strong></span> 
     </span>
    </p>
   </div>
   <div class='ocr_carea' id='block_1_54' title="bbox 430 3435 2011 3518">
    <p class='ocr_par' dir='ltr' id='par_1_54' title="bbox 430 3435 2011 3518">
     <span class='ocr_line' id='line_1_54' title="bbox 430 3435 2011 3518; baseline 0.007 -27"><span class='ocrx_word' id='word_1_363' title='bbox 430 3435 872 3510; x_wconf 89' lang='lat' dir='ltr'><strong>chorepiscopum</strong></span> <span class='ocrx_word' id='word_1_364' title='bbox 904 3442 1020 3512; x_wconf 86' lang='lat' dir='ltr'><strong>ejus</strong></span> <span class='ocrx_word' id='word_1_365' title='bbox 1052 3443 1104 3498; x_wconf 93' lang='lat' dir='ltr'><strong>in</strong></span> <span class='ocrx_word' id='word_1_366' title='bbox 1143 3444 1404 3500; x_wconf 92' lang='lat' dir='ltr'><strong>honorem</strong></span> <span class='ocrx_word' id='word_1_367' title='bbox 1429 3445 1712 3502; x_wconf 90' lang='lat' dir='ltr'><strong>beatorum</strong></span> <span class='ocrx_word' id='word_1_368' title='bbox 1744 3447 2011 3518; x_wconf 87' lang='lat' dir='ltr'><strong>apostolo-</strong></span> 
     </span>
    </p>
   </div>
   <div class='ocr_carea' id='block_1_55' title="bbox 428 3526 2006 3610">
    <p class='ocr_par' dir='ltr' id='par_1_55' title="bbox 428 3526 2006 3610">
     <span class='ocr_line' id='line_1_55' title="bbox 428 3526 2006 3610; baseline 0.008 -29"><span class='ocrx_word' id='word_1_369' title='bbox 428 3526 625 3594; x_wconf 91' lang='lat' dir='ltr'><strong>lorum,</strong></span> <span class='ocrx_word' id='word_1_370' title='bbox 698 3532 1153 3601; x_wconf 88' lang='lat' dir='ltr'><strong>patriarcharum,</strong></span> <span class='ocrx_word' id='word_1_371' title='bbox 1219 3538 1624 3607; x_wconf 89' lang='lat' dir='ltr'><strong>prophetarum,</strong></span> <span class='ocrx_word' id='word_1_372' title='bbox 1689 3547 2006 3610; x_wconf 88' lang='lat' dir='ltr'><strong>martyrum,</strong></span> 
     </span>
    </p>
   </div>
   <div class='ocr_carea' id='block_1_56' title="bbox 429 3618 2011 3699">
    <p class='ocr_par' dir='ltr' id='par_1_56' title="bbox 429 3618 2011 3699">
     <span class='ocr_line' id='line_1_56' title="bbox 429 3618 2011 3699; baseline 0.011 -28"><span class='ocrx_word' id='word_1_373' title='bbox 429 3618 799 3677; x_wconf 75' lang='lat' dir='ltr'><strong>confessorum</strong></span> <span class='ocrx_word' id='word_1_374' title='bbox 821 3631 984 3694; x_wconf 89' lang='lat' dir='ltr'><strong>atque</strong></span> <span class='ocrx_word' id='word_1_375' title='bbox 1001 3626 1290 3696; x_wconf 83' lang='lat' dir='ltr'><strong>virginum,</strong></span> <span class='ocrx_word' id='word_1_376' title='bbox 1318 3630 1668 3699; x_wconf 89' lang='lat' dir='ltr'><strong>omniumque</strong></span> <span class='ocrx_word' id='word_1_377' title='bbox 1697 3639 2011 3688; x_wconf 85' lang='lat' dir='ltr'><strong>sanctorum</strong></span> 
     </span>
    </p>
   </div>
   <div class='ocr_carea' id='block_1_57' title="bbox 432 3709 2012 3786">
    <p class='ocr_par' dir='ltr' id='par_1_57' title="bbox 432 3709 2012 3786">
     <span class='ocr_line' id='line_1_57' title="bbox 432 3709 2012 3786; baseline 0.009 -23"><span class='ocrx_word' id='word_1_378' title='bbox 432 3709 718 3780; x_wconf 92' lang='lat' dir='ltr'><strong>spirituum</strong></span> <span class='ocrx_word' id='word_1_379' title='bbox 771 3714 1070 3771; x_wconf 68' lang='lat' dir='ltr'><strong>caelestium</strong></span> <span class='ocrx_word' id='word_1_380' title='bbox 1103 3717 1320 3775; x_wconf 84' lang='lat' dir='ltr'><strong>fecisset</strong></span> <span class='ocrx_word' id='word_1_381' title='bbox 1353 3721 1678 3786; x_wconf 88' lang='lat' dir='ltr'><strong>consecrari,</strong></span> <span class='ocrx_word' id='word_1_382' title='bbox 1733 3722 1914 3776; x_wconf 89' lang='lat' dir='ltr'><strong>intulit</strong></span> <span class='ocrx_word' id='word_1_383' title='bbox 1955 3723 2012 3778; x_wconf 89' lang='lat' dir='ltr'><strong>in</strong></span> 
     </span>
    </p>
   </div>
   <div class='ocr_carea' id='block_1_58' title="bbox 431 3804 2011 3879">
    <p class='ocr_par' dir='ltr' id='par_1_58' title="bbox 431 3804 2011 3879">
     <span class='ocr_line' id='line_1_58' title="bbox 431 3804 2011 3879; baseline 0.009 -28"><span class='ocrx_word' id='word_1_384' title='bbox 431 3812 554 3852; x_wconf 88' lang='lat' dir='ltr'><strong>eam</strong></span> <span class='ocrx_word' id='word_1_385' title='bbox 577 3814 700 3855; x_wconf 88' lang='lat' dir='ltr'><strong>ossa</strong></span> <span class='ocrx_word' id='word_1_386' title='bbox 730 3814 932 3858; x_wconf 67' lang='lat' dir='ltr'><strong>sanctae</strong></span> <span class='ocrx_word' id='word_1_387' title='bbox 953 3804 1247 3862; x_wconf 84' lang='lat' dir='ltr'><strong>Felicitatis</strong></span> <span class='ocrx_word' id='word_1_388' title='bbox 1274 3808 1302 3848; x_wconf 77' lang='grc' dir='ltr'><strong>ι)</strong></span> <span class='ocrx_word' id='word_1_389' title='bbox 1330 3809 1520 3863; x_wconf 87' lang='lat' dir='ltr'><strong>matris</strong></span> <span class='ocrx_word' id='word_1_390' title='bbox 1542 3817 1746 3879; x_wconf 89' lang='lat' dir='ltr'><strong>septem</strong></span> <span class='ocrx_word' id='word_1_391' title='bbox 1779 3810 2011 3866; x_wconf 86' lang='lat' dir='ltr'><strong>ﬁliorum</strong></span> 
     </span>
    </p>
   </div>
   <div class='ocr_carea' id='block_1_59' title="bbox 435 3896 2013 3970">
    <p class='ocr_par' dir='ltr' id='par_1_59' title="bbox 435 3896 2013 3970">
     <span class='ocr_line' id='line_1_59' title="bbox 435 3896 2013 3970; baseline 0.009 -29"><span class='ocrx_word' id='word_1_392' title='bbox 435 3899 754 3960; x_wconf 89' lang='lat' dir='ltr'><strong>martyrum,</strong></span> <span class='ocrx_word' id='word_1_393' title='bbox 783 3901 837 3948; x_wconf 93' lang='lat' dir='ltr'><strong>et</strong></span> <span class='ocrx_word' id='word_1_394' title='bbox 859 3903 1058 3952; x_wconf 75' lang='lat' dir='ltr'><strong>sancta:</strong></span> <span class='ocrx_word' id='word_1_395' title='bbox 1083 3896 1432 3963; x_wconf 74' lang='lat' dir='ltr'><strong>Concordiae;</strong></span> <span class='ocrx_word' id='word_1_396' title='bbox 1460 3905 1766 3954; x_wconf 86' lang='lat' dir='ltr'><strong>sanctarum</strong></span> <span class='ocrx_word' id='word_1_397' title='bbox 1799 3915 2013 3970; x_wconf 89' lang='lat' dir='ltr'><strong>quoque</strong></span> 
     </span>
    </p>
   </div>
   <div class='ocr_carea' id='block_1_60' title="bbox 431 3979 2014 4054">
    <p class='ocr_par' dir='ltr' id='par_1_60' title="bbox 431 3979 2014 4054">
     <span class='ocr_line' id='line_1_60' title="bbox 431 3979 2014 4054; baseline 0.009 -22"><span class='ocrx_word' id='word_1_398' title='bbox 431 3979 702 4050; x_wconf 83' lang='lat' dir='ltr'><strong>virginum</strong></span> <span class='ocrx_word' id='word_1_399' title='bbox 730 3982 964 4051; x_wconf 66' lang='lat' dir='ltr'><strong>Basiliaa,</strong></span> <span class='ocrx_word' id='word_1_400' title='bbox 1000 3987 1474 4054; x_wconf 76' lang='lat' dir='ltr'><strong>Emmerentianae,</strong></span> <span class='ocrx_word' id='word_1_401' title='bbox 1497 3989 1750 4045; x_wconf 65' lang='lat' dir='ltr'><strong>Candida:</strong></span> <span class='ocrx_word' id='word_1_402' title='bbox 1773 4001 1795 4029; x_wconf 79' lang='grc' dir='ltr'><strong>ο</strong></span> <span class='ocrx_word' id='word_1_403' title='bbox 1827 4000 1883 4046; x_wconf 91' lang='lat' dir='ltr'><strong>et</strong></span> <span class='ocrx_word' id='word_1_404' title='bbox 1906 3991 2014 4046; x_wconf 88' lang='lat' dir='ltr'><strong>Eu-</strong></span> 
     </span>
    </p>
   </div>
   <div class='ocr_carea' id='block_1_61' title="bbox 434 4071 2012 4144">
    <p class='ocr_par' dir='ltr' id='par_1_61' title="bbox 434 4071 2012 4144">
     <span class='ocr_line' id='line_1_61' title="bbox 434 4071 2012 4144; baseline 0.01 -21"><span class='ocrx_word' id='word_1_405' title='bbox 434 4071 621 4140; x_wconf 73' lang='lat' dir='ltr'><strong>tr0pim</strong></span> <span class='ocrx_word' id='word_1_406' title='bbox 646 4071 673 4111; x_wconf 76' lang='grc' dir='ltr'><strong>ά</strong></span> <span class='ocrx_word' id='word_1_407' title='bbox 703 4075 896 4144; x_wconf 92' lang='lat' dir='ltr'><strong>quibus</strong></span> <span class='ocrx_word' id='word_1_408' title='bbox 934 4079 1141 4133; x_wconf 88' lang='lat' dir='ltr'><strong>addidit</strong></span> <span class='ocrx_word' id='word_1_409' title='bbox 1182 4094 1307 4134; x_wconf 89' lang='lat' dir='ltr'><strong>ossa</strong></span> <span class='ocrx_word' id='word_1_410' title='bbox 1341 4095 1407 4134; x_wconf 91' lang='lat' dir='ltr'><strong>ac</strong></span> <span class='ocrx_word' id='word_1_411' title='bbox 1447 4080 1764 4136; x_wconf 88' lang='lat' dir='ltr'><strong>vestimenta</strong></span> <span class='ocrx_word' id='word_1_412' title='bbox 1791 4091 2012 4138; x_wconf 90' lang='lat' dir='ltr'><strong>sancto-</strong></span> 
     </span>
    </p>
   </div>
   <div class='ocr_carea' id='block_1_62' title="bbox 435 4162 2013 4240">
    <p class='ocr_par' dir='ltr' id='par_1_62' title="bbox 435 4162 2013 4240">
     <span class='ocr_line' id='line_1_62' title="bbox 435 4162 2013 4240; baseline 0.01 -25"><span class='ocrx_word' id='word_1_413' title='bbox 435 4176 555 4216; x_wconf 90' lang='lat' dir='ltr'><strong>rum</strong></span> <span class='ocrx_word' id='word_1_414' title='bbox 585 4162 791 4234; x_wconf 66' lang='lat' dir='ltr'><strong>Aquilze</strong></span> <span class='ocrx_word' id='word_1_415' title='bbox 817 4175 872 4221; x_wconf 92' lang='lat' dir='ltr'><strong>et</strong></span> <span class='ocrx_word' id='word_1_416' title='bbox 913 4168 1190 4236; x_wconf 81' lang='lat' dir='ltr'><strong>Priscillae,</strong></span> <span class='ocrx_word' id='word_1_417' title='bbox 1237 4186 1271 4223; x_wconf 88' lang='lat' dir='ltr'><strong>v</strong></span> <span class='ocrx_word' id='word_1_418' title='bbox 1304 4182 1327 4210; x_wconf 71' lang='grc' dir='ltr'><strong>ε</strong></span> <span class='ocrx_word' id='word_1_419' title='bbox 1355 4170 1578 4227; x_wconf 86' lang='lat' dir='ltr'><strong>Kalend.</strong></span> <span class='ocrx_word' id='word_1_420' title='bbox 1607 4170 1853 4240; x_wconf 89' lang='lat' dir='ltr'><strong>0ctobr.,</strong></span> <span class='ocrx_word' id='word_1_421' title='bbox 1894 4189 2013 4230; x_wconf 90' lang='lat' dir='ltr'><strong>cre-</strong></span> 
     </span>
    </p>
   </div>
   <div class='ocr_carea' id='block_1_63' title="bbox 433 4260 2011 4342">
    <p class='ocr_par' dir='ltr' id='par_1_63' title="bbox 433 4260 2011 4342">
     <span class='ocr_line' id='line_1_63' title="bbox 433 4260 2011 4342; baseline 0.011 -33"><span class='ocrx_word' id='word_1_422' title='bbox 433 4263 683 4327; x_wconf 90' lang='lat' dir='ltr'><strong>ctamque</strong></span> <span class='ocrx_word' id='word_1_423' title='bbox 709 4260 956 4332; x_wconf 90' lang='lat' dir='ltr'><strong>desuper,</strong></span> <span class='ocrx_word' id='word_1_424' title='bbox 979 4265 1187 4321; x_wconf 88' lang='lat' dir='ltr'><strong>sicntet</strong></span> <span class='ocrx_word' id='word_1_425' title='bbox 1214 4266 1267 4320; x_wconf 92' lang='lat' dir='ltr'><strong>in</strong></span> <span class='ocrx_word' id='word_1_426' title='bbox 1288 4268 1498 4323; x_wconf 68' lang='lat' dir='ltr'><strong>cteteris</strong></span> <span class='ocrx_word' id='word_1_427' title='bbox 1528 4267 1750 4334; x_wconf 81' lang='lat' dir='ltr'><strong>fecerat,</strong></span> <span class='ocrx_word' id='word_1_428' title='bbox 1784 4271 2011 4342; x_wconf 85' lang='lat' dir='ltr'><strong>ligneam</strong></span> 
     </span>
    </p>
   </div>
   <div class='ocr_carea' id='block_1_64' title="bbox 440 4345 2010 4431">
    <p class='ocr_par' dir='ltr' id='par_1_64' title="bbox 440 4345 2010 4431">
     <span class='ocr_line' id='line_1_64' title="bbox 440 4345 2010 4431; baseline 0.012 -32"><span class='ocrx_word' id='word_1_429' title='bbox 440 4345 702 4405; x_wconf 87' lang='lat' dir='ltr'><strong>fabricam</strong></span> <span class='ocrx_word' id='word_1_430' title='bbox 749 4366 882 4408; x_wconf 90' lang='lat' dir='ltr'><strong>auro</strong></span> <span class='ocrx_word' id='word_1_431' title='bbox 934 4363 1265 4427; x_wconf 88' lang='lat' dir='ltr'><strong>argentoque</strong></span> <span class='ocrx_word' id='word_1_432' title='bbox 1332 4357 1629 4424; x_wconf 87' lang='lat' dir='ltr'><strong>decoravit,</strong></span> <span class='ocrx_word' id='word_1_433' title='bbox 1679 4361 1898 4431; x_wconf 87' lang='lat' dir='ltr'><strong>scriptis</strong></span> <span class='ocrx_word' id='word_1_434' title='bbox 1945 4377 2010 4418; x_wconf 82' lang='lat' dir='ltr'><strong>ex</strong></span> 
     </span>
    </p>
   </div>
   <div class='ocr_carea' id='block_1_65' title="bbox 2099 1942 3690 2014">
    <p class='ocr_par' dir='ltr' id='par_1_65' title="bbox 2099 1942 3690 2014">
     <span class='ocr_line' id='line_1_65' title="bbox 2099 1942 3690 2014; baseline 0.001 -18"><span class='ocrx_word' id='word_1_435' title='bbox 2099 1943 2331 2013; x_wconf 86' lang='lat' dir='ltr'><strong>episcopi</strong></span> <span class='ocrx_word' id='word_1_436' title='bbox 2359 1943 2643 1997; x_wconf 89' lang='lat' dir='ltr'><strong>collocavit</strong></span> <span class='ocrx_word' id='word_1_437' title='bbox 2667 1942 2922 2012; x_wconf 86' lang='lat' dir='ltr'><strong>reliquias</strong></span> <span class='ocrx_word' id='word_1_438' title='bbox 2945 1949 3256 1998; x_wconf 86' lang='lat' dir='ltr'><strong>sanctorum</strong></span> <span class='ocrx_word' id='word_1_439' title='bbox 3309 1943 3690 2014; x_wconf 90' lang='lat' dir='ltr'><strong>episcoporum</strong></span> 
     </span>
    </p>
   </div>
   <div class='ocr_carea' id='block_1_66' title="bbox 2099 2032 3693 2100">
    <p class='ocr_par' dir='ltr' id='par_1_66' title="bbox 2099 2032 3693 2100">
     <span class='ocr_line' id='line_1_66' title="bbox 2099 2032 3693 2100; baseline -0.001 -10"><span class='ocrx_word' id='word_1_440' title='bbox 2099 2034 2356 2100; x_wconf 84' lang='lat' dir='ltr'><strong>Cornelii,</strong></span> <span class='ocrx_word' id='word_1_441' title='bbox 2389 2034 2613 2099; x_wconf 90' lang='lat' dir='ltr'><strong>Callisti,</strong></span> <span class='ocrx_word' id='word_1_442' title='bbox 2669 2032 2808 2088; x_wconf 76' lang='lat' dir='ltr'><strong>Sixti</strong></span> <span class='ocrx_word' id='word_1_443' title='bbox 2860 2036 2907 2099; x_wconf 72' lang='grc' dir='ltr'><strong>Β,</strong></span> <span class='ocrx_word' id='word_1_444' title='bbox 2965 2033 3174 2100; x_wconf 89' lang='lat' dir='ltr'><strong>Sinisii,</strong></span> <span class='ocrx_word' id='word_1_445' title='bbox 3213 2033 3417 2090; x_wconf 85' lang='lat' dir='ltr'><strong>Nicasii</strong></span> <span class='ocrx_word' id='word_1_446' title='bbox 3459 2043 3513 2089; x_wconf 91' lang='lat' dir='ltr'><strong>ct</strong></span> <span class='ocrx_word' id='word_1_447' title='bbox 3543 2033 3693 2088; x_wconf 87' lang='lat' dir='ltr'><strong>Feli-</strong></span> 
     </span>
    </p>
   </div>
   <div class='ocr_carea' id='block_1_67' title="bbox 2099 2125 3808 2196">
    <p class='ocr_par' dir='ltr' id='par_1_67' title="bbox 2099 2125 3808 2196">
     <span class='ocr_line' id='line_1_67' title="bbox 2099 2125 3808 2196; baseline -0.001 -16"><span class='ocrx_word' id='word_1_448' title='bbox 2099 2126 2178 2180; x_wconf 87' lang='lat' dir='ltr'><strong>cis</strong></span> <span class='ocrx_word' id='word_1_449' title='bbox 2209 2128 2257 2191; x_wconf 78' lang='lat' dir='ltr'><strong>h,</strong></span> <span class='ocrx_word' id='word_1_450' title='bbox 2287 2125 2486 2181; x_wconf 89' lang='lat' dir='ltr'><strong>Stactei</strong></span> <span class='ocrx_word' id='word_1_451' title='bbox 2521 2139 2735 2195; x_wconf 87' lang='lat' dir='ltr'><strong>quoque</strong></span> <span class='ocrx_word' id='word_1_452' title='bbox 2764 2133 2819 2179; x_wconf 90' lang='lat' dir='ltr'><strong>et</strong></span> <span class='ocrx_word' id='word_1_453' title='bbox 2846 2125 3110 2194; x_wconf 88' lang='lat' dir='ltr'><strong>Pamphili</strong></span> <span class='ocrx_word' id='word_1_454' title='bbox 3139 2125 3599 2196; x_wconf 85' lang='lat' dir='ltr'><strong>presbyterorum,</strong></span> <span class='ocrx_word' id='word_1_455' title='bbox 3639 2133 3695 2180; x_wconf 90' lang='lat' dir='ltr'><strong>et</strong></span> <span class='ocrx_word' id='word_1_456' title='bbox 3789 2143 3808 2159; x_wconf 80' lang='grc' dir='ltr'><strong><em>ο</em></strong></span> 
     </span>
    </p>
   </div>
   <div class='ocr_carea' id='block_1_68' title="bbox 2102 2214 3692 2287">
    <p class='ocr_par' dir='ltr' id='par_1_68' title="bbox 2102 2214 3692 2287">
     <span class='ocr_line' id='line_1_68' title="bbox 2102 2214 3692 2287; baseline -0.001 -15"><span class='ocrx_word' id='word_1_457' title='bbox 2102 2225 2412 2272; x_wconf 88' lang='lat' dir='ltr'><strong>sanctorum</strong></span> <span class='ocrx_word' id='word_1_458' title='bbox 2436 2225 2734 2287; x_wconf 85' lang='lat' dir='ltr'><strong>martyrum</strong></span> <span class='ocrx_word' id='word_1_459' title='bbox 2758 2215 2992 2286; x_wconf 87' lang='lat' dir='ltr'><strong>Crispini</strong></span> <span class='ocrx_word' id='word_1_460' title='bbox 3019 2224 3071 2271; x_wconf 90' lang='lat' dir='ltr'><strong>et</strong></span> <span class='ocrx_word' id='word_1_461' title='bbox 3094 2216 3422 2285; x_wconf 89' lang='lat' dir='ltr'><strong>Crispiniani</strong></span> <span class='ocrx_word' id='word_1_462' title='bbox 3451 2217 3495 2282; x_wconf 75' lang='grc' dir='ltr'><strong>ί,</strong></span> <span class='ocrx_word' id='word_1_463' title='bbox 3531 2214 3692 2271; x_wconf 86' lang='lat' dir='ltr'><strong>Nerei</strong></span> 
     </span>
    </p>
   </div>
   <div class='ocr_carea' id='block_1_69' title="bbox 2100 2305 3690 2376">
    <p class='ocr_par' dir='ltr' id='par_1_69' title="bbox 2100 2305 3690 2376">
     <span class='ocr_line' id='line_1_69' title="bbox 2100 2305 3690 2376; baseline -0.002 -14"><span class='ocrx_word' id='word_1_464' title='bbox 2100 2317 2155 2362; x_wconf 92' lang='lat' dir='ltr'><strong>et</strong></span> <span class='ocrx_word' id='word_1_465' title='bbox 2189 2307 2438 2372; x_wconf 86' lang='lat' dir='ltr'><strong>Achillei,</strong></span> <span class='ocrx_word' id='word_1_466' title='bbox 2471 2305 2777 2362; x_wconf 89' lang='lat' dir='ltr'><strong>Sebastiani</strong></span> <span class='ocrx_word' id='word_1_467' title='bbox 2819 2322 3052 2376; x_wconf 91' lang='lat' dir='ltr'><strong>quoque,</strong></span> <span class='ocrx_word' id='word_1_468' title='bbox 3091 2306 3295 2361; x_wconf 89' lang='lat' dir='ltr'><strong>Castuli</strong></span> <span class='ocrx_word' id='word_1_469' title='bbox 3329 2315 3384 2362; x_wconf 91' lang='lat' dir='ltr'><strong>et</strong></span> <span class='ocrx_word' id='word_1_470' title='bbox 3437 2305 3690 2372; x_wconf 82' lang='lat' dir='ltr'><strong>Romani,</strong></span> 
     </span>
    </p>
   </div>
   <div class='ocr_carea' id='block_1_70' title="bbox 2101 2398 3694 2470">
    <p class='ocr_par' dir='ltr' id='par_1_70' title="bbox 2101 2398 3694 2470">
     <span class='ocr_line' id='line_1_70' title="bbox 2101 2398 3694 2470; baseline 0 -18"><span class='ocrx_word' id='word_1_471' title='bbox 2101 2399 2280 2469; x_wconf 72' lang='lat' dir='ltr'><strong>Papiae</strong></span> <span class='ocrx_word' id='word_1_472' title='bbox 2303 2408 2358 2454; x_wconf 90' lang='lat' dir='ltr'><strong>et</strong></span> <span class='ocrx_word' id='word_1_473' title='bbox 2391 2399 2582 2464; x_wconf 87' lang='lat' dir='ltr'><strong>Mauri,</strong></span> <span class='ocrx_word' id='word_1_474' title='bbox 2615 2407 2781 2470; x_wconf 88' lang='lat' dir='ltr'><strong>atque</strong></span> <span class='ocrx_word' id='word_1_475' title='bbox 2811 2398 3106 2464; x_wconf 76' lang='lat' dir='ltr'><strong>Valeriani,</strong></span> <span class='ocrx_word' id='word_1_476' title='bbox 3138 2408 3558 2468; x_wconf 74' lang='lat' dir='ltr'><strong>sanctorumque</strong></span> <span class='ocrx_word' id='word_1_477' title='bbox 3580 2399 3694 2452; x_wconf 88' lang='lat' dir='ltr'><strong>vir-</strong></span> 
     </span>
    </p>
   </div>
   <div class='ocr_carea' id='block_1_71' title="bbox 2104 2489 3693 2562">
    <p class='ocr_par' dir='ltr' id='par_1_71' title="bbox 2104 2489 3693 2562">
     <span class='ocr_line' id='line_1_71' title="bbox 2104 2489 3693 2562; baseline 0 -18"><span class='ocrx_word' id='word_1_478' title='bbox 2104 2490 2289 2559; x_wconf 89' lang='lat' dir='ltr'><strong>ginum</strong></span> <span class='ocrx_word' id='word_1_479' title='bbox 2311 2489 2558 2555; x_wconf 61' lang='lat' dir='ltr'><strong>Cazciliaa,</strong></span> <span class='ocrx_word' id='word_1_480' title='bbox 2585 2490 2839 2562; x_wconf 62' lang='lat' dir='ltr'><strong>Eugeniae</strong></span> <span class='ocrx_word' id='word_1_481' title='bbox 2878 2497 3041 2560; x_wconf 89' lang='lat' dir='ltr'><strong>atque</strong></span> <span class='ocrx_word' id='word_1_482' title='bbox 3060 2489 3362 2545; x_wconf 71' lang='lat' dir='ltr'><strong>Anastasiae</strong></span> <span class='ocrx_word' id='word_1_483' title='bbox 3391 2498 3693 2561; x_wconf 87' lang='lat' dir='ltr'><strong>martyrum</strong></span> 
     </span>
    </p>
   </div>
   <div class='ocr_carea' id='block_1_72' title="bbox 2103 2580 3694 2654">
    <p class='ocr_par' dir='ltr' id='par_1_72' title="bbox 2103 2580 3694 2654">
     <span class='ocr_line' id='line_1_72' title="bbox 2103 2580 3694 2654; baseline 0.001 -19"><span class='ocrx_word' id='word_1_484' title='bbox 2103 2580 2307 2636; x_wconf 88' lang='lat' dir='ltr'><strong>Christi</strong></span> <span class='ocrx_word' id='word_1_485' title='bbox 2339 2583 2392 2636; x_wconf 91' lang='lat' dir='ltr'><strong>in</strong></span> <span class='ocrx_word' id='word_1_486' title='bbox 2424 2583 2649 2639; x_wconf 75' lang='lat' dir='ltr'><strong>ecélesia</strong></span> <span class='ocrx_word' id='word_1_487' title='bbox 2703 2581 2846 2638; x_wconf 86' lang='lat' dir='ltr'><strong>beati</strong></span> <span class='ocrx_word' id='word_1_488' title='bbox 2871 2581 3136 2637; x_wconf 84' lang='lat' dir='ltr'><strong>Bonifacii</strong></span> <span class='ocrx_word' id='word_1_489' title='bbox 3165 2583 3441 2654; x_wconf 83' lang='lat' dir='ltr'><strong>martyris,</strong></span> <span class='ocrx_word' id='word_1_490' title='bbox 3488 2582 3542 2636; x_wconf 92' lang='lat' dir='ltr'><strong>in</strong></span> <span class='ocrx_word' id='word_1_491' title='bbox 3571 2581 3694 2636; x_wconf 91' lang='lat' dir='ltr'><strong>loco</strong></span> 
     </span>
    </p>
   </div>
   <div class='ocr_carea' id='block_1_73' title="bbox 2105 2672 3696 2745">
    <p class='ocr_par' dir='ltr' id='par_1_73' title="bbox 2105 2672 3696 2745">
     <span class='ocr_line' id='line_1_73' title="bbox 2105 2672 3696 2745; baseline 0 -17"><span class='ocrx_word' id='word_1_492' title='bbox 2105 2689 2212 2744; x_wconf 93' lang='lat' dir='ltr'><strong>quo</strong></span> <span class='ocrx_word' id='word_1_493' title='bbox 2235 2675 2385 2744; x_wconf 90' lang='lat' dir='ltr'><strong>prius</strong></span> <span class='ocrx_word' id='word_1_494' title='bbox 2417 2684 2666 2730; x_wconf 88' lang='lat' dir='ltr'><strong>sanctum</strong></span> <span class='ocrx_word' id='word_1_495' title='bbox 2699 2690 2897 2745; x_wconf 90' lang='lat' dir='ltr'><strong>corpus</strong></span> <span class='ocrx_word' id='word_1_496' title='bbox 2943 2674 3088 2730; x_wconf 91' lang='lat' dir='ltr'><strong>illius</strong></span> <span class='ocrx_word' id='word_1_497' title='bbox 3131 2675 3464 2745; x_wconf 87' lang='lat' dir='ltr'><strong>quiescebat.</strong></span> <span class='ocrx_word' id='word_1_498' title='bbox 3497 2672 3696 2730; x_wconf 68' lang='grc' dir='ltr'><strong>ίΕάἰῦ-</strong></span> 
     </span>
    </p>
   </div>
   <div class='ocr_carea' id='block_1_74' title="bbox 2106 2765 3696 2837">
    <p class='ocr_par' dir='ltr' id='par_1_74' title="bbox 2106 2765 3696 2837">
     <span class='ocr_line' id='line_1_74' title="bbox 2106 2765 3696 2837; baseline -0.001 -15"><span class='ocrx_word' id='word_1_499' title='bbox 2106 2766 2248 2822; x_wconf 89' lang='lat' dir='ltr'><strong>cavit</strong></span> <span class='ocrx_word' id='word_1_500' title='bbox 2275 2766 2423 2820; x_wconf 91' lang='lat' dir='ltr'><strong>enim</strong></span> <span class='ocrx_word' id='word_1_501' title='bbox 2451 2767 2525 2821; x_wconf 92' lang='lat' dir='ltr'><strong>ibi</strong></span> <span class='ocrx_word' id='word_1_502' title='bbox 2549 2775 2756 2821; x_wconf 89' lang='lat' dir='ltr'><strong>turrem</strong></span> <span class='ocrx_word' id='word_1_503' title='bbox 2787 2765 3056 2837; x_wconf 89' lang='lat' dir='ltr'><strong>lapideam</strong></span> <span class='ocrx_word' id='word_1_504' title='bbox 3082 2774 3204 2836; x_wconf 92' lang='lat' dir='ltr'><strong>post</strong></span> <span class='ocrx_word' id='word_1_505' title='bbox 3242 2767 3436 2832; x_wconf 91' lang='lat' dir='ltr'><strong>altare,</strong></span> <span class='ocrx_word' id='word_1_506' title='bbox 3463 2765 3518 2820; x_wconf 90' lang='lat' dir='ltr'><strong>in</strong></span> <span class='ocrx_word' id='word_1_507' title='bbox 3539 2766 3696 2836; x_wconf 90' lang='lat' dir='ltr'><strong>cujus</strong></span> 
     </span>
    </p>
   </div>
   <div class='ocr_carea' id='block_1_75' title="bbox 2105 2857 3697 2928">
    <p class='ocr_par' dir='ltr' id='par_1_75' title="bbox 2105 2857 3697 2928">
     <span class='ocr_line' id='line_1_75' title="bbox 2105 2857 3697 2928; baseline 0.001 -17"><span class='ocrx_word' id='word_1_508' title='bbox 2105 2859 2271 2913; x_wconf 88' lang='lat' dir='ltr'><strong>turris</strong></span> <span class='ocrx_word' id='word_1_509' title='bbox 2308 2858 2618 2914; x_wconf 90' lang='lat' dir='ltr'><strong>summitate</strong></span> <span class='ocrx_word' id='word_1_510' title='bbox 2655 2859 2834 2914; x_wconf 88' lang='lat' dir='ltr'><strong>media</strong></span> <span class='ocrx_word' id='word_1_511' title='bbox 2879 2857 3122 2914; x_wconf 89' lang='lat' dir='ltr'><strong>condidit</strong></span> <span class='ocrx_word' id='word_1_512' title='bbox 3148 2857 3529 2928; x_wconf 73' lang='lat' dir='ltr'><strong>praedictorum</strong></span> <span class='ocrx_word' id='word_1_513' title='bbox 3571 2872 3697 2912; x_wconf 90' lang='lat' dir='ltr'><strong>ossa</strong></span> 
     </span>
    </p>
   </div>
   <div class='ocr_carea' id='block_1_76' title="bbox 2108 2947 3699 3019">
    <p class='ocr_par' dir='ltr' id='par_1_76' title="bbox 2108 2947 3699 3019">
     <span class='ocr_line' id='line_1_76' title="bbox 2108 2947 3699 3019; baseline -0.001 -15"><span class='ocrx_word' id='word_1_514' title='bbox 2108 2956 2443 3016; x_wconf 87' lang='lat' dir='ltr'><strong>sanctorum,</strong></span> <span class='ocrx_word' id='word_1_515' title='bbox 2482 2963 2624 3004; x_wconf 58' lang='lat' dir='ltr'><strong>arcae</strong></span> <span class='ocrx_word' id='word_1_516' title='bbox 2662 2963 2841 3004; x_wconf 66' lang='lat' dir='ltr'><strong>saxeae</strong></span> <span class='ocrx_word' id='word_1_517' title='bbox 2888 2947 3174 3018; x_wconf 90' lang='lat' dir='ltr'><strong>diligenter</strong></span> <span class='ocrx_word' id='word_1_518' title='bbox 3229 2947 3434 3004; x_wconf 89' lang='lat' dir='ltr'><strong>inclusa</strong></span> <span class='ocrx_word' id='word_1_519' title='bbox 3476 2965 3491 3003; x_wconf 91' lang='lat'><strong>:</strong></span> <span class='ocrx_word' id='word_1_520' title='bbox 3535 2962 3699 3019; x_wconf 86' lang='lat' dir='ltr'><strong>super</strong></span> 
     </span>
    </p>
   </div>
   <div class='ocr_carea' id='block_1_77' title="bbox 2108 3041 3698 3114">
    <p class='ocr_par' dir='ltr' id='par_1_77' title="bbox 2108 3041 3698 3114">
     <span class='ocr_line' id='line_1_77' title="bbox 2108 3041 3698 3114; baseline -0.001 -18"><span class='ocrx_word' id='word_1_521' title='bbox 2108 3057 2270 3113; x_wconf 93' lang='lat' dir='ltr'><strong>quam</strong></span> <span class='ocrx_word' id='word_1_522' title='bbox 2293 3041 2506 3097; x_wconf 92' lang='lat' dir='ltr'><strong>culmen</strong></span> <span class='ocrx_word' id='word_1_523' title='bbox 2522 3041 2759 3112; x_wconf 88' lang='lat' dir='ltr'><strong>ligneum</strong></span> <span class='ocrx_word' id='word_1_524' title='bbox 2785 3041 3050 3098; x_wconf 89' lang='lat' dir='ltr'><strong>columnis</strong></span> <span class='ocrx_word' id='word_1_525' title='bbox 3070 3053 3304 3114; x_wconf 85' lang='lat' dir='ltr'><strong>quatuor</strong></span> <span class='ocrx_word' id='word_1_526' title='bbox 3333 3047 3698 3097; x_wconf 89' lang='lat' dir='ltr'><strong>sustentatum</strong></span> 
     </span>
    </p>
   </div>
   <div class='ocr_carea' id='block_1_78' title="bbox 325 3132 3698 3236">
    <p class='ocr_par' dir='ltr' id='par_1_78' title="bbox 325 3132 3698 3236">
     <span class='ocr_line' id='line_1_78' title="bbox 325 3132 3698 3236; baseline 0.004 -18"><span class='ocrx_word' id='word_1_527' title='bbox 429 3160 484 3215; x_wconf 91' lang='lat' dir='ltr'><strong>in</strong></span> <span class='ocrx_word' id='word_1_528' title='bbox 517 3169 700 3218; x_wconf 87' lang='lat' dir='ltr'><strong>monte</strong></span> <span class='ocrx_word' id='word_1_529' title='bbox 743 3163 977 3231; x_wconf 87' lang='lat' dir='ltr'><strong>excelso,</strong></span> <span class='ocrx_word' id='word_1_530' title='bbox 1026 3166 1306 3222; x_wconf 90' lang='lat' dir='ltr'><strong>duodecim</strong></span> <span class='ocrx_word' id='word_1_531' title='bbox 1339 3168 1452 3224; x_wconf 81' lang='lat' dir='ltr'><strong>fere</strong></span> <span class='ocrx_word' id='word_1_532' title='bbox 1493 3169 1680 3225; x_wconf 90' lang='lat' dir='ltr'><strong>stadiis</strong></span> <span class='ocrx_word' id='word_1_533' title='bbox 1709 3132 2009 3227; x_wconf 47' lang='lat' dir='ltr'><strong>ad.0rien-</strong></span> <span class='ocrx_word' id='word_1_534' title='bbox 2036 3160 2082 3224; x_wconf 92' lang='lat' dir='ltr'><strong>C</strong></span> <span class='ocrx_word' id='word_1_535' title='bbox 2113 3134 2346 3236; x_wconf 36' lang='lat' dir='ltr'><strong>erigcns’</strong></span> <span class='ocrx_word' id='word_1_536' title='bbox 2377 3147 2510 3187; x_wconf 66' lang='lat' dir='ltr'><strong>auro</strong></span> <span class='ocrx_word' id='word_1_537' title='bbox 2535 3133 2751 3236; x_wconf 42' lang='lat' dir='ltr'><strong>mlum,“</strong></span> <span class='ocrx_word' id='word_1_538' title='bbox 2779 3139 2835 3236; x_wconf 61' lang='lat' dir='ltr'><strong>_et</strong></span> <span class='ocrx_word' id='word_1_539' title='bbox 2863 3141 3105 3236; x_wconf 50' lang='lat'><strong>3&#39;39&quot;”</strong></span> <span class='ocrx_word' id='word_1_540' title='bbox 3156 3133 3306 3236; x_wconf 39' lang='lat' dir='ltr'><strong>[nam</strong></span> <span class='ocrx_word' id='word_1_541' title='bbox 3341 3132 3486 3203; x_wconf 61' lang='lat' dir='ltr'><strong>quad</strong></span> <span class='ocrx_word' id='word_1_542' title='bbox 3513 3146 3698 3236; x_wconf 34' lang='lat' dir='ltr'><strong>am?“</strong></span> 
     </span>
    </p>
   </div>
   <div class='ocr_carea' id='block_1_79' title="bbox 2113 3224 3696 3296">
    <p class='ocr_par' dir='ltr' id='par_1_79' title="bbox 2113 3224 3696 3296">
     <span class='ocr_line' id='line_1_79' title="bbox 2113 3224 3696 3296; baseline -0.001 -15"><span class='ocrx_word' id='word_1_543' title='bbox 2113 3225 2398 3296; x_wconf 82' lang='lat' dir='ltr'><strong>oblongam</strong></span> <span class='ocrx_word' id='word_1_544' title='bbox 2465 3224 2834 3296; x_wconf 90' lang='lat' dir='ltr'><strong>quadrangulo</strong></span> <span class='ocrx_word' id='word_1_545' title='bbox 2896 3226 3171 3281; x_wconf 89' lang='lat' dir='ltr'><strong>schemate</strong></span> <span class='ocrx_word' id='word_1_546' title='bbox 3230 3224 3430 3279; x_wconf 84' lang='lat' dir='ltr'><strong>factam</strong></span> <span class='ocrx_word' id='word_1_547' title='bbox 3495 3225 3696 3295; x_wconf 92' lang='lat' dir='ltr'><strong>posuit,</strong></span> 
     </span>
    </p>
   </div>
   <div class='ocr_carea' id='block_1_80' title="bbox 2113 3313 3700 3386">
    <p class='ocr_par' dir='ltr' id='par_1_80' title="bbox 2113 3313 3700 3386">
     <span class='ocr_line' id='line_1_80' title="bbox 2113 3313 3700 3386; baseline 0.002 -17"><span class='ocrx_word' id='word_1_548' title='bbox 2113 3331 2275 3386; x_wconf 91' lang='lat' dir='ltr'><strong>quam</strong></span> <span class='ocrx_word' id='word_1_549' title='bbox 2303 3315 2467 3371; x_wconf 90' lang='lat' dir='ltr'><strong>etiam</strong></span> <span class='ocrx_word' id='word_1_550' title='bbox 2491 3330 2629 3370; x_wconf 90' lang='lat' dir='ltr'><strong>auro</strong></span> <span class='ocrx_word' id='word_1_551' title='bbox 2656 3323 2712 3370; x_wconf 92' lang='lat' dir='ltr'><strong>et</strong></span> <span class='ocrx_word' id='word_1_552' title='bbox 2732 3324 2957 3386; x_wconf 89' lang='lat' dir='ltr'><strong>argento</strong></span> <span class='ocrx_word' id='word_1_553' title='bbox 2987 3324 3150 3385; x_wconf 87' lang='lat' dir='ltr'><strong>atque</strong></span> <span class='ocrx_word' id='word_1_554' title='bbox 3171 3313 3440 3386; x_wconf 88' lang='lat' dir='ltr'><strong>lapidibus</strong></span> <span class='ocrx_word' id='word_1_555' title='bbox 3471 3331 3700 3383; x_wconf 87' lang='lat' dir='ltr'><strong>ornans,</strong></span> 
     </span>
    </p>
   </div>
   <div class='ocr_carea' id='block_1_81' title="bbox 2115 3407 3703 3479">
    <p class='ocr_par' dir='ltr' id='par_1_81' title="bbox 2115 3407 3703 3479">
     <span class='ocr_line' id='line_1_81' title="bbox 2115 3407 3703 3479; baseline 0.002 -17"><span class='ocrx_word' id='word_1_556' title='bbox 2115 3407 2448 3478; x_wconf 87' lang='lat' dir='ltr'><strong>singulorum</strong></span> <span class='ocrx_word' id='word_1_557' title='bbox 2469 3415 2779 3462; x_wconf 89' lang='lat' dir='ltr'><strong>sanctorum</strong></span> <span class='ocrx_word' id='word_1_558' title='bbox 2801 3407 3128 3478; x_wconf 86' lang='lat' dir='ltr'><strong>imaginibus</strong></span> <span class='ocrx_word' id='word_1_559' title='bbox 3148 3407 3407 3463; x_wconf 90' lang='lat' dir='ltr'><strong>decenter</strong></span> <span class='ocrx_word' id='word_1_560' title='bbox 3428 3409 3703 3479; x_wconf 82' lang='lat' dir='ltr'><strong>expressis</strong></span> 
     </span>
    </p>
   </div>
   <div class='ocr_carea' id='block_1_82' title="bbox 2113 3497 3700 3570">
    <p class='ocr_par' dir='ltr' id='par_1_82' title="bbox 2113 3497 3700 3570">
     <span class='ocr_line' id='line_1_82' title="bbox 2113 3497 3700 3570; baseline 0.001 -17"><span class='ocrx_word' id='word_1_561' title='bbox 2113 3498 2412 3566; x_wconf 88' lang='lat' dir='ltr'><strong>decoravit,</strong></span> <span class='ocrx_word' id='word_1_562' title='bbox 2444 3513 2742 3568; x_wconf 89' lang='lat' dir='ltr'><strong>versusque</strong></span> <span class='ocrx_word' id='word_1_563' title='bbox 2771 3498 2927 3568; x_wconf 89' lang='lat' dir='ltr'><strong>quasi</strong></span> <span class='ocrx_word' id='word_1_564' title='bbox 2965 3512 3033 3553; x_wconf 83' lang='lat' dir='ltr'><strong>ex</strong></span> <span class='ocrx_word' id='word_1_565' title='bbox 3068 3514 3300 3570; x_wconf 90' lang='lat' dir='ltr'><strong>persona</strong></span> <span class='ocrx_word' id='word_1_566' title='bbox 3329 3497 3573 3568; x_wconf 90' lang='lat' dir='ltr'><strong>ejusdem</strong></span> <span class='ocrx_word' id='word_1_567' title='bbox 3609 3513 3700 3554; x_wconf 84' lang='lat' dir='ltr'><strong>ar-</strong></span> 
     </span>
    </p>
   </div>
   <div class='ocr_carea' id='block_1_83' title="bbox 2113 3589 3505 3660">
    <p class='ocr_par' dir='ltr' id='par_1_83' title="bbox 2113 3589 3505 3660">
     <span class='ocr_line' id='line_1_83' title="bbox 2113 3589 3505 3660; baseline 0.002 -14"><span class='ocrx_word' id='word_1_568' title='bbox 2113 3605 2191 3646; x_wconf 78' lang='lat' dir='ltr'><strong>ca:</strong></span> <span class='ocrx_word' id='word_1_569' title='bbox 2218 3589 2454 3660; x_wconf 90' lang='lat' dir='ltr'><strong>prolatos</strong></span> <span class='ocrx_word' id='word_1_570' title='bbox 2483 3589 2538 3644; x_wconf 93' lang='lat' dir='ltr'><strong>in</strong></span> <span class='ocrx_word' id='word_1_571' title='bbox 2567 3589 2798 3646; x_wconf 92' lang='lat' dir='ltr'><strong>circuitu</strong></span> <span class='ocrx_word' id='word_1_572' title='bbox 2811 3590 3155 3660; x_wconf 88' lang='lat' dir='ltr'><strong>conscripsit,</strong></span> <span class='ocrx_word' id='word_1_573' title='bbox 3188 3592 3292 3648; x_wconf 91' lang='lat' dir='ltr'><strong>hoc</strong></span> <span class='ocrx_word' id='word_1_574' title='bbox 3312 3592 3505 3649; x_wconf 85' lang='lat' dir='ltr'><strong>modo:</strong></span> 
     </span>
    </p>
   </div>
   <div class='ocr_carea' id='block_1_84' title="bbox 2235 3722 3521 3791">
    <p class='ocr_par' dir='ltr' id='par_1_84' title="bbox 2235 3722 3521 3791">
     <span class='ocr_line' id='line_1_84' title="bbox 2235 3722 3521 3791; baseline 0.005 -18"><span class='ocrx_word' id='word_1_575' title='bbox 2235 3722 2452 3791; x_wconf 68' lang='lat' dir='ltr'><strong>Nomine</strong></span> <span class='ocrx_word' id='word_1_576' title='bbox 2465 3733 2724 3791; x_wconf 81' lang='lat' dir='ltr'><strong>quos_noto</strong></span> <span class='ocrx_word' id='word_1_577' title='bbox 2745 3723 2880 3791; x_wconf 80' lang='lat' dir='ltr'><strong>locus</strong></span> <span class='ocrx_word' id='word_1_578' title='bbox 2913 3725 2993 3791; x_wconf 86' lang='lat' dir='ltr'><strong>hic</strong></span> <span class='ocrx_word' id='word_1_579' title='bbox 3018 3727 3302 3791; x_wconf 32' lang='lat' dir='ltr'><strong>et‘imagine</strong></span> <span class='ocrx_word' id='word_1_580' title='bbox 3328 3727 3489 3791; x_wconf 83' lang='lat' dir='ltr'><strong>signat</strong></span> <span class='ocrx_word' id='word_1_581' title='bbox 3505 3765 3521 3790; x_wconf 89' lang='lat'><strong>,</strong></span> 
     </span>
    </p>
   </div>
   <div class='ocr_carea' id='block_1_85' title="bbox 2299 3785 3306 3849">
    <p class='ocr_par' dir='ltr' id='par_1_85' title="bbox 2299 3785 3306 3849">
     <span class='ocr_line' id='line_1_85' title="bbox 2299 3785 3306 3849; baseline 0.006 -17"><span class='ocrx_word' id='word_1_582' title='bbox 2299 3785 2566 3849; x_wconf 60' lang='lat' dir='ltr'><strong>Preria’ros</strong></span> <span class='ocrx_word' id='word_1_583' title='bbox 2587 3786 2765 3849; x_wconf 83' lang='lat' dir='ltr'><strong>Christi</strong></span> <span class='ocrx_word' id='word_1_584' title='bbox 2791 3799 2910 3838; x_wconf 76' lang='lat' dir='ltr'><strong>ecce</strong></span> <span class='ocrx_word' id='word_1_585' title='bbox 2937 3789 3028 3838; x_wconf 86' lang='lat' dir='ltr'><strong>Dei</strong></span> <span class='ocrx_word' id='word_1_586' title='bbox 3066 3785 3270 3838; x_wconf 75' lang='lat' dir='ltr'><strong>famulos</strong></span> <span class='ocrx_word' id='word_1_587' title='bbox 3291 3823 3306 3849; x_wconf 91' lang='lat'><strong>,</strong></span> 
     </span>
    </p>
   </div>
   <div class='ocr_carea' id='block_1_86' title="bbox 2237 3846 3512 3914">
    <p class='ocr_par' dir='ltr' id='par_1_86' title="bbox 2237 3846 3512 3914">
     <span class='ocr_line' id='line_1_86' title="bbox 2237 3846 3512 3914; baseline 0.003 -18"><span class='ocrx_word' id='word_1_588' title='bbox 2237 3846 2334 3914; x_wconf 60' lang='lat' dir='ltr'><strong>Qui</strong></span> <span class='ocrx_word' id='word_1_589' title='bbox 2354 3849 2502 3914; x_wconf 73' lang='lat' dir='ltr'><strong>corde</strong></span> <span class='ocrx_word' id='word_1_590' title='bbox 2522 3850 2570 3914; x_wconf 82' lang='lat' dir='ltr'><strong>in</strong></span> <span class='ocrx_word' id='word_1_591' title='bbox 2598 3848 2770 3914; x_wconf 76' lang='lat' dir='ltr'><strong>pavido</strong></span> <span class='ocrx_word' id='word_1_592' title='bbox 2795 3851 3069 3914; x_wconf 82' lang='lat' dir='ltr'><strong>rubuerunt</strong></span> <span class='ocrx_word' id='word_1_593' title='bbox 3089 3846 3327 3910; x_wconf 79' lang='lat' dir='ltr'><strong>sanguine</strong></span> <span class='ocrx_word' id='word_1_594' title='bbox 3349 3861 3512 3914; x_wconf 82' lang='lat' dir='ltr'><strong>sacro,</strong></span> 
     </span>
    </p>
   </div>
   <div class='ocr_carea' id='block_1_87' title="bbox 2298 3909 3419 3974">
    <p class='ocr_par' dir='ltr' id='par_1_87' title="bbox 2298 3909 3419 3974">
     <span class='ocr_line' id='line_1_87' title="bbox 2298 3909 3419 3974; baseline 0 -14"><span class='ocrx_word' id='word_1_595' title='bbox 2298 3909 2418 3960; x_wconf 87' lang='lat' dir='ltr'><strong>Post</strong></span> <span class='ocrx_word' id='word_1_596' title='bbox 2441 3909 2636 3962; x_wconf 85' lang='lat' dir='ltr'><strong>Christo</strong></span> <span class='ocrx_word' id='word_1_597' title='bbox 2651 3913 2747 3973; x_wconf 83' lang='lat' dir='ltr'><strong>jam</strong></span> <span class='ocrx_word' id='word_1_598' title='bbox 2773 3913 2960 3961; x_wconf 84' lang='lat' dir='ltr'><strong>animas</strong></span> <span class='ocrx_word' id='word_1_599' title='bbox 2985 3909 3265 3974; x_wconf 77' lang='lat' dir='ltr'><strong>exposuere</strong></span> <span class='ocrx_word' id='word_1_600' title='bbox 3287 3923 3419 3962; x_wconf 88' lang='lat' dir='ltr'><strong>suas.</strong></span> 
     </span>
    </p>
   </div>
   <div class='ocr_carea' id='block_1_88' title="bbox 2115 4009 3699 4086">
    <p class='ocr_par' dir='ltr' id='par_1_88' title="bbox 2115 4009 3699 4086">
     <span class='ocr_line' id='line_1_88' title="bbox 2115 4009 3699 4086; baseline 0.001 -18"><span class='ocrx_word' id='word_1_601' title='bbox 2115 4009 2222 4068; x_wconf 90' lang='lat' dir='ltr'><strong>Sed</strong></span> <span class='ocrx_word' id='word_1_602' title='bbox 2244 4020 2300 4066; x_wconf 92' lang='lat' dir='ltr'><strong>et</strong></span> <span class='ocrx_word' id='word_1_603' title='bbox 2319 4011 2373 4066; x_wconf 94' lang='lat' dir='ltr'><strong>in</strong></span> <span class='ocrx_word' id='word_1_604' title='bbox 2397 4019 2548 4068; x_wconf 91' lang='lat' dir='ltr'><strong>turre</strong></span> <span class='ocrx_word' id='word_1_605' title='bbox 2591 4011 2835 4082; x_wconf 89' lang='lat' dir='ltr'><strong>subjecta</strong></span> <span class='ocrx_word' id='word_1_606' title='bbox 2859 4030 3049 4071; x_wconf 90' lang='lat' dir='ltr'><strong>versus</strong></span> <span class='ocrx_word' id='word_1_607' title='bbox 3077 4015 3433 4086; x_wconf 88' lang='lat' dir='ltr'><strong>conscripsit;</strong></span> <span class='ocrx_word' id='word_1_608' title='bbox 3461 4024 3699 4086; x_wconf 88' lang='lat' dir='ltr'><strong>quatuor</strong></span> 
     </span>
    </p>
   </div>
   <div class='ocr_carea' id='block_1_89' title="bbox 2114 4106 3734 4188">
    <p class='ocr_par' dir='ltr' id='par_1_89' title="bbox 2114 4106 3734 4188">
     <span class='ocr_line' id='line_1_89' title="bbox 2114 4106 3734 4188; baseline 0.004 -28"><span class='ocrx_word' id='word_1_609' title='bbox 2114 4106 2330 4175; x_wconf 92' lang='lat' dir='ltr'><strong>quidem</strong></span> <span class='ocrx_word' id='word_1_610' title='bbox 2357 4106 2413 4160; x_wconf 93' lang='lat' dir='ltr'><strong>in</strong></span> <span class='ocrx_word' id='word_1_611' title='bbox 2444 4122 2550 4162; x_wconf 93' lang='lat' dir='ltr'><strong>uno</strong></span> <span class='ocrx_word' id='word_1_612' title='bbox 2579 4107 2768 4174; x_wconf 90' lang='lat' dir='ltr'><strong>latere,</strong></span> <span class='ocrx_word' id='word_1_613' title='bbox 2801 4118 2856 4164; x_wconf 91' lang='lat' dir='ltr'><strong>et</strong></span> <span class='ocrx_word' id='word_1_614' title='bbox 2883 4117 3114 4180; x_wconf 87' lang='lat' dir='ltr'><strong>quatuor</strong></span> <span class='ocrx_word' id='word_1_615' title='bbox 3141 4111 3196 4165; x_wconf 91' lang='lat' dir='ltr'><strong>in</strong></span> <span class='ocrx_word' id='word_1_616' title='bbox 3238 4110 3431 4176; x_wconf 90' lang='lat' dir='ltr'><strong>altero,</strong></span> <span class='ocrx_word' id='word_1_617' title='bbox 3460 4109 3734 4188; x_wconf 32' lang='lat' dir='ltr'><strong>elegiaco.</strong></span> 
     </span>
    </p>
   </div>
   <div class='ocr_carea' id='block_1_90' title="bbox 2114 4191 3734 4269">
    <p class='ocr_par' dir='ltr' id='par_1_90' title="bbox 2114 4191 3734 4269">
     <span class='ocr_line' id='line_1_90' title="bbox 2114 4191 3734 4269; baseline 0.006 -17"><span class='ocrx_word' id='word_1_618' title='bbox 2114 4195 2375 4263; x_wconf 90' lang='lat' dir='ltr'><strong>carmine,</strong></span> <span class='ocrx_word' id='word_1_619' title='bbox 2405 4197 2511 4252; x_wconf 88' lang='lat' dir='ltr'><strong>hoc</strong></span> <span class='ocrx_word' id='word_1_620' title='bbox 2534 4199 2694 4254; x_wconf 92' lang='lat' dir='ltr'><strong>modo</strong></span> <span class='ocrx_word' id='word_1_621' title='bbox 2714 4199 3043 4269; x_wconf 89' lang='lat' dir='ltr'><strong>compositos</strong></span> <span class='ocrx_word' id='word_1_622' title='bbox 3077 4219 3090 4254; x_wconf 91' lang='lat'><strong>:</strong></span> <span class='ocrx_word' id='word_1_623' title='bbox 3623 4251 3626 4256; x_wconf 96' lang='lat'><strong>.</strong></span> 
     </span>
    </p>
   </div>
   <div class='ocr_carea' id='block_1_91' title="bbox 2238 4281 3736 4378">
    <p class='ocr_par' dir='ltr' id='par_1_91' title="bbox 2238 4281 3736 4378">
     <span class='ocr_line' id='line_1_91' title="bbox 2238 4281 3736 4378; baseline 0.007 -20"><span class='ocrx_word' id='word_1_624' title='bbox 2238 4307 2534 4378; x_wconf 56' lang='lat' dir='ltr'><strong>martyribus</strong></span> <span class='ocrx_word' id='word_1_625' title='bbox 2554 4309 2746 4378; x_wconf 77' lang='lat' dir='ltr'><strong>Christi,</strong></span> <span class='ocrx_word' id='word_1_626' title='bbox 2770 4321 2975 4378; x_wconf 75' lang='lat' dir='ltr'><strong>quorum</strong></span> <span class='ocrx_word' id='word_1_627' title='bbox 2997 4310 3076 4378; x_wconf 67' lang='lat' dir='ltr'><strong>hic</strong></span> <span class='ocrx_word' id='word_1_628' title='bbox 3094 4311 3396 4378; x_wconf 64' lang='lat' dir='ltr'><strong>(sacrajossa</strong></span> <span class='ocrx_word' id='word_1_629' title='bbox 3417 4281 3736 4378; x_wconf 35' lang='lat' dir='ltr'><strong>qnieacuptg</strong></span> 
     </span>
    </p>
   </div>
   <div class='ocr_carea' id='block_1_92' title="bbox 2299 4369 3381 4426">
    <p class='ocr_par' dir='ltr' id='par_1_92' title="bbox 2299 4369 3381 4426">
     <span class='ocr_line' id='line_1_92' title="bbox 2299 4369 3381 4426; baseline 0.005 -6"><span class='ocrx_word' id='word_1_630' title='bbox 2299 4369 2529 4422; x_wconf 82' lang='lat' dir='ltr'><strong>Rabanus</strong></span> <span class='ocrx_word' id='word_1_631' title='bbox 2562 4369 2756 4422; x_wconf 85' lang='lat' dir='ltr'><strong>humilis</strong></span> <span class='ocrx_word' id='word_1_632' title='bbox 2777 4369 2994 4424; x_wconf 77' lang='lat' dir='ltr'><strong>condidit</strong></span> <span class='ocrx_word' id='word_1_633' title='bbox 3015 4369 3144 4423; x_wconf 84' lang='lat' dir='ltr'><strong>hunc</strong></span> <span class='ocrx_word' id='word_1_634' title='bbox 3167 4369 3381 4426; x_wconf 81' lang='lat' dir='ltr'><strong>titulum.</strong></span> 
     </span>
    </p>
   </div>
   <div class='ocr_carea' id='block_1_93' title="bbox 451 4521 3741 4612">
    <p class='ocr_par' dir='ltr' id='par_1_93' title="bbox 451 4521 3741 4612">
     <span class='ocr_line' id='line_1_93' title="bbox 451 4521 3741 4612; baseline 0.005 -33"><span class='ocrx_word' id='word_1_635' title='bbox 451 4521 636 4612; x_wconf 10' lang='lat' dir='ltr'><strong>help;</strong></span> <span class='ocrx_word' id='word_1_636' title='bbox 661 4523 1308 4612; x_wconf 48' lang='lat' dir='ltr'><strong>litterisncompositionis</strong></span> <span class='ocrx_word' id='word_1_637' title='bbox 1351 4547 1445 4612; x_wconf 83' lang='lat' dir='ltr'><strong>seu</strong></span> <span class='ocrx_word' id='word_1_638' title='bbox 1488 4539 1838 4612; x_wconf 56' lang='lat' dir='ltr'><strong>concordiae,</strong></span> <span class='ocrx_word' id='word_1_639' title='bbox 1870 4540 2014 4598; x_wconf 91' lang='lat' dir='ltr'><strong>inter</strong></span> <span class='ocrx_word' id='word_1_640' title='bbox 2040 4521 2096 4584; x_wconf 84' lang='grc' dir='ltr'><strong>Ῑ)</strong></span> <span class='ocrx_word' id='word_1_641' title='bbox 2138 4611 2144 4612; x_wconf 15' lang='grc' dir='ltr'>ί</span> <span class='ocrx_word' id='word_1_642' title='bbox 2198 4539 2390 4612; x_wconf 18' lang='grc' dir='ltr'><strong>ονΑιίἰε</strong></span> <span class='ocrx_word' id='word_1_643' title='bbox 2415 4555 2471 4595; x_wconf 78' lang='grc' dir='ltr'><strong>ιν</strong></span> <span class='ocrx_word' id='word_1_644' title='bbox 2505 4539 2628 4612; x_wconf 64' lang='lat' dir='ltr'><strong>Kal.</strong></span> <span class='ocrx_word' id='word_1_645' title='bbox 2647 4558 2667 4606; x_wconf 90' lang='lat'><strong>;</strong></span> <span class='ocrx_word' id='word_1_646' title='bbox 2699 4541 2839 4612; x_wconf 89' lang='lat' dir='ltr'><strong>apud</strong></span> <span class='ocrx_word' id='word_1_647' title='bbox 2866 4541 3180 4597; x_wconf 87' lang='lat' dir='ltr'><strong>Browerum</strong></span> <span class='ocrx_word' id='word_1_648' title='bbox 3203 4557 3258 4598; x_wconf 77' lang='lat' dir='ltr'><strong>vi</strong></span> <span class='ocrx_word' id='word_1_649' title='bbox 3290 4541 3441 4606; x_wconf 63' lang='lat' dir='ltr'><strong>Kuh;</strong></span> <span class='ocrx_word' id='word_1_650' title='bbox 3467 4542 3520 4598; x_wconf 92' lang='lat' dir='ltr'><strong>in</strong></span> <span class='ocrx_word' id='word_1_651' title='bbox 3543 4537 3636 4598; x_wconf 91' lang='lat' dir='ltr'><strong>lib.</strong></span> <span class='ocrx_word' id='word_1_652' title='bbox 3664 4545 3706 4597; x_wconf 67' lang='grc' dir='ltr'><strong>ιτ</strong></span> <span class='ocrx_word' id='word_1_653' title='bbox 3735 4555 3741 4564; x_wconf 84' lang='grc'><em>’</em></span> 
     </span>
    </p>
   </div>
   <div class='ocr_carea' id='block_1_94' title="bbox 432 4590 2014 4676">
    <p class='ocr_par' dir='ltr' id='par_1_94' title="bbox 432 4590 2014 4676">
     <span class='ocr_line' id='line_1_94' title="bbox 432 4590 2014 4676; baseline 0.015 -33"><span class='ocrx_word' id='word_1_654' title='bbox 432 4590 765 4676; x_wconf 59' lang='lat' dir='ltr'><strong>Wolfgerum</strong></span> <span class='ocrx_word' id='word_1_655' title='bbox 808 4590 1323 4676; x_wconf 59' lang='lat' dir='ltr'><strong>W_i_rt;i_b&#39;urgensem</strong></span> <span class='ocrx_word' id='word_1_656' title='bbox 1363 4590 1674 4676; x_wconf 82' lang='lat' dir='ltr'><strong>episcopum</strong></span> <span class='ocrx_word' id='word_1_657' title='bbox 1696 4590 1787 4664; x_wconf 54' lang='lat' dir='ltr'><strong>&quot;éi&#39;</strong></span> <span class='ocrx_word' id='word_1_658' title='bbox 1808 4590 2014 4676; x_wconf 54' lang='lat' dir='ltr'><strong>adigi;</strong></span> 
     </span>
    </p>
   </div>
   <div class='ocr_carea' id='block_1_95' title="bbox 436 4627 2013 4745">
    <p class='ocr_par' dir='ltr' id='par_1_95' title="bbox 436 4627 2013 4745">
     <span class='ocr_line' id='line_1_95' title="bbox 448 4627 2013 4676; baseline 0.014 -31"><span class='ocrx_word' id='word_1_659' title='bbox 448 4627 765 4674; x_wconf 50' lang='grc' dir='ltr'>γ’νυιιδυιιιιιι</span> <span class='ocrx_word' id='word_1_660' title='bbox 821 4627 1323 4673; x_wconf 75' lang='lat' dir='ltr'><strong>unumurgcnscut</strong></span> <span class='ocrx_word' id='word_1_661' title='bbox 1363 4627 1673 4676; x_wconf 81' lang='lat' dir='ltr'><strong>episcopum</strong></span> <span class='ocrx_word' id='word_1_662' title='bbox 1715 4627 1769 4664; x_wconf 78' lang='lat' dir='ltr'><strong>ei</strong></span> <span class='ocrx_word' id='word_1_663' title='bbox 1810 4627 1912 4665; x_wconf 73' lang='lat' dir='ltr'><strong>Hal.</strong></span> <span class='ocrx_word' id='word_1_664' title='bbox 1952 4631 2013 4666; x_wconf 86' lang='lat' dir='ltr'><strong>a-</strong></span> 
     </span>
     <span class='ocr_line' id='line_1_96' title="bbox 436 4627 2013 4745; baseline 0.013 -30"><span class='ocrx_word' id='word_1_665' title='bbox 436 4665 1194 4745; x_wconf 38' lang='lat' dir='ltr'><strong>rtunt‘abbatemfuldensem</strong></span> <span class='ocrx_word' id='word_1_666' title='bbox 1227 4675 1373 4730; x_wconf 68' lang='lat' dir='ltr'><strong>inita)</strong></span> <span class='ocrx_word' id='word_1_667' title='bbox 1402 4691 1544 4730; x_wconf 88' lang='lat' dir='ltr'><strong>anno</strong></span> <span class='ocrx_word' id='word_1_668' title='bbox 1573 4680 1808 4734; x_wconf 88' lang='lat' dir='ltr'><strong>secundo</strong></span> <span class='ocrx_word' id='word_1_669' title='bbox 1833 4627 2013 4736; x_wconf 59' lang='lat' dir='ltr'><strong>Lugo-</strong></span> 
     </span>
    </p>
   </div>
   <div class='ocr_carea' id='block_1_96' title="bbox 433 4733 2018 4821">
    <p class='ocr_par' dir='ltr' id='par_1_96' title="bbox 433 4733 2018 4821">
     <span class='ocr_line' id='line_1_97' title="bbox 433 4733 2018 4821; baseline 0.013 -33"><span class='ocrx_word' id='word_1_670' title='bbox 433 4733 912 4821; x_wconf 23' lang='lat' dir='ltr'><strong>yiciviiugustitiit</strong></span> <span class='ocrx_word' id='word_1_671' title='bbox 928 4745 1130 4821; x_wconf 40' lang='lat' dir='ltr'><strong>m‘entio</strong></span> <span class='ocrx_word' id='word_1_672' title='bbox 1166 4748 1482 4821; x_wconf 75' lang='lat' dir='ltr'><strong>monasterii</strong></span> <span class='ocrx_word' id='word_1_673' title='bbox 1529 4733 1844 4821; x_wconf 65' lang='lat' dir='ltr'><strong>Ratestorf,</strong></span> <span class='ocrx_word' id='word_1_674' title='bbox 1872 4733 2018 4821; x_wconf 80' lang='lat' dir='ltr'><strong>quod</strong></span> 
     </span>
    </p>
   </div>
   <div class='ocr_carea' id='block_1_97' title="bbox 437 4804 2016 4889">
    <p class='ocr_par' dir='ltr' id='par_1_97' title="bbox 437 4804 2016 4889">
     <span class='ocr_line' id='line_1_98' title="bbox 437 4804 2016 4889; baseline 0.015 -34"><span class='ocrx_word' id='word_1_675' title='bbox 437 4804 489 4889; x_wconf 86' lang='lat' dir='ltr'><strong>in</strong></span> <span class='ocrx_word' id='word_1_676' title='bbox 507 4804 739 4885; x_wconf 44' lang='lat' dir='ltr'><strong>.dimcesi</strong></span> <span class='ocrx_word' id='word_1_677' title='bbox 775 4809 1250 4889; x_wconf 52' lang='lat' dir='ltr'><strong>\Yirtzibnrggrsi,</strong></span> <span class='ocrx_word' id='word_1_678' title='bbox 1287 4815 1440 4889; x_wconf 81' lang='lat' dir='ltr'><strong>cujus</strong></span> <span class='ocrx_word' id='word_1_679' title='bbox 1469 4827 1658 4888; x_wconf 87' lang='lat' dir='ltr'><strong>postea</strong></span> <span class='ocrx_word' id='word_1_680' title='bbox 1689 4804 2016 4879; x_wconf 58' lang='lat' dir='ltr'><strong>Htt&#39;rnbertus</strong></span> 
     </span>
    </p>
   </div>
   <div class='ocr_carea' id='block_1_98' title="bbox 436 4883 2018 4960">
    <p class='ocr_par' dir='ltr' id='par_1_98' title="bbox 436 4883 2018 4960">
     <span class='ocr_line' id='line_1_99' title="bbox 436 4883 2018 4960; baseline 0.015 -34"><span class='ocrx_word' id='word_1_681' title='bbox 436 4883 743 4960; x_wconf 72' lang='lat' dir='ltr'><strong>episcopus,</strong></span> <span class='ocrx_word' id='word_1_682' title='bbox 769 4883 930 4960; x_wconf 51' lang='lat' dir='ltr'><strong>sitnum</strong></span> <span class='ocrx_word' id='word_1_683' title='bbox 957 4891 1092 4960; x_wconf 80' lang='lat' dir='ltr'><strong>erat.</strong></span> <span class='ocrx_word' id='word_1_684' title='bbox 1122 4883 1312 4960; x_wconf 50' lang='lat' dir='ltr'><strong>Exstat</strong></span> <span class='ocrx_word' id='word_1_685' title='bbox 1333 4883 1520 4960; x_wconf 74' lang='lat' dir='ltr'><strong>charta</strong></span> <span class='ocrx_word' id='word_1_686' title='bbox 1543 4890 1608 4943; x_wconf 92' lang='lat' dir='ltr'><strong>de</strong></span> <span class='ocrx_word' id='word_1_687' title='bbox 1634 4890 1891 4945; x_wconf 88' lang='lat' dir='ltr'><strong>limitibus</strong></span> <span class='ocrx_word' id='word_1_688' title='bbox 1914 4894 2018 4949; x_wconf 83' lang='lat' dir='ltr'><strong>Ra-</strong></span> 
     </span>
    </p>
   </div>
   <div class='ocr_carea' id='block_1_99' title="bbox 435 4943 2014 5030">
    <p class='ocr_par' dir='ltr' id='par_1_99' title="bbox 435 4943 2014 5030">
     <span class='ocr_line' id='line_1_100' title="bbox 435 4943 2014 5030; baseline 0.016 -35"><span class='ocrx_word' id='word_1_689' title='bbox 435 4943 650 5030; x_wconf 51' lang='lat' dir='ltr'><strong>testlogl:</strong></span> <span class='ocrx_word' id='word_1_690' title='bbox 662 4948 799 5030; x_wconf 55' lang='lat' dir='ltr'><strong>apttt-i</strong></span> <span class='ocrx_word' id='word_1_691' title='bbox 822 4948 1108 5030; x_wconf 75' lang='lat' dir='ltr'><strong>Pistorium</strong></span> <span class='ocrx_word' id='word_1_692' title='bbox 1135 4954 1189 5007; x_wconf 92' lang='lat' dir='ltr'><strong>in</strong></span> <span class='ocrx_word' id='word_1_693' title='bbox 1217 4954 1617 5030; x_wconf 66' lang='lat' dir='ltr'><strong>Traditionibus</strong></span> <span class='ocrx_word' id='word_1_694' title='bbox 1639 4943 2014 5030; x_wconf 71' lang='lat' dir='ltr'><strong>Fuidensibus,</strong></span> 
     </span>
    </p>
   </div>
   <div class='ocr_carea' id='block_1_100' title="bbox 438 5015 2018 5100">
    <p class='ocr_par' dir='ltr' id='par_1_100' title="bbox 438 5015 2018 5100">
     <span class='ocr_line' id='line_1_101' title="bbox 438 5015 2018 5100; baseline 0.015 -34"><span class='ocrx_word' id='word_1_695' title='bbox 438 5027 560 5100; x_wconf 85' lang='lat' dir='ltr'><strong>pag.</strong></span> <span class='ocrx_word' id='word_1_696' title='bbox 594 5015 716 5100; x_wconf 60' lang='lat' dir='ltr'><strong>sta.</strong></span> <span class='ocrx_word' id='word_1_697' title='bbox 747 5016 989 5100; x_wconf 64' lang='lat' dir='ltr'><strong>Meminit</strong></span> <span class='ocrx_word' id='word_1_698' title='bbox 1008 5021 1163 5100; x_wconf 71' lang='lat' dir='ltr'><strong>hujus</strong></span> <span class='ocrx_word' id='word_1_699' title='bbox 1182 5025 1330 5100; x_wconf 73' lang='lat' dir='ltr'><strong>cella:</strong></span> <span class='ocrx_word' id='word_1_700' title='bbox 1351 5026 1606 5100; x_wconf 64' lang='lat' dir='ltr'><strong>liaiianus</strong></span> <span class='ocrx_word' id='word_1_701' title='bbox 1628 5031 1680 5084; x_wconf 92' lang='lat' dir='ltr'><strong>in</strong></span> <span class='ocrx_word' id='word_1_702' title='bbox 1703 5015 2018 5100; x_wconf 53' lang='lat' dir='ltr'><strong>praemiis</strong></span> 
     </span>
    </p>
   </div>
   <div class='ocr_carea' id='block_1_101' title="bbox 439 5093 2015 5206">
    <p class='ocr_par' dir='ltr' id='par_1_101' title="bbox 439 5093 2015 5206">
     <span class='ocr_line' id='line_1_102' title="bbox 439 5093 2015 5206; baseline 0.015 -69"><span class='ocrx_word' id='word_1_703' title='bbox 439 5093 789 5206; x_wconf 51' lang='lat' dir='ltr'><strong>eX£ositionis</strong></span> <span class='ocrx_word' id='word_1_704' title='bbox 843 5105 1002 5172; x_wconf 78' lang='lat' dir='ltr'><strong>super</strong></span> <span class='ocrx_word' id='word_1_705' title='bbox 1054 5093 1274 5149; x_wconf 89' lang='lat' dir='ltr'><strong>Cantica</strong></span> <span class='ocrx_word' id='word_1_706' title='bbox 1321 5099 1387 5151; x_wconf 92' lang='lat' dir='ltr'><strong>ad</strong></span> <span class='ocrx_word' id='word_1_707' title='bbox 1435 5093 1764 5156; x_wconf 70' lang='lat' dir='ltr'><strong>Ludovictfm</strong></span> <span class='ocrx_word' id='word_1_708' title='bbox 1814 5121 2015 5177; x_wconf 68' lang='lat' dir='ltr'><strong>regem.</strong></span> 
     </span>
     <span class='ocr_line' id='line_1_103' title="bbox 443 5165 2015 5206; baseline 0.001 -2"><span class='ocrx_word' id='word_1_709' title='bbox 443 5172 461 5204; x_wconf 71' lang='grc' dir='ltr'><strong><em>ι</em></strong></span> <span class='ocrx_word' id='word_1_710' title='bbox 542 5171 694 5206; x_wconf 70' lang='lat' dir='ltr'><strong>tuter.</strong></span> <span class='ocrx_word' id='word_1_711' title='bbox 724 5170 916 5206; x_wconf 84' lang='lat' dir='ltr'><strong>tnmnt-</strong></span> <span class='ocrx_word' id='word_1_712' title='bbox 949 5165 1164 5206; x_wconf 71' lang='lat' dir='ltr'><strong>nitanrln</strong></span> <span class='ocrx_word' id='word_1_713' title='bbox 1193 5167 1257 5206; x_wconf 75' lang='lat' dir='ltr'><strong>ml</strong></span> <span class='ocrx_word' id='word_1_714' title='bbox 1284 5183 1378 5206; x_wconf 72' lang='grc' dir='ltr'><strong>νηε</strong></span> <span class='ocrx_word' id='word_1_715' title='bbox 1408 5170 1458 5206; x_wconf 77' lang='lat' dir='ltr'><strong>in</strong></span> <span class='ocrx_word' id='word_1_716' title='bbox 1491 5171 1678 5206; x_wconf 70' lang='lat' dir='ltr'><strong>nnnnlo</strong></span> <span class='ocrx_word' id='word_1_717' title='bbox 1707 5177 2015 5206; x_wconf 53' lang='grc' dir='ltr'><strong>...Ληουιηηεε</strong></span> 
     </span>
    </p>
   </div>
   <div class='ocr_carea' id='block_1_102' title="bbox 443 5165 2021 5237">
    <p class='ocr_par' dir='ltr' id='par_1_102' title="bbox 443 5165 2021 5237">
     <span class='ocr_line' id='line_1_104' title="bbox 443 5165 2021 5237; baseline 0.017 -33"><span class='ocrx_word' id='word_1_718' title='bbox 443 5172 461 5204; x_wconf 85' lang='grc'><strong><em>‹</em></strong></span> <span class='ocrx_word' id='word_1_719' title='bbox 494 5165 694 5237; x_wconf 69' lang='lat' dir='ltr'><strong>Nuper,</strong></span> <span class='ocrx_word' id='word_1_720' title='bbox 724 5165 917 5228; x_wconf 88' lang='lat' dir='ltr'><strong>inquit,</strong></span> <span class='ocrx_word' id='word_1_721' title='bbox 949 5165 1164 5237; x_wconf 64' lang='lat' dir='ltr'><strong>quando</strong></span> <span class='ocrx_word' id='word_1_722' title='bbox 1193 5167 1259 5219; x_wconf 91' lang='lat' dir='ltr'><strong>ad</strong></span> <span class='ocrx_word' id='word_1_723' title='bbox 1284 5183 1380 5224; x_wconf 92' lang='lat' dir='ltr'><strong>vos</strong></span> <span class='ocrx_word' id='word_1_724' title='bbox 1408 5170 1460 5222; x_wconf 94' lang='lat' dir='ltr'><strong>in</strong></span> <span class='ocrx_word' id='word_1_725' title='bbox 1491 5171 1680 5225; x_wconf 91' lang='lat' dir='ltr'><strong>cellula</strong></span> <span class='ocrx_word' id='word_1_726' title='bbox 1707 5165 2021 5230; x_wconf 65' lang='lat' dir='ltr'><strong>monasterii</strong></span> 
     </span>
    </p>
   </div>
   <div class='ocr_carea' id='block_1_103' title="bbox 439 5233 2021 5306">
    <p class='ocr_par' dir='ltr' id='par_1_103' title="bbox 439 5233 2021 5306">
     <span class='ocr_line' id='line_1_105' title="bbox 439 5233 2021 5306; baseline 0.016 -30"><span class='ocrx_word' id='word_1_727' title='bbox 439 5233 638 5306; x_wconf 69' lang='lat' dir='ltr'><strong>nostri,</strong></span> <span class='ocrx_word' id='word_1_728' title='bbox 659 5242 777 5295; x_wconf 67' lang='lat' dir='ltr'><strong>qua:</strong></span> <span class='ocrx_word' id='word_1_729' title='bbox 800 5240 1025 5306; x_wconf 72' lang='lat' dir='ltr'><strong>vocatur</strong></span> <span class='ocrx_word' id='word_1_730' title='bbox 1047 5233 1338 5306; x_wconf 72' lang='lat' dir='ltr'><strong>Batestorl‘,</strong></span> <span class='ocrx_word' id='word_1_731' title='bbox 1358 5250 1578 5296; x_wconf 88' lang='lat' dir='ltr'><strong>vocatus</strong></span> <span class='ocrx_word' id='word_1_732' title='bbox 1601 5244 1740 5304; x_wconf 78' lang='lat' dir='ltr'><strong>veni,</strong></span> <span class='ocrx_word' id='word_1_733' title='bbox 1765 5253 1820 5298; x_wconf 89' lang='lat' dir='ltr'><strong>et</strong></span> <span class='ocrx_word' id='word_1_734' title='bbox 1841 5261 2021 5301; x_wconf 87' lang='lat' dir='ltr'><strong>sermo</strong></span> 
     </span>
    </p>
   </div>
   <div class='ocr_carea' id='block_1_104' title="bbox 440 5294 1842 5375">
    <p class='ocr_par' dir='ltr' id='par_1_104' title="bbox 440 5294 1842 5375">
     <span class='ocr_line' id='line_1_106' title="bbox 440 5294 1842 5375; baseline 0.016 -28"><span class='ocrx_word' id='word_1_735' title='bbox 440 5294 541 5375; x_wconf 68' lang='lat' dir='ltr'><strong>fuit</strong></span> <span class='ocrx_word' id='word_1_736' title='bbox 569 5294 709 5375; x_wconf 64' lang='lat' dir='ltr'><strong>inter</strong></span> <span class='ocrx_word' id='word_1_737' title='bbox 737 5313 836 5354; x_wconf 92' lang='lat' dir='ltr'><strong>nos</strong></span> <span class='ocrx_word' id='word_1_738' title='bbox 863 5302 1250 5375; x_wconf 83' lang='lat' dir='ltr'><strong>de_Scripturis</strong></span> <span class='ocrx_word' id='word_1_739' title='bbox 1276 5294 1465 5375; x_wconf 78' lang='lat' dir='ltr'><strong>sacris,</strong></span> <span class='ocrx_word' id='word_1_740' title='bbox 1503 5294 1529 5364; x_wconf 12' lang='grc' dir='ltr'><strong>Ἴ»</strong></span> <span class='ocrx_word' id='word_1_741' title='bbox 1555 5294 1668 5368; x_wconf 79' lang='lat' dir='ltr'><strong>etc.</strong></span> <span class='ocrx_word' id='word_1_742' title='bbox 1707 5294 1842 5368; x_wconf 47' lang='lat' dir='ltr'><strong>illis.</strong></span> 
     </span>
    </p>
   </div>
   <div class='ocr_carea' id='block_1_105' title="bbox 442 5365 2016 5489">
    <p class='ocr_par' dir='ltr' id='par_1_105' title="bbox 442 5365 2016 5489">
     <span class='ocr_line' id='line_1_107' title="bbox 442 5365 2016 5489; baseline 0.014 -70"><span class='ocrx_word' id='word_1_743' title='bbox 442 5365 648 5489; x_wconf 47' lang='lat' dir='ltr'><strong>Bothe</strong></span> <span class='ocrx_word' id='word_1_744' title='bbox 677 5368 779 5424; x_wconf 91' lang='lat' dir='ltr'><strong>hac</strong></span> <span class='ocrx_word' id='word_1_745' title='bbox 800 5378 856 5426; x_wconf 92' lang='lat' dir='ltr'><strong>et</strong></span> <span class='ocrx_word' id='word_1_746' title='bbox 883 5372 1053 5429; x_wconf 90' lang='lat' dir='ltr'><strong>tribus</strong></span> <span class='ocrx_word' id='word_1_747' title='bbox 1081 5365 1436 5447; x_wconf 78' lang='lat' dir='ltr'><strong>sequentibus</strong></span> <span class='ocrx_word' id='word_1_748' title='bbox 1455 5365 1897 5454; x_wconf 24' lang='lat' dir='ltr'><strong>actumsup—ravn.</strong></span> <span class='ocrx_word' id='word_1_749' title='bbox 1930 5386 2016 5441; x_wconf 83' lang='lat'><strong>15.</strong></span> 
     </span>
    </p>
   </div>
   <div class='ocr_carea' id='block_1_106' title="bbox 515 5505 2020 5595">
    <p class='ocr_par' dir='ltr' id='par_1_106' title="bbox 515 5505 2020 5595">
     <span class='ocr_line' id='line_1_108' title="bbox 515 5505 2020 5595; baseline 0.012 -33"><span class='ocrx_word' id='word_1_750' title='bbox 515 5516 541 5595; x_wconf 61' lang='grc' dir='ltr'><strong>ξ</strong></span> <span class='ocrx_word' id='word_1_751' title='bbox 571 5505 698 5595; x_wconf 65' lang='lat' dir='ltr'><strong>Qua:</strong></span> <span class='ocrx_word' id='word_1_752' title='bbox 725 5510 840 5595; x_wconf 64' lang='lat' dir='ltr'><strong>hare</strong></span> <span class='ocrx_word' id='word_1_753' title='bbox 866 5511 1439 5595; x_wconf 78' lang='lat' dir='ltr'><strong>Candida,_i_ncerturn.</strong></span> <span class='ocrx_word' id='word_1_754' title='bbox 1461 5522 1556 5595; x_wconf 73' lang='lat' dir='ltr'><strong>An</strong></span> <span class='ocrx_word' id='word_1_755' title='bbox 1588 5540 1654 5579; x_wconf 80' lang='lat' dir='ltr'><strong>cx</strong></span> <span class='ocrx_word' id='word_1_756' title='bbox 1681 5525 1748 5580; x_wconf 90' lang='lat' dir='ltr'><strong>iis</strong></span> <span class='ocrx_word' id='word_1_757' title='bbox 1769 5540 1888 5595; x_wconf 74' lang='lat' dir='ltr'><strong>quae</strong></span> <span class='ocrx_word' id='word_1_758' title='bbox 1914 5525 2020 5580; x_wconf 83' lang='lat' dir='ltr'><strong>Ro-</strong></span> 
     </span>
    </p>
   </div>
   <div class='ocr_carea' id='block_1_107' title="bbox 445 5584 2018 5664">
    <p class='ocr_par' dir='ltr' id='par_1_107' title="bbox 445 5584 2018 5664">
     <span class='ocr_line' id='line_1_109' title="bbox 445 5584 2018 5664; baseline 0.013 -34"><span class='ocrx_word' id='word_1_759' title='bbox 445 5591 745 5664; x_wconf 48' lang='lat' dir='ltr'><strong>mfe‘passzc</strong></span> <span class='ocrx_word' id='word_1_760' title='bbox 767 5584 1018 5664; x_wconf 57' lang='lat' dir='ltr'><strong>dicuntur</strong></span> <span class='ocrx_word' id='word_1_761' title='bbox 1047 5587 1098 5642; x_wconf 92' lang='lat' dir='ltr'><strong>in</strong></span> <span class='ocrx_word' id='word_1_762' title='bbox 1128 5588 1509 5664; x_wconf 68' lang='lat' dir='ltr'><strong>Martyrologio</strong></span> <span class='ocrx_word' id='word_1_763' title='bbox 1526 5593 1770 5649; x_wconf 82' lang='lat' dir='ltr'><strong>Romano</strong></span> <span class='ocrx_word' id='word_1_764' title='bbox 1786 5584 1826 5648; x_wconf 61' lang='lat'><strong>&#39;6</strong></span> <span class='ocrx_word' id='word_1_765' title='bbox 1848 5593 2018 5664; x_wconf 86' lang='lat' dir='ltr'><strong>Junii,</strong></span> 
     </span>
    </p>
   </div>
   <div class='ocr_carea' id='block_1_108' title="bbox 443 5646 1382 5721">
    <p class='ocr_par' dir='ltr' id='par_1_108' title="bbox 443 5646 1382 5721">
     <span class='ocr_line' id='line_1_110' title="bbox 443 5646 1382 5721; baseline 0.016 -20"><span class='ocrx_word' id='word_1_766' title='bbox 443 5646 763 5721; x_wconf 73' lang='lat' dir='ltr'><strong>29_A_ugust.</strong></span> <span class='ocrx_word' id='word_1_767' title='bbox 797 5656 898 5707; x_wconf 81' lang='lat' dir='ltr'><strong>eti</strong></span> <span class='ocrx_word' id='word_1_768' title='bbox 931 5646 1288 5716; x_wconf 47' lang='lat' dir='ltr'><strong>Decembris?</strong></span> <span class='ocrx_word' id='word_1_769' title='bbox 1308 5661 1382 5716; x_wconf 87' lang='lat' dir='ltr'><strong>in.</strong></span> 
     </span>
    </p>
   </div>
   <div class='ocr_carea' id='block_1_109' title="bbox 447 5716 2020 5804">
    <p class='ocr_par' dir='ltr' id='par_1_109' title="bbox 447 5716 2020 5804">
     <span class='ocr_line' id='line_1_111' title="bbox 447 5716 2020 5804; baseline 0.01 -27"><span class='ocrx_word' id='word_1_770' title='bbox 447 5716 663 5804; x_wconf 52' lang='lat' dir='ltr'><strong>Li</strong></span> <span class='ocrx_word' id='word_1_771' title='bbox 681 5724 932 5804; x_wconf 63' lang='lat' dir='ltr'><strong>soror_S1</strong></span> <span class='ocrx_word' id='word_1_772' title='bbox 959 5727 1175 5804; x_wconf 58' lang='lat' dir='ltr'><strong>i‘ﬁcasii,</strong></span> <span class='ocrx_word' id='word_1_773' title='bbox 1201 5732 1445 5804; x_wconf 78' lang='lat' dir='ltr'><strong>episcopi</strong></span> <span class='ocrx_word' id='word_1_774' title='bbox 1471 5731 1816 5804; x_wconf 79' lang='lat' dir='ltr'><strong>Rhemensis,</strong></span> <span class='ocrx_word' id='word_1_775' title='bbox 1863 5735 2020 5804; x_wconf 85' lang='lat' dir='ltr'><strong>cujus</strong></span> 
     </span>
    </p>
   </div>
   <div class='ocr_carea' id='block_1_110' title="bbox 447 5786 2007 5871">
    <p class='ocr_par' dir='ltr' id='par_1_110' title="bbox 447 5786 2007 5871">
     <span class='ocr_line' id='line_1_112' title="bbox 447 5786 2007 5871; baseline 0.009 -21"><span class='ocrx_word' id='word_1_776' title='bbox 447 5786 589 5850; x_wconf 76' lang='lat' dir='ltr'><strong>infra</strong></span> <span class='ocrx_word' id='word_1_777' title='bbox 609 5790 670 5849; x_wconf 78' lang='lat' dir='ltr'><strong>ﬁt</strong></span> <span class='ocrx_word' id='word_1_778' title='bbox 696 5797 933 5854; x_wconf 86' lang='lat' dir='ltr'><strong>mentio?</strong></span> <span class='ocrx_word' id='word_1_779' title='bbox 983 5786 1274 5871; x_wconf 65' lang='lat' dir='ltr'><strong>Utriusque</strong></span> <span class='ocrx_word' id='word_1_780' title='bbox 1305 5786 1500 5860; x_wconf 63' lang='lat' dir='ltr'><strong>natalis</strong></span> <span class='ocrx_word' id='word_1_781' title='bbox 1530 5786 2007 5864; x_wconf 33' lang='lat' dir='ltr'><strong>“Decembri;</strong></span> 
     </span>
    </p>
   </div>
   <div class='ocr_carea' id='block_1_111' title="bbox 2120 4611 3706 4682">
    <p class='ocr_par' dir='ltr' id='par_1_111' title="bbox 2120 4611 3706 4682">
     <span class='ocr_line' id='line_1_113' title="bbox 2120 4611 3706 4682; baseline 0.003 -18"><span class='ocrx_word' id='word_1_782' title='bbox 2120 4611 2516 4682; x_wconf 84' lang='lat' dir='ltr'><strong>Antiquitatum</strong></span> <span class='ocrx_word' id='word_1_783' title='bbox 2544 4611 2893 4667; x_wconf 84' lang='lat' dir='ltr'><strong>Fuidensium</strong></span> <span class='ocrx_word' id='word_1_784' title='bbox 2937 4627 3056 4682; x_wconf 87' lang='lat' dir='ltr'><strong>cap.</strong></span> <span class='ocrx_word' id='word_1_785' title='bbox 3103 4613 3194 4678; x_wconf 74' lang='lat'><strong>12,</strong></span> <span class='ocrx_word' id='word_1_786' title='bbox 3239 4614 3330 4669; x_wconf 90' lang='lat' dir='ltr'><strong>ubi</strong></span> <span class='ocrx_word' id='word_1_787' title='bbox 3369 4615 3484 4668; x_wconf 74' lang='lat' dir='ltr'><strong>haec</strong></span> <span class='ocrx_word' id='word_1_788' title='bbox 3513 4613 3706 4669; x_wconf 82' lang='lat' dir='ltr'><strong>inscri-</strong></span> 
     </span>
    </p>
   </div>
   <div class='ocr_carea' id='block_1_112' title="bbox 2122 4681 3705 4766">
    <p class='ocr_par' dir='ltr' id='par_1_112' title="bbox 2122 4681 3705 4766">
     <span class='ocr_line' id='line_1_114' title="bbox 2122 4681 3705 4766; baseline 0.001 -31"><span class='ocrx_word' id='word_1_789' title='bbox 2122 4683 2266 4766; x_wconf 53' lang='lat' dir='ltr'><strong>ptio;</strong></span> <span class='ocrx_word' id='word_1_790' title='bbox 2290 4683 2437 4734; x_wconf 81' lang='lat' dir='ltr'><strong>Anno</strong></span> <span class='ocrx_word' id='word_1_791' title='bbox 2453 4681 2606 4766; x_wconf 69' lang='lat' dir='ltr'><strong>Domi</strong></span> <span class='ocrx_word' id='word_1_792' title='bbox 2613 4683 2664 4736; x_wconf 86' lang='lat' dir='ltr'><strong>ni</strong></span> <span class='ocrx_word' id='word_1_793' title='bbox 2683 4682 2786 4763; x_wconf 64' lang='lat'><strong>808</strong></span> <span class='ocrx_word' id='word_1_794' title='bbox 2801 4683 2945 4766; x_wconf 69' lang='lat' dir='ltr'><strong>(lege</strong></span> <span class='ocrx_word' id='word_1_795' title='bbox 2958 4681 3085 4766; x_wconf 63' lang='grc'><strong>837)</strong></span> <span class='ocrx_word' id='word_1_796' title='bbox 3098 4684 3279 4766; x_wconf 58' lang='lat' dir='ltr'><strong>indic}:</strong></span> <span class='ocrx_word' id='word_1_797' title='bbox 3298 4700 3386 4766; x_wconf 79' lang='lat' dir='ltr'><strong>xv,</strong></span> <span class='ocrx_word' id='word_1_798' title='bbox 3406 4685 3705 4766; x_wconf 51' lang='lat' dir='ltr'><strong>dedicatam</strong></span> 
     </span>
    </p>
   </div>
   <div class='ocr_carea' id='block_1_113' title="bbox 2123 4753 3744 4826">
    <p class='ocr_par' dir='ltr' id='par_1_113' title="bbox 2123 4753 3744 4826">
     <span class='ocr_line' id='line_1_115' title="bbox 2123 4753 3744 4826; baseline 0.001 -20"><span class='ocrx_word' id='word_1_799' title='bbox 2123 4753 2197 4826; x_wconf 70' lang='lat' dir='ltr'><strong>est</strong></span> <span class='ocrx_word' id='word_1_800' title='bbox 2224 4754 2335 4826; x_wconf 66' lang='lat' dir='ltr'><strong>hoc</strong></span> <span class='ocrx_word' id='word_1_801' title='bbox 2367 4753 2655 4826; x_wconf 76' lang='lat' dir='ltr'><strong>oratorium</strong></span> <span class='ocrx_word' id='word_1_802' title='bbox 2680 4753 2835 4822; x_wconf 81' lang='lat' dir='ltr'><strong>jussu</strong></span> <span class='ocrx_word' id='word_1_803' title='bbox 2880 4753 3085 4826; x_wconf 72' lang='lat' dir='ltr'><strong>Olgari&#39;i</strong></span> <span class='ocrx_word' id='word_1_804' title='bbox 3127 4755 3499 4826; x_wconf 66' lang='lat' dir='ltr'><strong>qrchiepiswpi</strong></span> <span class='ocrx_word' id='word_1_805' title='bbox 3541 4772 3574 4807; x_wconf 80' lang='grc' dir='ltr'><em>α</em></span> <span class='ocrx_word' id='word_1_806' title='bbox 3604 4753 3744 4808; x_wconf 59' lang='lat' dir='ltr'><strong>Rer-</strong></span> 
     </span>
    </p>
   </div>
   <div class='ocr_carea' id='block_1_114' title="bbox 2123 4821 3724 4893">
    <p class='ocr_par' dir='ltr' id='par_1_114' title="bbox 2123 4821 3724 4893">
     <span class='ocr_line' id='line_1_116' title="bbox 2123 4821 3724 4893; baseline 0.001 -17"><span class='ocrx_word' id='word_1_807' title='bbox 2123 4821 2369 4892; x_wconf 80' lang='lat' dir='ltr'><strong>giubaldo</strong></span> <span class='ocrx_word' id='word_1_808' title='bbox 2425 4821 2788 4893; x_wconf 66' lang='lat' dir='ltr'><strong>chorepiscopo</strong></span> <span class='ocrx_word' id='word_1_809' title='bbox 2837 4839 2888 4877; x_wconf 75' lang='lat' dir='ltr'><strong>vr</strong></span> <span class='ocrx_word' id='word_1_810' title='bbox 2947 4821 3066 4878; x_wconf 85' lang='lat' dir='ltr'><strong>Kal.</strong></span> <span class='ocrx_word' id='word_1_811' title='bbox 3131 4821 3316 4879; x_wconf 66' lang='lat' dir='ltr'><strong>Octob.</strong></span> <span class='ocrx_word' id='word_1_812' title='bbox 3365 4821 3724 4878; x_wconf 43' lang='lat' dir='ltr'><strong>in&#39;honorem:</strong></span> 
     </span>
    </p>
   </div>
   <div class='ocr_carea' id='block_1_115' title="bbox 2126 4891 3705 4967">
    <p class='ocr_par' dir='ltr' id='par_1_115' title="bbox 2126 4891 3705 4967">
     <span class='ocr_line' id='line_1_117' title="bbox 2126 4891 3705 4967; baseline 0 -21"><span class='ocrx_word' id='word_1_813' title='bbox 2126 4891 2393 4946; x_wconf 83' lang='lat' dir='ltr'><strong>beatorum</strong></span> <span class='ocrx_word' id='word_1_814' title='bbox 2422 4891 2800 4967; x_wconf 62' lang='lat' dir='ltr'><strong>apostolorum,</strong></span> <span class='ocrx_word' id='word_1_815' title='bbox 2830 4895 3276 4964; x_wconf 80' lang='lat' dir='ltr'><strong>patriarcharum,</strong></span> <span class='ocrx_word' id='word_1_816' title='bbox 3313 4895 3705 4967; x_wconf 80' lang='lat' dir='ltr'><strong>prophetarum,</strong></span> 
     </span>
    </p>
   </div>
   <div class='ocr_carea' id='block_1_116' title="bbox 2126 4962 3742 5036">
    <p class='ocr_par' dir='ltr' id='par_1_116' title="bbox 2126 4962 3742 5036">
     <span class='ocr_line' id='line_1_118' title="bbox 2126 4962 3742 5036; baseline -0.011 -4"><span class='ocrx_word' id='word_1_817' title='bbox 2126 4972 2439 5036; x_wconf 59' lang='lat' dir='ltr'><strong>martyrum.</strong></span> <span class='ocrx_word' id='word_1_818' title='bbox 2488 4962 2849 5036; x_wconf 64' lang='lat' dir='ltr'><strong>confessoruni</strong></span> <span class='ocrx_word' id='word_1_819' title='bbox 2897 4976 3051 5036; x_wconf 85' lang='lat' dir='ltr'><strong>atque</strong></span> <span class='ocrx_word' id='word_1_820' title='bbox 3093 4962 3374 5036; x_wconf 73' lang='lat' dir='ltr'><strong>virginum,</strong></span> <span class='ocrx_word' id='word_1_821' title='bbox 3408 4962 3464 5019; x_wconf 76' lang='grc' dir='ltr'><strong>ὀε</strong></span> <span class='ocrx_word' id='word_1_822' title='bbox 3511 4975 3742 5019; x_wconf 69' lang='lat' dir='ltr'><strong>sanctae.</strong></span> 
     </span>
    </p>
   </div>
   <div class='ocr_carea' id='block_1_117' title="bbox 2126 5031 3734 5104">
    <p class='ocr_par' dir='ltr' id='par_1_117' title="bbox 2126 5031 3734 5104">
     <span class='ocr_line' id='line_1_119' title="bbox 2126 5031 3734 5104; baseline 0.003 -19"><span class='ocrx_word' id='word_1_823' title='bbox 2126 5031 2420 5104; x_wconf 71' lang='lat' dir='ltr'><strong>Felicitatis</strong></span> <span class='ocrx_word' id='word_1_824' title='bbox 2464 5034 2647 5104; x_wconf 70' lang='lat' dir='ltr'><strong>matris</strong></span> <span class='ocrx_word' id='word_1_825' title='bbox 2690 5048 2764 5086; x_wconf 84' lang='lat' dir='ltr'><strong>vn</strong></span> <span class='ocrx_word' id='word_1_826' title='bbox 2791 5031 3045 5104; x_wconf 48' lang='lat' dir='ltr'><strong>ﬁlioru’m,</strong></span> <span class='ocrx_word' id='word_1_827' title='bbox 3077 5031 3190 5092; x_wconf 61' lang='lat' dir='ltr'><strong>etc:</strong></span> <span class='ocrx_word' id='word_1_828' title='bbox 3209 5035 3325 5091; x_wconf 89' lang='lat' dir='ltr'><strong>Sita</strong></span> <span class='ocrx_word' id='word_1_829' title='bbox 3362 5031 3450 5091; x_wconf 85' lang='lat' dir='ltr'><strong>est</strong></span> <span class='ocrx_word' id='word_1_830' title='bbox 3473 5037 3589 5091; x_wconf 63' lang='lat' dir='ltr'><strong>haec</strong></span> <span class='ocrx_word' id='word_1_831' title='bbox 3619 5051 3734 5098; x_wconf 49' lang='lat' dir='ltr'><strong>cer.</strong></span> 
     </span>
    </p>
   </div>
   <div class='ocr_carea' id='block_1_118' title="bbox 2123 5101 3708 5175">
    <p class='ocr_par' dir='ltr' id='par_1_118' title="bbox 2123 5101 3708 5175">
     <span class='ocr_line' id='line_1_120' title="bbox 2123 5101 3708 5175; baseline 0.004 -21"><span class='ocrx_word' id='word_1_832' title='bbox 2123 5103 2285 5175; x_wconf 61' lang='lat' dir='ltr'><strong>clcsia</strong></span> <span class='ocrx_word' id='word_1_833' title='bbox 2333 5101 2386 5175; x_wconf 84' lang='lat' dir='ltr'><strong>in</strong></span> <span class='ocrx_word' id='word_1_834' title='bbox 2412 5111 2597 5175; x_wconf 76' lang='lat' dir='ltr'><strong>monte</strong></span> <span class='ocrx_word' id='word_1_835' title='bbox 2627 5101 2814 5160; x_wconf 84' lang='lat' dir='ltr'><strong>Sancti</strong></span> <span class='ocrx_word' id='word_1_836' title='bbox 2842 5105 3008 5171; x_wconf 89' lang='lat' dir='ltr'><strong>Petri,</strong></span> <span class='ocrx_word' id='word_1_837' title='bbox 3031 5101 3039 5104; x_wconf 47' lang='grc'>⁷</span> <span class='ocrx_word' id='word_1_838' title='bbox 3063 5105 3344 5175; x_wconf 89' lang='lat' dir='ltr'><strong>adjacentc</strong></span> <span class='ocrx_word' id='word_1_839' title='bbox 3375 5106 3708 5163; x_wconf 87' lang='lat' dir='ltr'><strong>monasterio</strong></span> 
     </span>
    </p>
   </div>
   <div class='ocr_carea' id='block_1_119' title="bbox 2121 5172 3418 5241">
    <p class='ocr_par' dir='ltr' id='par_1_119' title="bbox 2121 5172 3418 5241">
     <span class='ocr_line' id='line_1_121' title="bbox 2121 5172 3418 5241; baseline 0.003 -13"><span class='ocrx_word' id='word_1_840' title='bbox 2121 5172 2375 5228; x_wconf 88' lang='lat' dir='ltr'><strong>Fuidensi</strong></span> <span class='ocrx_word' id='word_1_841' title='bbox 2399 5175 2466 5228; x_wconf 91' lang='lat' dir='ltr'><strong>ad</strong></span> <span class='ocrx_word' id='word_1_842' title='bbox 2489 5172 2786 5241; x_wconf 88' lang='lat' dir='ltr'><strong>Orientem,</strong></span> <span class='ocrx_word' id='word_1_843' title='bbox 2821 5175 2960 5230; x_wconf 81' lang='lat' dir='ltr'><strong>infra</strong></span> <span class='ocrx_word' id='word_1_844' title='bbox 2983 5172 3141 5232; x_wconf 63' lang='lat' dir='ltr'><strong>num.</strong></span> <span class='ocrx_word' id='word_1_845' title='bbox 3162 5177 3252 5232; x_wconf 84' lang='lat'><strong>50.</strong></span> <span class='ocrx_word' id='word_1_846' title='bbox 3282 5177 3418 5232; x_wconf 67' lang='lat' dir='ltr'><strong>Man.</strong></span> 
     </span>
    </p>
   </div>
   <div class='ocr_carea' id='block_1_120' title="bbox 2121 5242 3704 5367">
    <p class='ocr_par' dir='ltr' id='par_1_120' title="bbox 2121 5242 3704 5367">
     <span class='ocr_line' id='line_1_122' title="bbox 2121 5242 3704 5367; baseline 0.01 -77"><span class='ocrx_word' id='word_1_847' title='bbox 2121 5242 2379 5367; x_wconf 48' lang='lat' dir='ltr'><strong>BoiLagit</strong></span> <span class='ocrx_word' id='word_1_848' title='bbox 2407 5243 2474 5299; x_wconf 91' lang='lat' dir='ltr'><strong>de</strong></span> <span class='ocrx_word' id='word_1_849' title='bbox 2497 5257 2560 5298; x_wconf 90' lang='lat' dir='ltr'><strong>ea</strong></span> <span class='ocrx_word' id='word_1_850' title='bbox 2591 5246 2848 5303; x_wconf 83' lang='lat' dir='ltr'><strong>Rabanus</strong></span> <span class='ocrx_word' id='word_1_851' title='bbox 2887 5263 3066 5318; x_wconf 89' lang='lat' dir='ltr'><strong>poem.</strong></span> <span class='ocrx_word' id='word_1_852' title='bbox 3099 5247 3222 5315; x_wconf 89' lang='grc'><strong>110,</strong></span> <span class='ocrx_word' id='word_1_853' title='bbox 3277 5249 3400 5315; x_wconf 78' lang='grc'><strong>151,</strong></span> <span class='ocrx_word' id='word_1_854' title='bbox 3428 5247 3552 5314; x_wconf 77' lang='lat'><strong>135,</strong></span> <span class='ocrx_word' id='word_1_855' title='bbox 3581 5246 3704 5306; x_wconf 77' lang='lat'><strong>1&#39;58.</strong></span> 
     </span>
    </p>
   </div>
   <div class='ocr_carea' id='block_1_121' title="bbox 2201 5382 3747 5460">
    <p class='ocr_par' dir='ltr' id='par_1_121' title="bbox 2201 5382 3747 5460">
     <span class='ocr_line' id='line_1_123' title="bbox 2201 5382 3747 5460; baseline 0.003 -24"><span class='ocrx_word' id='word_1_856' title='bbox 2201 5386 2224 5423; x_wconf 76' lang='grc' dir='ltr'>ε</span> <span class='ocrx_word' id='word_1_857' title='bbox 2254 5382 2318 5437; x_wconf 86' lang='lat' dir='ltr'><strong>Hi</strong></span> <span class='ocrx_word' id='word_1_858' title='bbox 2352 5383 2710 5460; x_wconf 74' lang='lat' dir='ltr'><strong>trc§_l‘uertiiit</strong></span> <span class='ocrx_word' id='word_1_859' title='bbox 2735 5387 2994 5460; x_wconf 80' lang='lat' dir='ltr'><strong>episcopi</strong></span> <span class='ocrx_word' id='word_1_860' title='bbox 3043 5390 3398 5456; x_wconf 85' lang='lat' dir='ltr'><strong>Rhemenses,</strong></span> <span class='ocrx_word' id='word_1_861' title='bbox 3445 5406 3480 5460; x_wconf 12' lang='lat' dir='ltr'><strong>re</strong></span> <span class='ocrx_word' id='word_1_862' title='bbox 3510 5389 3747 5460; x_wconf 80' lang='lat' dir='ltr'><strong>quibus.</strong></span> 
     </span>
    </p>
   </div>
   <div class='ocr_carea' id='block_1_122' title="bbox 2129 5453 3707 5528">
    <p class='ocr_par' dir='ltr' id='par_1_122' title="bbox 2129 5453 3707 5528">
     <span class='ocr_line' id='line_1_124' title="bbox 2129 5453 3707 5528; baseline 0.003 -21"><span class='ocrx_word' id='word_1_863' title='bbox 2129 5453 2312 5528; x_wconf 55' lang='lat' dir='ltr'><strong>Siatus</strong></span> <span class='ocrx_word' id='word_1_864' title='bbox 2342 5463 2397 5509; x_wconf 89' lang='lat' dir='ltr'><strong>et</strong></span> <span class='ocrx_word' id='word_1_865' title='bbox 2416 5453 2671 5528; x_wconf 83' lang='lat' dir='ltr'><strong>Sinitius,</strong></span> <span class='ocrx_word' id='word_1_866' title='bbox 2700 5453 2818 5513; x_wconf 78' lang='lat' dir='ltr'><strong>aliis</strong></span> <span class='ocrx_word' id='word_1_867' title='bbox 2847 5453 3104 5528; x_wconf 71' lang='lat' dir='ltr'><strong>Sinicius,</strong></span> <span class='ocrx_word' id='word_1_868' title='bbox 3145 5453 3401 5518; x_wconf 87' lang='lat' dir='ltr'><strong>Browero</strong></span> <span class='ocrx_word' id='word_1_869' title='bbox 3427 5453 3656 5517; x_wconf 73' lang='lat' dir='ltr'><strong>Siniaius</strong></span> <span class='ocrx_word' id='word_1_870' title='bbox 3687 5474 3707 5512; x_wconf 90' lang='lat'><strong><em>:</em></strong></span> 
     </span>
    </p>
   </div>
   <div class='ocr_carea' id='block_1_123' title="bbox 2127 5524 2845 5596">
    <p class='ocr_par' dir='ltr' id='par_1_123' title="bbox 2127 5524 2845 5596">
     <span class='ocr_line' id='line_1_125' title="bbox 2127 5524 2845 5596; baseline 0.006 -17"><span class='ocrx_word' id='word_1_871' title='bbox 2127 5524 2380 5596; x_wconf 86' lang='lat' dir='ltr'><strong>coluntur</strong></span> <span class='ocrx_word' id='word_1_872' title='bbox 2407 5527 2430 5578; x_wconf 91' lang='lat'><strong>1</strong></span> <span class='ocrx_word' id='word_1_873' title='bbox 2467 5527 2739 5596; x_wconf 86' lang='lat' dir='ltr'><strong>Septemb.</strong></span> <span class='ocrx_word' id='word_1_874' title='bbox 2769 5528 2845 5583; x_wconf 84' lang='lat' dir='ltr'><strong>lo.</strong></span> 
     </span>
    </p>
   </div>
   <div class='ocr_carea' id='block_1_124' title="bbox 2198 5595 3711 5666">
    <p class='ocr_par' dir='ltr' id='par_1_124' title="bbox 2198 5595 3711 5666">
     <span class='ocr_line' id='line_1_126' title="bbox 2198 5595 3711 5666; baseline 0.009 -19"><span class='ocrx_word' id='word_1_875' title='bbox 2198 5596 2227 5634; x_wconf 76' lang='grc' dir='ltr'><strong>ιι</strong></span> <span class='ocrx_word' id='word_1_876' title='bbox 2260 5595 2421 5649; x_wconf 80' lang='lat' dir='ltr'><strong>Forte</strong></span> <span class='ocrx_word' id='word_1_877' title='bbox 2458 5595 2695 5666; x_wconf 82' lang='lat' dir='ltr'><strong>episcopi</strong></span> <span class='ocrx_word' id='word_1_878' title='bbox 2732 5600 3074 5659; x_wconf 83' lang='lat' dir='ltr'><strong>Rhemensis.</strong></span> <span class='ocrx_word' id='word_1_879' title='bbox 3127 5603 3190 5660; x_wconf 77' lang='lat' dir='ltr'><strong>2i</strong></span> <span class='ocrx_word' id='word_1_880' title='bbox 3236 5602 3398 5660; x_wconf 87' lang='lat' dir='ltr'><strong>Febr.</strong></span> <span class='ocrx_word' id='word_1_881' title='bbox 3452 5603 3711 5660; x_wconf 81' lang='lat' dir='ltr'><strong>Rabanus</strong></span> 
     </span>
    </p>
   </div>
   <div class='ocr_carea' id='block_1_125' title="bbox 2126 5666 2528 5738">
    <p class='ocr_par' dir='ltr' id='par_1_125' title="bbox 2126 5666 2528 5738">
     <span class='ocr_line' id='line_1_127' title="bbox 2126 5666 2528 5738; baseline 0.002 -18"><span class='ocrx_word' id='word_1_882' title='bbox 2126 5666 2425 5738; x_wconf 71' lang='lat' dir='ltr'><strong>poem._32.</strong></span> <span class='ocrx_word' id='word_1_883' title='bbox 2452 5667 2528 5721; x_wconf 87' lang='lat' dir='ltr'><strong>In.</strong></span> 
     </span>
    </p>
   </div>
   <div class='ocr_carea' id='block_1_126' title="bbox 2207 5736 2856 5798">
    <p class='ocr_par' dir='ltr' id='par_1_126' title="bbox 2207 5736 2856 5798">
     <span class='ocr_line' id='line_1_128' title="bbox 2207 5736 2856 5798; baseline 0.015 -10"><span class='ocrx_word' id='word_1_884' title='bbox 2207 5738 2221 5775; x_wconf 78' lang='grc' dir='ltr'><strong>ί</strong></span> <span class='ocrx_word' id='word_1_885' title='bbox 2256 5736 2328 5789; x_wconf 68' lang='grc'><strong>25</strong></span> <span class='ocrx_word' id='word_1_886' title='bbox 2361 5738 2550 5793; x_wconf 90' lang='lat' dir='ltr'><strong>Octob.</strong></span> <span class='ocrx_word' id='word_1_887' title='bbox 2600 5739 2856 5798; x_wconf 69' lang='lat' dir='ltr'><strong>[tabanus</strong></span> 
     </span>
    </p>
   </div>
   <div class='ocr_carea' id='block_1_127' title="bbox 2996 5745 3706 5803">
    <p class='ocr_par' dir='ltr' id='par_1_127' title="bbox 2996 5745 3706 5803">
     <span class='ocr_line' id='line_1_129' title="bbox 2996 5745 3706 5803; baseline -0.001 -1"><span class='ocrx_word' id='word_1_888' title='bbox 2996 5762 3068 5802; x_wconf 89' lang='lat' dir='ltr'><strong>m.</strong></span> <span class='ocrx_word' id='word_1_889' title='bbox 3119 5745 3240 5802; x_wconf 75' lang='lat'><strong>126.</strong></span> <span class='ocrx_word' id='word_1_890' title='bbox 3283 5745 3361 5803; x_wconf 90' lang='lat' dir='ltr'><strong>De</strong></span> <span class='ocrx_word' id='word_1_891' title='bbox 3407 5745 3528 5801; x_wconf 91' lang='lat' dir='ltr'><strong>aliis</strong></span> <span class='ocrx_word' id='word_1_892' title='bbox 3579 5751 3706 5801; x_wconf 85' lang='lat' dir='ltr'><strong>ante</strong></span> 
     </span>
    </p>
   </div>
   <div class='ocr_carea' id='block_1_128' title="bbox 2122 5807 2966 5879">
    <p class='ocr_par' dir='ltr' id='par_1_128' title="bbox 2122 5807 2966 5879">
     <span class='ocr_line' id='line_1_130' title="bbox 2122 5807 2966 5879; baseline 0.009 -15"><span class='ocrx_word' id='word_1_893' title='bbox 2122 5814 2304 5866; x_wconf 86' lang='lat' dir='ltr'><strong>actum</strong></span> <span class='ocrx_word' id='word_1_894' title='bbox 2328 5807 2391 5866; x_wconf 84' lang='lat' dir='ltr'><strong>N.</strong></span> <span class='ocrx_word' id='word_1_895' title='bbox 2423 5809 2625 5875; x_wconf 82' lang='lat'><strong>15,17,</strong></span> <span class='ocrx_word' id='word_1_896' title='bbox 2647 5811 2734 5879; x_wconf 73' lang='lat'><strong>‘29,</strong></span> <span class='ocrx_word' id='word_1_897' title='bbox 2763 5816 2851 5870; x_wconf 78' lang='lat' dir='ltr'><strong>5i.</strong></span> <span class='ocrx_word' id='word_1_898' title='bbox 2891 5807 2966 5872; x_wconf 80' lang='lat' dir='ltr'><strong>in.</strong></span> 
     </span>
    </p>
   </div>
  </div>
