4016 6502
265 466 335 525 65
1661 450 2183 509 PROLEGOMENA.
2881 401 2894 404 Ψ
3473 462 3544 519 66

397 577 584 642 Horum
610 581 684 638 tu,
712 575 889 642 lector,
913 573 958 623 sl
980 570 1565 642 noscerenominacuras
1582 605 1596 630 ,

450 641 581 702 Area
599 633 910 702 superposita
935 633 1100 702 pandit
1123 641 1172 684 et
1199 636 1304 694 ipsa
1329 633 1436 682 tibi.

387 701 538 753 Roma
557 696 710 764 decus
728 696 892 750 mundi
910 732 926 757 ,
940 696 1265 764 ’laus‘rerum,
1289 706 1475 764 summa

450 764 554 814 Hos
570 764 668 825 jam
695 755 1293 825 lectores'pontiﬁcesque
1318 755 1515 825 habuit;

396 826 512 878 Cum
537 815 718 886 quibus
742 823 820 871 hic
843 815 1046 886 pausam
1065 815 1242 886 sumpti
1264 816 1334 886 de
1357 816 1576 880 partibus
1599 815 1731 865 orbis

451 877 644 940 Vlrt'ute
678 884 814 948 clari,
839 877 1052 944 Christe,
1079 882 1150 932 tui
1173 877 1356 930 famuli.

262 995 323 1050 ln
369 992 588 1064 reliquis
614 1005 746 1046 vero
777 989 987 1044 duobus
1020 984 1305 1054 lateribus,
1346 983 1686 1056 asclepiadeo
1731 997 1856 1040 car-

263 1087 412 1144 mine
438 1087 540 1144 hos
567 1100 762 1142 versus
792 1080 1122 1153 conscripsit
1147 1098 1160 1136 :
1474 1092 1481 1100 ·

448 1199 648 1252 Felices
671 1201 870 1249 nimium
893 1203 1043 1260 atque
1061 1195 1198 1247 beati
1217 1232 1232 1257 ,

450 1261 584 1321 Quos
612 1275 706 1311 rex
729 1260 950 1324 Christus
963 1271 1124 1324 (ovans
1146 1269 1260 1308 arce
1277 1267 1490 1324 superna

449 1319 640 1386 Sanctis
658 1335 746 1386 pro
767 1319 1184 1386 meritis'collocat
1200 1319 1366 1386 astris,

449 1385 614 1448 Vitam
637 1380 925 1448 perpetuam
948 1381 1111 1448 reddit
1134 1380 1315 1448 etillis.

446 1447 539 1508 Qui
564 1443 800 1508 templum
825 1443 1020 1495 Domini
1043 1443 1298 1508 gressibus
1317 1444 1500 1493 intrant
1521 1478 1540 1506 ,

443 1505 549 1560 Hos
570 1505 701 1558 nunc
719 1507 980 1568 admoneo,
1005 1505 1156 1556 cerdo
1181 1505 1396 1566 benigno

447 1569 694 1631 Christum
720 1567 1006 1631 suppliciter
1029 1572 1258 1631 utprece
1283 1572 1479 1629 poscant
1494 1604 1510 1629 ,

451 1630 592 1692 Quod
615 1643 724 1681 cum
749 1629 1046 1692 martyribus
1068 1629 1230 1680 sidera
1254 1635 1470 1691 prestat.

1505 696 1721 754 potestas
1738 729 1752 753 ,

1885 572 1940 633 Α
1966 584 2060 634 rte,
2093 567 2254 623 simul
2293 584 2415 624 cum
2451 570 2878 640 expositionibus
2928 572 3060 630 suis.
3090 572 3418 647 Sequentem
3449 595 3546 635 au-

1963 671 2070 716 tem
2098 660 2337 717 libellum
2362 663 2482 718 ideo
2509 664 2904 720 conﬁciendum
2928 667 3158 735 putavit,
3198 683 3358 739 quem
3380 673 3543 728 etiam

1960 753 2014 807 in
2069 753 2260 823 viginti
2311 762 2434 810 octo
2489 755 2739 826 capitulis
2787 757 3074 825 breviavit,
3124 770 3184 816 ut
3220 761 3546 820 locutionem

1959 846 2171 901 metrici
2200 847 2401 916 prioris
2431 848 2595 904 libelli
2627 850 2680 904 in
2707 864 2770 906 eo
2803 849 3122 910 lucidiorem
3150 853 3377 912 faceret.
3418 859 3548 915 Post

1957 935 2076 992 haec
2105 937 2322 1008 scripsit
2368 939 2436 994 ad
2464 937 2781 996 Heistolfum
2806 941 2834 981 ἀ
2871 944 3341 1018 archiepiscopum
3372 951 3438 1007 de
3463 951 3550 1007 ln-

1957 1027 2243 1084 stitutione
2269 1029 2590 1086 clericorum
2620 1032 2789 1089 libros
2813 1043 2946 1102 tres,
2972 1035 3028 1090 in
3053 1037 3248 1107 quibus
3269 1040 3338 1096 de
3367 1045 3547 1100 eccle-

1957 1121 2196 1178 siasticis
2234 1123 2536 1191 ordinibus,
2579 1133 2634 1180 et
2657 1125 2850 1183 olIiciis
2881 1129 3112 1187 diversis
3134 1147 3254 1202 quae
3294 1134 3351 1190 in
3375 1137 3550 1194 eccle-

1958 1211 2038 1269 sia
2065 1222 2347 1285 geruntur,
2395 1214 2536 1271 ratio
2575 1215 3002 1286 demonstratur,
3041 1229 3098 1276 et
3126 1223 3260 1280 ordo
3305 1225 3548 1285 discendi

1958 1319 2024 1362 ac
2067 1307 2260 1362 modus
2289 1307 2501 1363 dicendi
2553 1308 2705 1364 verbi
2734 1309 2834 1366 Dei
2884 1310 3210 1369 declaratur.
3252 1316 3334 1372 Ad
3383 1333 3544 1390 quem

1956 1397 2122 1453 etiam
2171 1399 2391 1470 scripsit
2446 1409 2744 1457 tractatum
2801 1418 2964 1474 super
3011 1404 3366 1478 Evangelium
3416 1410 3549 1468 Mat-

1957 1489 2105 1555 thazi,
2137 1504 2522 1549 consummans
2548 1492 2700 1548 illum
2721 1501 2846 1551 octo
2861 1494 3032 1553 libris.
3063 1495 3228 1568 Cujus
3248 1508 3304 1557 et
3329 1500 3548 1560 hortatu

1953 1578 2084 1635 fecit
2110 1579 2362 1637 homilias
2381 1581 2626 1640 diversas
2640 1599 2740 1654 per
2763 1593 2935 1642 totum
2961 1602 3187 1657 annum,
3209 1591 3278 1646 ad
3304 1591 3550 1652 diversas

1954 1670 2300 1731 festivitates.
2334 1675 2401 1730 Et
2433 1676 2499 1732 de
2529 1677 2696 1734 variis
2722 1678 2868 1736 vitiis
2896 1687 3056 1752 atque
3084 1681 3379 1742 virtutibus
3421 1686 3550 1744 sub—

329 1756 423 1814 49.
449 1755 696 1814 Aliorum
734 1765 915 1813 autem
958 1762 1270 1812 sanctorum
1297 1753 1556 1824 reliquias
1584 1753 1652 1810 de
1673 1751 1854 1810 diver-
1950 1763 2132 1836 iunxit,
2167 1781 2446 1824 sel-mones
2475 1766 2544 1824 ad
2573 1751 2984 1841 pmdicanduni
3025 1775 3224 1846 populo
3249 1776 3365 1834 Dei,

254 1850 336 1907 sis
376 1852 622 1922 partibus
671 1851 822 1908 orbis
861 1849 1125 1920 plurimas
1167 1847 1536 1920 congregavit,
1581 1854 1745 1917 atque
1793 1845 1852 1904 in

2029 1859 2120 1915 51.
2149 1859 2278 1918 Post
2305 1861 2421 1918 haec
2468 1872 2660 1934 rogatu
2694 1866 3088 1938 episcoporum,
3124 1868 3394 1928 Frecholﬁ
3423 1882 3448 1911 ο
3476 1871 3552 1928 vi-

254 1946 544 2033 oratoriis.
597 1961 718 2016 quae
750 1954 995 2016 tempore
1041 1943 1132 2033 sui,
1172 1942 1455 2033 regiminis
1481 1956 1708 1997 numero
1734 1940 1855 2033 fri-
1880 1959 1928 2020 Β
1957 1955 2176 2024 delicet,
2204 1956 2513 2014 Fridurichi
2545 1957 2565 1996 τ
2594 1968 2650 2013 et
2676 1958 2960 2016 Humberti
2991 1963 3037 2028 ε,
3066 1963 3286 2033 scripsit
3309 1963 3364 2018 in
3387 1962 3551 2021 Octo-

253 2032 414 2106 ginta
444 2042 846 2101 construxerat,
879 2041 934 2088 et
956 2035 1025 2089 ab
1054 2031 1324 2103 episcopis
1353 2032 1409 2086 in
1454 2045 1686 2102 quorum
1717 2029 1855 2086 dio:-

253 2125 380 2180 cesi
425 2124 658 2190 fuerant,
685 2125 922 2180 dedicari
955 2123 1180 2190 fecerat,
1213 2122 1512 2180 honoriﬁce
1540 2122 1848 2178 collocavit.

252 2218 338 2275 De
359 2233 592 2288 quorum
609 2219 742 2275 locis
765 2227 820 2274 et
846 2217 1314 2275 consecrationum
1343 2215 1660 2272 auctoribus
1689 2224 1855 2286 atque

253 2309 616 2379 temporibus,
640 2319 1061 2382 sanctorumque
1072 2311 1404 2379 nominibus,
1424 2327 1654 2382 quorum
1668 2312 1854 2383 spoliis

252 2399 603 2457 illustrantur
630 2402 676 2458 si
709 2402 821 2457 vita
853 2418 1036 2458 comes
1064 2411 1119 2458 et
1148 2402 1365 2460 divinus
1390 2403 1546 2461 favor
1596 2404 1852 2473 adfuerit,

253 2491 396 2558 locis
429 2494 750 2565 opportunis
783 2494 928 2551 scire
952 2493 1262 2552 volentibus
1288 2495 1600 2552 declarabo.

328 2609 418 2664 50.
469 2607 604 2665 Cum
637 2610 800 2681 igitur
846 2610 932 2665 vir
965 2610 1055 2665 ille
1097 2609 1426 2666 venerabilis
1463 2610 1853 2666 monasterium

253 2699 363 2754 sibi
387 2699 735 2755 commissum
776 2715 876 2770 per
905 2714 1077 2756 annos
1103 2700 1293 2770 viginti
1328 2713 1355 2742 ει
1384 2701 1638 2756 nobiliter
1676 2700 1852 2756 rexis-

253 2796 359 2852 set,
391 2788 635 2860 deposito
665 2803 810 2845 curae
837 2790 1129 2862 pastoralis
1150 2791 1410 2861 pondere,
1436 2792 1504 2846 ad
1533 2791 1849 2858 ecclesiam,

254 2897 428 2954 quam
471 2883 539 2938 ad
571 2879 847 2938 Orientem
878 2883 1195 2938 monasterii
1218 2883 1246 2923 ι)
1278 2883 1334 2937 in
1365 2889 1560 2948 fmonte
1599 2893 1854 2940 constru-

252 2979 408 3029 ctam
440 2986 559 3029 esse
598 2989 759 3045 supra
814 2973 925 3030 dixi
959 2972 1148 3044 (Nunt.
1177 2973 1290 3044 46),
1318 2989 1377 3030 se
1424 2973 1652 3029 contulit
1696 2992 1708 3026 :
1753 2974 1856 3030 ibi-

253 3079 365 3136 que
410 3081 631 3122 manens
677 3081 741 3122 ac
781 3067 894 3121 Deo
933 3066 1196 3130 serviens,
1253 3065 1461 3122 caelesti
1500 3065 1856 3136 philosophia:

251 3154 504 3211 vacabat.
552 3157 683 3212 Erat
731 3157 875 3214 enim
924 3157 978 3212 in
1027 3155 1326 3228 Scripturis
1355 3173 1386 3212 a
1416 3158 1649 3228 pueritia
1700 3158 1855 3214 valde

251 3247 552 3314 studiosus,
600 3259 650 3305 et
693 3249 990 3305 secundum
1023 3250 1223 3304 donum
1258 3249 1362 3305 sibi
1410 3250 1622 3306 cmlitus
1663 3251 1851 3306 datum

1959 2050 2214 2106 teuchum
2267 2047 2458 2121 [Boll.,
2528 2047 2981 2124 Pentateuchum]
3032 2055 3546 2111 commentariorum

1956 2139 2126 2197 libros
2150 2155 2303 2206 xxix,
2331 2140 2436 2195 hoc
2461 2139 2622 2195 estin
2643 2139 2898 2197 Genesim
2926 2142 3095 2200 libros
3120 2161 3194 2211 tv,
3221 2145 3276 2200 in
3305 2145 3549 2202 Exodum

1956 2229 2126 2288 libros
2175 2247 2250 2298 ιν,
2308 2233 2364 2288 in
2419 2232 2720 2289 Leviticum
2755 2233 2924 2290 libros
2953 2251 3049 2301 vn,
3077 2236 3134 2291 in
3173 2235 3442 2293 Numeros
3485 2237 3551 2293 li-

1956 2327 2085 2383 bros
2131 2343 2206 2392 1v,
2241 2326 2494 2382 similiter
2543 2327 2679 2382 etin
2721 2329 3205 2384 Deutcronomium
3251 2329 3420 2387 libros
3472 2347 3550 2398 tv,

1956 2420 2014 2476 iu
2039 2418 2167 2476 Jesu
2195 2419 2344 2475 Nave
2381 2420 2551 2476 libros
2591 2437 2652 2476 ιιι
2685 2419 2878 2493 [Boll.,
2907 2421 3010 2494 1v],
3052 2421 3183 2476 etin
3211 2420 3460 2477 Iudicum
3488 2422 3554 2478 li-

1955 2512 2086 2568 bros
2105 2512 2260 2578 duos,
2279 2512 2333 2566 in
2349 2512 2495 2568 Ruth
2517 2527 2734 2584 quoque
2757 2513 2957 2568 librum
2978 2528 3165 2568 unum.
3192 2513 3342 2568 Fecit
3361 2515 3549 2582 etiam,

1957 2611 2152 2674 rogatu
2187 2602 2438 2658 llilcvvini
2490 2603 2518 2643 ιι
2569 2602 2804 2668 abbatis,
2835 2602 3005 2658 libros
3035 2619 3091 2658 tv
3133 2603 3190 2657 in
3219 2605 3554 2675 expositione

1956 2695 2080 2751 libri
2123 2696 2393 2752 Samuelis
2421 2703 2476 2751 et
2503 2695 2732 2768 Regum.
2781 2694 3044 2752 Similiter
3089 2695 3364 2753 Ludovico
3385 2698 3554 2770 impe-

1957 2798 2142 2846 ratore
2177 2794 2194 2832 ί
2227 2790 2502 2858 hortante,
2530 2791 2584 2846 in
2603 2790 3057 2861 Paralipomenon
3083 2790 3254 2846 edidit
3281 2789 3448 2846 libros
3478 2806 3552 2846 ιν.

1959 2884 2193 2956 Scripsit
2219 2894 2482 2955 praeterea
2513 2885 2911 2955 expositionem
2944 2884 3001 2939 in
3029 2883 3314 2941 historiam
3344 2883 3549 2950 Judith,
3614 2870 3619 2875 ’

1957 2974 2157 3030 librum
2203 2991 2401 3041 unum;
2441 2983 2497 3031 et
2544 2975 2600 3030 in
2627 2975 2915 3030 historiam
2942 2974 3143 3031 Esther
3187 2973 3435 3031 similiter
3489 2972 3555 3030 li-

1957 3067 2117 3122 brum
2143 3083 2345 3134 unum;
2381 3083 2518 3138 quos
2549 3066 2775 3122 tradidit
2802 3065 2991 3123 Judith
3014 3066 3293 3140 Augustm.
3327 3066 3554 3123 Librum

1958 3175 2174 3232 quoque
2237 3159 2670 3217 ltlacbabteorum
2725 3161 2984 3232 priorem,
3047 3170 3266 3232 petente
3322 3160 3554 3218 Geroldo

1958 3253 2348 3308 archidiacono
2380 3264 2429 3319 ι,
2463 3252 2661 3309 libellis
2702 3252 2914 3309 duobus
2956 3253 3289 3324 explanavit,
3322 3268 3554 3323 sequen-

251 3339 544 3396 lectionem
581 3341 887 3396 divinorum
920 3340 1183 3396 librorum
1213 3341 1510 3411 plurimum
1553 3343 1850 3409 adamavit,
1882 3343 1928 3408 C
1960 3352 2071 3400 tem
2111 3359 2242 3400 vero
2267 3343 2448 3399 libello
2474 3360 2602 3400 uno.
2629 3344 2855 3399 Librum
2884 3359 3122 3414 quoque,
3151 3344 3243 3414 qui
3271 3358 3549 3413 nuncupa-

252 3439 422 3501 atque
447 3431 503 3487 in
535 3433 619 3488 his
647 3433 844 3503 sacpius
874 3432 1167 3488 meditatus
1192 3440 1294 3488 est.
1338 3432 1494 3488 Unde
1523 3433 1691 3490 etiam
1725 3434 1852 3489 hor-

253 3532 370 3580 tatu
412 3524 641 3582 fratrum
708 3541 930 3582 suorum
989 3537 1153 3596 atque
1212 3527 1512 3583 amicorum
1565 3543 1852 3599 aggressus

251 3617 616 3671 estscribere
663 3617 1029 3686 expositiones
1069 3617 1332 3673 librorum
1380 3619 1707 3687 divinorum,
1739 3629 1851 3676 tam

254 3704 477 3762 Veteris
515 3722 680 3778 quam
706 3707 845 3764 Novi
873 3707 1227 3764 Tcstamenti.
1271 3709 1430 3778 Nam,
1461 3721 1522 3767 ut
1544 3713 1660 3784 ipse
1686 3722 1853 3770 testa-

256 3805 345 3853 tus
391 3807 499 3863 est,
536 3799 772 3868 primum
809 3800 1026 3870 scripsit
1071 3815 1213 3856 anno
1263 3803 1440 3859 aetatis
1491 3819 1602 3859 sua":
1631 3806 1854 3862 circiter

257 3887 542 3958 trigesimo
591 3899 612 3927 ε
653 3889 707 3944 in
739 3888 952 3945 laudem
1005 3901 1206 3947 sanctae
1235 3895 1414 3950 crucis
1446 3895 1583 3952 duos
1618 3897 1849 3965 libellos,

257 3979 362 4034 hoc
399 3987 484 4036 est
511 3996 679 4034 unum
718 3981 944 4037 metrico
993 3983 1155 4054 stylo,
1186 3999 1309 4040 cum
1355 3985 1542 4058 ﬁguris
1584 3989 1849 4061 mysticis,

257 4084 379 4140 qua:
423 4069 477 4125 in
507 4070 706 4126 divinis
732 4071 888 4128 libris
917 4073 1074 4146 longe
1110 4083 1235 4132 ante
1265 4087 1578 4148 przcnotatte
1607 4089 1754 4148 sunt,
1792 4091 1853 4137 ut

257 4161 311 4216 in
362 4159 449 4217 bis
495 4162 940 4220 manifest-aretur
967 4164 1170 4221 Christi
1215 4169 1398 4238 passio
1446 4180 1504 4225 et
1551 4171 1852 4244 redemptio

255 4262 466 4321 nostra,
507 4253 561 4308 in
606 4254 778 4326 ﬁgura
815 4266 1017 4313 sanctae
1058 4259 1237 4314 crucis
1285 4275 1408 4316 esse
1455 4264 1848 4332 prtenuntiata;

256 4346 311 4400 in
345 4361 454 4417 quo
483 4347 649 4402 etiam
681 4348 858 4405 soluta
897 4351 1146 4406 oratione
1190 4353 1432 4425 subjecta
1460 4363 1544 4410 est
1595 4356 1852 4412 uniuscu-

252 4435 451 4508 jusque
484 4437 670 4509 ﬁgurae
695 4439 1005 4511 explanatio
1023 4461 1034 4495 :
1055 4451 1110 4498 et
1136 4443 1216 4499 sic
1239 4444 1432 4515 viginti
1455 4453 1602 4512 octo,
1627 4457 1852 4519 excepta

256 4531 659 4603 s'uperliminari
690 4534 908 4606 pagina,
940 4535 1196 4592 videntur
1223 4538 1277 4592 in
1307 4553 1371 4594 ea
1408 4541 1675 4596 contineri
1716 4543 1852 4614 ﬁgu-

329 4717 358 4746 ι
405 4704 564 4780 Anno
591 4707 716 4776 842,
752 4716 815 4764 ut
859 4724 1024 4780 supra
1067 4709 1294 4766 dictum.
1347 4711 1683 4771 Trithemius
1731 4718 1860 4776 hine

255 4777 630 4860 emendandus
675 4787 790 4835 tum
821 4779 876 4834 in
902 4777 1065 4860 anno,
1107 4791 1224 4836 tum
1251 4782 1596 4853 potissimum
1640 4787 1696 4841 in
1727 4787 1851 4860 fuga

255 4847 323 4904 ad
344 4847 681 4905 Ludovicum
709 4866 912 4922 regem.
938 4851 1101 4908 BOLL.

327 4938 355 4978 δ
371 4937 616 5018 Additur
632 4943 774 5018 apud
794 4941 1116 5018 Bollandum
1151 4945 1317 5018 sqncti
1339 4944 1509 5018 Petri,
1538 4964 1659 5018 quae
1683 4953 1851 5008 verba

256 5008 308 5081 i_n
337 5009 468 5081 aliis
488 5008 892 5068 editis—desunt.
941 5015 1162 5070 Rectius
1192 5014 1351 5081 foret,
1376 5017 1432 5071 in
1469 5008 1642 5076 omitte
1666 5021 1850 5078 Sancti

256 5077 424 5135 Petri.
446 5079 592 5154 Lege
610 5085 890 5154 prtemissa
918 5101 1070 5140 num.
1098 5085 1189 5142 46.
1217 5077 1357 5142 Man.

327 5185 349 5213 ο
380 5174 542 5231 Anno
569 5175 772 5233 Christi
798 5178 920 5234 815.
947 5177 1114 5236 Βοιι..

325 5265 352 5304 ἀ
383 5266 544 5348 Aliis“,
598 5267 1040 5348 Stoistylphum,_
1066 5272 1533 5348 archiepiscopum
1587 5275 1856 5348 Mogunti-

259 5352 409 5411 num,
441 5339 706 5411 quiisedit
733 5341 801 5396 ab
825 5339 972 5396 anno
995 5343 1112 5398 chr.
1141 5339 1271 5398 814⁷
1298 5345 1364 5399 ad
1403 5339 1528 5411 826,
1562 5356 1619 5401 et
1666 5339 1853 5404 sacer-

259 5407 736 5488 dotemordinavit
777 5413 1097 5488 ltabanum;
1130 5413 1180 5470 ei
1206 5415 1306 5471 hos
1331 5414 1500 5472 libros
1516 5407 1738 5488 priores
1773 5421 1856 5476 in-

259 5479 478 5551 scripsit
502 5496 593 5534 an.
623 5479 751 5536 Chr.
781 5482 904 5538 819.
936 5483 1010 5539 In.

259 5573 662 5700 ChamEpliIscopi
732 5574 1081 5636 Lexoviensis
1149 5579 1235 5636 cui
1297 5580 1499 5637 dicavit
1560 5582 1851 5644 Pentateu-

327 5660 440 5699 um.
481 5660 560 5700 ID.

335 5716 354 5752 ί
385 5715 644 5798 Episcopi
669 5720 1100 5789 Ultrajectensis,
1129 5727 1214 5781 cui
1245 5728 1525 5798 inscripsit
1553 5728 1720 5783 libros
1757 5729 1850 5785 Jo-

261 5800 385 5851 suc;
414 5802 551 5856 quos
570 5791 744 5845 solum
773 5803 1144 5849 trcsnumcrat
1169 5791 1451 5854 codcxms.
1481 5797 1753 5854 Chiﬂletii.
1776 5801 1850 5855 In.

335 5861 360 5898 ε
399 5857 540 5934 Huic
561 5861 813 5934 episcopo
845 5864 1219 5934 llcrbipolcnsi
1243 5869 1436 5928 obtulit
1467 5885 1592 5930 suas
1619 5870 1675 5930 in
1703 5869 1852 5931 Judi-

267 5942 356 5987 ees
379 5939 435 5988 ct
460 5929 610 5989 lluth'
633 5929 1050 5995 lucubrationes.
1081 5937 1148 5997 lo.

1958 3443 2051 3491 tur
2075 3434 2386 3506 Sapientiae,
2420 3435 2640 3490 hortatu
2663 3434 2871 3506 Otgarii
2902 3435 2929 3474 ι
2963 3435 3354 3506 archiepiscopi
3377 3435 3432 3491 in
3459 3435 3554 3490 tri—

1955 3528 2058 3584 bus
2098 3526 2319 3593 libellis,
2364 3535 2527 3597 prout
2550 3527 2745 3597 potuit,
2786 3527 3076 3592 enodavit;
3108 3535 3162 3582 et
3185 3527 3384 3583 librum
3423 3525 3552 3582 Jesu

1955 3620 2054 3675 ﬁlii
2078 3619 2290 3685 Sirach,
2321 3619 2414 3690 qui
2454 3618 2758 3690 appellatur
2787 3615 3224 3685 Ecclesiasticus,
3265 3619 3451 3674 decem
3483 3617 3548 3674 li-

1954 3711 2072 3768 bris
2099 3711 2351 3766 similiter
2371 3710 2682 3767 elucidavit.
2721 3709 2737 3748 1
2773 3709 2832 3765 In
2854 3708 3149 3766 Jeremiam
3181 3725 3397 3780 quoque
3426 3725 3554 3781 pro-

1955 3803 2174 3873 phetam
2193 3819 2264 3857 xx
2290 3803 2460 3859 libros
2481 3802 2838 3874 expositionis
2851 3800 3009 3871 juxta
3031 3816 3252 3858 sensum
3278 3800 3548 3871 majorum

1955 3897 2143 3954 edidit.
2189 3896 2252 3950 In
2305 3895 2573 3966 Epistolas
2619 3909 2836 3966 quoque
2881 3893 3015 3950 Paul
3082 3895 3304 3950 hortatu
3353 3893 3552 3964 Lupi!n

1957 3988 2168 4044 diaconi
2213 3987 2607 4044 collectaneum
2676 3986 2830 4054 fecit,
2887 3985 3148 4059 colligens
3199 3986 3267 4043 de
3319 3985 3551 4042 diversis

1954 4077 2230 4150 opusculis
2260 4090 2574 4135 sanctorum
2605 4077 2829 4134 Patrum
2881 4077 3180 4133 sententias
3228 4091 3439 4144 eorum,
3492 4086 3550 4132 et

1955 4172 2013 4228 in
2043 4173 2291 4229 ordinem
2321 4172 2638 4244 disponens,
2678 4171 2734 4228 in
2760 4187 2866 4226 xxx
2914 4169 3068 4228 libris
3098 4169 3252 4227 illum
3295 4169 3553 4227 determi-

1955 4269 2125 4322 navit.

2033 4368 2122 4423 52.
2151 4367 2290 4424 Sunt
2317 4381 2532 4440 quoque
2557 4367 2661 4423 alia
2701 4365 2962 4437 opuscula
2985 4364 3116 4436 ejus,
3145 4380 3267 4436 quae
3287 4365 3355 4421 ad
3377 4363 3549 4420 inter-

1955 4467 2145 4528 rogata
2175 4458 2516 4515 diversorum
2547 4459 2598 4514 ci
2627 4457 2958 4531 respondere
2992 4456 3362 4514 necessarium
3392 4454 3497 4511 fuit
3533 4473 3546 4510 :

1954 4566 2186 4622 quorum
2218 4567 2385 4609 unum
2425 4560 2509 4610 est
2543 4551 2609 4609 de
2642 4551 3088 4625 coepiscoporum
3118 4559 3146 4590 η
3169 4548 3544 4618 Ordinatione,

1882 4727 1938 4789 D
1989 4730 2074 4806 __h_
2093 4731 2320 4806 Abbatis
2344 4732 2419 4806 ξ.
2440 4734 2681 4806 Dionysii
2711 4743 2767 4790 et
2790 4733 3209 4805 archicapellani
3236 4733 3380 4792 sacri
3398 4732 3550 4806 pala-

1962 4800 2023 4856 tii
2052 4801 2312 4858 Ludovici
2344 4804 2447 4858 Pii.
2479 4805 2551 4858 In.

2038 4871 2157 4926 ίΑι
2199 4888 2320 4944 quae
2345 4945 2356 4947 Α
2386 4875 2718 4946 praeponitur
2771 4876 3048 4947 praefatio,
3083 4886 3169 4935 est
3210 4878 3279 4934 ad
3321 4876 3551 4934 Ludovi-

1959 4959 2083 5020 cum
2106 4958 2308 5020 regem
2327 4945 2654 5012 Germaniae,
2668 5019 2671 5020 ν
2685 4945 2910 5004 alterius
2936 4950 3128 5005 ﬁlium.
3157 4949 3233 5020 In.

2035 5013 2047 5064 i
2089 5013 2489 5092 Archidiacono
2536 5019 2928 5092 sacriypalatii,
2959 5022 3112 5092 cujus
3157 5018 3411 5092 familiari
3443 5020 3549 5092 col:

1960 5086 2143 5163 loquio
2173 5103 2230 5143 sc
2261 5087 2369 5163 frui
2397 5100 2510 5144 tum
2529 5090 2593 5163 in
2619 5086 2822 5159 palatio
2847 5086 3181 5163 Vangionum
3210 5089 3466 5163 civitatis,
3493 5090 3548 5147 id

1960 5167 2047 5232 est
2066 5157 2400 5232 \Yormatize,
2433 5157 2634 5216 scribit
2653 5163 2704 5215 in
2735 5157 3047 5232 praefatione
3070 5161 3345 5232 Rabanus.
3377 5160 3453 5215 In.

2035 5229 2063 5268 ιι
2093 5228 2218 5302 Fuit
2239 5231 2326 5285 hic
2365 5233 2618 5288 decessor
2630 5228 2841 5288 Rabani
2870 5235 2925 5290 in
2953 5231 3423 5302 archiepiscopatu
3437 5231 3549 5288 Mo-

2035 5248 2063 5268 ι
2093 5248 2122 5282 r
2141 5248 2218 5284 uit
2239 5248 2326 5285 nnc
2365 5248 2841 5288 aecessorrtaoani
2870 5250 2925 5290 in
2953 5248 3140 5288 arente
3178 5248 3423 5302 lSCOpalll
3437 5248 3545 5288 mo-

1963 5301 2210 5384 guntino,
2235 5312 2291 5356 et
2323 5303 2463 5384 sedit
2504 5305 2572 5384 ab
2598 5320 2742 5384 anno
2767 5304 2871 5360 826
2904 5305 2972 5359 ad
2999 5302 3124 5360 847.
3141 5248 3218 5359 [Ei
3243 5305 3410 5360 etiam
3437 5304 3545 5360 Ec-

1965 5371 2330 5445 clesiasticum
2359 5375 2657 5445 inscripsit.
2682 5376 2757 5430 ln.

2042 5443 2060 5482 1
2089 5445 2333 5500 Absolvit
2358 5443 2727 5516 post'obitum,
2754 5445 3009 5502 Ludovici
3049 5445 3129 5501 Pii
3159 5447 3506 5516 imperatoris
3528 5489 3544 5514 ,

1959 5516 2054 5584 qui
2097 5516 2285 5572 incidit
2328 5515 2380 5571 in
2413 5518 2680 5575 Kalendas
2701 5515 2828 5572 Julii
2871 5519 2998 5574 anni
3029 5517 3154 5576 840.
3185 5515 3392 5575 Obtulit
3433 5517 3546 5574 ﬁlio

1957 5585 2073 5657 ejus
2097 5587 2357 5660 Lothario
2388 5587 2833 5660 imperatori._ln.

1957 5728 1999 5783 F
2027 5670 2067 5698 ω
2097 5657 2280 5786 Lttpuls
2325 5677 2356 5716 e
2394 5657 2670 5733 jdiscipulo
2719 5657 2928 5718 Rabani
2977 5661 3142 5720 abbas
3175 5660 3442 5718 Ferraria:
3489 5660 3547 5717 in

2004 5746 2210 5786 rancra.
2264 5749 2314 5786 Ι).

2004 5746 2210 5786 rancra.
2240 5746 2314 5786 ID.

2029 5815 2056 5841 η
2092 5805 2275 5871 Forte,
2301 5805 2819 5874 chorepiscoporum,
2850 5815 3138 5865 annotarat
3171 5805 3539 5867 Colvenerius.

1955 5874 2120 5934 Liber
2149 5877 2236 5934 hic
2263 5877 2491 5933 necdum
2518 5877 2659 5948 typis
2687 5880 2956 5951 vulgatus.
2985 5879 3058 5937 lD.
