4016 6504
277 389 346 445 69
1636 364 2167 426 PROLEGOMENA.
3459 357 3531 412 7o

277 500 543 571 concinne
562 497 718 572 potui
746 494 1020 555 ordinare.
1045 490 1179 560 Quis
1225 488 1372 546 enim
1396 483 1597 542 nostris
1624 481 1856 537 maxime
1883 484 1937 542 Α
1960 493 2047 533 res
2077 478 2255 533 divina
2282 477 2379 533 tibi
2402 490 2616 547 semper
2636 476 2692 531 in
2718 475 2896 533 animo
2912 474 3036 543 fuit,
3060 474 3304 547 nihilque
3329 476 3537 534 dulcius

280 593 641 665 temporibus,
673 590 743 665 ad
774 590 891 644 hare
928 591 1081 640 tanta
1123 581 1426 655 reperiatur
1454 578 1699 641 idoneus,
1722 582 1861 628 utea

278 685 445 741 faciat
466 682 733 739 litteraria
775 676 1113 751 perennitate
1147 673 1490 737 reviviscere,
1513 684 1633 740 quae
1661 683 1757 739 per
1782 672 1863 722 tot

280 791 455 832 annos
476 776 534 830 in
564 771 835 829 oblivione
868 766 1182 824 mortalium
1226 769 1437 820 constat
1478 759 1857 833 permansisse.

279 866 489 922 Pudeat
513 863 820 920 Germaniae
856 857 1139 931 pontiﬁces
1165 855 1364 910 innatae
1404 860 1465 909 ut
1493 854 1567 907 ita
1608 850 1858 915 dixerim,

281 958 563 1023 socordiae,
590 955 683 1026 qui
708 952 1038 1025 vanitatibus
1072 948 1260 1015 dediti,
1286 953 1341 1003 et
1374 945 1472 1002 Dei
1517 945 1777 1000 honorem
1808 944 1862 998 in

281 999 563 1023 wwwm,
632 999 683 1011 ...
721 999 1035 1025 ...κν----π
1078 999 1260 1015 _-__-_,
1294 999 1338 1003 -_
1375 999 1445 1002 μ
1520 999 1523 1000 ν
1639 999 1646 1000 ,

281 1030 485 1109 sanctis
512 999 811 1127 negligant,
840 1054 895 1101 et
918 1045 1170 1100 decorem
1198 1041 1386 1113 patria:
1430 1038 1571 1111 turpi
1610 999 1893 1113 dissimu—j
1918 1086 1937 1113 η.

279 1142 483 1199 latione
527 1132 899 1198 contemnunt.
931 1135 1245 1206 Compatior
1279 1130 1578 1188 infelicitati
1627 1128 1864 1184 nationis

279 1251 414 1292 mea
441 1233 800 1299 Germanicae,
822 1229 975 1302 cujus
999 1236 1151 1285 tanta
1174 1236 1260 1283 est
1304 1224 1492 1281 feritas
1535 1222 1861 1288 animorum,

278 1335 342 1391 ut
364 1340 544 1399 nscas
564 1339 697 1393 sues
712 1329 874 1391 recte
910 1320 1124 1392 ument
1148 1318 1434 1387 insumere
1479 1323 1655 1385 natos,
1688 1327 1865 1386 neque

278 1433 374 1474 eos
401 1418 495 1488 qui
533 1431 653 1473 sese
686 1414 927 1471 moribus
977 1421 1033 1467 et
1070 1410 1313 1467 doctrina
1344 1409 1557 1464 caeteris
1601 1414 1864 1478 praestan-

281 1509 447 1564 tiores
474 1507 729 1563 exhibere
750 1505 1091 1569 studuerunt,
1121 1501 1401 1572 condignis
1422 1494 1640 1571 laudum
1669 1508 1724 1563 et
1751 1513 1863 1571 me-

281 1599 510 1654 ritorum
543 1597 713 1654 titulis
736 1595 1081 1652 consueverit
1111 1595 1399 1650 honorare.
1426 1591 1508 1647 Ab
1533 1606 1599 1647 eo
1633 1606 1864 1661 namque

281 1698 543 1760 tempore,
574 1703 683 1758 quo
728 1695 947 1743 sanctus
990 1682 1341 1755 archipracsul
1384 1682 1640 1738 Rabanus
1665 1683 1865 1754 migra-

280 1784 361 1849 vit
381 1783 452 1851 ad
494 1781 775 1851 ebrium
800 1794 974 1850 ηειίηβ
1001 1778 1070 1839 ad
1118 1777 1513 1851 «quamam
1546 1776 1624 1847 illi
1645 1775 1865 1851 FW

279 1884 457 1946 catus,
486 1872 940 1943 revenendissime
971 1869 1169 1942 praesul
1194 1868 1434 1941 Atheus,
1465 1868 1863 1941 Hoguntiacene

270 1965 360 2025 sis
409 1964 658 2031 ecclesia:
701 1961 1089 2035 archiepiscopi
1138 1961 1469 2032 astiterunt
1521 1976 1768 2027 numero,
1819 1960 1866 2031 si

278 2069 434 2117 recte
487 2058 733 2131 memini,
787 2056 1173 2129 quinquaginta
1212 2068 1265 2124 ιι,
1306 2071 1346 2119 e
1390 2055 1589 2127 quibus
1632 2055 1862 2125 Bahani,

276 2151 611 2221 sanctissimi
635 2149 754 2216 viri,
782 2148 1097 2217 memoriam
1122 2148 1299 2219 nullus
1324 2148 1600 2217 revocavit
1622 2149 1690 2215 ad
1715 2163 1867 2215 men-

276 2250 415 2307 tem,
442 2255 641 2311 nomen
660 2238 775 2313 ejus
802 2240 1120 2312 posteritate
1143 2248 1331 2309 notum
1362 2238 1542 2296 facere
1577 2238 1754 2299 nullus
1779 2253 1868 2294 eo-

284 2348 406 2403 rum
456 2332 758 2403 attentavit.
801 2330 920 2387 Tibi
973 2339 1306 2387 reservatum
1337 2340 1420 2387 est
1471 2331 1576 2397 hoc
1619 2336 1868 2401 sanctum

272 2439 419 2496 opus
434 2422 893 2491 Christianorum,
920 2420 1381 2491 Christianissime
1408 2422 1609 2496 praesul
1655 2430 1709 2479 et
1733 2420 1869 2489 emi-

280 2515 602 2591 nentissime
629 2516 902 2588 princeps,
932 2522 1025 2570 tuo
1060 2514 1267 2571 nomini
1314 2512 1543 2579 debetur
1576 2512 1716 2569 tanti
1757 2511 1869 2583 glo-

281 2609 364 2665 ria
389 2608 513 2681 viri,
540 2608 657 2683 qui,
686 2615 931 2675 veterum
956 2615 1116 2679 atque
1159 2606 1622 2679 sanctissimorum
1652 2604 1870 2678 pontiﬁ-

281 2716 409 2771 cum
435 2698 758 2773 imitatione,
792 2707 845 2759 te
888 2698 946 2754 in
972 2698 1185 2756 cunctis
1230 2713 1417 2757 verum
1448 2697 1650 2769 Christi
1683 2697 1870 2765 studes

283 2791 542 2859 exhibere
583 2790 918 2859 ministrum,
973 2797 1027 2847 et
1064 2789 1592 2865 irrepreltensibilem
1626 2787 1871 2860 ecclesia

284 2882 387 2938 tibi
414 2883 716 2941 commissae
760 2881 925 2949 verbo
972 2889 1028 2936 et
1073 2881 1321 2951 exemplo
1356 2879 1687 2953 pontiﬁcem.
1718 2877 1867 2933 Felix

280 2975 512 3049 proinde
561 2974 900 3048 Moguntina,
934 2981 987 3028 te
1031 2974 1370 3043 moderante,
1400 2981 1588 3031 sancta
1619 2971 1867 3038 ecclesia,

281 3067 378 3139 qui
399 3081 555 3125 sacra
582 3074 895 3131 sanctorum
915 3080 1040 3121 ossa
1060 3064 1281 3131 tumulis
1306 3072 1621 3121 reverenter
1638 3063 1869 3129 elevata,

280 3155 496 3229 populis
518 3157 822 3215 veneranda
846 3164 1071 3229 praestas
1096 3155 1378 3223 ﬁdelibus;
1407 3163 1462 3211 et
1484 3170 1606 3226 quae
1626 3161 1872 3223 veterum

280 3247 492 3302 incuria
526 3263 651 3304 mox
673 3255 832 3304 erant
860 3247 1179 3303 resolvenda
1206 3248 1263 3303 in
1301 3248 1564 3322 cinerem,
1592 3246 1872 3317 memoriae

276 3348 558 3413 perpetua:
572 3341 814 3399 ﬁrmiter
847 3340 1258 3401 commendasti.
1292 3339 1445 3408 Unde
1474 3335 1731 3401 Germani
1756 3354 1873 3399 om-

280 3447 384 3488 nes
421 3430 546 3500 jure
596 3440 650 3488 te
680 3431 863 3512 lumen
899 3447 1057 3487 suum
1091 3439 1146 3486 et
1176 3432 1339 3487 decus
1374 3431 1699 3497 immensum
1735 3445 1874 3502 prae-

282 3524 487 3590 ticant,
512 3525 606 3597 qui
628 3523 727 3581 Dei
752 3524 930 3579 cultor
955 3539 1015 3583 es
1032 3524 1323 3590 maximus,
1350 3530 1638 3585 venerator
1661 3530 1873 3593 sancto-

280 3632 409 3677 rum
436 3615 555 3686 ejus
580 3616 984 3687 integerrimus,
1017 3614 1291 3686 religionis
1318 3613 1599 3683 catholica:
1623 3612 1876 3670 defensor

281 3704 789 3774 constantissimus,
818 3720 1014 3777 genere
1056 3705 1310 3777 princeps
1347 3705 1732 3773 nobilissimus,
1762 3705 1877 3777 vita

283 3808 341 3855 et
377 3797 625 3857 moribus
649 3797 888 3854 omnium
938 3796 1057 3857 sine
1103 3796 1473 3867 controversia
1509 3796 1873 3863 clarissimus;

284 3903 341 3948 et
366 3890 571 3949 idcirco
620 3905 897 3960 nunquam
932 3889 1053 3949 sine
1084 3889 1293 3957 honore
1338 3890 1723 3961 nominandus.
1753 3887 1879 3945 llaec

286 3998 343 4045 et
371 3988 458 4057 his
492 3982 702 4069 majora
729 3983 924 4039 divinae
964 3982 1328 4041 miserationis
1357 3981 1627 4041 cumulata
1682 3980 1882 4037 beneﬁ-

292 4081 380 4137 cia
416 4076 761 4153 pensiculans
796 4076 953 4133 sedes
997 4075 1312 4146 apostolica,
1362 4074 1506 4145 quod
1548 4073 1681 4145 nulli
1739 4073 1881 4143 apud

291 4174 595 4239 Germanos
649 4177 874 4235 eatenus
933 4168 1229 4242 contigisse
1278 4167 1475 4241 legitur
1500 4207 1516 4237 ,
1580 4167 1880 4238 principem

295 4273 449 4340 atate
468 4263 747 4336 juvenem,
791 4262 887 4333 sed
912 4261 1153 4317 moribus
1182 4275 1389 4327 senem,
1414 4276 1538 4317 cum
1563 4260 1654 4314 vix
1679 4273 1880 4315 annum

302 4356 563 4430 attigisses
592 4354 841 4427 quintum
883 4359 1046 4422 atque
1082 4352 1422 4417 vicesimum,
1452 4351 1732 4422 praemissa
1774 4349 1882 4409 ele-

290 4449 475 4521 stione
493 4445 725 4515 fratrum
745 4445 1022 4515 canonica,
1058 4453 1109 4499 te
1138 4443 1460 4515 Moguntina:
1499 4444 1644 4500 sedis
1672 4450 1728 4499 et
1775 4442 1883 4501 Ma-

288 4535 718 4615 gdenbnrgensis
737 4532 979 4593 ecclesiae
993 4533 1480 4607 archiepiscopum,
1497 4542 1660 4605 atque
1677 4533 1883 4604 prima-

292 4639 404 4701 tem
459 4628 853 4699 Germanorum
901 4626 1218 4701 pontiﬁcum
1270 4626 1513 4693 omnium
1557 4626 1875 4693 constituit,

292 4722 498 4791 tibique
544 4734 740 4775 munus
791 4717 1220 4774 consecrationis
1274 4716 1481 4786 placida
1544 4717 1880 4790 benignitate

291 4828 416 4870 cum
439 4811 728 4885 palliorum
775 4810 971 4877 decore
1004 4808 1286 4878 utriusque
1325 4806 1564 4863 ecclesia:
1589 4808 1877 4865 concessit.

291 4908 520 4981 insuper
548 4916 611 4977 ut
651 4919 851 4965 nomen
896 4912 978 4967 ter
1002 4901 1225 4969 maximi
1270 4901 1383 4956 sive
1421 4901 1647 4961 triarcbi
1687 4900 1881 4956 merito

292 5001 518 5067 videare
538 5006 883 5069 consecutus,
907 4995 1403 5063 administratorem
1429 5002 1484 5050 te
1529 4993 1758 5066 insignis
1784 4994 1885 5057 Ec-

229 5165 233 5174 l
294 5093 478 5150 etesiae
528 5089 986 5163 Halberstatensis
1033 5088 1337 5155 constituit,
1367 5095 1423 5144 et
1448 5088 1675 5161 gloriam
1717 5086 1885 5153 Celsi-

300 5185 502 5241 tudinis
539 5191 644 5239 tuae
670 5196 832 5254 super
855 5194 1044 5238 omnes
1078 5179 1382 5236 Germania:
1406 5171 1689 5248 pontiﬁces
1724 5178 1886 5234 subli-

297 5278 486 5337 mavit.
513 5275 668 5345 Quod
699 5276 881 5332 divina
917 5272 1367 5346 praeordinatione
1394 5271 1596 5328 factum
1619 5287 1731 5337 non
1771 5286 1886 5337 am-

300 5370 452 5440 bigit,
486 5369 579 5440 qui
626 5369 794 5423 vitam
822 5376 879 5423 et
914 5381 1096 5422 mores
1134 5373 1257 5421 tuos
1309 5365 1377 5419 ab
1416 5365 1633 5419 ineunte
1657 5379 1888 5421 noscens

300 5469 463 5518 aetate
507 5461 800 5517 studiosius
828 5457 1204 5532 pensiculavit.
1228 5456 1363 5513 Nam
1404 5457 1603 5513 teneris
1641 5459 1707 5513 ab
1731 5458 1888 5513 annis

377 5632 406 5661 ι
426 5619 520 5691 Ita,
536 5627 597 5675 ut
621 5619 831 5691 primus
851 5618 1080 5674 istorum
1101 5617 1490 5689 quinquaginta
1526 5616 1598 5674 sit
1622 5616 1682 5672 Β.
1710 5616 1886 5679 Raba-

308 5706 442 5754 nus;
472 5690 713 5758 ultimus,
739 5690 1014 5747 Albertus.

378 5762 408 5800 b
433 5760 729 5826 Berlinum,
777 5761 932 5815 sedes
962 5760 1232 5824 electoris,
1262 5760 1536 5815 conditum
1580 5758 1893 5813 denomina-

315 5839 539 5900 tumque
577 5831 748 5888 fertur
772 5832 839 5888 ab
884 5832 1105 5887 Alberto
1130 5830 1268 5887 Urse
1306 5831 1550 5901 principe
1585 5828 1892 5886 Anhaldino

1904 4583 1961 4645 D

1963 584 2125 641 quam
2151 571 2471 628 clericorum
2502 568 2685 626 choris
2730 569 2994 625 interesse
3020 568 3382 639 psallentium,
3410 584 3539 626 aras

1960 662 2186 734 pulchro
2208 663 2402 718 decore
2423 677 2637 728 ornare,
2681 668 2992 717 sanctorum
3019 669 3077 715 et
3102 660 3539 717 beatissimorum

1961 761 2259 825 martyrum
2282 750 2486 807 Christi
2514 750 2674 807 simul
2725 758 2780 807 et
2824 749 3198 806 conﬁtentium
3221 764 3347 807 ossa
3390 750 3542 805 vario

1961 854 2017 902 et
2042 845 2212 902 nitido
2237 844 2525 916 splendore
2550 844 2669 899 auri
2696 842 2901 901 vestire
2920 849 2979 898 et
3003 842 3235 914 argenti.
3262 841 3418 909 Quod
3442 856 3542 913 ego

1962 941 2029 996 de
2063 948 2153 995 tua
2180 937 2591 1010 religiosissima
2619 935 2948 997 Celsitudine
2972 943 3126 992 tanto
3150 935 3337 991 verius
3375 934 3543 991 conﬁ-

1963 1032 2281 1101 dentiusque
2305 1030 2546 1087 scribere
2567 1028 2740 1098 potui,
2754 1035 2957 1099 quanto
2976 1026 3183 1082 diutius
3207 1034 3334 1087 ante
3347 1025 3544 1080 decen-

1961 1121 2112 1177 nium
2150 1128 2500 1181 conversatus
2522 1119 2578 1173 in
2602 1120 2753 1182 curia
2780 1116 3110 1183 serenissini
3132 1116 3395 1189 principis
3426 1115 3550 1171 Joa-

1962 1214 2126 1271 ehimi
2151 1254 2166 1281 ,
2216 1210 2753 1282 Brandenburgeusis
2798 1208 3173 1274 .marchionis,
3220 1205 3548 1278 imperiique

1960 1306 2221 1387 principis
2239 1305 2513 1385 electoris,
2535 1302 2789 1359 Germani
2810 1301 2922 1371 tui;
2946 1301 3089 1373 apud
3112 1299 3365 1357 Ursulam
3392 1298 3421 1338 ι)
3446 1296 3547 1353 Co-
3650 1334 3659 1343 ι

1963 1379 2121 1456 loniae
2136 1379 2222 1455 ad
2245 1379 2527 1469 Sprevum,
2553 1394 2854 1466 principem
2887 1382 2958 1461 te,
2977 1379 3343 1465 iuvenemque
3365 1390 3549 1460 singu-

1962 1494 2062 1565 lari
2098 1493 2301 1571 pietate
2353 1492 2410 1547 in
2447 1490 2616 1545 Deum
2664 1488 2987 1554 ferventem,
3014 1495 3071 1542 et
3099 1485 3209 1541 vidi
3249 1483 3463 1556 plenius
3494 1488 3550 1537 et

1962 1586 2161 1641 audivi.
2203 1583 2339 1640 Cum
2388 1583 2552 1654 igitur
2600 1581 2783 1637 divina
2836 1579 3187 1635 miseratione
3221 1580 3548 1648 praeventus,

1964 1678 2139 1732 adhuc
2167 1691 2302 1748 puer
2324 1674 2658 1739 adolescens,
2687 1678 2837 1727 tanta
2860 1671 3084 1742 pietate,
3104 1675 3255 1723 tanta
3283 1665 3552 1722 eharitate

1964 1785 2028 1825 ac
2048 1769 2330 1826 devotione
2348 1764 2708 1833 sanctissimis
2728 1771 2782 1819 te
2802 1760 3003 1821 Christi
3026 1756 3344 1825 ministeriis
3363 1762 3554 1827 aptare

1890 1850 1939 1911 B
1966 1860 2215 1937 gestires,
2270 1866 2332 1915 ut
2378 1872 2486 1926 non
2536 1856 2695 1912 modo
2745 1853 3049 1923 senioribus
3101 1858 3403 1921 stuporem,
3454 1844 3553 1901 sed

1965 1953 2131 2023 etiam
2158 1950 2445 2019 universis,
2486 1948 2578 2020 qui
2632 1957 2686 2011 te
2721 1946 2928 2013 videre,
2976 1944 3181 2010 audire,
3216 1957 3312 1999 seu
3352 1938 3553 2009 alloqui

1965 2044 2312 2111 meruissent,
2338 2040 2599 2129 grandem
2646 2040 2920 2094 incuteres
2969 2035 3404 2107 admirationem,
3431 2031 3554 2103 quis

1965 2151 2162 2208 negare
2184 2122 2401 2213 poterit,
2432 2131 2534 2187 nisi
2562 2130 2804 2199 demens,
2834 2137 2909 2195 te,
2933 2136 3222 2197 antequam
3246 2122 3558 2181 nascereris

1966 2227 2022 2282 in
2052 2225 2332 2293 mundum,
2366 2222 2546 2278 divina
2583 2219 2921 2295 providentia
2962 2216 3198 2272 electum
3230 2222 3287 2269 et
3306 2227 3560 2285 segrega-

1967 2320 2168 2377 tumin
2198 2319 2302 2385 hoc
2340 2313 2701 2371 ministerium
2753 2310 2882 2367 trini
2935 2307 3304 2381 pontiﬁcatus,
3348 2305 3405 2361 in
3449 2316 3560 2375 quo

1966 2428 2076 2481 non
2116 2411 2290 2467 solum
2335 2408 2431 2464 tibi
2471 2403 2791 2477 multimoda
2836 2400 3142 2463 sanctitatis
3181 2398 3375 2459 merita
3403 2402 3562 2466 potes

1970 2505 2275 2574 acquirere,
2309 2499 2403 2556 sed
2446 2497 2767 2555 commissos
2813 2494 3109 2549 etiamtum
3152 2489 3277 2545 ﬁdei
3304 2486 3564 2543 mortales

1968 2596 2099 2662 vita,
2124 2594 2372 2649 doctrina
2412 2600 2467 2646 ct
2487 2587 2746 2662 pastorali
2771 2585 3094 2641 auctoritate
3114 2582 3182 2637 ad
3195 2580 3423 2657 justitite
3444 2579 3564 2634 vias

1969 2688 2264 2745 revocare?
2290 2685 2386 2740 His
2407 2683 2659 2751 maximis
2680 2697 2710 2735 a
2740 2693 2947 2736 summa
2966 2676 3063 2733 Dei
3090 2671 3432 2749 providentia
3458 2669 3565 2725 ho-

1969 2782 2193 2838 noribus
2220 2777 2520 2849 susceptis,
2558 2775 2759 2845 optime
2808 2770 2966 2839 facis,
3004 2767 3259 2840 operibus
3292 2763 3425 2841 ipsis
3456 2776 3554 2816 vc-

1969 2893 2095 2945 rum
2121 2883 2172 2930 te
2204 2874 2517 2947 pontiﬁcem
2543 2868 2863 2933 exhibendo,
2897 2866 2990 2938 qui
3025 2871 3226 2937 praeter
3260 2859 3558 2916 multorum

1973 2968 2417 3034 consuetudinem
2468 2962 2777 3037 praesulum,
2806 2958 3119 3025 coelestibus
3169 2962 3381 3021 terrena
3422 2957 3566 3024 post-

1966 3065 2149 3137 ponis,
2170 3072 2226 3119 et
2247 3042 2479 3137 prtefers'
2496 3066 2698 3123 aeterna
2718 3054 2958 3123 caducis.
2987 3052 3143 3121 Unde
3163 3051 3383 3117 beatum
3407 3054 3461 3102 te
3487 3043 3568 3137 dt-

1975 3133 2101 3215 cent
2136 3133 2444 3213 Germania:
2474 3150 2655 3225 populi
2697 3161 2910 3214 omnes,
2954 3144 2997 3201 si
3028 3152 3209 3199 tamen
3244 3137 3413 3214 (quod
3433 3133 3571 3191 faxit

1975 3246 2349 3321 Omnipotens)
2380 3232 2551 3317 usque
2573 3244 2642 3313 ad
2667 3241 2832 3298 ﬁnem
2847 3234 3281 3313 perseveraveris
3307 3233 3360 3295 in
3391 3236 3570 3302 coepto

1972 3319 2252 3417 proposito
2275 3319 2598 3399 sanctitatis.
2634 3333 2775 3393 Sunt
2804 3330 3003 3397 remuli,
3032 3343 3141 3395 non
3186 3324 3420 3390 dubites,
3450 3319 3571 3392 qui-

1972 3413 2349 3502 busijuvenilis
2377 3430 2481 3493 iste
2514 3426 2694 3482 fervor
2736 3420 3042 3479 sanctitatis
3085 3426 3190 3483 tuae
3218 3413 3450 3471 habetur
3478 3426 3571 3475 su-

1976 3533 2215 3598 spectus,
2265 3522 2321 3578 in
2373 3535 2480 3591 quo
2531 3518 2598 3585 si,
2648 3516 2941 3577 miserante
2994 3513 3127 3579 Deo,
3176 3503 3568 3580 permanseris,

1976 3633 2141 3690 auges
2167 3615 2326 3674 bonis
2354 3613 2623 3677 lmtitiam,
2645 3616 2702 3667 et
2740 3602 3134 3675 misanthropis
3172 3599 3316 3667 haud
3342 3611 3571 3677 parvam

1979 3689 2372 3767 confusionem.
2400 3706 2516 3778 Ego
2541 3711 2723 3763 autem
2752 3700 2930 3759 sciens
2955 3695 3299 3759 devotionem
3341 3701 3493 3749 tuam
3515 3689 3572 3761 in

1981 3807 2199 3857 sanctos
2225 3797 2342 3864 Dei,
2376 3794 2588 3851 conﬁdo
2613 3802 2665 3848 te
2696 3792 2752 3846 in
2788 3791 2928 3849 bene
2974 3786 3187 3857 ereptis,
3232 3796 3420 3839 eorum
3447 3793 3575 3851 pre-

1982 3894 2137 3950 cibus
2160 3899 2215 3947 et
2237 3888 2450 3949 meritis
2470 3896 2915 3959 permansurum,
2940 3887 2996 3935 et
3020 3877 3178 3943 bonis
3198 3874 3442 3947 quotidie
3465 3879 3574 3928 stu-

1983 3984 2086 4040 diis
2128 3981 2436 4041 additurum
2465 3976 2719 4041 meliora;
2772 3982 3053 4049 quousque
3088 3966 3307 4027 tandem
3357 3962 3574 4027 illorum

1980 4080 2256 4152 particeps
2295 4075 2539 4139 effectus,
2571 4072 2687 4128 sine
2712 4070 2822 4125 ﬁne
2864 4067 3100 4140 gaudeas
3149 4063 3206 4121 in
3235 4060 3412 4128 omlis,
3441 4072 3578 4132 quo-

1982 4151 2103 4228 rum
2134 4185 2332 4237 nomen
2360 4176 2415 4231 et
2438 4164 2757 4229 memoriam
2794 4176 2919 4225 cum
2946 4166 3097 4216 tanto
3132 4155 3333 4213 mentis
3363 4151 3576 4219 deside-

1983 4263 2088 4330 rio,
2117 4269 2174 4317 et
2220 4259 2389 4321 animi
2417 4258 2634 4314 fervore
2674 4255 2932 4318 honores,
2965 4263 3110 4305 nunc
3151 4244 3340 4315 sedulo
3378 4239 3576 4315 praesul

1983 4354 2163 4417 viator
2186 4353 2243 4409 in
2274 4351 2452 4408 terris.
2486 4348 2771 4407 Rabauum
2816 4342 2959 4414 apud
2986 4339 3357 4415 Moguntiacos
3374 4335 3577 4407 despe~

1984 4454 2133 4503 ctum
2154 4451 2211 4503 et
2237 4458 2378 4519 pene
2407 4440 2739 4514 sempiterna
2766 4437 3039 4503 oblivione
3083 4433 3372 4507 sepultum.
3394 4429 3451 4491 in
3475 4443 3575 4493 no-

1986 4540 2133 4597 mine
2153 4537 2289 4607 justi
2316 4550 2530 4603 summa
2559 4548 2681 4589 cum
2704 4529 3059 4587 veneratione
3089 4525 3282 4595 levasti
3311 4524 3377 4580 de
3406 4531 3575 4588 terra,

1986 4638 2208 4703 propter
2236 4627 2379 4701 quod
2408 4634 2464 4682 et
2507 4624 2847 4703 omnipotens
2872 4620 3135 4681 Dominus
3159 4617 3398 4683 animam
3430 4621 3576 4703 tuam

1989 4699 2114 4778 cum
2158 4699 2362 4785 sanctis
2403 4717 2516 4777 suis
2561 4699 2821 4775 exaltabit
2847 4712 2905 4771 in
2931 4709 3126 4782 patria.
3154 4707 3224 4769 Et
3251 4718 3352 4781 ego
3389 4717 3459 4758 ne
3485 4702 3579 4761 de-

1987 4812 2184 4879 fuerim
2207 4819 2317 4866 tam
2337 4815 2527 4866 sancto
2552 4803 2856 4869 ministerio
2901 4808 3017 4869 tuo,
3042 4799 3241 4868 libens,
3270 4793 3411 4881 quod
3440 4793 3577 4853 mihi

1988 4919 2162 4979 nuper
2181 4900 2505 4975 imposuisti,
2530 4912 2667 4963 onus
2699 4894 2931 4973 suscepi,
2973 4892 3250 4967 vitamque
3293 4885 3578 4979 memorati

1988 4975 2261 5069 pontiﬁcis
2288 4989 2607 5056 beatissimi,
2640 5004 2748 5060 qua
2772 4985 2923 5060 potui
2947 4981 3226 5056 diligentia
3253 4993 3320 5035 ex
3349 4975 3579 5037 diversis

1992 5091 2275 5150 auctorum
2294 5081 2451 5147 libris
2479 5081 2536 5137 in
2566 5093 2735 5143 unum
2755 5077 3000 5141 codicem
3039 5070 3309 5137 laboriose
3328 5081 3579 5139 compor-

1993 5176 2124 5243 tavi,
2148 5175 2203 5229 in
2232 5190 2340 5245 quo
2368 5174 2415 5229 si
2444 5188 2553 5228 non
2598 5170 2837 5229 satisfeci
2880 5176 2972 5223 tuo
3001 5162 3288 5229 desiderio,
3321 5162 3393 5218 sit
3436 5162 3578 5218 bona

1992 5266 2245 5327 voluntas
2264 5264 2322 5325 in
2343 5261 2672 5337 pauperculo
2692 5259 2970 5324 sufﬁciens
2999 5254 3319 5319 obedientize
3341 5269 3441 5326 pro
3465 5267 3579 5309 me-

1994 5356 2119 5414 rito.
2144 5355 2365 5412 Obedivi
2388 5352 2624 5425 iubenti,
2648 5351 2751 5408 feci
2798 5357 3063 5419 quantum
3097 5346 3271 5416 pomi,
3321 5354 3378 5401 et
3403 5352 3579 5400 totum

1995 5448 2139 5520 quod
2180 5447 2314 5503 mihi
2353 5446 2420 5502 de
2446 5446 2698 5502 laudibus
2735 5441 2870 5498 tanti
2918 5437 3191 5512 pontificis
3237 5437 3574 5502 occurrebat,

1994 5609 2140 5666 circa
2166 5625 2255 5663 an.
2286 5606 2416 5665 Chr.
2450 5606 2608 5669 “42,
2642 5602 2782 5661 sicut
2800 5602 2979 5658 vicina
3008 5602 3135 5660 huic
3155 5598 3349 5672 Oppido
3376 5597 3581 5672 Berna-

1994 5664 2103 5745 via,
2128 5664 2505 5741 Bernavicutn,
2532 5664 2854 5731 Berwaldia.
2887 5674 2985 5731 Est
3032 5664 3211 5745 autem
3226 5664 3399 5745 :ursus
3442 5664 3580 5745 idio-

1997 5734 2141 5807 mate
2167 5750 2462 5805 Teutonico
2493 5734 2614 5802 'ber.
2656 5746 2874 5802 Bcrlino
2903 5746 3111 5816 adiacet
3156 5738 3377 5807 Colonia
3428 5734 3581 5806 oppi-

1998 5824 2148 5891 dum,
2167 5822 2236 5885 ab
2257 5837 2323 5879 eo
2342 5819 2549 5891 Sprevo
2578 5817 2740 5875 ﬂuvio
2767 5826 3076 5890 separatum
3462 5858 3465 5863 .
