4016 6496
450 434 514 489 ⁸71
1559 421 1651 478 AD
1686 421 1917 479 OPERA
1953 419 2018 476 B.
2054 417 2314 475 RABANI
2350 413 2571 474 MAURI
3645 417 3720 473 72

454 546 549 596 tuo
571 538 775 596 nomini
808 536 1177 595 sacratissimo
1206 531 1466 591 dedicavi.
1490 531 1714 602 Suscipe
1739 546 1883 587 nunc
1901 546 2030 603 ergo
2054 532 2112 592 Α
2133 528 2234 585 sub
2277 527 2450 584 ferula
2496 525 2823 599 pontiﬁcalis
2860 525 3182 585 Eminentiae
3226 534 3353 595 tuae,
3401 526 3720 600 diligentius

450 630 700 686 manibus
726 628 1079 694 consecratis,
1111 624 1559 683 reverendissime
1592 622 1861 695 princeps,
1914 622 2031 693 pri-

450 720 634 776 mitias
662 718 877 791 frugum
907 716 1260 773 Trithemiani
1288 714 1489 771 sterilis
1532 712 1711 785 agelli,
1740 722 1833 769 tuo
1851 712 2031 784 ponti-

451 815 635 872 ficatui
655 828 865 871 summa
885 828 1009 869 cum
1029 810 1332 868 humilitate
1356 807 1583 865 ferentis
1604 806 1845 874 oblatas;
1870 815 1926 864 et
1937 806 2030 876 qui

452 919 697 962 summus
717 918 779 961 es
803 904 901 960 Dei
941 903 1213 969 sacerdos,
1250 900 1435 972 paleas
1460 916 1492 955 a
1534 899 1717 971 granis
1745 899 2033 971 dignanter

451 1011 696 1063 secerne,
715 1002 778 1050 ut
798 994 983 1051 sterile
1008 992 1291 1065 parvitatis
1318 1006 1454 1047 meae
1477 990 1797 1062 opusculum
1825 990 1891 1046 de
1905 987 2030 1044 Vita

451 1088 628 1144 sancti
661 1086 869 1143 Rabani
889 1084 1137 1157 praesulis
1167 1092 1260 1141 tuo
1303 1082 1531 1155 imperio
1555 1081 1932 1154 compositum,
1959 1080 2032 1136 ti-

451 1177 614 1249 bique
665 1176 923 1245 dicatum,
961 1190 1028 1234 eo
1074 1175 1319 1233 securius
1354 1173 1411 1230 in
1435 1172 1611 1231 lucem
1649 1173 1896 1246 prodeat,
1924 1186 2033 1244 quo

2134 619 2570 689 enucleatiusque
2598 617 2761 674 fuerit
2798 620 3161 675 emendatum.
3199 618 3369 677 Adest
3389 620 3535 677 enim
3556 621 3721 679 Sero—

2133 713 2293 771 nitati
2310 721 2417 769 tuae
2435 712 2658 783 copiosa
2677 728 2801 767 cum
2822 713 3145 770 auctoritate
3169 713 3419 781 scientia,
3444 715 3586 772 unde
3604 732 3720 774 non

2135 806 2312 863 solum
2332 806 2623 862 defendere
2657 806 2799 862 hanc
2821 806 3251 863 lucubrationem
3277 821 3457 864 meam
3484 807 3554 862 ab
3574 806 3721 877 inju-

2135 896 2217 953 ria
2240 896 2446 967 poteris
2470 896 2858 962 detracturum,
2885 896 2981 952 sed
3004 896 3190 964 etiam,
3214 910 3340 952 cum
3364 911 3503 966 opus
3526 894 3715 962 fuerit,

2137 987 2469 1043 adamussim
2504 987 2791 1060 castigare.
2818 987 2968 1054 Vale,
2992 986 3309 1059 pontificum
3336 986 3611 1058 princeps.
3633 985 3721 1041 Ex

2135 1093 2258 1136 meo
2303 1078 2573 1146 coenobio,
2623 1086 2776 1136 sexta
2807 1079 2895 1136 die
2940 1077 3145 1135 mensis
3183 1076 3522 1135 Novembris.
3557 1076 3722 1136 Auno

2137 1170 2352 1229 Domini
2376 1170 2665 1229 millesimo
2681 1170 3113 1244 quingentesimo
3134 1168 3560 1243 quintodecimo.

448 1341 3718 1378 mm

1647 1456 2110 1552 INCIPIT
2174 1454 2503 1552 VITA.

947 1771 1180 1835 LIBER
1222 1769 1539 1835 PRIMUS.

524 1870 799 1937 Rabanus,
842 1880 1203 1942 cognomento
1250 1871 1491 1937 Maurus,
1546 1867 1753 1926 familia
1783 1866 2035 1942 Magnen-

449 1964 577 2031 tius,
602 1963 819 2020 natione
842 1962 1087 2021 Francus
1119 1963 1423 2030 orientalis,
1448 1962 1629 2034 patria
1668 1960 2033 2028 Buchonicus,

450 2054 509 2111 in
537 2054 735 2125 oppido
756 2054 1011 2111 Fuldensi
1059 2056 1320 2123 nascitur,
1345 2063 1541 2127 quarto
1583 2053 1765 2112 Nonas
1787 2053 2035 2111 Februa-

449 2148 540 2215 rii,
572 2164 714 2205 anno
736 2148 1030 2205 Dominicae
1054 2148 1356 2205 nativitatis
1382 2148 1859 2220 septingentesimo
1884 2154 2037 2203 octo-

451 2240 659 2312 gesimo
706 2248 917 2309 octavo,
967 2241 1261 2298 indictione
1306 2241 1678 2298 Romanorum
1729 2241 2035 2310 undecima,

449 2333 542 2404 qui
570 2332 672 2388 fuit
697 2332 873 2389 Caroli
898 2334 1045 2406 regis
1087 2333 1267 2407 Magni
1313 2334 1648 2391 Francorum
1673 2334 1964 2394 vicesimus
1984 2347 2036 2402 ι,

450 2431 507 2482 et
531 2423 758 2481 Romani
784 2424 1057 2495 pontificis
1107 2425 1334 2481 Adriani
1380 2427 1545 2497 primi
1596 2426 1857 2496 septimus
1892 2426 2039 2482 deci-

450 2528 573 2570 mus
616 2529 808 2570 annus.
855 2514 1021 2586 Cujus
1068 2524 1226 2586 pater
1271 2517 1488 2572 nomine
1531 2517 1903 2573 Rutbardusb
1930 2516 2040 2572 Ma-

453 2603 744 2675 gnentiana
786 2603 995 2660 familia
1041 2614 1211 2674 satus,
1235 2606 1320 2662 vir
1347 2608 1496 2663 dives
1527 2616 1582 2663 et
1623 2617 1834 2678 potens,
1869 2608 2039 2664 multo

453 2702 695 2765 tempore
739 2695 839 2753 sub
884 2694 1221 2752 Francorum
1270 2698 1607 2769 principibus
1650 2698 1706 2753 in
1750 2697 2040 2754 Germania

453 2797 676 2844 strenue
704 2788 919 2845 militat.
967 2788 1140 2845 Mater
1186 2806 1318 2846 vero
1369 2791 1650 2847 dicebatur
1690 2789 2039 2861 Aldegundis,

451 2879 846 2936 honestissimae
875 2880 1304 2938 conversationis
1331 2881 1546 2947 mulier,
1594 2897 1715 2952 quae
1760 2882 1938 2953 ipsum
1973 2883 2039 2938 fi-

451 2969 585 3026 lium
612 2987 766 3028 suum
796 2972 867 3029 ab
908 2972 1136 3029 infantia
1160 2974 1331 3030 Deum
1378 2974 1569 3030 timere
1618 2974 1816 3040 docuit,
1845 2974 2041 3031 litteris

450 3059 664 3129 imbuit,
694 3072 881 3121 etnon
920 3064 1100 3121 minus
1127 3065 1375 3138 exemplo
1413 3080 1575 3136 quam
1603 3067 1769 3122 verbo
1807 3066 2038 3122 docilem

452 3149 570 3221 ejus
603 3153 845 3211 animum
880 3157 949 3212 ad
985 3172 1147 3214 omne
1198 3173 1334 3230 opus
1378 3157 1579 3214 bonum
1628 3159 2041 3231 diligentissime

452 3245 705 3303 erudivit.
736 3249 1026 3307 Enimvero
1050 3252 1137 3322 pia
1170 3261 1367 3321 mater,
1394 3268 1518 3310 cum
1544 3254 1721 3310 adhuc
1745 3269 1898 3311 mens
1928 3254 2042 3310 nati

451 3344 595 3391 esset
639 3339 831 3410 puerili
874 3342 1240 3399 teneritudine
1280 3343 1554 3412 ﬂexibilis,
1603 3360 1783 3402 mores
1810 3344 1927 3415 ejus
1975 3345 2043 3402 ad

453 3423 656 3482 Christi
703 3429 971 3500 dogmatis
996 3433 1363 3504 integritatem
1403 3435 1744 3492 laudabiliter
1788 3437 2038 3505 instituit,

452 3513 684 3573 lascivos
706 3520 955 3589 pueritiae
977 3530 1158 3580 motus
1176 3525 1601 3595 prudentissima
1630 3527 1840 3582 ratione
1888 3542 2042 3583 com-

451 3609 683 3681 pescuit,
712 3610 1000 3668 ecclesiam
1042 3615 1286 3684 visitare,
1316 3617 1412 3672 Dei
1438 3632 1715 3673 sermones
1744 3616 1949 3683 audire,
1988 3625 2043 3673 et

451 3698 647 3757 divinis
672 3703 863 3758 crebro
886 3705 1148 3763 interesse
1192 3709 1463 3780 mysteriis
1500 3711 1676 3766 adhuc
1699 3726 1836 3780 pene
1865 3711 2042 3767 infan-

455 3800 563 3847 tem
604 3794 914 3851 continuata
966 3797 1329 3855 sollicitudine
1376 3802 1671 3858 mandavit.
1698 3802 1829 3857 Erat
1859 3812 2039 3859 autem

451 3882 706 3941 Rabanus
730 3901 888 3958 puer,
917 3897 1029 3945 tam
1070 3900 1280 3948 naturae
1306 3892 1461 3949 donis
1494 3908 1657 3962 quam
1686 3894 1874 3965 gratiae
1915 3910 2038 3950 mn-

450 3974 672 4031 neribus
693 3991 724 4031 a
749 3977 975 4038 Domino
1001 3983 1371 4055 multipliciter
1401 3993 1746 4055 praeventus:
1775 4002 1895 4056 quae
1919 4001 2038 4041 ma-

452 4078 557 4135 gna
603 4080 728 4121 cum
760 4075 1004 4142 tempore
1051 4080 1401 4145 sumpserunt
1453 4074 1784 4131 incrementa
1814 4076 2037 4148 vigoris,

451 4150 625 4210 donec
661 4165 935 4227 postremo
963 4161 1142 4218 virum
1185 4165 1253 4221 ad
1283 4178 1510 4220 summa:
1548 4164 1897 4237 perfectionis
1927 4168 2040 4238 api-

453 4257 570 4299 cem
618 4246 1006 4317 perduxerunt.
1033 4253 1251 4325 Ingenio
1281 4253 1383 4310 fuit
1427 4256 1634 4324 docilis,
1666 4258 1927 4313 memoria
1952 4258 2035 4315 vi-

452 4338 796 4410 vacissimus,
823 4352 1005 4401 mente
1027 4345 1188 4402 simul
1214 4353 1267 4401 et
1295 4361 1523 4419 corpore
1548 4349 1649 4404 sub
1674 4349 2037 4421 pulcherrima

453 4429 817 4501 dispositione,
845 4436 1073 4506 pudicus
1100 4447 1262 4509 atque
1279 4439 1642 4507 castissimus;
1669 4442 1724 4496 in
1747 4440 1901 4511 cujus
1922 4459 2039 4500 mo-

453 4520 606 4578 ribus
649 4524 925 4582 relucebat
971 4529 1272 4600 integritas,
1328 4538 1384 4586 et
1433 4532 1718 4603 singularis
1760 4532 1816 4587 in
1855 4535 2037 4591 animo

456 4613 820 4683 tranquillitas
842 4616 1118 4673 rutilabat.
1150 4617 1341 4674 Omnia
1373 4627 1553 4676 tamen
1583 4622 1686 4677 ista
1715 4622 1771 4677 in
1800 4637 1867 4678 eo
1896 4623 2034 4679 dona

455 4708 565 4757 tam
596 4706 783 4777 gratiae
802 4722 964 4776 quam
990 4716 1198 4765 natura:
1216 4708 1417 4767 clarius
1435 4713 1793 4781 emicuerunt,
1817 4729 1939 4770 cum
1964 4714 2035 4771 ad

451 4791 665 4849 virilem
696 4797 1030 4866 pervenisset
1053 4808 1288 4869 aetatem,
1315 4802 1371 4857 in
1400 4820 1506 4875 qua
1532 4805 1793 4861 virtutum
1821 4806 2034 4864 culmen

454 4886 694 4941 omnium
721 4887 992 4958 perfectus
1029 4902 1279 4963 operator
1308 4896 1568 4952 ascendit.
1606 4896 1878 4965 Quantum
1903 4914 2034 4958 vero

455 4974 523 5030 ad
550 4976 777 5033 visibilis
794 4980 1103 5050 pertinebat
1130 4981 1363 5038 hominis
1385 4985 1671 5054 rationem,
1694 5002 1923 5058 corpore
1947 5005 2033 5046 sa-

456 5067 524 5125 tis
553 5069 844 5128 admodum
870 5070 975 5127 fuit
1004 5072 1280 5144 robustus,
1310 5077 1679 5149 complexione
1709 5082 1873 5139 misto
1907 5098 2034 5141 san-

524 5245 686 5325 }lmo
716 5264 904 5325 annus
934 5259 1053 5325 er_a_t
1073 5253 1223 5325 regni
1271 5255 1448 5312 Caroli
1491 5257 1561 5315 29
1597 5268 1652 5315 et
1691 5261 2033 5325 pontificatus

452 5314 677 5395 Adriani
704 5319 797 5395 μϐ,
825 5335 955 5395 cum
990 5321 1101 5395 hic
1127 5314 1262 5395 papa
1306 5327 1508 5384 electus
1538 5314 1667 5387 Vsit9
1691 5314 2029 5387 FéBi.’"i-i§i

453 5384 550 5497 tu:
565 5386 795 5514 ll’ipeino
811 5392 961 5514 gatri
981 5384 1228 5476 etSépi.
1258 5411 1345 5452 an.
1375 5399 1476 5481 763
1503 5384 1718 5456 mortuo
1746 5384 2024 5486 successit.

603 5474 637 5512 ll
712 5469 785 5514 lla
855 5463 1069 5514 tenham
1092 5480 1244 5514 nam).
1264 5466 1326 5514 ΙΙΙ
1350 5470 1601 5514 (linuntur
1622 5471 1687 5514 ad
1719 5472 1860 5514 hunc
1883 5488 1910 5514 ει
1941 5470 2024 5514 Ρι-

493 5527 505 5538 σ
522 5457 550 5497 ι)
579 5457 642 5512 In
664 5457 1069 5538 V'ita_Step_ha_r_1i
1092 5457 1244 5538 papae
1263 5466 1328 5521 ΙΙΙ
1350 5470 1601 5525 dicuntur
1622 5471 1690 5525 ad
1719 5472 1861 5526 hunc
1882 5488 1912 5526 a
1934 5470 2030 5526 Pi-

451 5532 573 5599 Et"?
611 5545 725 5599 rege
752 5532 965 5599 directi,
997 5532 1266 5591 Fulrddus
1302 5540 1435 5594 abba
1472 5550 1519 5594 et
1564 5540 1865 5596 Rothardus
1893 5543 2023 5597 dux.

453 5594 701 5670 Sedﬂlui's
727 5602 868 5657 hunc
889 5594 1138 5661 eumdem
1168 5609 1512 5667 confirmabit
1550 5594 1672 5666 cum
1693 5594 1894 5668 hocvl}.
1914 5594 2027 5670 illa;

451 5664 580 5723 hani
597 5664 865 5738 parente?

526 5748 550 5820 ξ
580 5740 736 5820 Circa
764 5758 965 5820 annum
990 5745 1117 5820 Chr.
1147 5748 1249 5803 744
1277 5760 1473 5820 coepto.

523 5808 552 5848 ἀ
579 5808 656 5868 De
705 5829 772 5873 oo
808 5814 884 5875 ita
909 5818 1146 5885 Annales
1172 5808 1470 5879 Fuldenses
1492 5837 1580 5878 an.
1613 5822 1734 5882 779.
1768 5844 1786 5878 ι
1820 5825 2025 5884 Sturmi

2057 1768 2108 1831 B
2134 1764 2297 1838 guine
2320 1761 2732 1835 phlegmaticus,
2755 1760 2877 1835 plus
2926 1775 3154 1835 corpore
3177 1760 3392 1837 pinguis
3415 1778 3578 1835 quam
3599 1781 3726 1823 ma-

2137 1856 2389 1923 cilentus,
2424 1855 2604 1927 sapite
2625 1853 2782 1913 fortis
2818 1862 2875 1911 et
2902 1870 3152 1927 magnus,
3178 1858 3527 1929 omniumque
3548 1874 3728 1917 mem-

2135 1949 2358 2029 brorum
2384 1948 2733 2022 proportione
2771 1948 2947 2005 forma
2982 1949 3205 2007 decente
3230 1951 3542 2022 dispositus.
3567 1951 3730 2009 Unde

2138 2058 2263 2100 cum
2291 2043 2449 2099 bona:
2474 2056 2612 2114 puer
2640 2041 2855 2108 indolis,
2888 2042 2956 2099 de
3004 2042 3092 2099 die
3134 2042 3191 2098 in
3230 2043 3374 2100 diem
3413 2059 3630 2117 semper
3657 2046 3732 2103 ad

2137 2135 2366 2192 meliora
2391 2135 2702 2207 proficeret,
2728 2133 2908 2206 etjam
2954 2142 3085 2192 tunc
3108 2134 3379 2207 quoddam
3406 2135 3462 2192 in
3490 2151 3557 2193 eo
3586 2135 3733 2192 futu-

2138 2244 2215 2285 ra:
2238 2228 2515 2301 dignitatis
2543 2236 2597 2284 et
2620 2227 2924 2284 sanctitatis
2948 2241 3273 2299 praesagium
3295 2229 3581 2297 reluceret,
3606 2244 3729 2287 me-

2137 2329 2297 2377 tuens
2340 2320 2430 2391 pia
2471 2327 2646 2376 mater
2687 2335 2757 2376 ne
2812 2320 3160 2392 corruptibile
3205 2335 3401 2393 corpus
3451 2321 3509 2379 in
3534 2322 3735 2379 'medio

2138 2427 2321 2484 prava:
2353 2412 2590 2469 nationis
2610 2412 2867 2483 positum,
2893 2413 3136 2485 qualibet
3160 2412 3445 2471 occasione
3474 2413 3737 2487 deturpa-

2138 2512 2222 2559 ret
2269 2505 2528 2572 animam,
2556 2519 2691 2562 neve
2731 2514 2936 2561 terrena
2964 2505 3277 2561 inhabitatio
3311 2522 3519 2562 sensum
3556 2507 3739 2580 depri-

2140 2604 2299 2650 meret
2326 2594 2492 2649 multa
2531 2596 2840 2668 cogitantem
2871 2596 3026 2669 (Sap.
3056 2613 3133 2666 rx,
3174 2595 3283 2670 15),
3333 2599 3551 2657 tradere
3577 2598 3734 2657 illum

2141 2686 2210 2742 ad
2234 2688 2626 2744 monasterium
2646 2688 3000 2756 deliberabat,
3016 2690 3070 2745 in
3089 2706 3198 2761 quo
3216 2691 3407 2763 purius
3426 2708 3549 2748 eum
3571 2708 3735 2765 posse

2140 2780 2451 2837 conversari
2480 2780 2704 2837 minime
2742 2781 3043 2838 dubitabat.
3085 2781 3193 2839 Sed
3226 2783 3332 2840 hoc
3364 2784 3556 2840 matris
3603 2800 3735 2856 pro-

2139 2871 2377 2942 positum
2405 2888 2436 2927 a
2482 2874 2747 2944 principio
2778 2872 3013 2943 genitori
3060 2889 3169 2930 non
3198 2874 3423 2946 placuit,
3475 2877 3620 2946 quod
3649 2886 3733 2932 ta-

2142 2978 2266 3019 men
2309 2972 2515 3036 postea,
2545 2965 2729 3022 divino
2772 2966 3069 3037 inspiratus
3112 2969 3357 3036 numine,
3388 2970 3729 3041 approbavit.

2143 3057 2450 3113 Humanum
2476 3058 2744 3129 siquidem
2771 3057 2935 3114 facile
2977 3068 3221 3116 mutatur
3264 3062 3572 3129 consilium,
3597 3078 3737 3134 quo-

2067 3134 2113 3198 C
2145 3148 2248 3204 ties
2282 3148 2461 3205 divina
2486 3155 2726 3218 potestas
2767 3164 2926 3207 suum
2950 3151 3020 3208 ab
3055 3160 3260 3210 aeterno
3286 3153 3731 3225 praedestinatum

2145 3246 2403 3309 operatur
2432 3239 2770 3295 instinctum.

2214 3331 2436 3387 Praefuit
2459 3333 2515 3387 in
2541 3332 2732 3390 diebus
2752 3333 2860 3391 illis
2881 3335 3091 3393 novello
3121 3349 3144 3377 ε
3176 3337 3430 3396 Fuldensi
3459 3351 3735 3401 monaste-

2142 3423 2226 3480 rio
2254 3424 2737 3481 reverendissimus
2766 3426 2953 3495 abbas,
2993 3429 3212 3486 nomine
3245 3430 3535 3504 Bangolfus
3590 3432 3727 3507 [At.,

2141 3514 2478 3589 Baugulfus],
2508 3516 2594 3571 vir
2617 3531 2826 3589 magna:
2874 3517 3185 3592 religionis,
3234 3531 3290 3578 et
3332 3523 3625 3580 multarum
3672 3525 3729 3581 in

2140 3604 2360 3663 Christo
2382 3607 2643 3665 virtutum
2669 3624 2684 3663 :
2715 3612 2808 3681 qui
2835 3621 3026 3671 sancto
3051 3613 3273 3672 Sturmo
3292 3617 3319 3657 ἀ
3348 3618 3463 3689 ejus
3488 3618 3589 3675 loci
3612 3620 3728 3695 pri-

2140 3716 2231 3757 mo
2269 3701 2451 3758 abbati
2481 3702 2813 3772 succedens,
2846 3706 3003 3762 annis
3024 3707 3239 3777 prtefuit
3280 3710 3516 3779 quinque
3549 3719 3604 3766 et
3648 3712 3728 3767 vi-

2141 3793 2277 3864 ginti
2329 3805 2352 3833 ο
2379 3834 2395 3861 ,
2450 3809 2649 3851 nomen
2694 3796 2997 3854 sanctitatis
3031 3799 3171 3871 apud
3205 3797 3505 3855 Germanos
3536 3815 3729 3858 omnes

2140 3894 2465 3943 consecutus
2490 3886 2803 3959 gloriosum.
2832 3886 3004 3958 Hujus
3042 3888 3250 3946 abbatis
3284 3888 3571 3946 clarissimi
3610 3907 3728 3947 ma-

2140 3977 2363 4048 gisterio
2393 3976 2652 4035 Rabanus
2678 3993 2815 4050 puer
2832 4018 2848 4046 ,
2881 3993 3006 4035 cum
3039 3987 3185 4036 esset
3215 3995 3480 4036 annorum
3506 3979 3727 4038 circiter

2140 4081 2335 4122 novem
2361 4109 2375 4134 ,
2427 4082 2459 4122 a
2513 4068 2830 4139 parentibus
2880 4069 3135 4137 traditur,
3186 4078 3242 4126 et
3290 4068 3444 4139 juxta
3476 4085 3725 4129 normam

2140 4159 2312 4216 sancti
2341 4159 2512 4230 patris
2535 4159 2817 4217 Benedicti
2859 4162 3141 4217 monachis
3168 4161 3534 4219 instituendus
3577 4177 3725 4219 com-

2140 4251 2445 4308 mendatur.
2485 4250 2651 4308 Facta
2703 4259 2789 4309 est
2836 4252 2953 4308 haec
2994 4254 3050 4308 in
3093 4254 3483 4310 monasterium
3512 4253 3724 4312 Rabani

2140 4342 2395 4399 solemnis
2420 4342 2642 4400 traditio
2678 4344 2939 4401 vicesima
2967 4344 3143 4414 prima
3165 4345 3250 4402 die
3270 4348 3473 4402 mensis
3500 4344 3721 4415 Martii,

2138 4449 2259 4505 quae
2287 4433 2391 4491 fuit
2413 4435 2657 4506 ejusdem
2691 4436 3017 4492 sanctissimi
3047 4438 3219 4509 patris
3255 4437 3534 4495 Benedicti
3562 4437 3721 4496 festi-

2141 4529 2311 4585 vitate
2335 4529 2608 4595 solemnis,
2642 4543 2786 4584 anno
2803 4529 3095 4586 Dominicte
3120 4530 3417 4586 nativitatis
3439 4530 3725 4603 sexingen-

2144 4620 2337 4677 tesimo
2362 4619 2713 4693 nonagesimo
2750 4620 3001 4693 septimo,
3031 4619 3325 4679 indictione
3351 4619 3722 4681 Romanam

2140 4712 2347 4782 quinta.

2211 4800 2418 4857 Claruit
2449 4815 2516 4857 eo
2563 4810 2806 4874 tempore
2825 4803 2882 4859 in
2903 4812 3204 4860 memorato
3227 4804 3560 4861 monasterio
3588 4803 3721 4861 Ful-

2140 4893 2295 4949 densi
2340 4894 2528 4964 ingens
2555 4893 2843 4952 multitudo
2882 4897 3270 4954 monachorum
3297 4938 3313 4966 ,
3364 4897 3458 4969 qui
3493 4897 3720 4954 arduam

2135 5001 2237 5059 pro
2272 4985 2368 5040 Dei
2402 5000 2587 5041 amore
2614 4986 2785 5043 vitam
2807 4988 3086 5059 ducentes,
3117 5006 3148 5047 a
3191 4991 3319 5048 vino
3361 4999 3417 5047 et
3464 4992 3720 5050 carnibus

2134 5077 2286 5136 omni
2308 5085 2551 5151 tempore
2580 5079 2944 5152 abstinebant,
2972 5093 3029 5141 et
3059 5098 3161 5142 nec
3187 5082 3279 5156 jus
3300 5085 3544 5142 carnium
3573 5099 3718 5157 prte-

2136 5255 2638 5332 abbasjuldensis
2710 5246 2944 5318 coenobii
3003 5266 3266 5332 moritur,
3305 5267 3391 5323 cui
3456 5267 3719 5323 successit

2136 5325 2370 5399 Baugolf
2381 5325 2619 5452 egusdem
2645 5333 2961 5388 monasterii
2981 5325 3298 5403 monachus;
3330 5357 3350 5390 ι
3377 5337 3513 5394 obiit
3534 5346 3714 5392 autem

2136 5405 2355 5452 sanctus
2433 5406 2641 5452 lurmns
2675 5416 2772 5452 seu
2819 5402 3061 5452 Slurmio
3092 5405 3159 5452 16
3197 5405 3473 5452 Προρηιιι--
3517 5408 3714 5452 malihu-

2136 5405 2355 5479 sanctus
2390 5402 2772 5483 sturmususeu
2819 5402 3061 5461 Sturmio
3092 5405 3159 5461 16
3195 5402 3475 5477 DeCemb.,
3517 5408 3715 5465 colitur

2133 5468 2403 5538 prmeipue
2428 5468 2498 5522 20
2520 5469 2691 5539 April.
3460 5468 3473 5477 ⁷

2209 5549 2233 5577 ο
2259 5538 2601 5619 Ιιῃρᾼάιροὺυδ
2641 5549 2849 5619 tantum
2897 5554 2943 5597 et
2971 5546 3173 5619 viginti.
3208 5549 3275 5619 [η
3306 5548 3501 5605 Annal.
3553 5546 3710 5604 Fuld.

2134 5608 2407 5693 φη]ηὸοὲ
2448 5610 2565 5693 haec
2610 5609 2961 5693 referuntur:
2999 5608 3362 5693 «'Baugulfus,
3394 5620 3559 5675 abbas
3582 5619 3711 5693 Eul-

2136 5678 2315 5759 densis
2336 5680 2586 5745 emnobii,
2619 5681 2804 5762 relicta
2837 5698 2995 5762 quam
3050 5678 3239 5750 habuit
3267 5678 3534 5762 potestate
3588 5689 3713 5748 Rat-

2134 5755 2345 5821 garlum
2376 5765 2743 5809 successorem
2778 5755 2981 5814 habuit.
3015 5779 3034 5811 ι
