4016 6480
268 500 341 557 75
1621 489 1869 548 PROLE(

1974 488 2154 546 lENA.
3463 489 3536 544 74

270 623 354 671 ter
383 607 650 673 inﬁmos,
671 603 996 675 omninoque
1021 602 1246 670 debiles,
1269 601 1552 660 sumebant
1577 603 1632 659 in
1652 604 1851 669 cibum,
1882 581 1954 669 Α

270 717 372 759 nec
402 697 563 769 hujus
607 697 794 752 mundi
835 695 1203 766 voluptatibus
1233 696 1542 752 utebantur.
1577 695 1740 751 Panis
1769 711 1858 750 eo—

269 811 392 852 rum
416 791 715 849 cribrarius
740 796 859 844 erat
880 795 935 843 et
961 788 1198 844 rusticus
1223 805 1237 855 ;
1272 787 1430 855 fabae,
1461 789 1600 858 pisa,
1634 796 1689 843 et
1711 787 1859 842 olera

272 885 449 948 cibus,
477 894 617 951 aqua
637 875 727 932 vel
751 877 981 932 cervisia
1003 885 1181 946 potus.
1197 876 1464 932 Vivebant
1491 877 1558 931 de
1587 875 1862 932 laboribus

276 988 533 1030 manuum
563 986 810 1036 suarum,
863 969 1004 1025 sicut
1040 968 1155 1024 veri
1188 969 1359 1040 patris
1385 969 1558 1024 nostri
1585 966 1860 1024 Benedicti

275 1078 533 1136 sequaces
557 1071 614 1119 et
649 1060 923 1128 monachi,
949 1075 1073 1116 cum
1100 1059 1274 1116 nullos
1303 1075 1370 1117 eo
1395 1068 1639 1131 tempore
1667 1059 1724 1114 in
1747 1073 1864 1115 mo-

273 1156 512 1212 nasterio
563 1167 750 1210 servos
797 1152 1245 1223 permitterentur
1293 1152 1496 1208 habere
1555 1149 1860 1208 saeculares.

273 1246 410 1301 Nam
435 1244 695 1317 quidquid
723 1245 904 1316 operis
944 1243 1240 1303 necessarii
1289 1243 1598 1300 faciendum
1641 1244 1698 1299 in
1748 1257 1864 1298 mo-

279 1339 524 1396 nasterio
553 1336 935 1394 claustralibus
973 1336 1322 1403 occurrisset,
1365 1351 1473 1392 non
1500 1335 1861 1402 saecularium,

275 1432 369 1487 sed
405 1431 657 1486 manibus
693 1428 858 1485 fiebat
891 1427 1299 1483 monachorum.
1345 1427 1547 1485 Omnes
1579 1440 1708 1484 tunc
1743 1442 1863 1484 mo-

273 1524 437 1580 nachi
486 1523 555 1578 ad
607 1522 921 1578 monasticae
966 1521 1166 1592 regulae
1193 1523 1488 1592 puritatem
1528 1521 1711 1577 vivere
1754 1529 1867 1577 sat-

275 1616 529 1687 agebant,
554 1613 627 1667 iin
659 1611 929 1668 communi
957 1613 1057 1668 sub
1087 1612 1247 1668 unius
1276 1612 1572 1668 directione
1605 1610 1862 1682 pastoris,

278 1705 336 1762 in
370 1722 494 1762 vera
535 1713 875 1778 paupertate,
928 1706 1043 1762 sine
1087 1705 1299 1778 peculio
1327 1705 1634 1762 castitatem
1670 1704 1867 1760 mentis

275 1809 331 1857 et
359 1800 604 1871 corporis
632 1797 1012 1855 inviolabiliter
1039 1806 1428 1854 conservantes
1445 1838 1461 1864 ,
1509 1796 1865 1868 omnipotenti

276 1891 388 1948 Deo
442 1891 498 1946 in
551 1890 806 1946 fraternae
859 1888 1143 1945 charitatis
1192 1889 1406 1945 vinculo
1461 1887 1788 1946 serviebant.
1822 1886 1866 1942 Ο

2030 603 2153 658 Mox
2181 599 2324 656 enim
2348 608 2409 656 ut
2436 613 2606 657 annos
2651 599 2896 672 pueritiae
2938 601 3230 672 superavit,
3277 618 3337 660 se
3362 610 3535 663 totum

1963 695 2158 751 divinis
2194 694 2521 764 mancipavit
2558 693 2830 765 obsequiis
2855 735 2870 762 ,
2912 695 2966 749 in
2994 695 3219 752 ecclesia
3259 696 3537 768 frequens,

1963 788 2019 843 in
2047 788 2213 843 choro
2239 787 2580 858 psallentium
2606 787 2875 854 assiduus,
2906 795 2963 843 et
2990 787 3107 844 sine
3135 789 3388 845 vanitatis
3410 799 3540 846 nota

1965 879 2020 933 in
2059 878 2280 934 servitio
2320 877 2534 934 Domini
2570 878 2877 950 singularis.
2910 878 3099 934 Nullus
3151 881 3540 937 monachorum

1963 969 2106 1024 inter
2131 969 2460 1024 cantandum
2490 977 2545 1024 et
2567 969 2853 1042 legendum
2888 970 2980 1026 illo
3009 970 3111 1026 fuit
3139 971 3394 1038 alacrior,
3422 970 3544 1027 nul-

1964 1059 2048 1114 lus
2074 1060 2140 1114 ad
2165 1060 2527 1116 obedientiam
2571 1062 2844 1116 seniorum
2871 1062 3016 1117 inter
3035 1076 3223 1119 omnes
3251 1063 3546 1134 promptio-

1964 1167 2078 1208 rem
2136 1168 2193 1208 se
2228 1168 2466 1222 unquam
2506 1153 2770 1208 exhibuit.
2803 1153 2972 1209 Deum
3022 1169 3157 1224 pura
3203 1155 3401 1212 mentis
3436 1154 3546 1210 ele-

1965 1243 2181 1298 vatione
2224 1257 2438 1314 semper
2483 1243 2686 1299 amavit
2732 1258 2895 1314 super
2929 1246 3110 1300 omnia
3140 1286 3155 1311 ,
3207 1246 3360 1315 cujus
3401 1245 3550 1301 ordi-

1966 1334 2262 1389 natissimae
2313 1333 2576 1389 voluntati
2628 1334 2887 1404 quidquid
2940 1343 3222 1404 acceptum
3274 1343 3502 1390 noverat
3532 1375 3547 1401 ,

1965 1421 2190 1492 implere
2230 1438 2441 1480 summo
2467 1431 2663 1479 conatu
2706 1425 3006 1496 satagebat.
3038 1424 3116 1480 Ea
3139 1437 3290 1490 vero,
3319 1440 3438 1494 quae
3463 1426 3550 1479 di—

1965 1520 2106 1577 vime
2133 1520 2400 1577 voluntati
2441 1521 2628 1576 didicit
2671 1536 2793 1577 esse
2841 1521 3143 1588 contraria,
3189 1535 3468 1592 nunquam
3497 1520 3552 1575 in

1967 1614 2145 1670 cordis
2173 1615 2530 1687 ergasterium
2559 1615 2771 1671 censuit
2810 1615 3164 1671 admittenda.
3206 1614 3401 1670 Mentis
3444 1630 3555 1670 suae

1967 1707 2182 1762 oculum
2241 1724 2272 1763 a
2321 1709 2633 1780 pulveribus
2694 1717 2924 1765 terrena:
2985 1708 3296 1780 cupiditatis
3358 1722 3553 1779 purum

1969 1801 2260 1856 custodivit
2280 1809 2335 1857 et
2361 1803 2619 1858 mundum
2643 1843 2658 1866 ,
2690 1808 2853 1871 atque
2896 1801 2952 1856 in
2995 1801 3176 1857 medio
3218 1800 3556 1857 confratrum

1970 1908 2194 1949 suorum
2235 1895 2382 1950 omni
2425 1901 2669 1965 tempore
2717 1894 2834 1950 sine
2881 1893 3178 1949 offensione
3226 1893 3464 1948 vivebat.
3497 1893 3555 1947 ln

273 1981 406 2038 felix
457 1991 622 2048 astas,
663 1990 720 2038 et
760 1991 1001 2053 tempora
1035 1981 1455 2038 charismatibus
1488 1980 1662 2036 sancti
1695 1978 1865 2050 Spiri-
1891 1981 1940 2041 B
1968 1986 2214 2041 oratione
2245 1995 2430 2042 sancta
2467 2001 2603 2055 pene
2631 1985 2736 2040 fuit
2769 1986 3078 2052 continuus,
3127 1985 3182 2039 in
3217 1983 3452 2040 lectione
3479 1984 3559 2039 di-

275 2081 370 2129 tus
396 2073 607 2128 abunde
649 2072 938 2138 fructuosa,
987 2073 1202 2144 quando
1231 2072 1534 2129 claustralis
1563 2073 1686 2127 vita:
1726 2087 1854 2142 pro-

276 2162 517 2219 fessores
545 2171 697 2218 erant
730 2163 915 2234 optimi
944 2170 999 2220 et
1031 2163 1179 2219 omni
1215 2165 1408 2222 decore
1428 2165 1686 2219 virtutum
1709 2164 1860 2219 miri-

1959 2077 2210 2132 vinarum
2263 2076 2670 2146 Scripturarum
2717 2076 2836 2131 sine
2873 2074 3278 2132 intermissione
3317 2074 3562 2130 laudabi.

1959 2166 2086 2221 liter
2116 2176 2433 2238 occupatus.
2463 2165 2633 2223 Nemo
2665 2166 2817 2222 illum
2843 2167 2981 2223 vidit
3007 2167 3240 2223 otiosum
3265 2207 3279 2232 ,
3321 2182 3430 2222 non
3480 2165 3561 2220 fa-

273 2251 379 2308 fice
404 2253 582 2308 ornati
615 2261 669 2309 et
695 2253 945 2324 praediti!
986 2252 1081 2310 His
1105 2254 1239 2310 viris
1285 2255 1341 2310 in
1371 2254 1700 2310 monasterio
1735 2252 1862 2308 Ful—
1962 2259 2105 2314 bulis
2133 2301 2149 2326 ,
2184 2329 2187 2330 ν
2231 2275 2326 2315 seu
2394 2260 2585 2316 otiosis
2650 2258 2996 2316 sermonibus
3055 2259 3206 2315 illum
3272 2259 3561 2330 quisquam

273 2345 429 2401 densi
475 2347 584 2402 vita
629 2355 684 2402 et
742 2347 1154 2404 conversatione
1207 2347 1562 2404 sanctissimis
1605 2346 1862 2402 Rabanus
1964 2329 2194 2408 audivit.
2223 2352 2492 2408 intentum
2519 2393 2533 2420 ,
2587 2367 2765 2422 neque
2825 2365 2978 2406 more
3040 2329 3399 2422 complurium
3463 2365 3563 2422 per

275 2455 412 2509 puer
433 2440 612 2496 divina
639 2441 979 2497 ordinatione
1011 2440 1349 2511 coniunctus,
1399 2439 1694 2496 venerabili
1745 2439 1864 2495 cui-
1965 2445 2269 2501 claustrum
2300 2444 2642 2500 discursibus
2664 2443 2818 2499 vanis
2845 2443 3132 2514 quisquam
3155 2443 3358 2514 reperit
3391 2455 3560 2513 vaga-

277 2532 405 2586 tlain
461 2533 730 2588 monacho
762 2534 995 2601 seniori,
1033 2533 1329 2606 Rathgario
1370 2535 1608 2601 nomine,
1640 2533 1865 2590 scientia
1966 2534 2226 2590 bundum.
2268 2533 2383 2590 Deo
2412 2548 2627 2605 semper
2660 2540 2846 2589 mente
2891 2532 3109 2588 deditus
3137 2571 3154 2598 ,
3205 2541 3300 2586 aut
3341 2530 3564 2587 lectioni

277 2623 582 2679 litterarum
608 2665 624 2691 ,
651 2632 707 2680 et
732 2627 936 2683 sanctis
963 2627 1207 2683 moribus
1236 2627 1556 2683 imbuendus
1573 2627 1867 2682 committi-

279 2725 374 2774 tur
401 2758 416 2784 ,
447 2734 478 2773 a
505 2734 612 2789 quo
647 2718 1060 2792 diligentissime
1108 2721 1176 2776 ad
1205 2720 1408 2791 optima
1447 2735 1676 2791 quaeque
1702 2717 1868 2774 infor-

280 2819 481 2866 matur.
520 2811 683 2867 Bonae
706 2827 920 2882 quoque
951 2813 1318 2884 dispositionis
1346 2829 1500 2884 puer,
1543 2813 1745 2870 bonum
1783 2828 1870 2868 as-

285 2912 506 2958 secutus
543 2904 860 2969 doctorem,
913 2903 1094 2958 divina
1145 2905 1493 2961 miseratione
1543 2905 1868 2975 adjuvante,

281 3011 412 3050 mox
441 3006 639 3053 sanctae
661 2998 1091 3055 conversationis
1116 3000 1428 3070 primordia,
1448 3007 1710 3071 quantum
1741 3008 1872 3058 aetas

281 3087 375 3141 illa
403 3089 667 3158 permisit,
682 3091 820 3146 bene
848 3091 1144 3160 inchoavit,
1169 3091 1226 3146 in
1246 3090 1547 3162 meliusque
1572 3089 1876 3147 successive

275 3180 567 3248 perduxit,
627 3189 682 3236 et
739 3183 942 3251 optimo
991 3182 1206 3237 tandem
1255 3181 1363 3239 fine
1410 3181 1845 3237 consummavit.

353 3271 548 3327 Postea
575 3287 704 3328 vero
730 3288 894 3344 quam
921 3289 1124 3330 annum
1165 3283 1379 3330 sextum
1413 3274 1685 3330 decimum
1719 3289 1870 3330 com-

273 3363 540 3433 plevisset
566 3367 764 3435 aetatis,
801 3382 941 3423 anno
969 3366 1223 3422 videlicet
1243 3366 1541 3422 Dominicae
1574 3367 1874 3424 nativitatis

276 3454 337 3508 in
365 3471 533 3512 carne
556 3459 1007 3530 octingentesimo
1039 3469 1232 3530 quarto
1263 3471 1324 3526 ει,
1356 3458 1652 3514 indictione
1677 3458 1875 3515 Roma-

273 3562 478 3603 norum
530 3551 868 3618 duodecima,
910 3551 1202 3622 Baugolfus
1249 3551 1417 3609 abbas
1446 3550 1732 3608 Fuldensis
1775 3553 1876 3608 mi-

276 3642 458 3712 gravit
505 3643 573 3697 ad
614 3643 926 3711 Dominum,
965 3659 1107 3700 anno
1150 3643 1426 3716 regiminis
1472 3643 1559 3701 sui
1611 3645 1874 3701 vicesimo

282 3734 499 3803 quinto.
537 3733 653 3801 Quo
704 3751 810 3792 non
856 3736 973 3792 sine
1019 3737 1272 3807 opinione
1329 3737 1637 3794 sanctitatis
1666 3753 1875 3810 magna;

279 3825 514 3895 sepulto,
530 3827 952 3896 prtenominatus
970 3827 1182 3885 Rabani
1202 3828 1373 3884 Mauri
1397 3830 1878 3902 praeceptorRaht-

186 3941 192 3945 -
277 3919 465 3988 garius
504 3919 769 3977 electione
804 3921 1036 3978 fratrum
1066 3923 1314 3978 unanimi
1357 3924 1552 3980 tertius
1574 3925 1630 3980 in
1657 3924 1874 3980 abbatia

279 4009 576 4065 succedens
607 4051 621 4076 ,
654 4010 870 4082 praefuit
913 4012 1071 4069 annis
1119 4013 1354 4070 sedecim
1387 4012 1452 4082 ι»,
1507 4014 1592 4068 vir
1634 4014 1876 4084 probatae

282 4102 583 4172 religionis,
613 4113 669 4160 et
704 4120 915 4177 magna;
945 4106 1272 4162 sanctitatis.
1311 4105 1414 4162 Hic
1448 4105 1734 4162 Rabanum
1763 4122 1877 4177 pra:

279 4197 496 4252 exteris
532 4199 790 4270 singulari
821 4201 1081 4273 diligebat
1129 4200 1350 4268 affectu,
1395 4208 1686 4272 propterea
1731 4199 1878 4271 quod

280 4305 405 4343 eum
457 4298 688 4346 noverat
729 4291 850 4361 plus
881 4294 1135 4349 omnibus
1181 4294 1250 4348 ad
1286 4292 1655 4350 obedientiam
1693 4307 1879 4364 prom-

281 4389 438 4449 ptum
457 4420 472 4446 ,
505 4389 560 4436 et
586 4381 639 4435 in
665 4380 987 4440 lectionibus
1028 4384 1333 4440 divinarum
1365 4383 1771 4455 Scripturarum
1792 4385 1878 4440 in-

281 4473 494 4529 defessa
547 4475 911 4532 sollicitudine
959 4479 1282 4535 studiosum.
1328 4477 1562 4535 Videbat
1603 4479 1755 4535 illum
1808 4481 1878 4536 ad

280 4565 452 4618 ardua
483 4572 671 4621 natum
694 4607 708 4632 ,
735 4576 791 4622 et
818 4568 910 4638 qui
942 4571 1111 4626 verbo
1145 4578 1200 4626 et
1229 4571 1480 4642 exemplo
1515 4571 1700 4628 multis
1733 4580 1877 4629 esset

278 4674 404 4712 cum
437 4668 682 4730 tempore
727 4660 1045 4731 profuturus
1082 4664 1134 4717 in
1166 4664 1418 4720 salutem.
1448 4663 1686 4721 Noverat
1705 4665 1870 4720 etiam

278 4753 578 4809 salutarem
627 4755 937 4825 pastoribus
977 4758 1343 4813 necessariam
1369 4772 1489 4814 esse
1523 4759 1826 4814 doctrinam
1854 4799 1869 4824 ,

277 4860 405 4899 cum
438 4845 579 4900 bona
606 4847 844 4904 hominis
872 4848 983 4903 vita
1021 4848 1140 4905 sine
1182 4849 1410 4906 scientia
1441 4849 1708 4920 Spirituali
1737 4849 1874 4905 divi-

235 5015 242 5020 ν
277 4951 480 4991 narum
511 4935 914 5008 Scripturarum
957 4955 1064 4995 non
1113 4938 1347 4996 suﬂiciat
1377 4940 1446 4996 ad
1475 4939 1873 4996 institutionem

278 5027 642 5083 subditorum.
684 5028 819 5085 Nam
846 5031 939 5102 qui
964 5030 1067 5086 sibi
1093 5031 1194 5086 soli
1217 5040 1304 5087 est
1327 5032 1524 5097 bonus,
1563 5029 1710 5084 utilis
1742 5030 1875 5086 alio-

279 5135 404 5174 rum
436 5127 615 5176 rector
663 5136 786 5177 esse
833 5137 941 5177 non
981 5129 1176 5193 potest.
1211 5121 1503 5192 Propterea
1546 5120 1875 5190 Ratbgarius

280 5211 514 5267 docilem
561 5227 789 5281 puerum
845 5228 1188 5285 nequaquam
1241 5211 1431 5268 statuit
1465 5211 1874 5282 negligentlum,

281 5317 446 5372 quem
489 5302 816 5359 illustratum
847 5305 1030 5361 divino
1059 5303 1266 5376 Spiritu
1295 5303 1485 5360 multis
1514 5318 1626 5358 non
1658 5303 1875 5358 dubita-

281 5397 376 5453 bat
430 5397 550 5454 fore
592 5399 1033 5470 prmponendum.
1089 5396 1202 5454 Nec
1253 5413 1352 5453 sua
1404 5397 1505 5451 fuit
1552 5396 1877 5453 confidentia

284 5487 603 5558 frustratus,
632 5506 756 5546 cum
780 5487 954 5558 maior
978 5489 1216 5546 evaserit
1261 5488 1518 5545 Rabanus
1545 5489 1872 5554 eruditione,

287 5577 564 5650 dignitate,
594 5580 755 5637 simul
783 5589 838 5636 et
861 5579 1058 5635 merito
1093 5578 1415 5646 sanctitatis,
1447 5594 1614 5651 quam
1651 5595 1874 5637 suorum

287 5669 483 5745 aliquis
510 5671 599 5730 vel
634 5672 875 5746 cogitare
893 5671 1177 5743 potuisset,
1221 5670 1310 5728 vel
1344 5680 1527 5727 mente
1563 5671 1873 5741 concipere.

361 5822 388 5853 θ
416 5808 577 5866 Anno
626 5806 732 5867 815
777 5809 982 5867 obiisse
1025 5807 1300 5865 contendit
1333 5808 1620 5866 Browerus
1672 5807 1766 5864 lib.
1821 5823 1875 5862 ιν

289 5881 453 5954 Fuld._
479 5882 690 5953 Antiq.,
714 5896 837 5938 cum
855 5882 1116 5952 depositae
1134 5879 1469 5952 praefectum
1520 5879 1876 5951 superfuisset

293 5969 380 6010 an.
411 5955 692 6011 tredecim.

689 6044 969 6112 Partica.
1003 6045 1189 6111 CVII.

1898 4719 1953 4780 D

1970 2627 2383 2698 Scripturarum
2439 2627 2686 2682 incubuit
2710 2668 2727 2693 ,
2783 2633 2878 2680 aut
2924 2624 3142 2696 scripsit
3199 2623 3402 2693 aliquid
3465 2637 3564 2693 pro

1970 2719 2245 2775 communi
2270 2717 2502 2773 fratrum
2533 2718 2787 2786 utilitate,
2826 2717 2911 2773 vel
2950 2724 3098 2774 certe
3124 2731 3310 2772 secum
3339 2715 3396 2770 in
3429 2713 3566 2771 cella

1971 2813 2246 2870 solitarius
2266 2815 2520 2870 habitans
2545 2822 2681 2870 erat.
2705 2812 2851 2868 Nihil
2883 2813 3030 2868 enim
3079 2811 3288 2867 dulcius
3335 2808 3412 2864 illi
3466 2807 3569 2862 fuit

1973 2921 2135 2976 quam
2175 2905 2490 2961 continuum
2517 2914 2830 2960 sanctarum
2863 2903 3097 2958 studium
3129 2901 3564 2970 Scripturarum,

1973 3006 2029 3054 et
2067 2998 2187 3054 ideo
2215 2997 2364 3053 cellae
2397 2995 2714 3054 monasticae
2761 3001 3034 3050 secretum
3060 3034 3076 3059 ,
3126 2992 3313 3047 multis
3365 2991 3567 3061 impor-

1975 3095 2140 3150 tabile
2197 3091 2576 3149 claustralibus
2598 3133 2613 3158 ,
2683 3088 2922 3160 paradisi
2988 3085 3208 3144 delicias
3271 3084 3564 3155 reputavit.

1977 3186 2131 3254 Quod
2161 3185 2306 3241 enim
2335 3184 2576 3257 piscibus
2608 3183 2758 3239 rivus
2789 3189 2844 3236 et
2871 3196 3034 3251 aqua,
3065 3180 3170 3235 hoc
3199 3178 3357 3234 bonis
3377 3184 3430 3231 et
3455 3183 3570 3230 stu-

1979 3276 2454 3335 diosismonachis
2479 3275 2781 3331 rectissime
2812 3272 3010 3328 dicitur
3037 3270 3190 3326 cella.
3233 3268 3369 3324 Nam
3407 3266 3570 3322 sicuti

1899 3345 1946 3410 Ο
1976 3371 2155 3444 pisces
2184 3370 2274 3425 diu
2310 3369 2494 3424 vivere
2531 3367 2649 3423 sine
2693 3380 2835 3435 aqua
2870 3371 3180 3435 nequeunt,
3209 3362 3290 3416 sic
3313 3360 3570 3416 monachi

1976 3462 2223 3518 crebrius
2255 3469 2413 3516 extra
2451 3458 2642 3514 cellam
2672 3457 3037 3512 discurrentes
3062 3495 3077 3522 ,
3127 3455 3183 3509 in
3213 3468 3341 3509 vera
3370 3452 3570 3507 mentis

1973 3555 2210 3626 puritate
2244 3567 2355 3609 non
2400 3551 2720 3608 subsistunt.
2763 3547 2911 3605 Cella
2947 3548 3095 3603 enim
3159 3545 3442 3602 monachis
3485 3551 3571 3600 est

1975 3647 2189 3704 ofﬁcina
2217 3646 2480 3701 virtutum
2511 3685 2527 3712 ,
2557 3651 2614 3699 et
2643 3642 2874 3698 mundus
2917 3639 3144 3694 nimium
3189 3637 3570 3708 frequentatus

1976 3743 2271 3798 multorum
2307 3754 2472 3796 causa
2509 3733 2792 3792 vitiorum.
2842 3733 2987 3789 Cella
3030 3731 3312 3787 monachis
3357 3736 3443 3784 est
3489 3728 3573 3783 di-

1975 3836 2115 3889 vinae
2144 3832 2330 3890 schola
2364 3830 2609 3886 scientiae
2633 3870 2648 3894 ,
2684 3837 2839 3882 extra
2869 3839 3034 3895 quam
3075 3822 3314 3878 caelestis
3344 3836 3452 3875 non
3477 3819 3571 3874 da-

1979 3933 2068 3980 tur
2121 3923 2398 3995 sapientiae
2425 3921 2698 3977 doctrina.
2731 3917 2884 3974 Unde
2913 3915 3232 3978 monachus,
3255 3912 3348 3983 qui
3395 3927 3573 3967 secre-

1959 4006 2092 4071 tum
2120 4015 2268 4070 cellae
2305 4028 2414 4069 non
2444 4012 2640 4084 diligit,
2679 4011 2747 4066 ad
2792 4024 2978 4064 veram
3008 4007 3294 4064 scientiam
3331 4004 3572 4074 Scriptu-

1978 4125 2164 4164 rarum
2186 4107 2282 4163 Dei
2311 4106 2536 4163 minime
2567 4103 2840 4175 pertingit.
2872 4100 3024 4169 Quod
3047 4099 3396 4155 beatissimus
3417 4108 3573 4167 pater

1978 4202 2068 4257 hic
2120 4207 2306 4256 noster
2331 4240 2346 4265 ,
2389 4205 2612 4253 sanctus
2661 4196 2830 4267 probe
2884 4192 3239 4249 considerans
3267 4189 3526 4244 Rabanus
3551 4225 3570 4252 ,

1979 4295 2171 4351 cellam
2207 4294 2276 4350 ab
2303 4291 2530 4348 infantia
2572 4305 2668 4346 sua
2712 4288 2900 4344 dilexit
2943 4286 3326 4351 monasticam,
3379 4283 3433 4337 in
3462 4296 3572 4351 qua

1981 4387 2372 4445 conscientiam
2418 4400 2571 4440 suam
2607 4383 2675 4437 ab
2707 4381 2964 4454 operibus
2998 4380 3185 4435 mundi
3210 4378 3366 4434 vanis
3395 4384 3573 4433 custo-

1981 4482 2114 4538 divit
2143 4479 2390 4543 illaasam,
2415 4484 2472 4532 et
2497 4476 2739 4532 omnium
2768 4475 3165 4545 scripturarum
3191 4513 3207 4539 ,
3242 4480 3348 4526 tam
3381 4470 3571 4525 huma-

1979 4587 2172 4627 narum
2189 4585 2350 4642 quam
2375 4568 2701 4633 divinarum,
2717 4565 2936 4638 plenam
2957 4564 3060 4620 fuit
3089 4571 3372 4619 assecutus
3394 4562 3561 4616 scien-

1981 4665 2134 4720 tiam.
2162 4663 2322 4719 Cellm
2345 4675 2580 4730 namque
2604 4667 2876 4713 secretum
2897 4654 3198 4710 amoenitati
3221 4662 3572 4720 comparatur

1979 4755 2238 4829 paradisi,
2270 4754 2324 4808 in
2347 4767 2453 4822 qua
2483 4748 2874 4805 delectabiliter
2903 4745 3228 4809 consistens,
3253 4757 3317 4798 ac
3343 4741 3445 4796 sibi
3471 4755 3572 4810 per

1982 4850 2149 4906 divini
2197 4845 2401 4902 amoris
2425 4843 2742 4899 continuum
2768 4840 3089 4897 exercitium
3115 4837 3299 4894 unitus
3327 4877 3343 4902 ,
3392 4841 3572 4888 mente

1983 4940 2143 4999 simul
2168 4948 2223 4996 et
2252 4951 2478 5008 corpore
2503 4933 2770 4990 habitavit
2797 4948 2980 4989 secum
3009 4931 3066 4985 in
3107 4931 3266 4986 domo
3293 4926 3388 4980 Dei
3419 4924 3570 4993 quie-

1983 5043 2088 5098 tus,
2121 5031 2304 5086 animo
2330 5027 2564 5083 creatori
2593 5041 2693 5082 suo
2722 5025 2946 5080 devotus
2968 5063 2982 5089 ,
3028 5020 3158 5076 nulli
3196 5019 3425 5072 fratrum
3457 5029 3573 5068 mo-

1983 5125 2152 5180 lestus
2183 5163 2198 5189 ,
2230 5120 2365 5176 nulli
2398 5118 2578 5190 gravis
2609 5158 2623 5183 ,
2679 5115 2810 5170 nulli
2839 5126 3102 5169 onerosus
3131 5149 3146 5176 ,
3195 5108 3291 5164 sed
3317 5113 3573 5176 acceptus

1978 5215 2137 5272 bonis
2160 5213 2431 5276 omnibus,
2463 5219 2517 5265 et
2542 5209 2597 5263 in
2625 5207 2838 5263 vinculo
2863 5201 3145 5261 charitatis
3173 5198 3426 5255 fraterna:
3455 5197 3568 5253 sin—

1980 5320 2104 5361 cere
2152 5304 2405 5360 dilectus.
2435 5301 2494 5356 In
2520 5315 2586 5356 eo
2611 5299 2712 5354 fuit
2746 5295 3104 5366 completum,
3143 5291 3285 5362 quod
3320 5304 3420 5361 per
3445 5304 3573 5359 pro-

1979 5399 2200 5469 phetam
2251 5395 2540 5452 Jeremiam
2596 5391 2796 5448 dudum
2854 5387 3049 5456 legitur
3104 5383 3568 5455 pronuntiatum:

1980 5491 2188 5547 Bonum
2216 5501 2290 5546 est
2319 5488 2538 5554 homini,
2577 5501 2692 5540 cum
2727 5479 3009 5553 portaverit
3024 5479 3219 5549 jugum
3250 5473 3465 5530 Domini
3506 5472 3570 5525 ab

1983 5582 2334 5639 adolescentia
2363 5597 2460 5635 sua
2488 5578 2650 5648 :quia
2693 5571 2886 5627 sedebit
2931 5568 3202 5626 solitarius
3250 5575 3298 5620 et
3334 5563 3524 5619 tacebit
3554 5602 3569 5626 ,

1978 5675 2226 5747 quoniam
2281 5670 2466 5726 leuabit
2509 5685 2562 5722 se
2599 5681 2759 5737 supra
2789 5680 2843 5719 se
2881 5661 3098 5734 (Thren.
3133 5673 3216 5725 In,
3240 5656 3311 5711 27
3336 5664 3385 5711 et
3414 5651 3568 5725 seq.).

2051 5811 2079 5852 ι)
2109 5809 2222 5866 lmo
2252 5807 2318 5862 15
2347 5812 2577 5867 tantum,
2625 5799 2692 5854 ab
2720 5813 2808 5854 an.
2841 5796 2945 5854 802
2998 5794 3067 5867 ad
3092 5792 3230 5867 817,
3260 5805 3368 5862 quo
3397 5804 3426 5842 a
3456 5785 3570 5840 fra-

1979 5864 2154 5939 tribus
2180 5878 2455 5951 depositus
2482 5864 2678 5945 legitur
2704 5869 2757 5928 in
2784 5869 2992 5926 eisdem
3010 5864 3206 5922 Annal.

3017 6027 3057 6094 3
