4016 6504
446 550 515 610 75
1543 530 1637 591 an
1671 525 1904 591 ornas
1941 525 2005 583 B.
2041 508 2301 583 MBAN!
2337 514 2561 582 mum
3641 506 3712 571 το

445 668 574 725 llaec
595 673 723 731 sunt
750 662 1050 737 puriﬁcata:
1074 657 1323 735 convivia
1348 651 1585 731 mentis,
1612 664 1734 722 quae
1754 660 1916 703 nemo
1944 643 2028 699 in-
2053 641 2109 705 Α
2130 640 2282 697 illum
2324 638 2639 711 operatione
2688 648 2946 708 magnum
2974 646 3083 690 non
3110 624 3392 689 dubitabat
3416 638 3537 687 esse
3561 624 3713 686 futu-

448 759 658 830 telligit,
687 735 792 814 nisi
820 755 913 827 qui
939 752 1157 825 accipit,
1198 763 1358 806 nemo
1385 760 1516 804 vero
1541 741 1770 814 accipit,
1800 738 1907 795 nisi
1932 735 2025 808 qui

446 867 506 913 se
527 865 631 921 pro
651 848 749 905 Dei
766 860 958 911 amore
978 845 1047 900 ab
1072 843 1220 917 omni
1249 839 1432 898 carnis
1474 835 1728 896 illecebra
1754 831 2027 889 veraciter

446 941 771 1015 segregavit.
801 937 920 1003 Non
947 937 1094 994 enim
1137 934 1483 992 consentiunt
1525 931 1583 987 in
1612 944 1779 985 unum
1802 924 2025 984 cohabi-

435 1040 565 1093 tare
608 1046 739 1089 vera
773 1030 968 1103 gaudia
1017 1026 1214 1084 mentis
1241 1068 1256 1095 ,
1313 1034 1370 1081 et
1396 1021 1776 1094 corruptibiles
1819 1016 2027 1075 delicia:

445 1127 655 1185 ventris
676 1163 692 1194 ,
726 1123 982 1196 quoniam
1012 1122 1221 1179 duobus
1244 1116 1534 1176 contrariis
1557 1114 1763 1173 servire
1798 1111 2028 1167 dominis

449 1221 702 1277 Salvator
749 1216 995 1285 omnium
1031 1230 1144 1270 non
1186 1213 1318 1269 dicit
1346 1225 1467 1267 esse
1508 1205 1784 1280 possibile.
1832 1202 2028 1258 Beatus

446 1314 612 1393 igitur
637 1326 868 1382 magnus
886 1310 990 1367 iste
1015 1322 1205 1366 servus
1231 1304 1438 1363 Christi
1467 1301 1749 1366 Rabanus,
1769 1298 1880 1370 qui,
1905 1310 2031 1367 gra-

448 1390 522 1463 tia
553 1405 792 1477 Spiritus
815 1403 987 1460 sancti
1013 1407 1320 1472 praeventus
1341 1434 1357 1465 ,
1386 1397 1444 1453 in
1480 1392 1700 1457 consilio
1749 1389 2032 1462 impiorum

449 1518 555 1555 non
592 1499 722 1554 abiit
749 1537 768 1565 ,
804 1506 853 1552 et
882 1497 939 1552 in
969 1497 1056 1552 via
1107 1502 1440 1566 peccatorum
1491 1506 1596 1545 non
1632 1487 1792 1551 stetit,
1850 1501 1941 1539 nec
1974 1482 2034 1537 in

447 1592 698 1646 cathedra
722 1591 1019 1647 deriserunt
1043 1586 1276 1644 comedit
1302 1601 1320 1641 ξ
1343 1583 1434 1640 sed
1463 1583 1521 1637 in
1549 1580 1659 1652 lege
1686 1576 1906 1635 Domini
1930 1574 2033 1645 fuit

448 1684 689 1738 voluntas
728 1683 845 1753 ejus
887 1680 1204 1736 confirmata
1230 1685 1287 1734 et
1315 1674 1528 1732 stabilis
1547 1713 1564 1740 ,
1593 1681 1649 1728 et
1677 1672 1736 1726 in
1760 1668 2031 1739 justiﬂca-

450 1775 685 1830 tionibus
720 1772 836 1843 ejus
864 1770 1146 1828 meditatio
1178 1767 1324 1824 illius
1344 1766 1433 1822 die
1455 1762 1759 1836 permansit
1782 1775 1848 1815 ac
1874 1764 2036 1814 nocte

447 1864 624 1938 (Psal.
652 1882 695 1933 ι,
729 1866 781 1932 1,
813 1864 892 1935 2).
922 1863 1122 1919 Beatus
1148 1901 1163 1927 ,
1202 1860 1425 1930 inquam
1448 1897 1464 1924 ,
1516 1856 1600 1910 vir
1633 1855 1761 1920 iste,
1794 1859 1851 1907 et
1886 1846 2035 1906 omni

442 1957 751 2029 posteritati
777 1955 974 2013 merito
999 1951 1361 2017 venerandus,
1376 1948 1469 2019 qui
1492 1949 1546 2002 in
1573 1947 1679 2001 hac
1705 1941 2036 2000 mortalitate

444 2051 656 2121 positus
685 2089 701 2117 ,
755 2062 942 2106 semen
987 2047 1187 2103 bonum
1218 2043 1276 2115 in
1324 2035 1794 2096 benedictionibus
1822 2030 2037 2088 Domini
2062 2024 2113 2098 Β

445 2141 776 2207 seminavit,
822 2139 891 2196 de
917 2152 1024 2209 quo
1049 2149 1194 2192 nunc
1223 2131 1463 2188 fructum
1499 2136 1714 2185 alterna:
1759 2121 2035 2180 felicitatis

445 2234 734 2289 manducat
781 2231 836 2285 in
888 2228 1063 2286 cmlis.
1112 2226 1343 2297 Propter
1385 2221 1531 2294 quod
1580 2218 1732 2275 omni
1784 2222 2037 2272 censetur

445 2324 653 2380 honore
681 2324 876 2395 dignus
897 2362 914 2389 ,
947 2337 1012 2377 ac
1048 2319 1379 2390 sempiterna
1432 2313 1696 2393 memoria
1754 2310 2037 2367 celebran-

443 2418 565 2484 dus,
597 2418 691 2488 qui
724 2415 903 2472 factus
932 2416 1175 2473 imitator
1216 2411 1602 2484 discipulorum
1646 2406 1895 2473 Domini,
1941 2403 2039 2461 do-

443 2511 620 2567 ctrina
647 2519 704 2565 et
745 2510 990 2566 moribus
1016 2509 1327 2565 universam
1358 2504 1651 2562 illustravit
1693 2499 1992 2558 Ecclesiam
2016 2536 2036 2567 ,

443 2612 500 2660 et
535 2603 721 2659 varios
774 2602 1156 2659 haereticorum
1189 2613 1408 2655 errores
1443 2595 1768 2667 disputando
1794 2592 2039 2651 scriben-

446 2697 623 2765 doque
651 2693 992 2761 confutavit,
1015 2693 1083 2750 de
1111 2692 1309 2764 quibus
1347 2705 1447 2748 suo
1497 2688 1724 2746 inferius
1757 2687 1877 2745 loco
1924 2683 2040 2757 ple-

444 2788 570 2843 nius
595 2788 794 2844 dicturi
822 2802 1029 2845 sumus.

516 2898 653 2955 Cum
702 2913 835 2971 ergo
873 2899 1068 2954 beatus
1108 2894 1451 2969 Magnentius
1483 2903 1738 2950 octavum
1765 2891 2039 2947 decimum

444 2991 622 3048 aetatis
660 3007 773 3048 sum
800 3004 1002 3047 annum
1036 2990 1347 3061 attingeret,
1378 2988 1469 3058 qui
1498 2986 1599 3042 fuit
1625 2986 1920 3041 Dominicae
1947 2999 2041 3040 na-

445 3086 675 3142 tivitatis
701 3085 1187 3157 octingentesimus
1214 3091 1402 3140 sextus
1435 3095 1461 3123 ι
1488 3121 1505 3147 ,
1547 3089 1603 3137 et
1630 3077 1933 3135 incredibili
1959 3078 2041 3133 di-

445 3182 693 3237 vinarum
753 3180 1163 3251 Scripturarum
1218 3185 1496 3234 teneretur
1548 3191 1736 3232 amore
1757 3214 1773 3242 ,
1817 3171 2041 3242 jamque

445 3282 637 3327 omnes
667 3272 956 3342 deputatos
1003 3270 1107 3328 sibi
1152 3270 1401 3327 doctores
1429 3277 1593 3339 atque
1620 3267 1914 3339 magistros
1955 3262 2042 3320 vel

445 3371 736 3432 aequasset,
749 3363 837 3419 vel
858 3363 1025 3418 etiam
1046 3369 1361 3432 superasset
1378 3359 1681 3415 eruditione
1701 3365 1757 3413 et
1771 3354 2039 3421 doctrina,

449 3466 551 3510 nec
598 3461 780 3510 tamen
827 3454 883 3509 in
927 3455 1015 3509 bis
1038 3496 1051 3518 ,
1094 3452 1165 3508 ad
1209 3468 1330 3523 quas
1375 3451 1628 3509 discendo
1675 3456 1999 3522 pervenerat
2022 3485 2038 3514 ,

451 3552 637 3616 posset
663 3558 787 3601 esse
819 3551 1108 3600 contentus
1127 3582 1143 3610 ,
1192 3543 1289 3599 sed
1332 3557 1433 3613 pro
1480 3541 1856 3614 magnitudine
1896 3539 2045 3603 desi-

455 3633 593 3689 derii
636 3634 721 3690 sui
757 3634 826 3689 ad
869 3631 1078 3706 majora
1125 3634 1268 3690 sacri
1294 3635 1457 3690 studii
1486 3649 1687 3690 arcana
1713 3631 2042 3699 festinaret,

453 3727 632 3782 locum
662 3726 731 3783 ad
785 3734 999 3798 tempus
1045 3735 1262 3784 mutare
1287 3727 1562 3799 profectus
1588 3740 1756 3783 causa
1783 3725 2040 3781 decrevit.

456 3819 592 3873 Nam
616 3833 683 3874 eo
714 3828 959 3890 tempore
985 3820 1223 3877 studium
1253 3820 1555 3876 litterarum
1581 3818 1846 3893 generale,
1885 3819 2047 3875 sicuti

450 3917 641 3980 postea
675 3950 690 3976 ,
738 3910 973 3967 necdum
1015 3910 1071 3966 in
1123 3910 1380 3967 Fuldensi
1428 3909 1760 3966 monasterio
1809 3908 2042 3980 vigebat.

456 3997 708 4053 Mouachi
756 4000 959 4055 etenim
1007 4000 1198 4055 humili
1250 3999 1657 4071 Scripturarum
1691 3998 2047 4070 intelligentia

457 4091 741 4158 contenti,
777 4092 1022 4149 moribus
1044 4106 1255 4165 graves,
1285 4102 1342 4149 et
1371 4094 1754 4151 subrusticana
1791 4091 2049 4162 simplici-

460 4190 573 4238 tate
620 4184 812 4241 imbuti
841 4226 856 4251 ,
905 4185 1100 4242 altiora
1145 4187 1387 4243 scientiae
1415 4188 1596 4242 studia
1620 4202 1729 4241 non
1758 4187 2043 4242 curabant.

462 4272 618 4330 Unde
660 4275 1010 4332 beatissimus
1050 4277 1265 4349 juvenis
1290 4294 1413 4334 cum
1445 4292 1543 4347 pro
1567 4277 1770 4347 ingenti
1800 4275 2049 4346 Scriptu-

460 4383 650 4423 rarum
702 4370 973 4427 desiderio
998 4410 1015 4438 ,
1068 4380 1295 4442 propter
1340 4371 1730 4443 magistrorum
1768 4370 2050 4441 penuriam

463 4461 702 4517 animum
749 4477 909 4519 suum
949 4463 1007 4518 in
1057 4463 1277 4534 proprio
1304 4463 1503 4518 satiare
1558 4460 1890 4518 monasterio
1942 4474 2051 4515 non

463 4561 665 4620 posset,
680 4555 951 4626 sciretque
975 4554 1330 4626 Rathgarium
1359 4570 1417 4610 se
1443 4562 1720 4624 pastorem
1745 4554 1947 4609 habere
1972 4552 2054 4609 fa-

463 4644 782 4714 vorabilem,
802 4648 1039 4717 quadam
1074 4647 1163 4702 die
1191 4648 1260 4703 ad
1285 4648 1450 4717 pedes
1475 4647 1592 4719 ejus
1612 4648 1967 4718 provolvitur,
1997 4656 2053 4705 et

2130 753 2272 817 rum,
2295 735 2440 792 unde
2466 740 2522 790 et
2544 733 2720 789 libens
2748 730 2917 804 petita
2944 726 3232 786 concessit.

2196 856 2256 912 In
2283 855 2473 912 diebus
2497 852 2604 911 illis
2627 850 2855 908 ﬂorebat
2893 850 2948 905 in
2987 859 3155 919 regno
3182 842 3520 899 Francorum
3558 836 3715 894 Albi-

2128 966 2261 1016 nus,
2289 949 2383 1020 qui
2416 955 2472 1004 et
2493 945 2777 1013 Alouinus,
2804 944 3025 1002 natione
3055 939 3311 1011 Anglicus
3333 978 3349 1005 ,
3374 935 3719 1008 professione

2128 1042 2426 1099 monachus
2458 1038 2487 1079 δ
2508 1079 2524 1105 ,
2553 1038 2745 1097 ordine
2792 1022 3002 1101 Levita,
3031 1032 3293 1105 dignitate
3330 1028 3499 1085 abbas
3536 1038 3559 1068 ο
3591 1041 3718 1082 mo-

2129 1133 2352 1191 nasterii
2382 1131 2464 1188 sui
2495 1128 2713 1190 Martini
2762 1125 3094 1185 Turonensis
3112 1165 3128 1192 ,
3154 1122 3334 1181 Caroli
3366 1120 3510 1193 regis
3535 1117 3717 1190 Magni

2130 1225 2403 1298 quondam
2432 1228 2736 1293 praeceptor
2757 1259 2773 1287 ,
2818 1220 2876 1276 in
2912 1219 3061 1276 omni
3109 1215 3371 1275 varietate
3413 1212 3718 1282 scriptura-

2130 1334 2251 1375 rum
2278 1312 2649 1378 doctissimus,
2680 1312 2774 1383 qui
2806 1311 3015 1382 primus
3057 1307 3199 1379 apud
3235 1304 3420 1362 Gallos
3458 1309 3514 1358 et
3551 1300 3722 1357 italos

2130 1410 2317 1466 Romae
2346 1407 2374 1450 ἀ
2398 1446 2414 1474 ,
2445 1408 2665 1473 Parisii,
2698 1413 2754 1462 et
2783 1400 3092 1460 Suessionis
3112 1439 3130 1466 ,
3170 1396 3373 1454 scholis
3422 1393 3725 1450 monacho-

2132 1519 2253 1559 rum
2301 1501 2532 1572 publicis
2577 1497 2831 1570 przelatus
2863 1493 3033 1550 multa
3066 1488 3285 1561 scripsit
3312 1480 3381 1542 ad
3428 1484 3722 1541 utilitatem

2133 1607 2474 1651 communem
2498 1630 2515 1659 ,
2554 1598 2611 1647 et
2656 1587 2840 1659 plures
2887 1585 2943 1640 in
2992 1581 3141 1638 omni
3186 1577 3411 1636 scientia
3445 1573 3725 1631 auditores

2135 1688 2384 1746 educavit
2428 1685 2791 1742 doctissimos.
2836 1678 2921 1736 Ad
2968 1678 3111 1733 hunc
3149 1670 3515 1731 venerabilem
3541 1669 3725 1724 virum

2136 1781 2226 1853 (eo
2262 1787 2503 1850 tempore
2545 1778 2601 1834 in
2627 1777 2763 1833 urbe
2789 1773 2963 1830 Roma
2999 1768 3281 1827 custodem
3300 1758 3357 1821 et
3384 1758 3723 1829 ministrum)

2135 1871 2392 1929 Ecclesia:
2425 1867 2809 1925 Lateranensis
2841 1876 2864 1905 θ
2882 1904 2898 1931 ,
2956 1878 3021 1918 ac
3069 1858 3271 1917 scholis
3322 1853 3721 1911 monachorum

2136 1968 2367 2042 publicis
2403 1964 2782 2038 prasidentem
2807 2002 2821 2027 ,
2868 1955 3198 2028 Rathgarius
3237 1952 3405 2008 abbas
3436 1950 3503 2042 de
3551 1945 3726 2001 Fulda

2139 2062 2290 2118 misit
2333 2060 2618 2116 Rabanum
2646 2071 2772 2113 cum
2806 2052 2928 2110 aliis
2958 2050 2977 2091 ί
3007 2049 3218 2106 duobus
3256 2041 3558 2107 monachis,
3589 2038 3725 2094 llai-

2135 2166 2296 2210 ntone
2323 2160 2380 2207 et
2408 2136 2691 2206 Diedone:
2726 2158 2956 2218 quorum
3004 2140 3156 2214 prior
3200 2138 3489 2209 episcopus
3535 2139 3729 2203 postea

2135 2246 2238 2302 fuit
2264 2246 2319 2302 in
2347 2244 2658 2301 Halberstat
2676 2281 2696 2312 ,
2723 2238 2994 2313 posterior
3020 2248 3151 2291 vero
3179 2231 3397 2289 Hattoni
3426 2229 3482 2284 in
3507 2227 3729 2284 abbatia

2136 2343 2393 2402 Fuldensi
2432 2344 2666 2399 fratrum
2706 2340 2972 2396 electione
3006 2331 3286 2391 successit.
3321 2327 3548 2383 Albinus
3596 2338 3731 2395 ergo

2137 2441 2334 2498 missos
2367 2439 2436 2495 ad
2471 2452 2531 2494 se
2570 2434 2869 2492 monachos
2892 2431 2960 2487 de
2980 2426 3153 2483 Fulda
3178 2424 3279 2481 sub
3312 2415 3612 2490 magisterii
3644 2413 3731 2470 sui

2139 2531 2313 2590 ferula
2334 2529 2656 2598 suscipiens,
2674 2538 2891 2581 omnem
2911 2522 3054 2579 circa
3074 2517 3195 2574 illos
3218 2510 3554 2584 diligentiam
3577 2505 3732 2562 adhi-

2137 2626 2279 2692 buit,
2328 2632 2384 2678 et
2432 2620 2596 2677 nullis
2621 2633 2722 2692 pro
2763 2614 2967 2673 salubri
2996 2624 3189 2668 eorum
3219 2603 3556 2664 institutione
3584 2598 3733 2654 labo-

2139 2721 2291 2777 ribus
2342 2718 2607 2790 pepercit.
2659 2714 2947 2769 Rabanum
3007 2715 3249 2779 tamen,_
3301 2714 3464 2771 quem
3516 2692 3733 2752 caeteris

2139 2813 2441 2871 acutiorem
2486 2809 2703 2881 ingenio
2739 2803 2977 2869 videbat,
3013 2796 3367 2873 prepensiore
3395 2790 3572 2849 studio
3600 2803 3733 2860 pro-

2140 2906 2469 2978 sequebatur
2501 2880 2727 2957 ducendi
2760 2940 2774 2966 ,
2806 2905 2863 2953 et
2889 2892 3151 2966 singulari
3188 2904 3317 2945 cura
3351 2880 3735 2941 sollicitudinis

2141 2972 2290 3058 circa
2342 2999 2493 3054 illum
2524 2993 2801 3067 vigilabat.
2849 2990 3021 3045 Annis
3069 3002 3167 3042 sex
3216 2980 3489 3040 continuis
3532 2979 3556 3017 ε
3593 2972 3737 3046 apud

2141 3093 2396 3150 Albinum
2439 3089 2758 3162 magistrum
2789 3085 3045 3140 Rabanus
3071 3074 3501 3136 studiosissimus
3523 3067 3739 3124 auditor

2144 3195 2307 3256 atque
2365 3158 2663 3255 discipulus
2712 3178 2896 3235 Romae
2946 3171 3295 3247 permansit,
3356 3176 3412 3223 et
3465 3158 3741 3256 discendis

2143 3249 2446 3350 Scripturis
2479 3249 2808 3331 indefessum
2837 3268 3076 3327 studium
3105 3262 3323 3321 sedulus
3358 3253 3644 3350 impendit.
3678 3249 3740 3305 In

2148 3369 2232 3427 his
2272 3343 2498 3424 artibus
2549 3374 2757 3437 septem
2777 3404 2790 3429 ,
2841 3372 2977 3432 quas
3032 3356 3368 3428 professores
3421 3343 3741 3437 earumdem

2147 3454 2400 3515 liberales
2448 3431 2647 3513 vocant
2668 3495 2684 3521 ,
2738 3431 2913 3507 evasit
2959 3446 3305 3504 doctissimus
3328 3482 3347 3511 ,
3392 3448 3451 3497 et
3483 3438 3541 3495 in
3589 3431 3743 3492 omni

2146 3549 2414 3617 scientia,
2466 3552 2581 3602 tam
2628 3544 2935 3601 divinarum
2971 3552 3136 3610 quam
3172 3537 3537 3593 humanarum
3571 3525 3743 3584 tradi-

2146 3645 2358 3701 tionum
2383 3684 2398 3709 ,
2446 3655 2554 3699 non
2602 3647 2723 3695 erat
2771 3636 2851 3693 illi
2898 3617 3207 3725 secundum!
3230 3628 3519 3685 Enimvero
3573 3634 3741 3692 quam

2147 3734 2394 3790 eruditus
2442 3731 2607 3787 fuerit
2648 3729 2704 3784 in
2753 3723 3151 3799 grammaticis,
3190 3710 3263 3777 'in
3304 3712 3635 3799 rhetoricis,
3687 3710 3744 3765 in

2149 3825 2361 3896 logicis,
2395 3824 2449 3879 in
2480 3819 2840 3877 arithmeticis
2864 3854 2880 3885 ,
2911 3818 2966 3872 in
2996 3810 3337 3886 geometricis
3368 3849 3384 3875 ,
3428 3808 3485 3864 in
3512 3792 3745 3877 poeticis

2148 3894 2477 3980 etimusicis,
2508 3912 2563 3967 in
2594 3907 2976 3967 aStronomicis
2996 3916 3053 3963 et
3074 3899 3496 3964 mathematicis,
3536 3896 3594 3952 in
3614 3894 3745 3966 phy-

2149 4007 2278 4064 sicis
2306 4014 2362 4061 et
2390 4004 2796 4076 metaphysieis,
2827 4002 2884 4056 in
2912 3995 3302 4070 philosophicis
3325 4002 3383 4049 et
3403 3988 3741 4059 theologicis,

2150 4100 2207 4155 in
2250 4096 2503 4155 humanis
2544 4110 2761 4168 quoque
2806 4102 2865 4149 et
2910 4092 3107 4149 divinis
3129 4099 3161 4157 ,'
3182 4088 3492 4161 quicunque
3529 4080 3744 4153 plenius

2149 4191 2456 4262 intelligere
2487 4189 2794 4253 desiderat,
2849 4183 2967 4254 ejus
3008 4181 3287 4240 volumina
3309 4219 3325 4243 ,
3357 4192 3479 4262 qua;
3505 4183 3561 4231 et
3586 4171 3744 4243 plura

2151 4292 2276 4341 sunt
2304 4246 2361 4339 ei
2385 4246 2791 4353 elegantissima
2815 4318 2828 4344 ,
2859 4246 3171 4347 diligentius
3195 4246 3543 4344 revolv'atihi
3564 4267 3747 4334 dispu-

2154 4379 2318 4438 tando
2340 4377 2474 4432 tanti
2505 4374 2610 4429 fuit
2632 4371 2900 4429 acuminis
2926 4409 2941 4437 ,
2986 4376 3046 4425 ut
3092 4366 3337 4424 omnium
3374 4359 3744 4431 sophistarum

2152 4467 2621 4527 nominatissimus
2665 4464 2961 4519 haberetur
3010 4468 3067 4517 et
3115 4465 3280 4516 esset.
3324 4453 3519 4518 Unde,
3571 4446 3743 4504 veluti

2152 4564 2291 4618 alter
2326 4558 2662 4630 Augustinus
2685 4596 2701 4624 ,
2756 4554 3139 4611 haereticorum
3190 4558 3370 4605 terror
3408 4554 3464 4601 et
3514 4541 3746 4598 malleus

2153 4662 2292 4720 erat,
2317 4668 2453 4723 quos
2476 4664 2667 4706 omnes
2724 4647 2869 4704 facili
2922 4641 3303 4715 congressione
3352 4635 3644 4708 superabat
3689 4640 3747 4687 et

465 4741 594 4845 quid
611 4742 855 4845 haberet
879 4743 935 4797 in
962 4744 1145 4798 animo
1191 4758 1402 4798 summa
1451 4748 1573 4799 cum
1602 4745 1908 4801 humilitate
1936 4761 2054 4801 ma-
2155 4748 2305 4804 vicit.
2345 4746 2414 4802 Et
2441 4761 2564 4801 cum
2587 4750 2797 4799 tantam
2833 4741 3076 4798 omnium
3103 4736 3456 4795 scientiarum
3475 4738 3623 4787 esset
3648 4744 3746 4785 co-

1469 4837 1481 4845 .
1617 4839 1628 4845 ’
1726 4838 1739 4845 “
2200 4844 2205 4845 ⁷
2403 4840 2417 4845 ⁸
2963 4842 2970 4845 .
3193 4831 3205 4843 ο
3302 4825 3595 4845 γη-Α-ιμεώμ
3645 4821 3746 4845 ιδ’-ζ.

467 4831 722 4887 nifeslum
754 4833 959 4890 faciens
989 4876 1004 4901 ,
1035 4850 1359 4890 consensum
1402 4837 1487 4892 sui
1516 4839 1662 4893 senis
1707 4838 2046 4907 deprecatur.

467 4923 677 4980 Placuit
712 4925 902 4995 petitio
953 4926 1310 4982 adolescentis
1339 4929 1553 4996 abbati;
1590 4937 1645 4984 et
1688 4930 1913 4985 consilio
1967 4945 2052 4986 se-

468 5016 684 5070 niorum
728 5015 968 5071 adhibito
995 5058 1011 5083 ,
1062 5016 1275 5073 facilem
1305 5020 1600 5089 postulanti
1636 5023 1784 5078 dedit
1822 5038 2054 5079 consen-

470 5121 611 5161 sum.
632 5108 900 5163 Cernebat
922 5110 1064 5163 enim
1089 5111 1269 5167 senior
1296 5115 1647 5183 providus,ut
1667 5115 1828 5186 paulo
1847 5116 2053 5171 dictum

470 5204 556 5252 est
604 5198 758 5269 prius
785 5239 800 5267 ,
834 5201 1065 5272 gratiam
1096 5201 1152 5258 in
1179 5217 1246 5259 eo
1275 5204 1519 5262 relucere
1566 5207 1803 5263 divinam
1828 5248 1843 5274 ,
1898 5204 2052 5276 cujus

532 5394 865 5476 ‘!_Al_'cuinus
890 5416 977 5457 an.
1002 5403 1116 5476 804
1149 5414 1397 5462 mortuus
1419 5413 1505 5462 est
1529 5422 1544 5459 :
1574 5405 1643 5460 ad
1663 5418 1828 5476 quem
1852 5404 2054 5461 missus

470 5475 557 5524 est
580 5467 839 5527 Rabanus
870 5488 961 5527 an.
992 5474 1115 5530 802.

534 5539 572 5621 ,ιι
602 5540 661 5596 In
712 5541 969 5621 Qhronol.
1000 5547 1561 5621 _Turonensi__dicitur
1585 5547 1883 5621 canonicis
1926 5562 2052 5617 pro-

471 5610 640 5686 fuisse
669 5614 776 5681 :_de
806 5617 1130 5686 monacham
1155 5617 1270 5686 ejus
1298 5617 1455 5671 silent
1484 5616 1715 5685 antiqui.

546 5694 569 5722 ε
609 5682 667 5736 1n
699 5685 928 5741 concilio
966 5682 1210 5743 Romano
1237 5688 1363 5741 anni
1406 5686 1507 5741 799
1536 5682 1637 5742 sub
1662 5687 1841 5743 Leone
1864 5686 1928 5741 Ill
1953 5686 2051 5740 ha-

469 5754 955 5881 ;i'téppellatur
980 5799 997 5824 ,
1024 5758 1235 5814 actione
1260 5758 1319 5823 2,
1348 5756 1506 5829 abbas
1536 5759 1839 5812 monasterii
1870 5758 2055 5813 Sancti

538 5894 868 5978 d_Docuisse
894 5897 1181 5978 Alcuinum
1224 5899 1279 5978 in
1328 5898 1479 5953 Italia
1528 5898 1731 5978 R0_m:c,
1771 5901 2054 5955 autetiam

471 5964 642 6022 Paris.
672 5966 1037 6039 autAugustat
1062 5967 1410 6025 Suessionum
1434 6010 1449 6038 ,
1480 5971 1622 6041 apud
1651 5972 1901 6042 antiquos
1944 5987 2051 6028 non

2155 4844 2301 4914 piam
2332 4840 2601 4911 adeptus,
2634 4851 2907 4905 nunquam
2955 4842 3137 4889 tamen
3191 4831 3246 4885 in
3293 4825 3603 4897 superbiam
3642 4821 3750 4877 fuit

2157 4913 2349 4996 elatus,
2381 4943 2657 4999 nunquam
2687 4943 2785 4982 suo
2815 4942 2873 4981 se
2904 4924 3110 4993 judicio
3138 4921 3375 4979 inaniter
3404 4931 3566 4987 super
3610 4913 3751 4969 alios

2157 5025 2379 5091 extulit,
2410 5036 2684 5094 nunquam
2708 5020 3069 5090 simpliciores
3088 5028 3143 5075 et
3166 5017 3346 5072 minus
3366 5013 3421 5068 in
3449 5008 3753 5078 Scripturis

2158 5115 2402 5174 eruditos
2451 5114 2614 5170 etiam
2662 5113 2858 5169 leviter
2882 5109 3225 5180 contempsit.
3266 5108 3324 5162 ln
3350 5118 3480 5160 vera
3509 5110 3753 5167 namque

2159 5209 2469 5266 humilitate
2481 5206 2740 5265 fundatus
2752 5205 3073 5274 monastica,
3088 5200 3345 5276 parvulus
3363 5200 3422 5256 in
3443 5194 3618 5255 oculis
3631 5190 3752 5250 Suis

2157 5412 2173 5466 ι
2249 5415 2259 5427 °
2391 5456 2403 5469 .

2177 5428 2425 5540 cggmlﬁc
2456 5480 2770 5539 omnimodo
2798 5478 2976 5544 falsa;
3015 5475 3231 5549 occasio
3268 5470 3576 5549 erroris‘ex
3599 5478 3753 5549 car-

2159 5558 2315 5619 mine.
2344 5554 2495 5625 operi
2525 5555 2590 5609 de
2618 5554 2792 5625 Qruce
2815 5540 3037 5625 praefixo
3062 5540 3697 5625 ῃόιῃίπεςοιεξιιιςὶιθδςείέἡ

2237 5604 2270 5666 Γ
2298 5604 2409 5681 lino
2451 5612 2573 5680 cum
2623 5604 2785 5679 {initio
2816 5604 3021 5677 (selum
3056 5610 3202 5675 socio
3260 5604 3496 5670 Ratione
3546 5604 3752 5681 nisst

2156 5702 2259 5823 ﬁsi,
2275 5677 2401 5823 trita
2426 5677 2677 5762 Romam,
2704 5677 2800 5750 ‘se‘d
2820 5692 2891 5749 a‘d
2916 5686 3313 5748 ambustam
3341 5682 3658 5739 TurOnense
3679 5677 3747 5734 S.

2212 5784 2270 5822 ar
2297 5784 2391 5827 un.

2681 5838 2824 5893 amo
2856 5830 3149 5941 temnis
3178 5820 3462 5902 “animi
3498 5828 3754 5882 mortuus

2154 5924 2237 5965 CSl
2256 5924 2534 5964 Λιεωιιυε.
2856 5938 2863 5941 τ
