4016 6482
205 559 279 622 ’Π

1572 542 2109 607 Ριιυιωωωω.
3405 538 3477 601 78

205 675 525 753 apparebat,
540 678 595 734 et
606 664 1391 748 quantomajor‘ex‘stitit,tanto
1404 680 1462 723 se
1472 664 1799 738 peramplius
1826 663 1881 725 Α
1904 675 2045 717 anno
2067 658 2318 717 videlicet
2354 659 2584 716 abbatiaz
2608 659 2889 733 Rathgarii
2932 658 3218 718 memerati
3258 666 3473 715 octavo.

205 768 536 828 bumiliavit.
583 766 819 824 Noverat
846 763 1022 831 enim,
1060 760 1312 818 monachi
1353 759 1637 815 Scientiam
1678 758 1795 813 sine

210 872 344 919 vera
369 858 675 918 humilitate
698 855 898 912 mentis
918 853 1277 927 perniciosam
1305 865 1426 906 esse
1463 849 1746 904 stultitiam
1775 887 1792 913 ,

212 952 380 1009 etiam
410 951 456 1007 si
484 948 627 1022 apud
666 948 914 1004 homines
942 944 1284 1001 doctissimus
1327 940 1609 997 habeatur.
1658 937 1798 994 Dicit

214 1046 359 1102 enim
386 1042 668 1115 Scriptura
694 1056 709 1096 :
732 1039 989 1096 Doctrina
1015 1039 1113 1094 viri
1162 1053 1254 1109 per
1278 1033 1585 1108 patientiam
1615 1033 1798 1104 digno-

216 1137 382 1192 scitur
414 1134 597 1206 (Prov.
612 1130 983 1206 xix).Patlens
1014 1138 1195 1185 autem
1218 1127 1488 1184 Veraciter
1507 1140 1667 1182 nemo
1690 1123 1798 1181 dici

214 1236 480 1293 meretur,
528 1227 620 1297 qui
663 1224 884 1281 humilis
926 1239 1034 1279 non
1089 1222 1272 1287 fuerit,
1318 1229 1375 1277 et
1402 1218 1800 1291 Omnipotentis

214 1317 368 1371 nutui
418 1315 579 1386 plena
626 1312 903 1371 voluntate
956 1308 1249 1381 subjectus.
1304 1310 1557 1367 Rabanus
1616 1317 1800 1363 autem

214 1415 420 1474 noster,
452 1421 614 1463 verus
641 1402 737 1462 Dei
784 1412 997 1462 amator
1021 1445 1036 1472 ,
1067 1404 1159 1474 qui
1188 1410 1243 1458 et
1266 1401 1484 1459 humilis
1509 1409 1564 1456 et
1589 1401 1800 1473 patiens

214 1502 485 1557 veraciter
510 1501 735 1566 exstitit,
774 1508 975 1571 quanto
1030 1498 1085 1554 in
1133 1496 1292 1554 bonis
1337 1496 1531 1553 studiis
1572 1493 1799 1566 amplius

211 1592 550 1666 profecerat,
584 1601 735 1649 tanto
765 1592 937 1663 magis
980 1592 1222 1646 animum
1263 1604 1417 1645 suum
1455 1602 1639 1644 coram
1689 1587 1800 1643 Deo

214 1694 272 1743 et
318 1685 627 1743 hominibus
669 1683 1010 1741 humiliabat.
1060 1681 1180 1739 Non
1225 1680 1375 1738 ilium
1419 1692 1561 1737 vana
1597 1677 1801 1735 terreni

215 1777 441 1833 honoris
484 1776 709 1832 ambitio
744 1774 909 1830 traxit
940 1773 1009 1829 ad
1036 1773 1312 1840 studium,
1357 1784 1465 1828 non
1512 1778 1801 1843 paupertas

216 1868 304 1925 vel
341 1869 522 1941 inopia
549 1868 755 1924 fecerat
774 1866 1101 1923 monachum
1131 1864 1185 1920 in
1218 1863 1514 1936 Scripturis
1541 1877 1664 1919 esse
1690 1871 1803 1917 stu-

1896 755 2067 824 Quem
2111 752 2310 808 fratres
2334 768 2458 809 cum
2485 768 2679 826 magna
2702 753 2986 810 charitatis
3011 753 3196 809 laetitia
3223 766 3478 825 suscepe-

1896 856 2065 916 runt,
2110 846 2258 903 'dona
2298 845 2615 917 multiplicia
2650 848 2705 902 in
2753 862 2819 902 eo
2869 846 3053 902 divina
3096 848 3473 904 honorantes:

1897 941 2093 1012 quippe
2117 939 2209 1010 qui
2238 945 2504 995 noverant
2534 938 2684 994 illum
2711 954 2819 995 non
2844 938 3019 995 solum
3056 950 3280 1011 propter
3301 938 3479 995 scien-

1898 1031 1985 1087 tia:
2011 1030 2497 1102 praeeminentiam,
2527 1038 2582 1086 et
2601 1031 2922 1101 magistrum
2944 1045 3068 1087 esse
3086 1030 3476 1098 venerabilem,

1896 1121 1992 1178 sed
2016 1121 2185 1176 multo
2208 1122 2381 1192 magis
2401 1119 2471 1177 ob
2495 1121 2617 1176 vita:
2642 1122 2914 1190 meritum,
2942 1122 3151 1179 uinctis
3175 1124 3230 1178 in
3261 1121 3481 1179 Christo

1897 1214 2186 1270 virtutibus
2227 1213 2571 1284 locupletem.
2608 1213 2765 1268 Enim
2790 1228 2920 1270 vero
2961 1230 3061 1285 per
3115 1214 3246 1271 illud
3296 1231 3484 1273 sexen-

1898 1309 2047 1363 nium
2075 1350 2091 1376 ,
2133 1324 2241 1383 quo
2284 1308 2473 1365 Roma:
2517 1310 2618 1365 sub
2668 1309 2882 1366 abbatis
2919 1310 3238 1383 magisterio
3286 1312 3483 1371 litteris

1898 1416 2121 1473 operam
2167 1400 2432 1469 dederat,
2476 1402 2531 1457 in
2561 1402 2741 1458 omnia
2773 1402 2996 1459 scientia
3020 1446 3034 1470 ,
3082 1411 3196 1458 tam
3244 1404 3484 1460 humana

1898 1511 2059 1567 quam
2093 1496 2274 1553 divina
2297 1538 2313 1565 ,
2360 1513 2523 1568 super
2547 1512 2736 1553 omnes
2775 1507 3077 1554 eozetaneos
3103 1492 3230 1555 suos
3260 1499 3488 1557 miriﬁce

1898 1588 2242 1662 profecerat,
2286 1592 2571 1661 evasitque
2602 1605 2847 1646 summus
2890 1590 2945 1645 in
2974 1588 3123 1646 omni
3162 1590 3337 1647 scibili
3366 1592 3488 1663 phi—

1898 1683 2158 1755 lowphus
2182 1725 2197 1751 ,
2229 1692 2499 1755 poetaque
2532 1683 2945 1749 disertissimus,
2972 1688 3027 1738 et
3053 1682 3334 1755 theologus
3356 1699 3487 1740 cun-

1901 1789 2115 1837 ctorum
2158 1779 2365 1851 judicio
2411 1778 2918 1835 excellentissimus.
2945 1776 3118 1833 Tanta
3163 1776 3394 1849 denique
3437 1784 3493 1833 et

1900 1871 2090 1928 Roma:
2126 1880 2181 1928 et
2217 1871 2402 1927 Fuldaa
2430 1871 2643 1927 cunctis
2684 1862 2810 1925 vita:
2846 1882 2957 1925 sua:
2993 1869 3181 1925 diebus
3228 1869 3494 1925 virtutum

218 1961 471 2028 diosum;
502 1962 601 2017 sed
644 1959 744 2016 Dei
790 1975 961 2027 amor,
1002 1958 1093 2029 qui
1133 1956 1303 2013 vincit
1330 1956 1534 2018 omnia.
1564 1963 1804 2010 mentem
1905 1971 1961 2019 et
1996 1964 2316 2019 meritorum
2374 1962 2734 2017 sanctimonia
2776 1959 3013 2027 claruit,
3066 1959 3211 2031 quod
3254 1975 3443 2016 eorum
3472 2002 3492 2030 ,

214 2053 366 2109 illius
410 2054 728 2109 incenderat
752 2052 820 2107 ad
856 2049 1148 2121 spiritualis
1179 2048 1421 2105 scientia:
1448 2049 1800 2104 incrementa.
1832 2034 1880 2096 B
1909 2056 2001 2129 qui
2031 2050 2153 2112 δυω
2180 2071 2245 2112 ρο
2270 2055 2619 2120 habitabant,
2646 2052 2819 2126 gratia
2844 2052 2997 2109 mum
3037 2052 3133 2108 Dei
3161 2058 3493 2122 paventum

214 2145 370 2200 Nihil
409 2153 493 2200 est
522 2142 735 2200 diliicile
776 2144 930 2199 bona:
955 2142 1256 2210 voluntati,
1294 2142 1430 2197 nihil
1465 2137 1807 2196 formidabile

214 2234 391 2291 Deum
421 2235 690 2289 veraciter
716 2232 937 2289 amanti.
983 2233 1137 2289 Unde
1178 2249 1299 2288 cum
1334 2247 1393 2288 se
1425 2238 1597 2288 totum
1625 2229 1807 2285 divino

215 2328 585 2398 mancipasset
634 2325 910 2397 obsequio,
944 2325 1189 2397 nihilque
1216 2325 1270 2379 in
1304 2324 1410 2380 hoc
1435 2322 1638 2378 mundo
1662 2335 1807 2393 quae-

217 2426 388 2483 reret,
411 2417 548 2473 nihil
571 2425 793 2487 cuperet
816 2415 903 2471 vel
940 2423 1172 2487 optaret,
1214 2415 1319 2471 nisi
1346 2414 1519 2470 Deum
1549 2413 1725 2471 solum
1753 2418 1809 2468 et

221 2512 508 2568 scientiam
536 2510 941 2581 Scripturarum
965 2549 983 2578 ,
1010 2509 1231 2580 dignum
1257 2522 1318 2564 se
1346 2506 1565 2564 Christo
1602 2506 1808 2562 studuit

219 2603 479 2660 exhibere
500 2602 810 2657 ministrum
833 2642 850 2669 ,
893 2616 926 2656 a
970 2615 1078 2672 quo
1127 2607 1354 2655 noverat
1401 2612 1562 2653 omne
1607 2597 1808 2653 donum

220 2695 547 2751 mortalibus
587 2695 875 2766 provenire
926 2693 1250 2766 perfectum.
1300 2690 1535 2763 Semper
1576 2691 1810 2761 aliquem

223 2785 422 2841 divina:
447 2786 698 2842 lectionis
724 2786 966 2842 codicem
995 2785 1248 2841 versabat
1270 2784 1327 2840 in
1356 2782 1607 2839 manibus
1630 2825 1645 2851 ,
1673 2796 1812 2839 sem-

222 2892 329 2947 per
355 2878 411 2933 in
439 2879 729 2950 semetipso
774 2878 877 2935 sibi
910 2878 1091 2934 unitas
1122 2876 1331 2951 [Ιιόηρξ⁷
1365 2875 1574 2950 unitas]
1607 2875 1811 2947 aliquid

222 2971 552 3042 operabatur
572 2971 728 3027 bona:
751 2971 1100 3043 operationis.
1124 2970 1191 3025 Et
1218 2986 1392 3041 neque
1420 2968 1609 3026 diebus
1637 2984 1813 3040 neque

223 3062 479 3120 noctibus
505 3064 573 3120 ab
599 3064 1018 3136 investigatione
1054 3063 1360 3119 divinarum
1386 3062 1635 3118 cessabat
1658 3060 1810 3117 Scri-

223 3164 527 3227 pturarum.
557 3154 693 3212 Nam
729 3164 929 3229 prater
961 3156 1092 3212 illud
1123 3165 1358 3226 tempus,
1395 3154 1539 3227 quod
1582 3154 1672 3209 vel
1724 3153 1811 3208 in-

1909 2149 2128 2223 speciali
2157 2147 2335 2203 nullus
2361 2146 2644 2203 dubitavit.
2679 2145 2833 2202 Unde
2867 2144 2970 2201 sibi
2996 2158 3106 2201 non
3145 2143 3317 2201 solum
3368 2156 3496 2215 pro-

1886 2318 1887 2321 η
1910 2244 2031 2307 fuit,
2057 2241 2153 2298 sed
2173 2238 2359 2295 multis
2379 2238 2564 2305 verbo,
2590 2237 2809 2308 scriptis
2831 2244 2886 2294 et
2905 2235 3152 2307 exemplo
3172 2234 3362 2291 salutis
3392 2234 3495 2291 iter

1910 2335 2163 2392 ostendit.
2191 2331 2519 2403 Rathgarius
2540 2344 2780 2403 quoque,
2815 2329 3141 2388 venerabilis
3165 2326 3353 2396 abbas,
3376 2329 3490 2399 qui,

1910 2436 1973 2485 ut
1996 2440 2162 2498 supra
2197 2425 2453 2491 diximus,
2490 2423 2642 2479 illum
2681 2438 2796 2495 pra:
2836 2422 3049 2479 caeteris
3075 2420 3280 2477 aretius
3311 2419 3499 2493 dilige-

1908 2519 2004 2576 bat
2030 2559 2045 2585 ,
2084 2516 2201 2587 ejus
2228 2514 2500 2588 profectui
2538 2513 2680 2571 miro
2721 2513 3205 2584 congratulabatur
3260 2508 3452 2567 allecto
3479 2555 3492 2577 ,

1912 2608 2237 2683 gavisusque
2284 2600 2448 2662 talem
2489 2620 2549 2661 se
2590 2603 2794 2661 habere
2839 2602 3163 2675 discipulum
3188 2643 3202 2668 ,
3261 2601 3351 2672 qui
3382 2600 3498 2672 jam

1912 2701 2140 2758 idoneus
2168 2707 2316 2756 esset
2366 2712 2717 2769 quoscunque
2762 2704 2817 2752 et
2855 2695 2989 2752 alios
3030 2696 3223 2753 docere
3246 2736 3262 2761 ,
3290 2693 3503 2764 magni-

1912 2792 2048 2851 ﬁcas
2094 2791 2452 2863 omnipotenti
2499 2789 2613 2847 Deo
2662 2789 2959 2861 gratiarum
3000 2786 3183 2843 retulit
3233 2786 3499 2842 actiones.

1913 2887 2116 2944 Verum
2145 2894 2206 2940 ut
2227 2882 2582 2941 ecclesiastici
2606 2881 2816 2939 ordinis
2837 2881 3123 2937 collatione
3152 2877 3326 2947 major
3356 2882 3504 2933 esset

1913 2977 2138 3034 Rabano
2166 2977 2307 3033 inter
2329 2974 2527 3031 fratres
2550 2975 2880 3040 auctoritas,
2920 2990 3017 3044 per
3071 2971 3312 3043 singulos
3358 2968 3507 3027 sacri

1914 3068 2201 3125 miniSterii
2236 3068 2434 3140 gradus
2462 3074 2709 3123 evectum
2741 3106 2756 3132 ,
2787 3073 3062 3136 postremo
3088 3071 3268 3119 rector
3304 3059 3455 3116 illum
3487 3102 3506 3127 λ.

1916 3161 2194 3218 tricesimo
2221 3160 2399 3216 aetatis
2427 3174 2590 3225 anno,
2628 3158 2697 3213 ad
2730 3155 3087 3214 sacerdotalis
3128 3150 3287 3211 ollicii
3330 3150 3481 3224 digni

222 3250 498 3308 evitabilis
522 3253 822 3310 necessitas
858 3253 1168 3324 requirebat
1204 3259 1441 3318 naturae,
1500 3249 1586 3305 vel
1642 3247 1814 3305 divini
1916 3263 2086 3311 tatem
2128 3252 2418 3325 promovit.
2470 3251 2573 3320 Qui
2606 3249 2892 3323 presbyter
2937 3254 3319 3313 consecratus,
3371 3244 3508 3301 nihil.

224 3345 408 3400 cultus
441 3346 583 3402 ratio
615 3345 945 3418 postulabat,
976 3346 1122 3416 quod
1151 3343 1416 3416 reliquum
1442 3348 1562 3397 erat
1592 3364 1607 3408 ,
1651 3354 1814 3397 omne

1920 3352 2160 3425 pristinae
2201 3346 2525 3407 humilitatis
2550 3348 2755 3413 omisit,
2778 3344 2913 3402 nihil
2947 3344 3257 3399 manasticae
3281 3354 3509 3398 conver-

224 3428 634 3501 δοτίβιυητυω
670 3433 849 3488 suum)
883 3431 1232 3503 ίωρεηάθδαῑ
1253 3469 1268 3496 ι
1323 3430 1488 3499 idque
1536 3435 1711 3484 ῑοίυω
1755 3442 1815 3483 δε
1841 3406 1889 3472 C
1919 3406 2148 3503 sationis
2265 3440 2517 3513 puritatis
2543 3406 2820 3512 neglexit;
2855 3438 2951 3494 sed
2996 3435 3189 3506 majori
3220 3448 3280 3491 se
3325 3432 3510 3490 humi-

222 3523 523 3581 arbitratus
568 3526 889 3598 perdidisse,
920 3525 1066 3596 quod
1092 3524 1251 3580 aliter
1284 3534 1447 3593 quam
1478 3522 1533 3577 ih
1571 3523 1670 3577 Dei
1701 3521 1817 3577 lau-

1920 3536 2059 3594 litatl
2094 3535 2388 3608 subjiciens
2413 3577 2429 3604 ,
2478 3542 2650 3591 totam
2697 3535 2766 3590 ad
2811 3529 3076 3604 regularis
3112 3527 3512 3585 observantiam

224 3618 387 3674 dibus
415 3662 430 3690 ,
487 3629 585 3676 aut
635 3620 808 3677 sacris
873 3618 1071 3675 fuisset
1126 3617 1453 3674 lectionibus
1501 3624 1813 3686 espehsum.

1921 3627 2222 3700 disciplinae
2260 3628 2503 3684 animum
2544 3625 2847 3691 convertit,
2885 3622 3202 3692 cunctisque
3251 3618 3513 3675 fratribus

221 3705 524 3782 Propterea
556 3711 770 3781 quoties
812 3711 882 3767 ab
924 3710 1227 3767 actionibus
1268 3710 1481 3781 poterat
1503 3716 1698 3765 Vacare
1720 3724 1817 3780 pu-

1922 3723 2035 3780 Suis
2060 3737 2119 3779 se
2146 3719 2698 3793 obsequentissimum
2727 3717 3014 3781 exhibuit;
3039 3723 3094 3771 et
3123 3710 3208 3770 vel
3236 3710 3471 3767 orationi
3497 3752 3512 3777 ,

224 3798 406 3866 blicis,
449 3800 564 3856 suis
597 3801 806 3856 utiliter
841 3800 1126 3857 insistebat
1172 3799 1432 3871 privatis,
1496 3814 1817 3871 semperque

1922 3815 2008 3873 vel
2029 3830 2199 3873 sacrae
2223 3791 2469 3872 lectionis
2496 3811 2675 3869 studio
2697 3824 2914 3880 semper
2934 3808 3174 3861 intentus
3196 3804 3316 3858 fuit.
3345 3801 3513 3867 Cella,

222 3890 480 3947 oratione
553 3892 835 3961 praemissa
875 3892 1097 3965 speciali
1165 3891 1454 3949 devotione
1501 3893 1699 3949 mentis
1752 3892 1817 3948 ad

1925 3909 2066 3966 sicut
2122 3909 2273 3978 prius
2329 3913 2413 3961 est
2464 3904 2668 3960 dictum
2696 3942 2712 3968 ,
2761 3896 3048 3973 paradisus
3074 3895 3151 3950 illi
3185 3892 3431 3958 exstitit,
3462 3900 3519 3948 et

225 3984 427 4049 Deum,
456 3989 548 4038 aut
574 3983 724 4055 legit,
754 3991 848 4039 aut
872 3984 1111 4056 scripsit,
1137 3992 1231 4040 aut
1250 3984 1518 4056 legentem
1546 3984 1600 4039 in
1621 3983 1817 4040 scholis

1926 3976 2155 4060 chorum
2183 3997 2530 4071 psallentium
2575 3995 2809 4051 fratrum
2838 4034 2852 4058 ,
2885 3990 3084 4045 coelum
3129 3976 3416 4057 reputavit.
3448 3982 3519 4039 Et

222 4077 487 4132 Albinum
522 4078 727 4133 audivit
755 4078 1097 4151 magistrum.
1127 4077 1222 4135 llis
1251 4079 1403 4133 illum
1445 4078 1616 4134 sacris
1639 4079 1817 4133 inten-

1927 4094 2054 4167 quia
2074 4091 2285 4148 cunctis
2306 4104 2405 4160 pro
2421 4087 2622 4144 Christi
2642 4085 2863 4141 nomine
2876 4080 3154 4139 humiliter
3164 4074 3389 4149 obsequi
3404 4085 3518 4132 stu-

227 4177 351 4225 tum
383 4171 604 4238 studiis,
652 4181 708 4227 et
742 4173 859 4228 sine
900 4173 1303 4229 intermissione
1325 4172 1709 4229 continuanter
1732 4190 1817 4230 oc-

1928 4185 2063 4250 duit,
2082 4185 2206 4257 jure
2224 4182 2475 4239 omnibus
2505 4178 2731 4236 dilectus
2752 4175 2872 4231 fuit.
2906 4174 3316 4229 Amabanteum
3344 4168 3519 4225 sancti

226 4268 514 4333 cupatum,
545 4279 738 4335 magna
775 4264 873 4320 Dei
898 4266 1180 4322 miseratio
1207 4275 1532 4323 cunctarum
1558 4267 1825 4322 virtutum

229 4356 515 4412 decoravit
562 4365 755 4412 ornatu
787 4399 802 4423 ,
857 4360 1193 4431 contulitque
1229 4362 1438 4431 optanti
1482 4360 1701 4417 sensum
1727 4375 1826 4431 per

231 4450 419 4505 omnia
443 4460 883 4505 consummatum
914 4452 1248 4524 intelligendi
1282 4451 1619 4524 Scripturas,
1651 4442 1843 4507 dedit-i

233 4556 341 4611 que
370 4540 509 4595 bene
533 4542 727 4597 merito
755 4551 1067 4598 sanctorum
1094 4544 1399 4609 scientiam,
1438 4552 1492 4599 et
1522 4544 1576 4599 in
1617 4543 1829 4599 cunctis

233 4633 494 4705 operibus
533 4634 658 4689 boni
693 4636 1232 4691 consummationem.
1272 4636 1444 4692 Annis
1483 4637 1701 4691 tandem
1731 4651 1829 4691 sex

239 4726 428 4781 Romae
461 4727 605 4797 apud
643 4728 964 4799 magistrum
997 4740 1122 4783 eum
1161 4729 1368 4799 ingenti
1414 4728 1675 4784 doctrina:
1703 4742 1829 4798 pro-

236 4815 386 4872 fectu
439 4817 699 4887 expletis,
735 4819 927 4875 beatus
966 4819 1062 4875 Dei
1102 4818 1335 4875 famulus
1360 4859 1376 4886 ,
1407 4835 1515 4874 una
1545 4834 1671 4874 eum
1706 4819 1835 4874 Hai-

238 4924 403 4964 mone
446 4917 503 4964 et
539 4910 776 4965 Diedone
802 4952 817 4976 ,
854 4911 1089 4982 pastoris
1127 4912 1210 4967 sui
1240 4910 1420 4966 edicto
1450 4921 1740 4966 revocatur
1766 4911 1835 4966 ad

238 4999 511 5057 Fulden‘se
561 5002 972 5069 monasterium,
1002 5002 1092 5077 qui
1133 5002 1346 5058 tametsi
1380 5001 1547 5057 multo
1580 5001 1836 5058 libentius

241 5092 343 5149 sub
380 5093 684 5150 directione
720 5096 1071 5166 prmeeptoris
1103 5096 1158 5150 in
1188 5113 1360 5153 annos
1387 5096 1570 5165 plures
1594 5104 1835 5166 coeptum

243 5186 619 5243 continuasset
644 5189 879 5245 studium
899 5231 913 5257 ,
949 5194 1047 5245 sbo
1077 5199 1256 5246 tamen
1286 5199 1572 5262 promptus
1597 5191 1837 5247 obedivit

246 5276 465 5346 abbati,
523 5280 703 5337 sciens
765 5281 1129 5339 obedientiam
1184 5283 1395 5340 cunctis
1448 5285 1841 5340 monachorum

247 5364 545 5440 praevalere
574 5372 890 5439 virtutibus,
922 5390 1020 5445 per
1053 5364 1217 5446 quam
1259 5372 1431 5432 solam
1476 5376 1580 5432 iter
1608 5377 1845 5447 patescit

248 5461 633 5519 ciaustralibus
656 5464 724 5519 ad
749 5464 984 5534 patriam
1006 5466 1310 5521 caelestem.

321 5554 480 5611 Anno
512 5552 677 5627 igitur
702 5554 997 5611 Dominicze
1039 5556 1351 5614 Nativitatis
1392 5555 1844 5630 octingentesimo

252 5646 577 5706 duodecimo
604 5660 629 5689 α
651 5688 667 5713 ,
705 5647 1000 5703 indictione
1026 5646 1393 5704 RomanOrUm
1416 5650 1623 5720 quinta,
1650 5647 1847 5705 beatus

254 5737 518 5795 Rabanus
557 5754 761 5796 annum
800 5754 971 5811 agens
1013 5740 1191 5797 aetatis
1229 5750 1484 5810 quartum
1514 5750 1677 5813 atque
1702 5742 1847 5797 vice-

256 5831 477 5897 simum,
503 5833 721 5888 abbatis
740 5832 824 5887 sui
843 5838 1115 5903 praecepto
1141 5832 1207 5888 de
1234 5831 1405 5888 Roma
1428 5850 1552 5889 cum
1576 5833 1845 5891 Haimone

259 5934 316 5984 et
362 5920 608 5983 Diedonc
654 5925 721 5982 ad
765 5925 1152 5983 monasterium
1202 5923 1471 5982 Fuldensc
1507 5927 1843 5983 revertitur:

337 6052 362 6080 ι
393 6039 464 6095 Et
488 6040 607 6096 haec
633 6055 902 6099 annorum
930 6039 1070 6098 ratio
1092 6054 1161 6097 ex
1185 6039 1345 6098 dictis
1370 6039 1597 6097 corruit.

1855 4778 1913 4840 D

1930 4277 2174 4333 seniores
2200 4282 2261 4330 ut
2294 4273 2481 4338 lilium,
2526 4268 2926 4327 venerabantur
2951 4264 3176 4322 studiosi
3205 4264 3431 4335 juvenes
3460 4267 3522 4315 ut

1931 4368 2445 4437 coelestisﬁdoctrinae
2473 4367 2811 4436 magistrum.
2838 4362 3039 4418 Omnes
3061 4366 3274 4430 quoque
3297 4357 3352 4412 in
3380 4366 3526 4410 com-

1932 4463 2083 4521 muni
2132 4460 2297 4518 totius
2344 4458 2496 4515 illum
2553 4456 2829 4529 religionis
2876 4453 3191 4512 monasticae
3253 4448 3526 4506 habebant

1933 4554 2239 4627 exemplum
2265 4595 2279 4621 ,
2313 4561 2369 4609 et
2401 4567 2673 4610 summum
2700 4549 3019 4606 eruditionis
3057 4545 3379 4603 Christianae
3430 4540 3525 4596 do—

1935 4659 2267 4705 cumentum.
2296 4647 2573 4717 Praecipue
2622 4653 2801 4700 tamen
2845 4638 3320 4712 congratulationis
3344 4633 3526 4689 officio

1937 4739 2267 4811 Rathgarius
2307 4738 2477 4794 abbas
2520 4731 3002 4789 reverendissimus
3028 4727 3357 4792 exsultabat,
3382 4721 3529 4795 quod

1938 4833 2112 4897 illum,
2139 4845 2301 4902 quem
2333 4824 2593 4899 singulari
2619 4824 3050 4896 prosequebatur
3077 4819 3271 4875 affectu
3302 4815 3523 4881 amoris,

1942 4932 2092 4978 tanta
2120 4927 2369 4978 cerneret
2402 4917 2637 4988 insignia
2675 4914 2957 4987 possidere
2986 4912 3266 4968 virtutum.
3305 4907 3374 4963 Et
3399 4919 3526 4962 vere

1943 5012 2137 5085 dignus
2183 5011 2286 5065 fuit
2327 5009 2498 5065 amari
2524 5009 2591 5063 ab
2625 5007 2894 5071 omnibus,
2927 5004 3021 5076 qui
3045 5003 3379 5059 conditorem
3412 5010 3529 5055 om-

1943 5107 2093 5161 nium
2134 5118 2271 5175 puro
2306 5116 2522 5171 semper
2548 5099 2736 5157 dilexit
2762 5098 2977 5153 affectu.
3010 5094 3288 5164 Completa
3330 5091 3432 5147 fuit
3472 5091 3529 5146 in

1945 5197 2038 5251 illo
2069 5195 2276 5265 placida
2319 5193 2406 5247 illa
2436 5202 2652 5248 aeternae
2692 5190 2970 5261 sapientia
2997 5185 3311 5259 pollicitatio
3344 5185 3527 5242 dicen—

1950 5290 2020 5345 tis
2040 5306 2052 5341 :
2072 5287 2185 5357 Ego
2210 5286 2483 5357 diligentes
2509 5301 2591 5340 me
2614 5282 2777 5355 diligo
2802 5276 2820 5335 ὲ
2843 5291 2891 5339 et
2915 5280 3003 5352 qui
3025 5295 3178 5335 mane
3202 5279 3533 5349 vigilaverint

1948 5380 2018 5435 ad
2048 5395 2152 5445 me,
2184 5376 2439 5431 invenient
2466 5391 2566 5429 me.
2600 5372 2808 5428 Mecum
2836 5380 2978 5436 sunt,-
3014 5369 3215 5441 inquit,
3248 5369 3446 5425 divitiae
3482 5376 3532 5423 et

1949 5471 2121 5544 gloria
2148 5510 2163 5536 ,
2210 5484 2329 5535 opes
2378 5481 2616 5536 superna:
2644 5474 2691 5518 et
2713 5461 2948 5533 justitia.
2997 5459 3187 5516 Melior
3216 5470 3290 5515 est
3329 5459 3533 5531 [ructus

1952 5582 2098 5622 meus
2132 5579 2264 5618 auro
2301 5570 2349 5616 et
2382 5559 2555 5629 lapide
2602 5555 2827 5628 pretioso
2855 5566 2873 5604 :
2902 5561 2948 5607 et
2978 5552 3242 5623 geniriiina
3283 5567 3398 5604 mea
3446 5564 3537 5602 ar-

1953 5666 2109 5729 gento
2135 5653 2294 5709 electo
2335 5647 2519 5722 (Prov.
2547 5663 2666 5711 vm,
2694 5644 2805 5716 i7).
2832 5643 3030 5700 Dilexit
3058 5642 3315 5698 Rabanus
3334 5639 3537 5697 etenim

1954 5746 2277 5819 sapientiam
2326 5742 2423 5798 Dei
2472 5740 2686 5804 Patris,
2737 5736 2890 5807 cujus
2940 5736 3131 5791 notitia
3191 5729 3537 5789 credentibus

1957 5840 2118 5897 datur
2138 5853 2236 5911 per
2256 5835 2416 5893 iidem
2440 5833 2493 5890 in
2508 5830 2804 5903 Scripturis
2817 5828 3020 5887 sanctis
3038 5846 3051 5882 :
3069 5838 3298 5897 quarum
3319 5822 3538 5879 lectioni

1959 5942 2111 5991 tanto
2157 5928 2404 5989 crebrius
2466 5923 2753 5993 incubuit,
2804 5929 3009 5995 quanto
3057 5919 3229 5976 Deum
3278 5914 3541 5973 sincerius
