4016 6482
2342 327 2466 352 νει-υ

287 405 351 463 8i
1646 395 2178 458 PROLEGOMENA.
2857 387 2859 389 '
3475 410 3550 472 ες

287 520 489 586 densis,
519 517 606 572 vir
631 515 758 572 vitae
786 513 1137 578 admirabilis,
1192 521 1247 569 et
1275 513 1446 569 multo
1475 521 1719 583 tempore
1777 525 1870 568 vo-
1894 511 1949 574 Α
1973 512 2192 570 teferret
2215 515 2493 586 pietatem.
2518 517 2619 588 Qui
2661 529 2810 578 tanto
2835 521 3044 580 facilius
3073 523 3338 596 justitiam
3362 538 3419 585 et
3437 533 3546 590 vir-

286 613 519 670 lnntaric
547 627 648 682 pro
672 609 888 666 Christo
915 608 1172 674 inclusus,
1228 607 1504 664 miraculis
1548 620 1862 673 coruscans,

287 702 544 762 nonnulla
587 701 906 772 composuit.
944 699 1188 765 Carolus,
1233 699 1527 755 monachus
1553 697 1863 764 Fuldensis,

283 795 463 852 patria
486 792 734 850 Francus
757 791 1039 848 orientalis
1064 832 1080 858 ,
1111 806 1320 864 magna;
1349 791 1625 861 sapientiae
1663 796 1718 846 et
1743 804 1866 843 eru-

281 869 504 943 ditionis
546 885 734 950 homo,
781 897 940 953 quem
991 881 1193 948 ferunt,
1247 888 1459 937 mortuo
1511 887 1865 951 praeceptore,

288 974 951 1047 Moguntinummeruisse
991 972 1516 1044 archiepiscopatum
1550 985 1600 1038 ει,
1650 980 1705 1027 et
1731 987 1867 1026 non—

288 1065 434 1121 nulla
463 1065 694 1122 edidisse
722 1062 1016 1120 volumina.
1047 1062 1311 1118 Altfridus
1340 1063 1391 1128 δ,
1418 1063 1716 1118 monachus
1739 1061 1867 1116 Ful-

289 1159 487 1223 densis,
517 1158 689 1228 patria
739 1156 1062 1223 Saxonicus,
1111 1156 1566 1233 mirasanctitate
1590 1164 1647 1210 et
1685 1154 1867 1210 erudi-

289 1251 432 1304 tione
457 1249 654 1315 clarus,
692 1247 894 1317 Deique
918 1247 1069 1302 verbi
1113 1245 1433 1317 praedicator
1453 1248 1701 1318 egregius
1722 1287 1738 1314 ,
1773 1247 1863 1316 qui

287 1341 353 1395 de
396 1340 560 1395 Fulda
597 1341 796 1396 missus
845 1340 913 1394 ad
955 1339 1160 1394 Novam
1208 1340 1261 1393 in
1310 1338 1546 1395 Saxonia
1577 1338 1863 1396 Corbeiam

289 1433 659 1497 scholasticus,
705 1441 893 1503 postea
947 1441 1176 1501 quartus
1204 1432 1718 1503 Hildelsheymensis
1776 1447 1866 1486 ec-

288 1526 464 1581 clesiae
499 1525 737 1595 pontifex
792 1526 1095 1580 ordinatur.
1149 1524 1348 1580 Omnes
1379 1525 1724 1595 praescriptos
1750 1522 1863 1577 Ra-

287 1619 412 1672 bani
449 1617 588 1688 apud
625 1616 848 1672 Fuldam
877 1617 1116 1688 insignes
1150 1616 1460 1686 discipulos,
1513 1615 1864 1687 Meginfridus

289 1709 637 1764 historiarum
673 1710 905 1778 scriptor
950 1718 1357 1773 commemorat,
1391 1717 1445 1762 et
1485 1709 1635 1762 varia
1665 1709 1863 1764 dicitur

288 1801 569 1870 scripsisse
599 1801 874 1871 opuscula.
912 1801 991 1856 Ex
1016 1801 1137 1856 aliis
1169 1815 1383 1871 quoque
1425 1802 1688 1856 ctenobiis
1709 1802 1777 1856 ad
1804 1815 1862 1856 se

1966 610 2142 658 tutum
2167 605 2931 682 observantiam‘persuadere
2973 619 3171 687 potuit,
3203 632 3408 690 quanto
3449 639 3547 684 eas

1968 710 2074 748 non
2105 697 2264 752 modo
2295 701 2494 768 verbis,
2526 704 2621 759 sed
2646 706 2809 760 etiam
2833 707 3088 777 operibus
3127 711 3538 773 demonstravit.

1969 785 2306 857 Singularem
2333 790 2569 849 habebat
2585 794 2812 854 docendi
2834 799 3083 869 gratiam,
3106 811 3160 856 et
3183 806 3544 873 persuadendi

1967 878 2258 933 maximam
2287 881 2620 940 facilitatem.
2648 887 2787 944 Nam
2835 899 2891 946 et
2925 892 3142 964 ingenio
3170 895 3272 951 fuit
3327 908 3540 967 acutus,

1969 898 2258 933 maximam
2287 898 2620 940 racintatem.
2648 898 2787 944 Nam
2835 899 2891 946 et
2925 898 3142 964 ingenio
3170 898 3272 951 fuit
3327 908 3540 967 acutus,

1969 976 2023 1023 et
2058 969 2306 1028 facundia
2344 975 2594 1046 disertus,
2625 997 2756 1038 voce
2799 999 3013 1056 quoque
3066 988 3234 1044 tubali
3282 898 3586 1081 sonorus,’

1967 1068 2022 1114 et
2045 1063 2276 1130 quadam
2303 1067 2569 1136 gravitate
2596 1075 2956 1132 venerandus.
2993 1077 3145 1134 Unde
3166 1081 3376 1149 quoties
3403 1063 3570 1154 ratiof

1965 1153 2274 1223 postulavit,
2303 1157 2413 1212 sola
2434 1162 2608 1228 potuit
2630 1178 2762 1219 voce
2785 1173 2992 1223 terrere
3022 1170 3317 1240 improbos,
3352 1181 3407 1228 et
3433 1187 3544 1228 non

1967 1245 2142 1300 minus
2191 1247 2495 1306 humilitate
2535 1254 2770 1312 mulcere
2818 1267 3140 1329 prostratos.
3200 1262 3543 1321 Conveniens

1968 1339 2161 1394 animae
2195 1341 2349 1398 donis
2378 1360 2593 1415 corpus,
2636 1349 2860 1407 Domino
2885 1352 3164 1424 largiente,
3197 1368 3540 1428 consecutus,

1966 1441 2020 1487 et
2034 1449 2227 1502 magna
2247 1434 2348 1491 fuit
2377 1439 2431 1492 in
2450 1455 2514 1494 eo
2527 1441 2830 1500 dilectionis
2847 1449 3182 1512 'auctoritas,
3222 1458 3276 1503 et
3317 1466 3423 1506 non
3444 1453 3545 1507 mi-

1968 1539 2067 1578 nor
2102 1542 2225 1580 cum
2256 1531 2664 1587 mansuetudine
2695 1533 3028 1592 aﬂ'abilitatis
3062 1538 3392 1595 humanitas.
3428 1540 3546 1608 Qua

1967 1619 2335 1675 moderatione
2362 1623 2430 1677 ab
2456 1624 2816 1681 adolescentia
2863 1633 3354 1700 temperantissime
3391 1649 3544 1701 usus,

1966 1713 2020 1758 et
2048 1706 2148 1762 sibi
2181 1710 2498 1780 tranquillus
2523 1715 2749 1782 exstitit,
2797 1727 2850 1772 et
2893 1718 3172 1790 discipulis
3219 1723 3408 1778 doctor
3440 1725 3547 1779 u‘ti-

1965 1800 2050 1866 lis,
2080 1802 2496 1878 fructuosusque
2519 1848 2534 1875 ,
2565 1817 2625 1864 ut
2662 1825 2761 1881 pro
2789 1819 3032 1884 tempore
3060 1817 3426 1884 merebantur,
3453 1832 3545 1872 oc-

289 1861 484 1946 missos
508 1861 746 1963 insignes
772 1893 960 1948 habuit
985 1893 1259 1948 auditores
1291 1894 1508 1956 multos,
1532 1893 1777 1948 doctrina
1806 1901 1862 1949 et
1888 1861 1938 1924 Β
1969 1894 2158 1949 currit.

287 1982 413 2036 vitae
436 1983 791 2038 sanctimonia
828 1983 1222 2050 celeberrimos,
1251 1998 1482 2054 quorum
1521 1985 1739 2039 nomina
1768 2000 1866 2055 per

289 2083 648 2130 memoratum
686 2077 1000 2146 scriptorem
1024 2091 1305 2146 expressa,
1354 2092 1453 2134 nos
1483 2078 1644 2134 isthic
1679 2092 1865 2136 amore

285 2164 571 2222 brevitatis
599 2168 896 2234 omisimus,
926 2183 993 2224 ne
1022 2169 1237 2224 taedium
1260 2169 1660 2228 induceremus.

356 2251 580 2310 Curavit
629 2256 791 2312 etiam
845 2258 935 2313 hic
967 2259 1314 2316 beatissimus
1350 2263 1738 2319 monachorum
1780 2266 1864 2320 in-

285 2347 508 2402 stitutor
543 2348 817 2404 auditores
841 2365 968 2405 suos
990 2351 1210 2407 erudire
1239 2367 1349 2408 non
1374 2354 1554 2409 minus
1591 2356 1660 2410 ad
1699 2356 1864 2414 timo-

285 2451 402 2489 rem
446 2435 562 2502 Dei,
615 2445 668 2492 et
695 2440 1076 2495 mandatorum
1124 2442 1551 2512 observantiam,
1593 2461 1754 2516 quam
1794 2448 1863 2501 ad

284 2527 694 2599 intelligentiam
722 2530 1128 2603 Scripturarum
1158 2576 1174 2602 ,
1208 2537 1387 2592 sciens
1416 2537 1474 2592 in
1519 2551 1708 2594 sancto
1731 2554 1862 2610 pro-

286 2620 449 2688 pheta
483 2618 672 2676 Daniel
721 2623 983 2694 scriptum
1015 2646 1027 2681 :
1059 2626 1324 2692 Quoniam
1348 2629 1438 2701 qui
1468 2629 1607 2684 docti
1642 2629 1858 2699 fuerint,

285 2709 555 2779 fulgebunt
582 2714 732 2783 quasi
761 2714 1006 2785 splendor
1035 2718 1388 2787 ﬁrmamenti;
1418 2730 1466 2776 et
1492 2723 1582 2793 qui
1605 2722 1674 2776 ad
1693 2723 1861 2792 justi-

286 2801 414 2853 tiam
448 2802 690 2858 erudiunt
716 2805 930 2873 multos,
955 2811 1106 2880 quasi
1127 2810 1290 2866 stellte
1312 2814 1370 2867 in
1405 2824 1680 2884 perpetuas
1706 2822 1860 2868 teter-

287 2892 475 2948 nitates
516 2893 677 2967 (Dan.
707 2914 806 2966 xu,
842 2900 918 2972 '5).
951 2899 1150 2956 Parum
1187 2913 1270 2960 est
1309 2906 1453 2960 enim
1483 2908 1552 2962 ad
1577 2909 1861 2965 scientiam

284 2981 518 3038 hominis
546 2985 852 3045 claustralis
907 2990 1238 3049 intellectum
1289 2997 1529 3064 erudire,
1557 2999 1663 3054 nisi
1694 3002 1859 3056 etiam

282 3076 500 3132 studeas
523 3094 620 3148 pro
639 3081 845 3138 viribus
883 3083 1134 3140 allectum
1171 3087 1239 3143 ad
1272 3089 1368 3144 Dei
1388 3104 1630 3146 amorem
1666 3107 1859 3148 accen-

282 3165 431 3220 dere.
453 3166 512 3221 ln
540 3185 647 3238 quo
675 3170 899 3228 docendi
929 3190 1125 3245 genere
1152 3178 1343 3234 beatus
1381 3180 1572 3236 doctor
1599 3181 1858 3240 Rabanus

281 3275 395 3328 prae
422 3264 631 3319 caeteris
663 3267 976 3323 notabiliter
997 3270 1247 3338 emicuit;
1287 3273 1377 3341 qui
1413 3289 1540 3329 suos
1584 3277 1858 3334 auditores

279 3349 546 3420 imprimis
576 3355 642 3410 ad
658 3356 928 3427 justitiam
955 3362 1210 3428 erudivit,
1256 3363 1455 3433 quibus
1499 3366 1641 3422 inter
1674 3367 1858 3441 legen-

280 3440 409 3496 dum
435 3445 628 3502 crebro
649 3451 976 3517 persuadere
1013 3461 1238 3510 conatus
1273 3465 1357 3510 est
1391 3472 1569 3514 mores
1611 3440 1744 3516 suos
1767 3477 1858 3516 re-

278 3532 559 3602 gularibus
606 3539 948 3597 conformare
995 3545 1382 3614 sanctionibus,
1429 3550 1857 3622 evangelicisque

277 3634 405 3680 ante
434 3629 618 3684 omnia
667 3645 880 3702 semper
930 3635 1148 3691 obedire
1177 3637 1458 3695 institutis.
1507 3642 1698 3698 Docuit
1736 3645 1858 3702 illos

279 3717 544 3771 mundum
573 3726 628 3774 et
671 3734 859 3778 omnes
885 3725 1183 3795 voluptates
1211 3730 1392 3786 carnis
1422 3747 1522 3801 pro
1550 3734 1644 3789 Dei
1671 3751 1857 3792 amore

277 3814 648 3876 contemnere,
677 3813 944 3871 vanitates
973 3819 1314 3877 transitorias
1339 3831 1394 3878 et
1422 3826 1603 3880 szeculi
1631 3842 1856 3899 pompas

277 3896 484 3967 fugere,
519 3909 572 3954 et
611 3917 828 3959 omnem
875 3910 1371 3980 concupiscentiam
1419 3896 1744 3975 inordinatae
1768 3936 1856 3977 vo-

277 3985 504 4043 luntatis
549 3991 838 4051 declinare.
870 3997 1041 4054 Deum
1087 4015 1222 4070 pura
1261 4012 1440 4061 mente
1484 4022 1646 4077 super
1672 4011 1854 4067 omnia

276 4080 605 4152 diligendum
631 4091 861 4156 monuit,
900 4101 954 4148 et
977 4095 1182 4163 sedulo,
1209 4107 1269 4152 ut
1288 4115 1348 4155 se
1375 4103 1856 4162 reminiscerentur

277 4175 600 4242 morituros,
651 4180 926 4252 discipulis
977 4186 1147 4243 lector
1189 4190 1497 4249 inculcavit.
1547 4196 1855 4256 Monastieaa

276 4261 551 4334 religionis
576 4275 684 4324 tam
706 4273 948 4331 sincerus
971 4275 1071 4334 fuit
1101 4291 1332 4349 amator,
1359 4293 1419 4340 ut
1445 4285 1498 4340 in
1526 4288 1854 4346 auditorium

273 4367 432 4408 suum
453 4358 722 4416 neminem
769 4365 1094 4436 admitteret,
1135 4372 1240 4428 nisi
1270 4375 1421 4444 prius
1463 4387 1702 4435 mentem
1725 4382 1845 4451 ejus

273 4445 680 4517 diligentissime
727 4469 888 4526 super
927 4459 1238 4532 integritate
1286 4467 1646 4526 observantiae
1693 4445 1853 4543 regu-

269 4533 403 4591 laris
441 4539 790 4610 explorasset.
825 4545 976 4604 Unde
1020 4551 1229 4622 siquos
1274 4566 1455 4616 mente
1484 4570 1577 4616 aut
1624 4533 1850 4634 corpore

269 4641 437 4698 vagos
465 4670 479 4694 ,
517 4639 572 4686 et
625 4635 692 4689 ad
741 4637 1138 4697 observantiam
1189 4651 1502 4704 monasticae
1549 4652 1844 4724 disciplinae

192 4719 206 4798 ᾗ
269 4718 450 4774 minus
478 4725 765 4793 reperisset
808 4728 1051 4799 idoneos,
1095 4740 1351 4804 tanquam
1400 4742 1655 4797 animalia
1683 4718 1844 4800 bruta

204 4873 207 4876 _
267 4821 324 4866 et
359 4813 560 4872 bestias
590 4813 896 4880 immundas
921 4825 990 4881 ab
1025 4843 1246 4886 accessu
1293 4835 1496 4891 montis
1536 4837 1842 4897 divinarum

267 4903 673 4976 Scripturarum
693 4917 931 4983 arcebat,
950 4919 1132 4976 dicens
1155 4939 1168 4976 :
1196 4922 1467 4996 Scriptum
1490 4938 1574 4984 est
1597 4945 1612 4984 :
1637 4930 1837 4999 Bestia,

263 5011 384 5064 qua!
445 5009 671 5056 montem
716 5007 971 5077 tetigerit,
1021 5010 1283 5082 lapidibus
1330 5017 1585 5074 obruatur
1637 5022 1835 5094 (Exod.

265 5105 381 5155 xix,
400 5090 510 5162 l2).
535 5091 848 5166 Propterea,
873 5100 1092 5170 fratres,
1121 5106 1284 5173 abite,
1313 5117 1369 5165 et
1388 5111 1624 5180 primum
1647 5090 1840 5172 discite

262 5193 364 5234 vos
394 5194 574 5239 mente
620 5201 961 5260 componere,
986 5201 1044 5247 ut
1070 5197 1312 5255 moribus
1356 5202 1657 5258 emendatis
1680 5205 1845 5276 {digni

264 5271 388 5328 sitis
417 5289 540 5330 cum
572 5277 754 5352 Moyse
780 5282 874 5338 Dei
901 5300 1180 5344 sermones
1211 5291 1266 5345 in
1306 5294 1507 5348 montis
1558 5297 1842 5354 cacumine

262 5365 470 5423 audire.
503 5367 672 5426 Nemo
699 5375 843 5430 enim
872 5377 966 5433 Dei
998 5377 1307 5451 Scripturas
1336 5383 1594 5442 discendo
1639 5389 1845 5446 utiliter

264 5461 517 5531 percipit,
549 5463 703 5534 cujus
740 5467 914 5523 adhuc
960 5472 1137 5528 anima
1168 5475 1422 5532 vitiorum
1463 5479 1685 5548 pulvere
1723 5498 1841 5538 sor-

265 5551 460 5608 descit.
501 5553 577 5610 ‘Et
604 5557 719 5612 haec
758 5557 932 5615 forma
965 5563 1191 5621 docendi
1242 5577 1432 5624 sancto
1461 5571 1579 5626 viro
1630 5587 1842 5643 semper

264 5641 552 5703 familiaris
578 5653 803 5722 exstitit,
835 5666 894 5710 ut
922 5657 1101 5712 studio
1129 5658 1433 5716 litterarum
1455 5662 1678 5732 justitiae
1705 5641 1842 5736 prae-

266 5750 496 5808 poneret
530 5744 887 5817 disciplinam,
929 5757 983 5805 et
1011 5750 1252 5809 scientiae
1300 5751 1705 5828 Scripturarum
1744 5774 1840 5817 au-

339 5849 366 5878 α
407 5836 536 5896 Haec
564 5857 726 5914 supra
755 5846 987 5906 refutata
1027 5856 1170 5903 sunt.

1884 3234 1932 3299 C

2036 1985 2279 2045 Fuerunt
2305 2006 2372 2046 eo
2401 2001 2661 2062 tempore,
2705 1994 3025 2068 Meginfrido
3054 2007 3309 2060 testante.
3353 2001 3406 2056 in
3435 2017 3545 2058 cm-

1967 2081 2129 2136 nobio
2156 2081 2411 2140 Fuldensi
2439 2089 2689 2144 monachi
2711 2089 2810 2145 sub
2838 2092 3022 2161 regula
3051 2095 3223 2149 sancti
3245 2095 3544 2164 Benedicti,

1967 2173 2320 2243 omnipotenti
2357 2176 2467 2232 Deo
2513 2179 2569 2233 in
2623 2195 2831 2235 summa
2886 2182 3148 2254 religione
3199 2184 3542 2254 famulantes,

1968 2281 2192 2322 numero
2218 2277 2436 2324 centum
2479 2273 2892 2344 quinquaginta,
2924 2277 3014 2347 qui
3048 2294 3257 2342 omnes,
3291 2287 3352 2335 ut
3381 2296 3546 2350 supra

1967 2357 2170 2413 dictum
2198 2367 2299 2426 est,
2330 2377 2361 2415 a
2387 2363 2514 2418 vino
2561 2375 2615 2419 et
2644 2366 2900 2423 carnibus
2950 2368 3311 2426 abstinebant.
3345 2372 3425 2427 Ex
3457 2373 3545 2428 his

1967 2451 2250 2507 duodecim
2280 2454 2347 2508 ad
2374 2455 2572 2521 minus,
2603 2458 2658 2511 in
2709 2459 2856 2513 omni
2889 2461 3114 2516 scientia
3147 2463 3544 2534 scripturarum

1967 2540 2290 2610 doctissimi,
2322 2544 2642 2601 dicebantur
2687 2547 2931 2607 Seniores
2967 2565 2986 2603 :
3031 2568 3262 2622 quorum
3316 2555 3545 2611 consilio

1968 2633 2132 2688 abbas
2156 2634 2209 2689 in
2237 2637 2564 2705 quotidianis
2583 2641 2999 2698 necessitatibus
3025 2644 3298 2710 utebatur,
3322 2654 3383 2699 ut
3410 2661 3548 2716 opus

1965 2741 2072 2780 non
2105 2735 2249 2782 esset
2276 2730 2588 2786 universam
2612 2732 2841 2804 fatigare
2883 2737 3380 2808 congregationem.
3405 2738 3545 2805 Quo-

1965 2817 2071 2874 ties
2095 2835 2227 2876 vero
2264 2837 2331 2876 ex
2361 2823 2446 2878 his
2493 2824 2775 2880 duodecim
2827 2827 3095 2897 quispiam
3128 2870 3143 2895 ,
3172 2829 3255 2883 vel
3304 2831 3372 2885 ad
3398 2830 3545 2885 aliud

1965 2911 2273 2967 emnobium
2314 2914 2535 2981 missus,
2567 2917 2652 2971 vel
2679 2927 2852 2973 morte
2903 2917 3102 2975 fuisset
3153 2920 3418 2986 sublatus,
3477 2938 3545 2977 ex

1965 3000 2299 3060 doctioribus
2324 3014 2378 3060 et
2421 3008 2786 3065 sanctioribus
2808 3025 2935 3066 mox
2971 3011 3110 3068 alius
3140 3013 3196 3068 in
3219 3013 3337 3082 ejus
3365 3013 3544 3070 locum

1964 3094 2193 3148 rectoris
2214 3104 2270 3150 et
2290 3097 2562 3152 seniorum
2589 3099 2850 3156 electione
2871 3103 3319 3159 constituebatur.
3345 3103 3414 3158 Et
3427 3104 3545 3163 hch

1962 3181 2248 3239 laudabilis
2275 3188 2551 3244 seniorum
2577 3192 2895 3247 constitutio
2915 3193 3098 3250 multis
3124 3195 3282 3250 annis
3305 3195 3542 3259 duravit,

1961 3274 2200 3343 quandiu
2231 3277 2481 3334 videlicet
2508 3282 2743 3338 studium
2779 3285 3171 3355 scripturarum
3199 3286 3253 3340 in
3284 3287 3545 3343 Fuldensi

1959 3367 2306 3435 monasterio,
2324 3371 2466 3438 quod
2498 3382 2718 3428 sanctus
2739 3373 2998 3430 Rabanus
3013 3376 3331 3446 incus-perat,
3347 3377 3538 3448 viguit.

1956 3456 2065 3512 lsta
2093 3467 2273 3514 autem
2307 3461 2410 3514 fuit
2438 3462 2524 3517 lex
2556 3463 2841 3519 duodecim
2895 3467 3198 3534 doctorum,
3227 3475 3289 3523 ut
3318 3469 3545 3540 singulis

1955 3546 2196 3618 legerent
2228 3551 2421 3622 singuli
2446 3551 2600 3621 juxta
2639 3555 2951 3628 principalis
2995 3559 3391 3615 ordinationem
3419 3575 3538 3615 ma-

1957 3639 2127 3707 gistri,
2167 3643 2259 3711 qui
2289 3657 2501 3713 semper
2556 3646 2744 3703 tertius
2774 3648 3013 3707 decimus
3038 3659 3177 3717 erat,
3213 3659 3270 3705 et
3298 3663 3544 3723 propter-

1957 3743 2020 3783 ea
2044 3731 2284 3786 omnium
2322 3733 2607 3804 deputatur
2637 3737 2950 3807 lectionum,
2977 3741 3066 3796 cui
3088 3749 3145 3798 et
3186 3740 3407 3799 obedire
3434 3758 3537 3799 cae-

1956 3821 2058 3875 teri
2081 3830 2203 3891 post
2221 3824 2356 3879 abba
2365 3832 2474 3880 tem
2492 3842 2680 3884 omnes
2699 3831 3039 3887 tenebantur.

2026 3911 2194 3966 Fama
2217 3915 2520 3972 sanctitatis
2545 3926 2599 3973 et
2637 3919 2955 3976 eruditionis
2978 3921 3326 3979 Fuldensium
3353 3939 3543 3982 mona-

1957 4003 2202 4069 chorum,
2221 4014 2288 4060 ‘et
2332 4009 2501 4063 sancti
2543 4012 2814 4082 praecipue
2858 4012 3088 4083 Rabani,
3119 4030 3217 4087 per
3266 4025 3439 4073 totum
3483 4033 3542 4075 se

1959 4109 2182 4164 regnum
2208 4097 2541 4157 Francorum
2575 4103 2786 4176 longius
2831 4105 3184 4176 diffundente,
3232 4110 3372 4167 filios
3409 4128 3539 4169 suos

1956 4187 2110 4241 multi
2137 4188 2340 4245 nobiles
2380 4200 2434 4247 et
2461 4193 2722 4264 ignobiles
2747 4198 2814 4252 ad
2845 4201 3188 4256 serviendum
3228 4203 3454 4258 Domino
3483 4205 3540 4258 in

1955 4293 2142 4333 eorum
2169 4283 2498 4338 consortium
2526 4286 2880 4354 tradiderunt,
2913 4305 2943 4344 e
2975 4292 3170 4360 quibus
3200 4301 3386 4363 postea
3421 4293 3540 4363 plu-

1956 4384 2044 4424 res
2069 4371 2124 4424 in
2147 4369 2435 4428 Germania
2460 4375 2716 4433 Ecclesiae
2739 4381 3022 4450 pontifices
3047 4383 3352 4440 habuerunt
3373 4393 3539 4455 atque

1952 4471 2222 4531 pastores.
2251 4464 2505 4535 Regulari
2532 4469 2732 4523 etenim
2762 4473 3106 4528 observantia
3134 4475 3383 4541 durante,
3416 4475 3536 4530 nul-

1956 4551 2038 4608 lus
2064 4569 2095 4608 a
2120 4555 2215 4608 Dei
2257 4557 2478 4612 servitio
2522 4560 2907 4629 repellebatur,
2956 4563 3070 4618 sive
3119 4565 3313 4619 nobilis
3369 4574 3536 4631 esset,

1955 4643 2070 4698 sive
2097 4643 2382 4713 ignobilis;
2412 4645 2505 4701 sed
2523 4645 2675 4715 juxta
2714 4658 3041 4718 praeceptum
3084 4651 3407 4720 legislaloris
3435 4651 3535 4707 Be-

1952 4737 2174 4802 nedicti,
2206 4740 2414 4793 cunctis
2445 4741 2621 4795 aditus
2668 4743 2841 4810 patuit
2887 4759 3026 4812 pura
3084 4744 3384 4801 intentione
3407 4760 3538 4801 con-

1949 4830 2086 4884 verti
2112 4830 2432 4888 volentibus.
2450 4831 2579 4900 Quae
2591 4841 2770 4890 tamen
2787 4837 3120 4893 consuetudo
3138 4853 3260 4894 cum
3283 4853 3538 4894 successu

1951 4923 2230 4992 temporis,
2260 4931 2316 4979 et
2337 4924 2390 4978 in
2416 4923 2668 4981 Fuldensi
2693 4930 3046 4996 monasterio,
3080 4939 3134 4985 et
3169 4930 3222 4984 in
3260 4930 3533 5001 plerisque

1951 5015 2073 5071 aliis
2105 5024 2292 5071 contra
2324 5017 2678 5073 intentionem
2727 5020 2925 5092 regulae
2963 5022 3206 5077 cernitur
3227 5022 3528 5089 immutata,

1954 5115 2138 5177 postea
2163 5106 2416 5162 videlicet
2443 5124 2605 5178 quam
2659 5119 2713 5165 et
2741 5111 2940 5166 divitia:
2965 5112 3279 5182 religionem
3326 5113 3532 5169 exstin-

1956 5209 2173 5266 xerunt,
2209 5207 2264 5255 et
2311 5200 2467 5257 luxus
2508 5218 2629 5257 cum
2682 5205 2974 5259 ambitione
3014 5205 3248 5272 pessima
3292 5207 3530 5262 studium

1952 5294 2252 5350 eliminavit
2281 5295 2696 5364 scripturarum.
2741 5297 2944 5352 Fervor
2991 5311 3055 5350 eo
3082 5304 3324 5368 tempore
3349 5299 3530 5355 incre-

1953 5388 2131 5443 dibilis
2186 5387 2288 5442 fuit
2339 5389 2728 5443 monachorum
2803 5386 2821 5457 [
2863 5384 3079 5440 Videtur
3123 5387 3298 5443 deesse
3351 5389 3528 5462 erga}

1951 5491 2260 5539 sanctarum
2315 5481 2551 5537 studium
2589 5479 3008 5548 Scripturarum,
3041 5482 3131 5552 qui
3163 5497 3260 5552 per
3283 5491 3530 5537 sanctum

1949 5575 2230 5631 Rabanum
2257 5572 2438 5628 Fuldm
2465 5572 2646 5642 coepit,
2697 5579 2758 5625 ut
2783 5585 2942 5642 supra
2992 5573 3247 5638 'diximus,
3293 5581 3348 5627 et
3374 5572 3530 5628 brevi

1945 5665 2044 5740 per
2067 5667 2245 5721 omnia
2291 5679 2426 5736 pene
2463 5663 2710 5719 ccenobia
2739 5662 3039 5721 Germaniae
3086 5673 3141 5720 et
3164 5663 3367 5734 .Galliaa
3394 5677 3528 5718 con-

1946 5759 2136 5816 valuit.
2170 5757 2279 5812 Nec
2296 5765 2450 5812 erant
2470 5754 2665 5810 Latino
2688 5758 2970 5831 patrioque
2995 5773 3242 5817 sermone
3262 5753 3526 5827 contenti,

2019 5853 2049 5894 Β
2087 5853 2162 5908 De
2186 5865 2251 5906 eo
2269 5850 2478 5920 egimus
2503 5861 2685 5918 supra.
