4016 6478
465 396 534 453 83
1597 387 1690 442 AD
1726 383 1954 442 OPEBA
1990 382 2051 441 B.
2088 380 2347 445 MBAN}
2376 376 2600 441 MAURI

3665 377 3751 433 8i

467 512 559 568 sed
594 509 834 580 linguam
888 506 1097 565 discere
1140 502 1383 559 Graecam
1414 510 1570 573 stude
1607 499 1822 565 dooere,
1852 511 2039 553 necesv
2068 500 2114 563 Α
2146 492 2300 550 duxit
2802 496 2861 544 et
2888 483 3156 545 universis
3179 482 3746 580 Ecclesimtiliisﬂo-

470 601 677 659 sarium
731 597 848 653 fore
908 594 1188 667 discipulis
1227 594 1421 651 divinat
1468 590 1854 661 speeulatiouis
1901 588 2045 643 arbio

467 691 616 758 trati,
644 689 809 745 etiam
852 685 1131 741 Hebraicae
1163 682 1574 751 Chaldaicaaque
1620 679 1867 736 notitiam
1919 693 2042 733 cum

464 779 654 839 labore
701 777 924 834 fuerunt
950 775 1203 833 assecuti.
1228 773 1461 830 Sanctus
1504 786 1739 841 namque
1767 770 2037 831 Rabanus,

462 872 641 931 Albini
701 870 887 929 Romae
950 868 1161 924 auditor
1185 908 1200 932 ,
1256 864 1616 947 .Theopbilum
1667 876 1694 904 ι
1753 861 2043 931 quemdam

464 964 757 1036 Ephesium
804 962 994 1018 habuit
1036 967 1442 1032 praeceptorem,
1473 974 1507 1011 a
1532 972 1637 1027 quo
1682 955 1890 1026 Pelasgi
1923 969 2041 1010 ser-

464 1056 640 1115 monis
665 1054 1074 1125 intelligentiam
1093 1051 1450 1123 appt‘ehendit
1477 1048 1849 1115 sufﬁcientem,
1879 1063 2042 1118 quam

464 1161 716 1205 reversus
759 1147 813 1201 in
853 1145 1089 1217 patriam
1125 1144 1239 1201 suis
1270 1158 1485 1214 quoque
1530 1141 1806 1213 discipulis
1843 1142 2045 1210 absque

462 1238 667 1300 invidia
696 1238 1135 1295 communicavit.
1170 1236 1461 1292 Enimvero
1490 1250 1613 1290 cum
1642 1241 1790 1290 esset
1817 1233 1900 1288 vir
1926 1247 2045 1288 om-

461 1330 612 1385 nium
638 1345 746 1391 non
774 1329 950 1383 solum
978 1325 1427 1392 studiosissimus,
1460 1325 1554 1381 sed
1571 1324 1736 1380 etiam
1774 1323 1893 1379 sine
1913 1338 2044 1380 con-

468 1419 796 1477 tradictione
838 1416 1157 1490 cujusquam
1217 1415 1585 1481 doctissimus,
1636 1414 1839 1484 optime
1886 1413 2044 1469 intel-

465 1509 603 1565 lexit
650 1509 925 1567 neminem
967 1509 1107 1581 apud
1131 1508 1354 1567 Latinos
1395 1507 1665 1564 veraciter
1697 1506 1971 1562 eruditum
1993 1513 2049 1563 et

463 1599 520 1655 in
552 1600 723 1657 sacris
749 1600 945 1657 litteris
991 1606 1424 1667 consummatum
1465 1613 1624 1670 posse
1654 1597 1900 1667 reperiri,
1951 1596 2044 1667 qui

462 1692 717 1751 notitiam
747 1690 949 1748 Graecae
985 1692 1181 1763 linguae
1210 1706 1317 1746 non
1336 1690 1508 1747 fuerit
1555 1698 1857 1749 assecutus.
1890 1687 2045 1757 Quod

462 1798 529 1841 eo
553 1785 814 1843 confirmo
844 1785 1116 1853 fidentius,
1154 1800 1282 1855 quo,
1310 1792 1430 1845 arte
1464 1783 1817 1854 impresseria
1863 1782 2046 1839 multi-

2146 585 2378 643 ctrinam
2396 580 2588 639 etfudit
2612 580 2936 639 salutarem!
2969 579 3117 647 Jure,
3146 580 3388 651 inquam,
3411 578 3585 635 vivaci
3612 595 3750 637 me-

2145 678 2317 734 moria
2341 674 2801 735 commendandus
2830 682 2914 732 est
2964 674 3228 741 omnium,
3277 673 3373 745 qui
3415 688 3525 729 non
3550 673 3751 733 solum

2145 768 2393 838 exemplo
2444 774 2576 823 tunc
2620 764 2980 836 praesentibus
3032 774 3247 821 eterna:
3291 763 3549 835 pabulum
3599 764 3753 821 vita

2143 862 2388 931 praebuit,
2414 861 2685 917 sedetiam
2706 858 3011 929 posteritati
3030 859 3143 914 suis
3164 858 3384 928 scriptis
3405 856 3747 915 documenta

2145 952 2401 1008 salutaria
2432 951 2669 1021 reliquit.
2698 950 2837 1007 Vere
2861 949 3052 1019 dignus
3076 956 3178 1014 est,
3224 949 3378 1019 cujus
3407 950 3462 1007 in
3508 950 3748 1007 benedi-

2146 1043 2420 1099 ctionibus
2448 1043 2765 1099 memoriam
2787 1042 3025 1099 celebret
3062 1039 3237 1097 omnis
3262 1055 3358 1110 per
3377 1039 3743 1098 Germaniam

2145 1135 2454 1206 posteritas,
2485 1149 2583 1204 per
2610 1148 2773 1203 quem
2812 1133 2968 1188 nobis
2996 1140 3147 1188 tanta
3173 1132 3370 1187 mentis
3397 1139 3454 1189 et
3485 1134 3747 1203 corporis

2144 1225 2395 1297 provenit
2431 1225 2657 1285 utilitas.
2688 1225 2877 1284 Fidem
2903 1223 3105 1280 Christi
3133 1224 3489 1279 orthodoxam
3517 1239 3746 1279 summa

2146 1331 2271 1371 cum
2299 1316 2585 1373 alacritate
2619 1331 2831 1386 semper
2860 1315 3063 1381 docuit,
3093 1329 3308 1369 sacram
3329 1316 3556 1371 enodem
3586 1314 3748 1371 Scri-

2144 1414 2360 1477 pturam
2387 1406 2531 1477 apud
2559 1407 2857 1464 Germanos
2880 1409 3089 1479 primus
3123 1409 3376 1477 reddidit,
3407 1411 3577 1466 vitam
3605 1426 3749 1481 apo-

2146 1500 2395 1559 stolicam
2405 1502 2610 1563 ducens
2631 1502 2966 1574 perniciosos
2981 1504 3359 1561 haereticorum
3380 1518 3751 1560 errorescon—

2146 1593 2484 1651 stantissima
2523 1594 2736 1650 ratione
2763 1594 3083 1651 confutavit.
3111 1594 3373 1666 Denique,
3406 1596 3548 1651 sicut
3568 1596 3622 1653 in
3646 1610 3750 1652 su-

2147 1684 2453 1756 perioribus
2497 1695 2582 1743 est
2629 1687 2853 1751 dictum,
2885 1686 3095 1757 primus
3128 1687 3369 1743 omnium
3401 1688 3545 1759 apud
3593 1686 3746 1744 Ger-

2148 1774 2339 1834 manas
2386 1777 2657 1848 publicam
2710 1780 3101 1837 monachorum
3154 1779 3396 1835 scholam
3441 1782 3635 1849 tenuit,
3685 1783 3746 1839 in

461 1879 677 1949 plicatis
705 1880 864 1933 hodie
886 1878 1089 1933 Grazcis
1122 1877 1503 1944 voluminibus,
1526 1886 1582 1931 et
1610 1877 1724 1946 ipse
1763 1876 1862 1932 sub
1888 1875 2045 1931 bonis
2072 1858 2125 1920 Β
2146 1892 2253 1947 qua
2287 1891 2395 1933 non
2421 1875 2594 1932 solum
2620 1875 2938 1932 claustrales
2969 1914 2983 1941 ,
3014 1874 3111 1930 sed
3157 1874 3342 1945 plures
3379 1876 3542 1933 etiam
3570 1892 3749 1934 saecu-

461 1972 887 2042 pracccptoribus
927 1970 1460 2041 quantulumcunque
1512 1969 1738 2040 hujusce
1783 1970 2050 2026 sermonis

463 2058 879 2134 intelligentiam
924 2061 1274 2131 apprehendi.
1322 2061 1459 2117 Nam
1525 2061 1685 2119 sicuti
1731 2060 1937 2117 rivulus
1981 2074 2050 2115 ex

463 2153 636 2220 fonte,
666 2153 743 2225 ita
780 2167 846 2211 ex
889 2152 1068 2224 lingua
1109 2151 1297 2208 Graeca
1323 2152 1517 2213 Latina
1550 2151 1848 2209 descendit.
1894 2150 2052 2218 Quis-

466 2249 588 2320 quis
609 2263 739 2321 ergo
767 2248 929 2307 fontis
940 2248 1186 2305 notitiam
1201 2248 1449 2319 despicit,
1477 2247 1585 2303 vim
1600 2248 2050 2318 etproprietatem

464 2340 647 2406 rivuli,
676 2340 872 2412 poculo
898 2339 1055 2411 cuius
1099 2341 1292 2407 utitur,
1319 2340 1546 2397 minime
1587 2340 1885 2410 cognoscit.
1922 2337 2051 2395 iure

464 2427 630 2501 igitur
649 2430 826 2487 omnis
840 2429 1130 2487 Germania
1152 2429 1313 2485 simul
1334 2439 1390 2485 et
1416 2428 1588 2486 Gallia
1612 2428 1881 2499 tripartite
1908 2430 2053 2486 hunc

466 2519 844 2575 beatissimum
878 2520 1151 2589 doctorem
1183 2528 1474 2576 veneratur
1504 2520 1811 2587 Babanutu,
1841 2531 1901 2575 ut
1927 2520 2049 2577 uni-

470 2626 598 2667 cum
626 2611 792 2669 totius
808 2611 1131 2673 eruditionis
1150 2612 1451 2684 principem
1477 2630 1490 2667 :
1514 2628 1547 2668 a
1570 2627 1679 2692 quo
1692 2620 1748 2669 et
1769 2610 2054 2683 pontifices

465 2700 701 2761 Romani
725 2709 1083 2774 susceperunt
1110 2702 1495 2781 ecclesiasticae
1515 2701 1830 2774 disciplinae,
1858 2710 1914 2759 et
1940 2716 2052 2759 mo-

463 2791 647 2859 nachi,
673 2792 1082 2867 Scripturarum
1112 2793 1407 2855 salutarem
1424 2794 1634 2853 clavem
1663 2793 2047 2865 intelligentiae.

466 2885 679 2953 Merito,
711 2887 955 2961 inquam,
978 2887 1374 2945 Germanorum
1403 2888 1699 2960 posteritas
1740 2889 1917 2945 omnis
1940 2886 2050 2943 Ra-

464 2978 596 3034 bani
637 2979 824 3041 laudes
870 2980 926 3035 in
976 2990 1294 3052 perpetuum
1324 2983 1655 3053 personabit,
1705 2983 1798 3053 qui
1846 2982 2054 3053 primus

469 3070 734 3145 omnium,
757 3073 928 3132 veteri
947 3073 1199 3129 barbarie
1219 3073 1396 3144 pulsa,
1446 3090 1596 3129 suam
1628 3073 1756 3131 fecit
1775 3075 2052 3133 natium:

469 3178 724 3220 sermone
758 3163 1027 3221 Latinam.
1077 3165 1294 3225 Primus
1322 3165 1468 3223 enim
1513 3165 1756 3222 omnium
1804 3169 1905 3224 sub
1948 3168 2053 3225 fide

467 3256 673 3323 Chriin
693 3256 994 3327 Germanos
1017 3267 1074 3319 et
1121 3256 1371 3319 Graecam
1409 3274 1670 3317 resonare
1697 3256 1935 3332 linguam
1961 3263 2055 3318 do-

465 3348 579 3403 cuit
599 3356 656 3405 et
688 3348 960 3413 Latinam.
993 3348 1182 3406 Nullus
1222 3357 1350 3405 ante
1386 3349 1555 3415 illum,
1584 3351 1725 3420 apud
1753 3349 2056 3409 Germanos

465 3439 553 3495 vel
592 3447 757 3507 natus
790 3441 876 3495 vel
921 3441 1223 3508 institutus,
1262 3440 1436 3499 Graaci
1491 3442 1758 3498 sermonis
1805 3443 2053 3499 notitiam

465 3536 692 3602 habens.
729 3542 810 3593 tot
841 3535 1117 3595 volumina
1150 3544 1263 3595 tam
1303 3536 1580 3606 eleganter
1604 3577 1619 3601 ,
1651 3546 1763 3593 tam
1812 3538 2050 3608 proprie,

465 3636 689 3700 tamque
715 3630 983 3689 concinne
1038 3638 1202 3701 atque
1245 3630 1437 3687 Latine
1467 3632 1676 3701 uspiam
1709 3632 2051 3702 conscripsit.

412 3698 528 3778 VSi
546 3698 637 3793 qui
664 3737 803 3783 vero.
813 3725 958 3794 apud
978 3698 1283 3781 Germanos
1306 3724 1360 3779 in
1389 3698 1555 3796 regno
1576 3725 1910 3781 Francorum
1926 3698 2057 3781 ante

466 3814 644 3885 ipsum
674 3816 816 3872 docti
846 3815 1088 3884 fuerunt,
1117 3832 1225 3874 non
1253 3816 1542 3887 indigeam,
1579 3819 1673 3874 sed
1712 3817 1909 3884 Graeci,
1943 3819 2053 3874 Ro-

468 3908 650 3973 mani,
683 3906 854 3975 Galli,
892 3907 1043 3965 Scoti
1068 3949 1082 3975 ,
1114 3908 1396 3977 Britanni,
1429 3925 1525 3966 seu
1569 3911 1793 3967 advena
1844 3912 2058 3967 aliunde

465 3998 748 4057 venientes
775 3999 1123 4059 exstiterunt.
1152 4000 1508 4057 Beatissimus
1534 4009 1719 4057 autem
1736 4000 2059 4057 Christianae

467 4088 593 4150 ﬁdei
635 4090 824 4151 doctor
846 4090 1076 4161 insignis
1097 4090 1377 4158 Rabanus,
1404 4094 1597 4149 unicus
1619 4102 1674 4149 et
1696 4096 1904 4165 primus
1926 4095 2061 4153 Ger-

468 4194 758 4241 manorum
778 4180 1181 4239 institutionum
1210 4184 1487 4254 princeps,
1535 4194 1590 4240 et
1616 4186 1874 4256 magister
1893 4188 2061 4243 disci-

468 4270 632 4342 plinae
661 4312 676 4337 ,
708 4271 805 4341 qui
833 4272 1047 4331 nullum
1100 4281 1225 4329 ante
1271 4290 1329 4330 se
1370 4275 1426 4329 in
1450 4289 1550 4331 sua
1602 4277 1792 4331 habuit
1843 4279 2061 4335 natione

466 4362 870 4433 praecedentem
897 4364 1139 4421 scientia:
1155 4374 1544 4422 consummata:
1560 4367 1838 4424 doctorem
1849 4411 1863 4436 ,
1881 4371 2062 4428 divino

469 4453 664 4525 (haud
715 4454 982 4526 dubium)
1028 4471 1322 4513 succensus
1371 4458 1630 4515 instinctu
1659 4501 1674 4526 ,
1726 4462 1872 4531 quod
1920 4463 2061 4519 domi

468 4546 668 4605 habere
727 4563 836 4604 non
889 4549 1099 4618 potuit,
1143 4549 1329 4605 Roma:
1374 4550 1719 4607 laudabiliter
1776 4554 2059 4623 quaesivit,

470 4640 697 4705 invenit,
726 4640 933 4707 didicit,
966 4650 1022 4697 et
1047 4642 1335 4698 Germanis
1360 4643 1479 4699 sine
1508 4644 1710 4700 invidia
1740 4648 2055 4715 reportavit,

392 4794 399 4797 τ
468 4734 812 4805 priscamque
861 4736 929 4791 de
975 4737 1153 4806 patria
1207 4738 1516 4795 barbariem
1540 4737 1768 4810 fugavit.
1828 4739 2055 4797 Gentem

471 4842 627 4889 suam
659 4829 877 4900 gemino
903 4830 1182 4885 decoravit
1238 4841 1452 4897 ornatu,
1479 4850 1583 4904 qua
1618 4843 1675 4889 et
1726 4836 1968 4893 moribus
1991 4838 2056 4892 ad

473 4921 817 4976 sanctitatem
855 4921 1162 4993 politiorem
1192 4924 1450 4991 reddidit,
1489 4932 1546 4980 et
1574 4924 1750 4982 infusa
1790 4931 2059 4986 sermonis

472 5013 704 5071 Romani
749 5015 1018 5087 elegantia
1050 5017 1103 5071 in
1141 5031 1355 5071 omnem
1386 5019 1628 5075 scientiae
1670 5021 2058 5091 plenitudinem

416 5108 423 5163 Τ
471 5105 789 5161 introduxit.
818 5105 1155 5163 Odoctorem
1185 5110 1397 5165 cunctis
1428 5114 1791 5167 venerandum
1810 5114 2018 5169 srcculis
2043 5116 2055 5169 !

474 5197 519 5254 Ο
550 5198 851 5255 litterarum
894 5204 1215 5273 principem,
1252 5202 1509 5278 omnibus
1557 5206 1687 5262 viris
1723 5208 1895 5261 doctis
1938 5223 2061 5278 per-

473 5297 634 5360 petua
675 5291 1056 5349 celebrandum
1106 5296 1419 5364 festivitate,
1446 5291 1560 5364 \qui
1595 5299 1759 5353 vitam
1798 5300 1849 5352 in
1895 5314 2062 5354 carne

547 5436 572 5463 ει
614 5422 1082 5506 QuodBrovierus
1133 5432 1187 5506 in
1234 5422 1603 5506 notationibus
1648 5433 1715 5506 ad
1771 5434 1945 5506 Vitam
2000 5435 2057 5498 S.

477 5492 807 5576 Bturutionis
835 5498 899 5552 de
923 5498 1221 5576 Trithetnio
1242 5506 1447 5557 veritus
1474 5492 1593 5576 fuit,
1609 5503 1875 5576 utlectori
1899 5492 2062 5576 verba

476 5564 722 5645 dederit,
761 5581 881 5635 qum
915 5570 1045 5645 dari
1060 5573 1163 5626 sibi
1193 5590 1297 5627 non
1328 5564 1775 5645 postuletxtiam
1804 5575 1869 5627 de
1889 5590 1953 5627 eo
1975 5574 2065 5631 hic

475 5641 651 5691 vereri
675 5650 973 5704 possemus.
1015 5641 1121 5698 Sed
1152 5646 1294 5699 unde
1317 5641 1619 5699 Trithemio
1634 5641 1842 5704 Diuidat
1874 5646 1942 5703 ab
1964 5646 2069 5702 hoe

478 5704 780 5830 Theophilo
827 5709 1110 5767 Bahanum
1186 5729 1391 5784 ιιι-αδετις
1441 5713 1626 5769 Romae
1679 5704 1893 5770 litteras
1934 5717 2066 5773 edo-

478 5782 623 5829 ctum
687 5768 849 5830 Forte
885 5796 952 5830 ex
984 5781 1192 5830 Alcuini
1223 5784 1289 5830 ad
1326 5785 1472 5830 hunc
1504 5783 1726 5830 enistnln
1787 5788 2066 5830 Reﬁlllaﬂn-

476 5768 660 5855 ctum?
687 5768 850 5858 Forte
885 5796 952 5858 e_x
984 5768 1218 5858 Alcuini"
1223 5768 1291 5838 ad
1310 5785 1472 5858 hunc
1504 5768 1728 5855 epiStola
1780 5768 2071 5858 septuagie-

479 5851 618 5901 stma
649 5851 887 5906 secunda
922 5851 1066 5907 inter
1104 5851 1261 5929 hujus
1300 5853 1497 5932 Opera.

2150 1968 2282 2025 laris
2318 1969 2442 2024 vitae
2480 1968 2728 2025 homines
2784 1968 2972 2025 habuit
3021 1967 3314 2024 auditores.
3377 1968 3439 2025 in
3491 1970 3748 2025 ministe—

2152 2058 2295 2117 rium
2339 2057 2648 2115 divinarum
2698 2056 3103 2127 Scripturarum
3164 2058 3421 2116 scientias
3471 2061 3751 2117 convertit

2152 2151 2441 2208 saecularcs
2465 2171 2478 2209 :
2512 2160 2587 2219 et,
2618 2151 2778 2209 veluti
2805 2151 3063 2211 Socrates
3091 2152 3249 2219 alter,
3277 2160 3511 2210 tractam
3540 2170 3572 2210 e
3597 2154 3748 2209 cmlo

2152 2244 2554 2315 philosophiam
2597 2244 2655 2300 in
2690 2243 2928 2301 ethicam
2964 2245 3385 2312 transmutavit;
3431 2254 3746 2317 propterea,

2150 2347 2213 2393 ut
2233 2354 2325 2395 me
2350 2338 2555 2395 dixisse
2580 2337 2826 2405 memini,
2859 2338 3137 2394 auditores
3165 2354 3294 2395 suos
3322 2339 3378 2394 in
3422 2341 3571 2395 omni
3641 2340 3747 2395 do-

2153 2430 2328 2486 ctrina
2342 2430 2659 2487 litteratura:
2671 2430 2949 2486 smettlaris
2961 2431 3029 2486 ad
3040 2430 3260 2501 ple-num
3272 2431 3528 2497 instituit,
3542 2446 3753 2502 eosque

2164 2522 2433 2593 imprimis
2473 2513 2875 2595 grammaticos,
2909 2523 3242 2591 diabeticos,
3277 2524 3541 2591 rhetores,
3569 2525 3751 2580 arith-

2153 2618 2400 2685 meticos,
2456 2625 2782 2687 geometras,
2829 2627 3197 2685 astronomos,
3246 2618 3514 2685 musicos,
3575 2626 3751 2690 atque

2154 2716 2343 2779 poetas
2400 2710 2623 2776 statuit;
2682 2718 2738 2765 et
2796 2719 2981 2781 postea
3029 2712 3255 2769 idoneos
3301 2712 3370 2768 ad
3437 2711 3748 2767 divinarum

2157 2798 2565 2871 Scripturarum
2593 2802 2876 2859 scientiam
2904 2803 3219 2860 introduxit.

2172 2887 2209 2913 ’θ
2229 2893 2357 2949 Haac
2384 2892 2559 2951 forma
2602 2895 2828 2950 docendi
2854 2910 2952 2965 per
2979 2896 3156 2967 ipsum
3186 2895 3477 2952 didascaiis
3520 2897 3748 2964 tradita,

2156 2986 2343 3043 multis
2375 2987 2533 3043 annis
2561 2987 2616 3043 in
2652 2988 2907 3045 Fuldensi
2966 2989 3296 3046 monasterio
3352 2990 3751 3059 perseveravit,

2158 3085 2213 3134 et
2258 3094 2512 3136 successu
2544 3080 2805 3150 temporis
2838 3080 2906 3135 ad
2957 3082 3112 3152 plura
3157 3080 3466 3136 Germaniae
3492 3080 3753 3136 ctenobia

2161 3186 2271 3227 non
2290 3172 2407 3229 sine
2436 3174 2676 3227 maxima
2699 3174 2932 3229 utilitate
2954 3174 3212 3230 translata
3259 3174 3380 3240 fuit,
3405 3175 3562 3230 sicuti
3590 3174 3756 3230 facile

2157 3280 2257 3336 per
2276 3273 2520 3320 veterum
2542 3266 2743 3336 scripta
2765 3267 3163 3336 comprobatur,
3181 3281 3246 3321 eo
3268 3274 3529 3337 tempore,
3550 3275 3756 3337 praeter

2159 3356 2333 3412 solum
2370 3356 2616 3412 ordinem
2645 3358 2815 3413 sancti
2844 3358 3017 3428 patris
3046 3356 3341 3422 Benedicti,
3364 3357 3510 3412 nulla
3531 3355 3756 3412 fuerunt

2161 3447 2529 3503 claustralium
2561 3464 2659 3519 per
2694 3456 2862 3505 totam
2911 3449 3263 3505 Germaniam
3302 3450 3571 3514 canobia,
3618 3464 3750 3504 cum

2158 3553 2335 3611 neque
2366 3537 2756 3595 Cistercienses
2809 3540 2989 3595 adhuc
3040 3548 3224 3596 essent
3276 3540 3530 3606 instituti,
3570 3554 3757 3609 neque

2162 3630 2395 3687 fratrum
2457 3642 2758 3687 conventus
2813 3631 3253 3700 Mendicantium,
3300 3648 3478 3704 neque
3523 3632 3757 3690 alterius

2164 3724 2402 3795 cujusvis
2459 3725 2819 3783 observantiae
2851 3726 3158 3796 singularis,
3201 3726 3293 3796 qui
3349 3741 3538 3782 omnes
3590 3725 3757 3796 longe

2162 3825 2349 3890 postea
2399 3827 2849 3888 supervenerunt.
2876 3818 2944 3873 Et
2969 3819 3091 3874 ideo
3132 3818 3343 3888 quoties
3370 3818 3425 3872 in
3446 3818 3550 3872 hoc
3577 3831 3753 3888 opere

2160 3908 2490 3963 mentionem
2515 3908 2583 3963 de
2606 3908 2891 3964 monachis
2916 3906 3163 3972 facimus,
3191 3923 3298 3963 non
3329 3907 3421 3962 alii
3457 3923 3623 3978 quam
3645 3907 3755 3963 Be-

2162 4002 2422 4059 nedictini
2454 4012 2579 4058 sunt
2620 4002 2973 4072 intelligendi,
3021 4002 3126 4057 nisi
3153 4001 3472 4058 nominatim
3523 4000 3754 4057 alterius

2160 4095 2518 4168 professionis
2581 4096 2958 4166 exprimantur
3022 4095 3351 4167 specialiter.
3405 4092 3487 4149 Ad
3549 4094 3755 4149 multos

2162 4206 2334 4246 annos
2361 4190 2574 4246 duravit
2608 4190 2663 4244 in
2696 4190 2963 4246 mobiis
2990 4190 3379 4246 monachorum
3409 4189 3552 4244 istud
3581 4188 3753 4244 mira-

2162 4285 2270 4339 bile
2294 4285 2528 4340 studium
2581 4284 2996 4355 scripturarum,
3036 4293 3089 4339 et
3116 4284 3262 4339 viros
3313 4284 3604 4339 sanctitate
3638 4297 3748 4339 nou

2164 4380 2344 4434 minus
2367 4384 2529 4448 quam
2562 4379 2809 4434 doctrina
2849 4393 3005 4433 sacer
3025 4377 3160 4432 ordo
3186 4376 3460 4432 Benedicti
3494 4374 3753 4445 produxit

2166 4470 2607 4526 innumerabiles.
2623 4470 2878 4541 Legimus
2899 4470 3063 4536 enim,
3089 4468 3249 4525 sicuti
3275 4481 3343 4522 ex
3365 4466 3751 4538 supputatione

2170 4565 2442 4621 annalium
2476 4571 2787 4619 nostrorum
2837 4570 3053 4617 constat
3091 4560 3457 4625 manifestum,
3487 4558 3633 4629 quod
3682 4574 3746 4612 ex

2165 4655 2464 4719 monachis,
2498 4654 2743 4709 ordinem
2779 4652 2949 4708 sancti
2976 4652 3148 4724 patris
3167 4649 3441 4706 Benedicti
3464 4646 3747 4718 professis,

2162 4756 2396 4819 quatuor
2424 4756 2479 4802 et
2512 4746 2702 4818 viginti
2750 4760 2848 4816 per
2898 4760 3207 4801 successum
3257 4742 3514 4812 temporis
3562 4755 3750 4796 sacro-

2162 4852 2364 4900 sanctm
2394 4843 2651 4898 Ecclesiae
2692 4842 2949 4897 Romanae
2976 4839 3195 4895 fuerunt
3230 4837 3532 4909 pontifices,
3568 4836 3745 4891 cardi-

2160 4935 2310 4989 nales
2334 4935 2548 4988 ducenti
2573 4933 2852 5003 sexaginta
2874 4947 3084 4996 novem,
3114 4930 3531 5002 archiepiscopi,
3555 4943 3655 4999 per
3678 4929 3752 4982 die

2160 5044 2348 5085 versas
2370 5027 2552 5082 mundi
2584 5025 2859 5089 ecclesias,
2890 5024 3032 5080 mille
3055 5023 3296 5080 sexcenti
3321 5022 3595 5095 octoginta
3618 5034 3750 5089 qua-

2170 5124 2310 5185 tuor,
2359 5119 2595 5190 episcopi
2621 5134 2754 5174 vero
2775 5127 3009 5188 quatuor
3054 5116 3217 5172 millia
3245 5115 3522 5185 quingenti
3548 5112 3751 5168 duode-

2168 5213 2293 5269 cim.
2321 5212 2564 5282 Denique
2585 5212 2825 5279 catalogo
2859 5218 3167 5265 sanctorum
3197 5209 3224 5249 ι’
3250 5223 3317 5263 ex
3343 5208 3531 5262 eodem
3563 5204 3752 5260 ordine

2170 5303 2512 5373 reperiuntur
2532 5304 2754 5373 ascripti
2768 5301 3076 5372 quindecim
3092 5300 3255 5356 millia
3273 5298 3534 5364 sexcenti,
3553 5304 3753 5368 praeter

2242 5435 2270 5475 ι)
2325 5437 2419 5510 D_e_
2446 5435 2533 5490 his
2570 5436 2645 5510 i_ta
2695 5435 2959 5510 Duronius
3012 5432 3079 5488 ad
3127 5448 3327 5493 annum
3363 5428 3569 5510 Christi
3618 5426 3751 5510 d941,

2173 5521 2321 5561 num.
2349 5505 2419 5558 77
2453 5523 2464 5559 :
2504 5524 2522 5555 α
2561 5505 2695 5560 Cum
2743 5505 3146 5559 innumerorum
3200 5519 3336 5561 nene
3384 5501 3755 5557 sanctissimo—

2175 5593 2295 5631 rum
2326 5586 2488 5644 atque
2516 5576 2680 5628 etiam
2724 5575 3159 5630 doctissimorum
3190 5568 3411 5628 Patrum
3442 5568 3755 5643 patriarcha

2175 5648 2498 5702 Benedictus
2520 5646 2682 5703 fuerit
2704 5644 3119 5701 fecundissimus
3141 5653 3531 5716 propugnator,
3563 5651 3753 5713 perpe-

2176 5733 2332 5791 ram,
2374 5732 2490 5791 mea
2530 5717 2819 5782 sententia,
2875 5716 2949 5771 illi
2994 5717 3201 5771 faciunt
3240 5717 3336 5791 qui
3362 5716 3432 5791 ei,
3480 5726 3618 5783 quos
3639 5723 3751 5791 non

2176 5787 2381 5859 genuit,
2415 5786 2632 5859 alienos!
2649 5794 2837 5856 partus
2865 5795 3194 5859 supponunt,
3248 5788 3360 5858 qui,
3393 5786 3634 5855 inquam,
3667 5786 3750 5833 ﬂi-

2180 5855 2289 5915 inio
2322 5855 2437 5933 ejus
2462 5855 2689 5926 ordinis,
2735 5865 2836 5916 sub
2878 5855 2986 5939 quo
3032 5855 3356 5930 profitentur
3376 5869 3583 5923 sutore,
3611 5865 3749 5913 uon~
