4016 6466
1666 428 2199 496 ΡιιοιεςοΜΕΝΑ.

3500 452 3573 510 86

308 542 573 609 geniales
595 549 653 603 et
679 540 815 603 alios
842 540 1177 612 innumeros,
1230 540 1465 618 quorum
1490 544 1712 605 nomina
1744 545 1896 618 igno-
1921 549 1975 613 Α
1999 548 2183 607 tudine
2237 550 2496 611 virtutum
2526 522 2715 626 'agens
2765 552 3251 630 religiosissimam,
3280 569 3337 617 et
3362 576 3573 624 sacram

306 653 511 698 ramus.
534 634 604 692 Hi
629 644 755 693 sunt
782 633 990 693 fructus
1010 633 1400 697 monachorum
1424 633 1587 693 studii
1619 634 1891 705 salutaris,

306 731 365 790 in
377 745 487 801 quo
497 728 776 800 plantante
789 725 1016 785 Rabano
1027 726 1194 785 multa
1215 727 1383 787 millia
1408 729 1464 783 iu
1485 729 1634 785 omni
1651 729 1895 786 doctrina

306 830 370 882 et
391 822 700 887 sanctitate,
724 828 894 881 totam
920 819 1260 879 illustrantur
1283 820 1605 885 Ecclesiam.
1635 821 1745 880 Sed
1784 838 1896 881 non

309 915 523 973 duravit
564 914 622 971 in
652 913 816 971 ﬁnem
865 912 984 973 haec
1007 921 1196 970 sancta
1230 914 1563 973 consuetudo
1609 915 1898 972 monacho-

310 1024 451 1075 rum,
481 1008 738 1079 quoniam
777 1006 924 1077 quod
960 1006 1304 1065 laudabiliter
1338 1007 1506 1078 coepit
1530 1022 1598 1063 ex
1630 1017 1891 1079 tempore,

306 1100 472 1160 etiam
495 1115 620 1155 cum
646 1106 892 1169 tempore
919 1098 1154 1171 turpiter
1176 1097 1393 1155 defecit.
1441 1095 1578 1153 Nam
1610 1097 1758 1156 circa
1784 1098 1891 1159 Do-

305 1190 522 1248 minicaa
544 1190 845 1251 nativitatis
873 1205 1077 1246 annum
1120 1189 1472 1246 millesimum
1513 1190 1888 1258 centesimum,

305 1284 679 1355 multiplicatis
707 1283 763 1343 in
806 1283 1052 1343 Ecclesia
1101 1283 1196 1341 Dei
1228 1283 1395 1341 variis
1442 1283 1702 1343 institutis
1744 1285 1892 1341 clau-

303 1375 575 1443 stralium,
603 1375 844 1435 studium
870 1391 901 1431 a
930 1375 1214 1432 monachis
1238 1374 1441 1431 nostris
1470 1383 1745 1449 tepescere
1779 1389 1891 1435 cm-

302 1467 403 1538 pit,
433 1482 499 1523 ac
532 1482 675 1538 pene
700 1466 924 1524 defecit.

373 1563 632 1620 Rabanus
656 1572 841 1620 autem
894 1562 1134 1630 Maurus,
1173 1563 1567 1621 monachorum
1597 1562 1884 1623 scholastic-

300 1670 398 1711 cus
448 1656 694 1728 insignis,
747 1663 1103 1728 posteaquam
1153 1655 1354 1712 scholis
1393 1654 1683 1727 praefuerat
1730 1656 1888 1713 annis

301 1748 558 1819 quinque,
582 1764 803 1807 manum
821 1748 1071 1819 apposuit
1090 1747 1159 1804 ad
1186 1748 1552 1814 scribendum,
1579 1748 1754 1807 atatis
1773 1762 1888 1805 sua:

300 1856 443 1896 anno
472 1842 744 1897 tricesimo
771 1860 783 1895 :
814 1842 906 1912 qui
934 1841 1038 1897 fuit
1062 1842 1359 1898 Dominicas
1380 1842 1680 1899 nativitatis
1706 1843 1885 1900 octin-

1995 641 2363 701 indesinenter
2391 632 2686 720 explanatis
2739 645 3080 722 Scripturam
3130 652 3201 713 ad
3224 652 3449 728 gloriam
3476 656 3574 715 Dei

1994 737 2402 887 omnipztentis,
2427 740 2521 813 qui
2549 741 2683 803 vivit
2712 753 2768 803 et
2789 754 2987 821 regnat
3005 745 3067 808 in
3091 747 3291 811 mula
3345 747 3575 811 saeculo-

1994 845 2135 887 rum.
2210 846 2357 887 men.

1994 845 2135 887 rum.
2162 845 2357 891 nmen.

2426 945 2664 1012 LIBER
2706 900 3132 1019 suosunus.

2063 1062 2354 1136 Hactenus,
2397 1069 2848 1130 reverendissime
2876 1073 3095 1145 praesul,
3141 1082 3198 1132 et
3224 1074 3478 1149 princeps
3503 1075 3573 1132 il-

1990 1156 2315 1215 lustrissime
2360 1159 2603 1230 Alberte,
2633 1164 2870 1234 primum
2894 1168 2961 1224 de
2984 1166 3108 1225 Vita
3153 1170 3329 1226 sancti
3356 1169 3570 1227 Rabani

1988 1253 2405 1323 praedecessoris
2449 1257 2527 1311 tui
2556 1256 2777 1326 librum,
2825 1261 3119 1320 auxiliante
3169 1264 3399 1321 Domino
3437 1265 3573 1333 Deo,

1989 1345 2443 1412 continuavimus,
2471 1348 2526 1404 in
2553 1364 2662 1421 quo
2714 1353 3122 1409 conversionem
3166 1354 3282 1425 ejus
3316 1357 3385 1411 ad
3423 1356 3577 1412 insti-

1987 1437 2225 1494 tutiones
2276 1442 2621 1511 monasticas,
2662 1446 2900 1501 studium
2952 1462 3167 1518 quoque
3200 1456 3255 1504 et
3315 1450 3577 1507 eruditio-

1987 1543 2115 1585 nem
2145 1531 2538 1604 scripturarum
2567 1547 2755 1611 aperta
2788 1539 3104 1596 narratione
3140 1540 3487 1612 digessimus,
3514 1548 3578 1596 ut

1987 1638 2095 1695 quo
2127 1624 2342 1681 fervore
2365 1625 2535 1685 divini
2583 1630 2786 1686 amoris
2839 1630 2999 1686 simul
3029 1639 3086 1688 et
3108 1632 3365 1688 fraterna:
3389 1632 3572 1689 chari-

1986 1715 2115 1771 tatis
2142 1716 2226 1771 vir
2256 1723 2436 1775 tantus
2464 1720 2927 1776 conversationem
2958 1736 3111 1778 suam
3138 1722 3448 1795 increperit,
3472 1737 3572 1792 po-

1987 1809 2250 1865 steritatis
2275 1811 2550 1866 memoriae
2580 1821 2842 1883 perpetuo
2870 1815 3390 1871 commendaremus.
3417 1814 3576 1871 Nunc

299 1934 637 2005 genteslmus
655 1901 881 1995 octavus
904 1934 1164 1999 decimus,
1199 1933 1492 2001 indictione
1519 1914 1886 1993 Romanorum
1912 1928 1961 1995 Β
1989 1901 2275 2005 aufem’in
2307 1904 2554 1975 sequenti
2576 1904 2735 2005 libro)
2766 1921 2927 2005 q‘fem
2943 1906 3239 2005 secunde
3270 1904 3574 2005 adijcimlis’

299 1996 613 2081 undecima.
670 2025 737 2080 Et
782 2027 1092 2096 cumprimis
1125 1996 1343 2097 quidem
1374 1996 1592 2095 scripsit
1637 2026 1875 2085 mirabile

1989 1996 2167 2073 primo
2196 2004 2408 2069 tempus
2433 2015 2541 2071 quo
2587 1998 2840 2055 Fuldensi
2868 1999 3200 2056 monasterio
3227 1998 3447 2071 praefuit
3475 2000 3575 2056 ab-

300 2113 434 2170 illud
460 2130 594 2186 opus
619 2116 689 2171 de
709 2117 952 2173 laudibus
977 2124 1177 2173 sanctze
1231 2116 1469 2182 Grecis,
1501 2118 1647 2187 quod
1696 2126 1886 2190 postea

296 2206 499 2262 dicavit
531 2207 793 2279 Gregorio
842 2225 1059 2269 sommo
1102 2211 1347 2281 pontifici
1406 2219 1647 2282 quarto:
1678 2212 1745 2269 de
1778 2227 1886 2282 quo

295 2298 353 2353 in
393 2299 785 2370 supplicatione
830 2318 936 2373 pro
986 2303 1175 2361 lauro
1226 2304 1307 2362 sic
1338 2305 1415 2365 ait
1462 2314 1764 2377 praeceptor
1788 2305 1887 2367 Al-

293 2390 453 2449 binus
473 2406 500 2435 8
520 2413 533 2449 :

418 2521 559 2595 Hunc
578 2526 957 2595 _puerum_d_ocui
981 2528 1129 2595 divini
1156 2530 1354 2595 ﬂumine
1379 2532 1519 2589 verbi
1548 2566 1566 2595 ,

481 2586 664 2637 Elhica
688 2591 879 2653 iungitis
901 2596 954 2639 et
974 2591 1161 2653 sephite
1183 2593 1373 2642 studiis.

418 2647 528 2717 ipse
550 2653 750 2717 quidem
777 2652 990 2717 Francus
1010 2647 1203 2717 genere
1239 2661 1333 2717 est,
1357 2659 1510 2717 atque
1533 2655 1691 2709 incola
1713 2655 1850 2713 silvai

480 2713 755 2773 Bucboniae,
782 2714 873 2765 huc
898 2713 1075 2764 missus
1092 2716 1286 2767 discere
1310 2713 1458 2767 verba
1486 2716 1599 2767 Dei.

415 2772 549 2844 Abba
573 2787 691 2844 suos
715 2772 943 2844 namque,
972 2776 1232 2844 Fuldensis
1253 2788 1417 2844 rect_nr
1438 2780 1582 2830 ovills
1603 2818 1619 2844 ,

478 2835 616 2887 Illum
637 2839 736 2887 huc
750 2835 958 2901 direxit,
980 2839 1039 2887 ad
1063 2844 1147 2888 tua
1170 2846 1324 2901 tecta,
1346 2840 1515 2895 Pater.

419 2897 520 2973 Qui?
543 2911 735 2973 mecum
758 2897 954 2973 legeret
979 2897 1463 2973 metrigschola'sticus
1485 2912 1642 2955 artem
1662 2940 1679 2973 ,

476 2959 775 3027 Scripturam
802 2959 851 3010 et
874 2973 1059 3027 sar-ram
1086 2966 1182 3027 rite
1204 2974 1396 3027 pararet
1416 2978 1567 3015 ovans
1592 2979 1607 3014 :

416 3021 504 3094 Ast
526 3021 897 3094 ubisexlustra
922 3024 1158 3094 implerit,
1180 3021 1278 3094 iis)
1298 3028 1525 3094 scribere
1547 3036 1742 3094 tempus
1761 3065 1776 3092 ,

479 3085 548 3134 Ad
572 3084 746 3136 Christi
767 3086 961 3139 laudem
980 3087 1113 3138 hunc
1136 3084 1286 3141 edidit
1309 3097 1417 3140 arte
1441 3091 1633 3143 librum.

362 3185 493 3255 Quae
520 3201 669 3254 vero,
720 3198 945 3261 quanta,
973 3197 1030 3247 et
1056 3190 1236 3261 qualia
1289 3192 1544 3266 deinceps
1573 3192 1878 3265 scripserit,

287 3284 403 3337 tam
424 3277 481 3333 in
509 3277 654 3335 calce
681 3276 843 3350 hujus
866 3280 1180 3346 voluminis,
1210 3298 1375 3354 quam
1404 3284 1461 3341 in
1486 3284 1624 3345 libro
1647 3286 1713 3343 de
1743 3286 1880 3349 scri-

283 3367 534 3439 ptoribus
557 3368 945 3427 ecclesiasticis
972 3368 1142 3429 lector
1190 3372 1462 3430 studiosus
1501 3375 1701 3445 poterit
1725 3375 1875 3432 inve-

284 3460 425 3517 nire.
461 3459 650 3521 Nullus
672 3473 798 3519 ante
824 3463 974 3525 illum
998 3462 1302 3525 Germanus
1332 3474 1413 3525 tot
1434 3467 1708 3526 volumina
1732 3484 1876 3531 com-

281 3555 485 3626 posuit,
513 3563 594 3613 tot
620 3555 785 3611 utiles
809 3555 1066 3613 Ecclesiae
1096 3564 1361 3614 tractatus
1400 3567 1553 3619 tanta
1595 3568 1875 3617 venustate

283 3649 662 3720 elegantisque
683 3648 862 3707 Latini
905 3650 1174 3706 sermonis
1210 3651 1517 3720 rutilantes,
1551 3652 1605 3711 in
1657 3653 1877 3711 natione

285 3739 627 3796 Theutonica
655 3741 809 3811 prius
860 3755 1022 3797 nemo
1066 3741 1388 3801 lucubravit.
1436 3744 1574 3801 Nam
1620 3744 1790 3802 Vetus
1819 3753 1874 3802 et

282 3832 501 3891 Novum
554 3847 622 3889 ex
672 3834 881 3906 integro
935 3833 1343 3893 Testamentum
1395 3838 1453 3895 in
1510 3837 1875 3897 voluminibus

283 3924 473 3981 multis
493 3925 762 3997 expauit,
792 3934 848 3982 et
873 3927 1279 3987 commentariis
1313 3928 1696 3998 pulcherrimis
1724 3931 1877 4005 lucu-

282 4014 461 4072 ietuer
487 4016 789 4075 exornavit.
826 4016 983 4089 Quod
1035 4019 1252 4091 quidem
1305 4021 1579 4081 scribendi
1629 4023 1872 4087 studium

282 4107 354 4165 ab
379 4122 449 4167 eo
497 4115 763 4180 tempore,
788 4124 959 4183 usque
980 4110 1052 4167 ad
1103 4116 1333 4171 mortem
1379 4125 1534 4173 suam
1561 4126 1661 4183 per
1698 4128 1873 4170 annos

285 4200 509 4272 triginta
560 4216 777 4268 novent,
822 4202 940 4263 sine
973 4202 1396 4271 intermissione,
1450 4219 1666 4273 seraper
1687 4206 1864 4263 conti-

282 4294 490 4353 nuavit.
545 4293 703 4351 Anno
767 4301 953 4353 autem
1009 4288 1219 4355 Domini
1264 4294 1439 4351 nostri
1487 4293 1617 4357 Jesu
1666 4294 1872 4354 Christi

282 4385 737 4456 octingentesimo
804 4386 1089 4455 vicesimo,
1148 4386 1442 4445 indictione
1497 4386 1867 4445 Romanorum

283 4476 445 4533 tertia
464 4474 699 4541 decima,
717 4474 1045 4547 Ratbgarius
1076 4476 1103 4516 ι)
1127 4474 1312 4537 Fuldae
1341 4476 1511 4537 abbas
1533 4478 1746 4545 tertius,
1781 4480 1869 4536 cui

280 4568 518 4627 fratrum
546 4567 809 4631 electione
839 4577 1069 4638 quartus
1095 4569 1153 4631 in
1185 4570 1375 4628 ordine
1398 4571 1655 4629 abbatum
1683 4588 1867 4629 succe-

1988 2090 2109 2156 bas,
2142 2097 2405 2161 quantum
2432 2090 2477 2146 si
2522 2087 2594 2164 [F
2598 2099 2727 2157 orte,
2760 2089 2841 2163 se]
2888 2091 3032 2147 vires
3057 2099 3258 2147 nostrae
3281 2097 3472 2147 tenues
3491 2090 3576 2147 ιιὶ-
3602 2106 3605 2107 ⁷

1990 2183 2159 2238 mium
2208 2182 2530 2249 extendunt,
2564 2184 2706 2255 stylo
2751 2183 3130 2240 commendare
3182 2183 3482 2255 pergimus,
3514 2190 3577 2238 ut

1989 2272 2272 2329 historiam
2290 2273 2479 2328 ordine
2500 2273 2681 2329 debito
2707 2288 2815 2328 non
2830 2272 3162 2338 fraudemus,
3191 2282 3568 2331 verumtamen

1988 2379 2098 2420 non
2124 2363 2463 2435 pollicemur,
2517 2380 2615 2421 nos
2658 2366 2839 2422 omnia
2867 2366 3164 2438 scripturos
3190 2379 3310 2436 quae
3330 2366 3387 2420 in
3402 2363 3575 2421 abba-

1986 2457 2065 2512 tia
2092 2458 2297 2530 gessit;
2344 2459 2439 2513 sed
2484 2473 2551 2513 ex
2580 2456 2765 2514 multis
2818 2459 3198 2530 consignamus
3222 2456 3573 2528 paucissima,

1988 2554 2049 2603 ut
2078 2554 2204 2619 pote
2229 2548 2320 2621 qui
2341 2557 2565 2620 propter
2584 2548 2968 2627 negligentiam
2988 2550 3312 2621 scriptorum
3332 2547 3576 2603 invenire

1986 2639 2354 2711 nequivimus,
2384 2655 2504 2715 qua:
2530 2642 2831 2707 restabant,
2863 2641 3096 2713 potiora.

2057 2729 2214 2787 Anno
2243 2731 2409 2805 igitur
2455 2731 2750 2788 Dominicis
2799 2732 3098 2789 nativitatis
3124 2729 3576 2805 octingentesimo

1985 2821 2249 2878 vicesimo
2294 2823 2485 2899 quinto
2510 2835 2561 2892 α,
2614 2823 2912 2881 indictione
2964 2824 3337 2882 Romanorum
3387 2822 3574 2890 tertia,

1985 2921 2233 2970 mortuus
2288 2922 2371 2969 est
2434 2913 2642 2988 Αἰνείεω,
2704 2915 2989 2972 Fuldensis
3038 2917 3353 2973 monasterii
3403 2915 3575 2972 abbas

1984 3013 2233 3077 quartus,
2261 3020 2405 3061 anno
2442 3007 2723 3079 regiminis
2766 3008 2849 3063 sui
2894 3009 3103 3079 quinto,
3135 3009 3221 3063 vir
3247 3007 3489 3064 moribus
3517 3013 3577 3063 et

1984 3098 2095 3155 vita
2121 3098 2423 3175 religiosus,
2453 3108 2508 3155 et
2560 3100 2863 3163 divinarum
2913 3100 3314 3174 Scripturarum
3360 3106 3577 3157 amator

1982 3190 2307 3261 praecipuus.
2340 3189 2470 3251 Post
2509 3192 2661 3265 cujus
2687 3191 3018 3263 sepulturam
3062 3192 3316 3249 Rabanus
3344 3191 3564 3248 Maurus

1984 3279 2347 3355 Magnentius,
2370 3282 2559 3339 doctor
2581 3291 2638 3339 et
2663 3282 3034 3347 scholasticus,
3060 3285 3448 3340 monachorum
3469 3296 3566 3341 ce-

1979 3372 2324 3440 leberrimus,
2379 3373 2611 3429 fratrum
2668 3375 2932 3430 electione
2980 3374 3253 3430 communi
3310 3374 3479 3430 abbas
3508 3373 3562 3431 in

1975 3464 2167 3521 ordine
2188 3466 2409 3537 quintus
2434 3466 2754 3533 instituitur,
2786 3481 2929 3522 anno
2958 3466 3133 3523 tetatis
3154 3481 3267 3522 suae
3291 3465 3570 3523 tricesimo

1976 3558 2228 3629 septimo,
2268 3566 2324 3613 et
2350 3557 2564 3629 praefuit
2620 3558 2776 3613 annis
2802 3557 3010 3613 duobus
3032 3564 3087 3613 et
3132 3556 3343 3629 viginti,
3382 3563 3566 3627 pasto.-

1977 3665 2097 3705 rem
2128 3664 2187 3707 se
2233 3650 2414 3705 ovium
2444 3648 2647 3706 Christi
2670 3650 2957 3717 exhibens,
2994 3650 3050 3705 in
3096 3650 3244 3706 omni
3283 3647 3571 3705 sanctitate

1975 3745 2105 3799 vitae
2141 3742 2511 3814 spectabilem,
2544 3752 2599 3801 et
2630 3745 2681 3799 in
2702 3757 2866 3815 opere
2887 3758 3102 3815 semper
3127 3741 3419 3799 efﬁcacem.
3441 3739 3562 3796 Pri-

1974 3852 2099 3893 mus
2123 3836 2309 3892 Fuldze
2357 3836 2524 3892 abbas
2571 3835 2672 3890 fuit
2698 3851 2728 3890 a
2757 3836 2919 3891 beato
2971 3833 3249 3889 Bonifacio
3296 3829 3568 3901 archiepi-

1975 3943 2140 3999 scopo
2172 3928 2457 3983 institutus
2480 3938 2701 3983 sanctus
2745 3926 2997 3981 Sturmus
3022 3924 3072 3993 τι,
3104 3923 3328 3981 natione
3375 3920 3559 3995 Angli-

1976 4035 2071 4075 cus
2102 4030 2149 4085 e,
2189 4034 2330 4075 anno
2369 4019 2586 4075 Domini
2632 4019 3107 4092 septingentesimo
3144 4015 3565 4090 quadragesimo

1980 4112 2163 4179 tertio,
2202 4111 2495 4168 indictione
2520 4111 2886 4167 Romanorum
2909 4109 3212 4175 undecima,
3246 4108 3568 4180 pmfuitque

1976 4203 2136 4260 annis
2186 4218 2283 4265 sex
2322 4212 2378 4259 et
2406 4204 2647 4276 triginta.
2688 4203 2818 4259 Post
2865 4219 3026 4274 quem
3055 4200 3345 4275 Baugolfus
3395 4200 3563 4256 abbas

1974 4294 2192 4368 praefuit
2226 4295 2385 4351 annis
2434 4295 2627 4367 viginti
2662 4296 2918 4366 quinque.
2958 4295 3057 4352 Cui
3112 4292 3375 4350 successit
3403 4289 3567 4351 Rath-

1973 4391 2162 4464 garius
2187 4389 2346 4446 annis
2368 4390 2623 4445 sedecim.
2655 4388 2771 4457 Quo
2806 4401 3043 4457 mortuo,
3071 4388 3218 4463 Aigil
3240 4390 3408 4445 abbas
3425 4400 3567 4459 prte-

1973 4484 2077 4539 fuit
2125 4483 2283 4541 annis
2335 4484 2594 4557 quinque.
2632 4483 2700 4538 Et
2731 4483 2822 4539 illo
2874 4484 2983 4540 vita
3019 4482 3297 4549 defuncto,
3341 4487 3565 4537 sanctus

1973 4574 2248 4640 Rabanus,
2284 4576 2339 4632 in
2365 4575 2559 4632 ordine
2617 4575 2845 4631 fratrum
2898 4576 3139 4655 quintus,
3192 4580 3251 4628 ut
3300 4571 3559 4636 diximus,

281 4659 437 4723 dens,
465 4657 677 4730 Egiso,
703 4660 787 4714 vir
811 4675 976 4715 senex
999 4668 1055 4715 et
1102 4661 1406 4731 religiosus,
1452 4663 1667 4732 praefuit
1714 4666 1872 4721 annis
1895 4684 1950 4747 Ι)
1976 4669 2156 4726 fuerat
2198 4671 2505 4726 ordinatus.
2557 4669 2603 4724 A
2640 4667 2956 4725 fundatione
3002 4669 3188 4736 itaque
3241 4663 3560 4723 monasterii

279 4752 540 4821 quinque,
568 4751 673 4811 sub
701 4765 813 4822 quo
854 4749 1057 4813 beatus.
1076 4750 1339 4813 Rabanus
1358 4761 1599 4823 emptum
1649 4764 1869 4815 strenue

277 4842 513 4900 docendi
540 4844 892 4914 jcontinuavit
916 4843 1179 4912 cilicium,
1223 4845 1395 4902 vitam
1419 4846 1477 4905 in
1527 4850 1675 4905 omni
1698 4850 1872 4920 pleni-

274 5005 457 5063 nullos
486 5003 632 5065 fama
654 5006 891 5063 illustres
916 5006 1089 5071 viros,
1112 5004 1204 5076 qui
1226 5004 1391 5060 etiam
1422 5011 1548 5076 ante
1569 5005 1743 5076 sancti
1772 5006 1868 5062 Be-

276 5077 481 5133 nedicti
514 5085 758 5148 tempora
786 5076 1107 5141 floruerunt,
1130 5074 1595 5148 ejusdem‘fuisse
1639 5075 1863 5148 Regulae

274 5145 643 5221 professores
666 5148 1121 5221 imprudenteret
1167 5145 1501 5221 inconsulte__
1518 5146 1681 5200 nimis
1708 5145 1854 5221 allirg

276 5216 450 5274 inani.
490 5219 702 5274 Etenim
733 5216 840 5274 non
868 5218 1133 5288 fecundis,
1165 5218 1263 5272 sed
1313 5216 1589 5272 sterilibus
1627 5219 1857 5288 supponi

275 5289 451 5347 altera
490 5290 703 5346 soboles
751 5289 1046 5346 consuevit.
1104 5287 1366 5344 Praestitit
1410 5288 1514 5342 hoc
1559 5287 1859 5346 inter’alios

276 5360 633 5432 'l‘ritbcmlus,
665 5371 959 5432 auctorque
984 5360 1201 5432 caeteris
1226 5358 1616 5432 posterioribus
1648 5358 1750 5414 fuit
1770 5359 1855 5415 id-

276 5431 459 5502 ipsunt
485 5429 737 5487 faciendi.
775 5448 795 5485 δ
827 5429 952 5487 lliec
982 5430 1265 5502 Barronius.
1304 5430 1379 5502 AAt
1406 5429 1691 5502 plurimos,
1717 5446 1855 5502 quo-

274 5498 400 5558 rum
446 5516 715 5574 nusquam
768 5502 1014 5559 meminit
1053 5498 1419 5565 'l‘rithemius,’
1459 5498 1620 5569 hujus
1649 5498 1856 5558 ordinis

275 5580 498 5630 sanctos
517 5573 865 5644 proferimus.

348 5655 384 5718 tt
418 5642 532 5699 lino
576 5646 693 5718 ipse
722 5643 977 5718 Rabanus
1009 5643 1065 5718 in
1111 5658 1337 5714 persona
1384 5642 1733 5718 praeceptoris
1761 5642 1858 5698 Al-

272 5712 389 5779 bini
420 5722 533 5771 tum
556 5712 763 5789 pridem
788 5713 1023 5789 defuncti
1055 5730 1067 5766 :
1112 5712 1171 5769 et
1197 5712 1452 5789 patronus
1485 5712 1859 5789 φώρ-(ἰθυνθ-

276 5794 438 5841 catur
475 5784 804 5842 est'sanctus
828 5786 1110 5850 Martinus,
1144 5784 1249 5840 non
1277 5785 1569 5858 Gregorius
1595 5784 1662 5841 IV
1689 5784 1849 5856 papa,

279 5858 355 5917 uti
386 5872 554 5917 supra
573 5867 871 5914 ostensum.

350 5872 1001 6000 isuggsisiiigsilgihum,
1039 5926 1303 6005 depositus
1349 5936 1444 5999 est,
1489 5934 1583 5985 aut
1610 5926 1741 6005 quid
1767 5928 1843 5987 si-

1975 4760 2284 4825 Fuldensis,
2332 4774 2508 4831 usque
2558 4759 2627 4813 ad
2678 4758 2854 4828 ipsum
2906 4756 3213 4823 Rabanum,
3240 4768 3339 4827 per
3388 4768 3561 4809 annos

1973 4851 2249 4923 octoginta
2277 4850 2439 4918 duos,
2464 4849 2689 4907 abbates
2735 4864 2834 4921 per
2861 4848 3109 4907 ordinem
3134 4856 3367 4920 quatuor
3393 4846 3560 4903 exsti-

1972 5011 2141 5068 mile:
2195 5010 2461 5081 rationem
2514 5008 2790 5081 temporis
2812 5079 2824 5081 _
2846 5023 2979 5081 non~
3006 5005 3297 5081 convenire
3343 5002 3547 5081 dictum

1971 5097 2135 5154 supra
2164 5090 2266 5137 est.
2298 5080 2376 5136 De
2411 5074 2705 5137 schismate
2729 5078 2982 5134 Fuldensi
3032 5078 3132 5133 sub
3169 5074 3427 5147 Ratgario
3455 5075 3556 5129 ab-

1969 5155 2096 5209 bate
2127 5160 2307 5207 exstat
2334 5167 2527 5209 noema
2559 5152 2791 5209 Rabani.
2818 5166 2964 5205 num.
2994 5148 3085 5209 ὅθ.
3116 5147 3194 5201 De
3219 5145 3555 5209 depositione

1969 5162 2096 5209 hate
2127 5162 2307 5207 exstat
2334 5167 2527 5223 poema
2562 5162 2791 5214 uanam,
2818 5166 2964 5205 num.
3116 5162 3194 5201 ue
3219 5162 3551 5217 oepostttone

1962 5224 2084 5302 ejus
2107 5224 2356 5295 pluribus
2379 5223 2492 5302 agit
2518 5222 2722 5302 innVita
2746 5219 2936 5302 Eigilis
2980 5218 3316 5275 successoris
3347 5215 3551 5274 Candi-

1963 5297 2064 5351 dus
2103 5292 2218 5349 tum
2255 5292 2555 5351 monachus
2580 5292 2889 5348 Fuldensis.

2036 5377 2061 5406 ο
2109 5367 2223 5420 lmo
2246 5380 2389 5419 anno
2415 5363 2521 5420 822
2548 5378 2710 5431 supra
2742 5361 3026 5431 probatum
3050 5367 3151 5416 est.

2031 5435 2061 5476 ἀ
2100 5432 2248 5492 Ἀιίἰε
2280 5434 2569 5499 Sturmius,
2615 5426 2854 5489 SMr-mia
2897 5437 2952 5486 et
2988 5428 3240 5497 διατίθει,
3274 5427 3428 5500 cuius
3457 5426 3550 5500 Vi-

1962 5517 2073 5563 tam
2102 5506 2323 5577 scripsit
2353 5506 2471 5561 e'us
2502 5498 2636 5561 disci
2678 5503 2797 5557 ulus
2838 5501 2979 5571 Eigil
3012 5502 3180 5558 abbas
3209 5498 3454 5573 quartus.
3486 5498 3501 5510 ‘

2044 5590 2069 5618 ο
2104 5579 2242 5633 Είεὶι
2269 5578 2323 5632 in
2352 5522 2475 5633 δίη
2506 5594 2520 5629 :
2558 5595 2576 5627 ι
2608 5519 2805 5629 iret-ica
2832 5574 3115 5633 provincia
3145 5581 3368 5629 exortus
3396 5569 3521 5627 nobi

2044 5590 2069 5618 ο
2104 5569 2243 5650 Eigil
2269 5569 2475 5650 ianita
2499 5594 2520 5650 Δι
2558 5595 2576 5627 ι
2608 5569 2805 5650 Norica
2832 5569 3115 5644 provincia
3145 5569 3368 5629 exortus
3396 5569 3556 5650 noni-

1965 5650 2107 5704 libus
2137 5643 2199 5705 ei
2217 5647 2545 5704 Christianis
2576 5643 2914 5715 parentibus,
2962 5652 3253 5717 generatus
3296 5651 3352 5717 et
3373 5643 3519 5717 nutri

1962 5728 2052 5776 tus
2074 5720 2215 5795 fuit:
2244 5739 2306 5795 _»_
2341 5720 2459 5795 uhi_
2486 5714 2799 5795 Drowerus
2824 5714 3065 5795 arhroiat_
3099 5716 3273 5795 Boios
3297 5714 3545 5795 intelligi,

1959 5793 2104 5863 quod
2128 5791 2309 5848 Norici
2339 5791 2396 5863 in
2425 5789 2681 5844 Boiorum
2705 5788 2969 5845 ditionem
2993 5787 3299 5858 migrarint.
3330 5786 3405 5842 De
3425 5784 3546 5839 aliis

1963 5864 2250 5921 abbatibus
2268 5862 2403 5919 satis
2428 5866 2630 5915 actum.
