4016 6512
449 458 523 523 87
826 532 829 535 η
1577 462 1673 519 an
1706 461 1935 521 OP‘ERA
1971 463 2035 520 B.
2071 463 2325 521 RABANI
2362 465 2583 524 unum
3632 470 3706 528 ss

448 585 651 637 terunt.
680 576 937 634 Rabanus
982 576 1165 647 itaque
1214 566 1501 631 memorati
1527 576 1761 632 coenobii
1807 577 2028 647 quintus
2052 582 2107 644 Α
2130 579 2401 649 repetivit.
2435 576 2589 636 Unde
2614 592 2724 652 quo
2744 577 2968 636 liberius
2995 592 3195 637 vacare
3238 586 3422 652 posset
3446 580 3705 650 interius,

448 668 616 727 abbas
639 670 920 725 institutus
943 683 1084 724 anno
1120 674 1441 739 praenotata,
1465 667 1559 736 qui
1584 665 1687 722 fuit
1712 683 1887 724 annus
1910 668 2021 723 Lu-

450 758 627 815 dovici
657 759 800 830 regis
824 758 1158 817 Francorum
1179 758 1263 815 Pii
1285 758 1529 814 decimus
1548 770 1597 825 α,
1625 757 1851 829 Eugenii
1871 774 2024 829 papae

448 850 691 916 secundi,
744 865 919 906 annus
944 865 1159 922 quoque
1204 850 1493 916 secundus,
1527 857 1581 903 et
1606 847 1854 920 Othgarii
1876 848 1905 889 δ
1936 864 2024 903 ar-

424 939 774 1011 chiepiscopi
797 940 1095 1013 Moguntini
1121 939 1354 1011 primus,
1382 940 1438 995 in
1466 938 1771 995 humilitate
1791 939 2023 1012 pristina

440 1036 839 1107 perseveravit,
869 1044 923 1092 et
948 1036 1133 1103 vitam,
1183 1035 1341 1093 sicuti
1389 1044 1766 1101 consueverat,
1797 1036 1854 1090 in
1873 1035 2025 1092 omni

442 1125 683 1196 puritate
714 1126 911 1182 mentis
938 1133 994 1180 et
1013 1126 1259 1197 corporis
1283 1141 1468 1182 coram
1496 1125 1608 1182 Deo
1651 1125 2024 1181 indesinenter

442 1217 797 1275 continuavit.
831 1219 1001 1275 Deum
1047 1219 1250 1275 munda
1278 1219 1615 1275 conscientia
1643 1218 1832 1275 dilexit
1862 1234 2024 1291 super

440 1309 643 1375 omnia,
671 1324 773 1379 pro
790 1308 944 1378 cujus
971 1324 1157 1366 amore
1176 1309 1502 1380 contempsit
1525 1309 1799 1365 universa.
1827 1308 1885 1364 In
1907 1316 2023 1365 toto

440 1399 604 1456 corde
616 1415 714 1456 suo
735 1400 1117 1457 mandatorum
1132 1399 1248 1471 ejus
1267 1415 1480 1471 semper
1494 1415 1703 1456 memor
1722 1400 1951 1465 exstitit,
1968 1407 2024 1455 et

437 1506 717 1561 nunquam
748 1507 781 1546 a
805 1491 948 1548 bono
994 1492 1173 1548 studio
1222 1491 1473 1548 cessavit.
1518 1490 1579 1545 In
1627 1490 1874 1547 oratione
1911 1498 2023 1545 tam

438 1583 665 1639 devotus
690 1591 745 1639 et
773 1584 1060 1640 continuus
1087 1584 1316 1651 exstitit,
1344 1591 1406 1638 ut
1441 1597 1621 1650 nemo,
1652 1584 2025 1640 conversatio-

435 1678 523 1733 nis
553 1676 672 1747 ejus
724 1677 968 1749 ignarus,
999 1686 1243 1749 putasset
1269 1677 1420 1733 illum
1468 1676 1687 1734 lectioni
1717 1676 2023 1749 Scriptura~

438 1784 561 1824 rum
586 1769 672 1825 vel
697 1778 1077 1827 momentaneo
1105 1768 1316 1842 [Forte,
1344 1767 1645 1842 momento]
1678 1769 1918 1840 potuisse
1942 1770 2023 1825 in-

437 1859 680 1927 tendere,
706 1859 791 1916 vel
812 1876 965 1917 novae
979 1860 1385 1931 compositionis
1404 1861 1698 1933 quidquam
1714 1860 2020 1923 lucubrare.

2126 678 2506 739 procuratores
2533 686 2718 727 rerum
2744 670 3123 742 temporalium
3155 669 3479 728 suﬁlcientes
3500 673 3709 729 consti-

2124 762 2303 817 tuitet
2327 762 2567 830 idoneos,
2602 764 2669 819 de
2716 777 2947 833 quorum
2994 761 3254 819 ﬁdelitate
3275 778 3384 820 non
3409 764 3710 835 potuimu-

2124 852 2321 909 bitare.
2376 854 2623 927 Regnum
2650 854 2750 912 Dei
2789 863 2917 911 ante
2962 857 3144 912 omnia
3172 870 3414 926 quaerere
3472 856 3705 924 studuit,

2125 951 2182 997 et
2213 944 2280 999 de
2304 943 2468 1000 rebus
2497 944 2826 1001 transitoriis
2852 960 2912 1001 se
2936 944 3100 1001 nimis
3129 945 3287 1000 anxie
3314 961 3595 1016 nunquam
3614 947 3707 1003 in-

2126 1034 2379 1090 tromisit.
2411 1035 2479 1090 Et
2503 1036 2629 1105 quia
2655 1036 2825 1092 Deum
2855 1036 2913 1091 in
2938 1043 3052 1091 toto
3080 1037 3241 1093 corde
3268 1051 3368 1092 suo
3397 1036 3589 1093 dilexit
3612 1053 3707 1095 su-

2124 1139 2222 1195 per
2248 1126 2449 1193 omnia,
2501 1125 2659 1196 hujus
2686 1128 2811 1182 vitaa
2835 1128 2903 1182 ab
2953 1127 3070 1196 ipso
3098 1128 3407 1184 necessaria
3444 1144 3709 1186 consecu-

2126 1225 2214 1273 tus
2238 1228 2342 1283 est,
2370 1233 2566 1291 magna
2595 1219 2652 1273 in
2686 1218 3037 1275 abundantia.
3065 1218 3221 1275 Circa
3250 1220 3491 1292 regimen
3521 1230 3710 1278 tamen

2126 1310 2428 1366 animarum
2467 1310 2623 1368 valde
2675 1312 2936 1369 sollicitus
2963 1313 3193 1379 exstitit,
3237 1320 3293 1368 et
3325 1328 3456 1370 oves
3494 1311 3709 1369 Christi

2129 1401 2233 1458 sibi
2277 1404 2596 1460 commissas
2629 1405 2800 1460 verbo
2833 1406 3043 1473 salutis,
3073 1405 3321 1477 exemplo
3373 1406 3708 1473 sanctitatis,

2126 1496 2181 1545 et
2228 1491 2427 1562 pabulo
2477 1493 2801 1549 necessariae
2850 1495 3258 1551 sustentationis
3308 1494 3711 1551 studiosissime

2123 1596 2351 1652 pascere
2396 1584 2629 1651 curavit,
2684 1586 2785 1640 sub
2831 1585 2948 1655 ejus
2998 1585 3263 1656 regimine
3307 1586 3711 1641 monasterium

2125 1672 2394 1730 Fuldense
2440 1677 2603 1732 rebus
2650 1683 2811 1746 atque
2861 1675 3110 1746 personis
3138 1675 3313 1732 crevit
3350 1676 3615 1748 quotidie,
3648 1685 3710 1731 et

2125 1762 2270 1820 fama
2289 1766 2595 1822 sanctitatis
2623 1768 3017 1823 monachorum
3042 1766 3164 1839 ejus
3190 1781 3291 1837 per
3317 1773 3496 1823 totum
3521 1766 3673 1823 Fran
3696 1802 3709 1806 ς
3744 1817 3752 1829 ,

2125 1869 2315 1912 corum
2342 1872 2402 1913 se
2430 1872 2658 1930 regnum
2683 1856 2915 1914 diffudit.

434 1952 643 2009 Rursus
672 1954 729 2011 in
761 1954 1001 2025 legendis
1052 1953 1249 2009 divinis
1282 1952 1600 2025 Scripturis,
1635 1953 1694 2009 in
1726 1954 2013 2011 lucubran-

2191 1947 2469 2021 Praecipue
2508 1958 2692 2006 tamen
2720 1951 2931 2007 abbatis
2970 1950 3181 2008 Rabani
3227 1950 3412 2022 opinio
3443 1949 3712 2007 doctrinae

432 2044 516 2098 dis
550 2045 791 2115 quotidie
814 2045 987 2100 ferme
1011 2046 1166 2101 novis
1215 2044 1599 2112 voluminibus,
1632 2053 1796 2116 atque
1842 2047 1899 2101 in
1920 2046 2018 2103 do-

433 2135 621 2190 cendis
646 2135 1101 2205 instituendisque
1129 2133 1198 2190 ad
1234 2135 1495 2205 pietatem
1533 2135 1701 2190 divini
1727 2136 1926 2204 cultus,
1953 2138 2022 2194 ad

430 2225 697 2297 regularis
752 2226 1049 2298 disciplinae
1096 2225 1519 2292 observantiam,
1550 2233 1604 2281 et
1631 2241 1844 2282 morum
1874 2228 2018 2284 inte-

429 2319 684 2391 gritatem
713 2319 999 2376 monachis
1049 2317 1373 2384 commissis,
1408 2332 1512 2374 nec
1565 2318 1746 2375 minus
1775 2320 1832 2375 in
1875 2321 2022 2376 ordi-

431 2411 607 2465 nanda
626 2425 759 2466 cura
781 2411 1099 2478 domestica,
1132 2418 1242 2465 tam
1274 2409 1534 2481 frequens
1563 2408 1669 2466 fuit
1696 2420 1752 2468 et
1777 2412 2015 2481 sedulus,

429 2509 488 2555 ut
507 2502 697 2557 orandi
726 2502 931 2557 nullum
950 2502 1227 2559 videretur
1246 2501 1449 2558 habere
1473 2511 1828 2558 momentum.
1852 2503 2020 2561 Amor

429 2592 626 2663 quippe
650 2593 766 2659 Dei,
797 2608 903 2663 quo
934 2600 1078 2649 totus
1106 2592 1329 2650 ardebat
1374 2594 1650 2661 incensus,
1681 2609 1789 2650 non
1818 2598 2019 2666 permi-

428 2680 499 2737 sit
524 2696 644 2739 esse
664 2683 923 2750 otiosum,
959 2683 1238 2754 quoniam,
1268 2684 1427 2740 sicuti
1448 2693 1707 2755 expertus
1734 2686 2019 2744 verissime

428 2770 619 2828 beatus
646 2781 872 2830 testatur
925 2773 1241 2846 Gregorius,
1285 2790 1440 2832 amor
1467 2774 1568 2831 Dei
1626 2792 1903 2847 nunquam
1933 2787 2019 2835 est

427 2863 654 2920 otiosus.
687 2864 945 2936 Speratur
973 2866 1118 2922 enim
1147 2882 1367 2939 magna,
1401 2867 1449 2923 si
1487 2875 1570 2924 est
1598 2884 1613 2934 ;
1641 2870 1786 2939 quod
1812 2870 1859 2925 si
1883 2885 2015 2941 ope-

428 2956 541 3010 rari
600 2956 797 3025 renuit,
856 2955 1104 3030 profecto
1156 2973 1319 3016 verus
1375 2958 1475 3015 Dei
1531 2973 1686 3016 amor
1737 2976 2015 3032 nunquam

426 3047 552 3103 fuit.

494 3138 693 3197 Beatus
719 3141 902 3214 itaque
928 3143 1096 3200 abbas
1122 3142 1382 3201 Rabanus
1407 3145 1593 3201 ovium
1629 3146 1835 3204 Christi
1863 3147 2013 3206 solli-

405 3232 588 3301 .citus,
613 3249 805 3305 parum
833 3234 1114 3307 indulgens
1136 3252 1248 3294 sum
1273 3235 1577 3295 inﬁrmitati
1599 3248 1830 3308 naturae,
1853 3256 2014 3298 omne

2124 2048 2181 2099 et
2201 2042 2575 2099 sanctimonia:
2598 2043 2656 2098 in
2680 2057 2778 2099 ore
2804 2042 2905 2098 fuit
2955 2042 3198 2099 omnium
3225 2042 3454 2100 celebris
3499 2049 3557 2098 et
3578 2041 3711 2113 glo-

2123 2135 2291 2202 riosa,
2320 2150 2428 2192 non
2452 2135 2625 2193 solum
2646 2126 2789 2207 apud
2813 2135 3120 2193 Germania:
3144 2135 3407 2201 Francos,
3436 2135 3534 2192 sed
3563 2136 3713 2205 apud

2124 2225 2433 2285 Gallicanos
2466 2243 2681 2300 quoque
2703 2235 2758 2285 et
2782 2227 2961 2284 Italos.
2993 2226 3159 2297 Cujus
3179 2228 3286 2283 viri
3305 2228 3452 2283 fama
3471 2241 3634 2298 reges
3653 2235 3714 2282 et

2121 2320 2416 2391 principes,
2441 2320 2724 2392 episcOpos
2742 2331 2798 2375 et
2815 2319 3066 2376 doctores
3085 2319 3372 2392 quoslibet,
3396 2319 3563 2375 etiam
3591 2318 3715 2374 lon-

2121 2410 2242 2483 gius
2256 2411 2540 2478 distantes,
2554 2411 2609 2466 in
2632 2410 2748 2480 ejus
2771 2411 3177 2467 venerationem
3193 2410 3477 2482 permovit.
3504 2409 3715 2467 Omnes

2123 2501 2605 2572 incomparabilem
2629 2500 2745 2572 ejus
2775 2502 3115 2558 mirabantur
3139 2502 3467 2569 doctrinam,
3488 2510 3544 2558 et
3572 2517 3714 2558 con-

2114 2590 2360 2662 junctam
2411 2593 2703 2649 eruditioni
2754 2593 3096 2649 sanctitatem
3145 2593 3394 2650 laudibus
3435 2594 3717 2650 continuis

2117 2681 2486 2750 praedicabant
2513 2682 2732 2753 ubique.
2794 2683 2876 2738 Ex
2927 2683 3075 2739 omni
3124 2698 3296 2755 regno
3345 2683 3710 2753 Francorum,

2121 2772 2266 2842 quod
2317 2780 2446 2830 tunc
2485 2782 2602 2829 erat
2651 2790 2839 2840 unum,
2896 2772 3183 2831 Germanis
3214 2783 3272 2831 et
3293 2774 3481 2841 Gallis,
3514 2776 3583 2832 ad
3614 2793 3715 2832 au-

2120 2863 2376 2921 diendum
2435 2864 2588 2921 illum
2638 2865 2890 2922 certatim
2917 2865 3261 2922 conﬂuebant
3289 2868 3389 2923 viri
3412 2868 3714 2925 multarum

2118 2955 2433 3015 facultatum
2460 2958 2641 3031 periti,
2668 2965 2723 3014 et
2741 2973 2800 3014 se
2827 2957 2944 3013 fore
2964 2959 3155 3015 beatos
3178 2960 3587 3026 existimabant,
3611 2962 3712 3031 qui

2118 3047 2187 3105 ad
2217 3048 2334 3119 ejus
2361 3050 2588 3107 fuissent
2618 3048 3045 3106 familiaritatem
3099 3051 3341 3107 admissi.
3390 3051 3542 3107 Multi
3572 3068 3712 3122 quo-

2119 3155 2224 3213 que
2250 3142 2547 3214 principes,
2596 3142 2804 3200 nobiles
2830 3152 2885 3198 et
2935 3144 3083 3200 cives
3138 3143 3349 3201 Rabani
3391 3145 3713 3217 magisterio

2121 3235 2261 3292 ﬁlios
2311 3252 2439 3293 suos
2490 3237 2881 3293 commiserunt
2931 3237 3273 3304 imbuendos,
3323 3238 3490 3293 variis
3539 3246 3710 3309 atque

425 3335 659 3396 tempus,
685 3326 829 3397 quod
872 3329 1319 3399 occupationibus
1370 3330 1451 3386 rei
1510 3330 1795 3387 familiaris
1835 3332 2015 3388 subri-
2040 3319 2088 3386 C
2118 3329 2420 3401 magniﬁcis
2469 3338 2859 3401 praeceptorem
2903 3329 3061 3386 donis
3087 3338 3143 3385 et
3180 3331 3499 3387 muneribus
3528 3331 3712 3387 hono-.

424 3433 552 3488 pere
578 3418 774 3489 potuit,
806 3420 1039 3475 orationi
1085 3431 1141 3477 et
1166 3423 1342 3479 studio
1370 3424 1653 3496 impendit.
1684 3424 2012 3481 Monachum

424 3509 615 3564 habuit
644 3509 862 3565 nomine
890 3509 1144 3568 Strabum
1178 3524 1227 3581 ο,
1253 3515 1433 3586 patria
1458 3515 1755 3584 Francum,
1781 3533 1851 3573 ex
1876 3518 2012 3574 urbe

424 3599 869 3670 Prteapolitanad
895 3602 1207 3670 oriundum,
1259 3605 1439 3663 virum
1468 3607 1527 3661 in
1576 3609 1724 3664 omni
1776 3608 2011 3666 scientia

424 3690 733 3746 divinarum
785 3692 1255 3766 humanarumque
1281 3694 1587 3753 litterarum
1611 3699 2007 3768 doctissimum,

370 3784 669 3845 Hcarmine
719 3800 785 3839 ac
813 3801 975 3855 prosa
1001 3786 1159 3859 longa
1196 3789 1588 3847 exercitatione
1613 3792 1871 3863 peritum,
1910 3807 2011 3850 nec

354 3918 359 3927 .
423 3877 604 3934 minus
652 3878 779 3935 vita:
813 3880 1030 3946 merito,
1060 3896 1225 3952 quam
1254 3880 1661 3955 Scripturarum
1702 3884 2009 3942 eruditione

424 3969 816 4036 venerandum,
871 3987 1032 4043 quem
1057 3981 1179 4044 post
1230 3989 1290 4030 se
1331 3974 1726 4032 monachorum
1757 3976 1957 4032 scholae
1983 3989 2008 4018 ο

338 4090 347 4100 η
420 4059 687 4132 praefecit,
711 4070 766 4117 et
794 4064 1162 4123 introductum
1222 4068 1448 4124 docendi
1499 4068 1719 4124 modum
1747 4072 2006 4126 observa-

422 4167 506 4217 re,
542 4161 599 4209 et
625 4154 947 4212 continuare
999 4158 1295 4214 mandavit.
1342 4159 1446 4227 Qui
1474 4157 1704 4218 Strabus
1735 4169 1791 4217 et
1844 4177 2007 4232 prosa

340 4282 357 4297 η
423 4253 479 4299 et
507 4246 750 4301 carmine
801 4247 958 4316 plura
1005 4248 1238 4320 scripsit.
1292 4248 1411 4320 Ipse
1458 4250 1690 4321 denique
1726 4251 2006 4321 Babanus,

334 4346 359 4375 έ-
421 4338 869 4410 vigilantissimus
906 4349 1115 4411 pastor,
1146 4357 1343 4398 munus
1381 4342 1605 4399 docendi
1640 4353 1860 4418 propter
1907 4349 2005 4404 ab-

346 4466 349 4477 .
421 4428 628 4485 batiam
654 4430 872 4499 penitus
892 4447 1002 4487 non
1025 4432 1286 4498 deseruit,
1315 4447 1417 4487 nec
1438 4448 1469 4486 a
1500 4435 1889 4504 componendis
1913 4452 2007 4494 vo-

356 4550 361 4565 ρ
423 4520 720 4577 luminibus
766 4523 1021 4579 cessavit.
1069 4524 1296 4579 Amator
1339 4538 1534 4594 nempe
1587 4525 1682 4580 Dei
1738 4527 2003 4597 sincerus,

323 4652 357 4679 ,ι
400 4612 639 4685 ιᾳυοιίθδ
667 4623 970 4686 opportune
998 4614 1192 4686 potuit,
1218 4613 1446 4672 docendi
1467 4612 1722 4685 ollicium,
1745 4625 1806 4674 ut
1828 4620 2000 4691 prius,

326 4826 349 4849 .,
491 4802 519 4832 α
556 4789 745 4845 Potius
796 4790 1099 4858 undecimus
1148 4788 1340 4845 fuisset
1394 4789 1714 4858 Trithemio,
1770 4808 1893 4849 cum
1928 4795 1998 4851 28

382 4916 387 4921 .
416 4858 542 4919 Jan.
593 4860 720 4913 anni
750 4858 851 4934 814
892 4857 949 4915 S.
978 4859 1204 4934 Carolo_
1221 4859 1413 4934 Magno
1461 4861 1993 4934 patri_successerit,

416 4940 513 5002 aut
538 4931 906 5002 certeprintus
935 4938 1144 4986 tantum
1163 4930 1388 5002 Eugenii
1426 4946 1579 5001 papae
1597 4930 1641 4987 ll
1663 4936 1832 4991 creati
1853 4930 1997 4993 anno

324 5012 354 5019 "
404 5001 542 5065 824,
564 5001 652 5056 die
677 5000 747 5053 l9
772 4999 917 5055 Maii.

489 5073 519 5113 b
558 5070 673 5127 Hoc
694 5078 808 5126 toto
842 5087 1001 5141 anno
1051 5070 1156 5127 825
1179 5079 1232 5127 et
1260 5070 1372 5126 fere
1400 5072 1643 5141 sequenti
1672 5073 1777 5130 826
1822 5075 1997 5132 adhuc

308 5186 345 5205 ί,
418 5112 797 5213 Ιίειίεῑυῖριιψη
825 5140 1036 5213 0tgarii
1054 5142 1398 5213 decessorem
1438 5112 1639 5198 vixisse
1667 5112 1997 5201 scribi‘imS'e:

420 5213 606 5283 ranius
659 5211 752 5265 lib.
779 5227 832 5265 tv
858 5211 987 5267 Rer.
1021 5211 1284 5283 Mogunt.,
1334 5213 1518 5283 aitque
1548 5213 1618 5270 28
1647 5215 1902 5272 Decemb.
1937 5216 1995 5271 in

322 5282 328 5297 ‘
419 5282 558 5355 festo
584 5282 941 5355 lnnoccntum
988 5282 1123 5338 anni
1145 5283 1248 5355 826
1274 5282 1495 5347 obiisse,
1530 5285 1614 5339 cui
1649 5286 1830 5355 potius
1854 5300 1998 5341 anno

308 5370 337 5395 ε»
417 5353 522 5426 827
553 5366 837 5409 successor
864 5353 1024 5426 datus
1053 5361 1137 5426 est
1168 5354 1450 5426 AOtgarius.
1478 5353 1835 5426 llaistulphus
1862 5371 1993 5410 san-

306 5460 317 5471 ι
418 5424 527 5496 etis
544 5434 941 5496 annumeratur
967 5424 1023 5480 in
1059 5422 1208 5479 Actis
1235 5422 1365 5481 mss.
1416 5422 1772 5496 patronorum
1805 5426 1997 5481 civita-

419 5495 487 5548 tis
512 5493 857 5564 Moguntina}.

491 5576 514 5603 ε
560 5563 717 5618 Hunc
737 5564 982 5621 eumdem
1006 5580 1127 5623 esse
1146 5565 1503 5622 Walal‘ridum
1527 5566 1850 5622 Strabonem
1871 5565 1996 5621 dein

330 5644 335 5653 λ
417 5629 883 5707 abbatem_Augia:
917 5637 1120 5703 divitis,
1151 5653 1317 5707 supra
1346 5637 1568 5691 dictum.

487 5705 514 5744 ιι
538 5706 635 5788 ⁵ᾼη
659 5704 1380 5788 foapolitunascrib‘endum
1400 5707 1423 5759 ?
1442 5709 1553 5788 πόα
1576 5706 1765 5788 herba,
1785 5714 1849 5788 ut
1860 5708 1991 5788 urbs

420 5774 716 5846 Ilerbt‘polt's
775 5774 1123 5845 intelligatur.
1156 5778 1233 5832 De
1266 5777 1385 5833 loco
1406 5776 1525 5846 ejus
1552 5775 1719 5830 natali
1750 5776 1877 5831 alibi
1907 5777 1990 5832 ni-

416 5840 492 5901 liil
523 5840 766 5916 legimus.
814 5840 1168 5911 Trithemius,
1196 5848 1291 5903 lib.
1322 5864 1358 5903 ιι
1391 5840 1455 5903 de
1486 5846 1985 5915 Virisillustribus,

417 5919 507 5972 ubi
535 5918 796 5976 Strabum
819 5932 852 5973 a
902 5916 1203 5976 Walal‘rido
1231 5917 1396 5973 alium
1426 5918 1636 5984 statuit,
1693 5927 1986 5989 utrumque

2029 4683 2085 4744 D

2120 3427 2325 3475 rantes.
2359 3419 2506 3487 Quos
2538 3420 2630 3476 ille
2679 3427 2831 3475 tanta
2880 3419 3165 3477 sedulitate
3187 3420 3391 3489 docuit,
3442 3438 3549 3495 qua
3581 3439 3709 3479 ma-

2108 3510 2200 3583 jor
2229 3511 2529 3583 excogitari
2556 3512 2649 3566 vix
2679 3512 2965 3582 potuisset.
2996 3511 3124 3568 Fuit
3158 3513 3304 3569 enim
3329 3514 3576 3571 laborum
3602 3530 3710 3587 pa-

2115 3602 2275 3669 tiens,
2304 3611 2359 3658 et
2398 3602 2490 3673 qui
2527 3602 2630 3658 sibi
2682 3600 2817 3657 nihil
2845 3617 3135 3665 onerosum
3166 3611 3259 3658 aut
3305 3619 3470 3675 grave
3493 3605 3711 3676 judica-

2113 3691 2227 3760 bat,
2260 3695 2405 3764 quod
2426 3692 2512 3749 vel
2539 3694 2607 3749 ad
2635 3693 2733 3749 Dei
2760 3694 3048 3762 honorem,
3074 3694 3161 3751 vel
3186 3695 3255 3751 ad
3280 3697 3513 3767 proximi
3537 3699 3711 3768 perti-

2113 3784 2279 3841 nebat
2330 3784 2642 3851 utilitatem,
2697 3786 2840 3842 unde
2894 3788 2995 3843 sibi
3035 3787 3135 3844 soli
3185 3795 3345 3845 natus
3393 3789 3565 3846 videri
3595 3807 3705 3847 non

2114 3878 2302 3944 voluit,
2351 3880 2445 3949 qui
2498 3879 2727 3936 salutem
2778 3878 3009 3936 aliorum
3054 3895 3266 3952 semper
3314 3890 3376 3937 ut
3412 3882 3698 3953 propriam

2112 3968 2381 4040 quaesivit.
2415 3967 2500 4026 Ad
2550 3970 2793 4041 regimen
2858 3972 3185 4039 animarum,
3212 3971 3324 4028 Deo
3347 3972 3694 4042 providente,

2110 4058 2268 4117 valde
2295 4060 2400 4116 fuit
2430 4060 2678 4128 idoneus,
2710 4062 3009 4131 vigilantia,
3073 4064 3293 4134 pietate,
3347 4063 3699 4132 discretione,

2110 4151 2424 4224 prudentia,
2464 4167 2653 4223 opere,
2706 4160 2761 4208 et
2789 4153 3037 4209 doctrina
3075 4153 3210 4210 nulli
3262 4155 3549 4211 secundus.
3580 4155 3702 4212 Non

2110 4252 2230 4300 erat
2256 4259 2423 4315 penes
2460 4245 2611 4300 illum
2666 4246 2907 4316 acceptio
2955 4260 3336 4316 personarum,
3368 4246 3463 4302 sed
3506 4245 3702 4303 electio

2111 4337 2222 4391 sola
2247 4337 2565 4394 meritorum
2597 4357 2611 4393 :
2643 4337 2735 4409 qui
2764 4337 2971 4407 statim,
2994 4345 3055 4393 ut
3083 4337 3251 4393 abbas
3275 4337 3562 4394 ordinatus
3582 4336 3702 4394 fue-

2109 4437 2216 4493 rat,
2247 4435 2308 4483 ut
2350 4425 2576 4497 iustitia:
2628 4427 2969 4500 magistram,
3024 4428 3081 4482 in
3111 4427 3366 4483 omnibus
3419 4426 3697 4485 Benedicti

2108 4519 2278 4591 patris
2314 4520 2643 4590 sequebatur
2667 4517 2932 4586 regulam,
2982 4534 3015 4574 a
3037 4533 3144 4588 qua
3191 4519 3251 4574 in
3282 4519 3430 4575 omni
3458 4520 3571 4575 vita
3597 4535 3696 4575 sua

2111 4626 2389 4684 nunquam
2437 4620 2643 4667 temere
2671 4609 2984 4667 declinavit.
3013 4610 3073 4666 In
3101 4610 3221 4683 ipsa
3249 4625 3484 4683 namque
3506 4610 3695 4682 regula

2109 4796 2320 4850 natione
2347 4790 2693 4847 Teutonicum
2720 4789 2913 4861 scribit
2928 4804 3049 4860 cap.
3080 4788 3150 4844 55
3171 4788 3374 4861 et_§l._
3571 4857 3636 4861 ψ
3776 4851 3786 4861 ,

2179 4878 2206 4906 θ
2245 4867 2326 4942 De
2348 4879 2416 4919 eo
2443 4877 2607 4942 supra
2628 4857 3273 4942 egimuszGtgrungumnll.
3289 4859 3544 4942 abbatem
3571 4857 3694 4942 llir.

2106 4929 2601 5015 saugiensemnejus
2628 4929 2814 5013 Fuldae
2839 4929 3163 5015 discipulum
3181 4929 3374 5015 [inisse
3409 4929 3609 5015 probat
3634 4929 3691 4983 in

2104 4998 2374 5089 Chronico
2424 4998 2871 5089 Hirsaugensinad
2898 4998 3132 5089 latinum.
3180 5000 3305 5089 854‘
3332 4998 3691 5089 Trithemius,

2106 5076 2288 5146 aitque
2316 5088 2376 5128 se
2410 5095 2428 5124 ι
2461 5069 2733 5143 reperisse
2772 5070 2954 5128 Strabi
2991 5071 3229 5128 libellum
3274 5072 3339 5127 de
3385 5069 3694 5125 arithmeti-

2106 5148 2186 5223 εἰς
2211 5143 2668 5223 dimensionihus,
2695 5145 2780 5223 cui
2808 5144 3073 5223 praeponit
3111 5142 3399 5223 epistolam
3428 5141 3496 5196 ad
3542 5140 3692 5223 hunc

2102 5216 2412 5295 Gerungum
2445 5214 2958 5295 siclincipientem“:
3004 5212 3451 5295 Reuerendissjmo
3500 5212 3690 5295 merito

2104 5283 2631 5367 Eatrifwtatclﬁlio,
2675 5283 2856 5367 littera
2886 5284 3166 5367 discipulo,
3210 5283 3382 5365 gratia
3433 5283 3690 5363 magistro

2104 5354 2348 5426 Gerungo
2386 5355 2564 5409 abbati
2593 5364 2803 5409 (sternte
2822 5354 3159 5408 beatitudinis
3189 5354 3465 5425 prwmium
3511 5354 3689 5419 possi-

2102 5426 2246 5507 dere.
2274 5447 2295 5480 ι
2324 5425 2450 5507 Haec
2478 5425 2550 5480 ibi
2572 5423 2973 5507 quze‘diﬂicilia
3004 5431 3130 5507 sunt
3155 5443 3168 5477 :
3201 5437 3327 5478 nam
3354 5419 3689 5507 Walainidus

2106 5496 2334 5553 Strabus
2361 5490 2756 5579 quinque-ante
2783 5494 2940 5549 annis
2971 5494 3133 5579 obiit“
3152 5509 3335 5579 quam
3358 5493 3449 5548 hic
3475 5490 3690 5579 Gerun-
3778 5558 3787 5569 ⁸

2103 5584 2205 5639 gus
2218 5563 2437 5623 creatus
2457 5563 2625 5622 luerit
2638 5566 2805 5621 abbas
2833 5584 2846 5619 :
2874 5567 3015 5635 quod
3042 5581 3071 5620 a
3094 5563 3350 5620 Browero
3375 5579 3483 5618 non
3504 5563 3687 5617 anim-

2103 5639 2423 5692 adversum.
2476 5637 2569 5692 uui
2619 5638 2809 5692 eodem
2862 5637 3037 5692 canitc
3074 5635 3140 5689 l4
3176 5635 3270 5690 lib.
3304 5651 3321 5689 ι
3358 5627 3514 5688 Fuld.
3565 5631 3682 5686 An-

2102 5639 2423 5703 adversum,
2476 5639 2569 5708 qui
2619 5639 2809 5693 eodem
2862 5639 3037 5707 capite
3074 5639 3140 5689 l4
3176 5639 3270 5690 lib.
3304 5651 3321 5689 ι
3358 5639 3514 5688 Fuld.
3565 5639 3682 5686 An-

2101 5709 2198 5779 tiq.
2251 5707 2612 5790 etMStrabum
2653 5722 2784 5790 esse
2849 5706 3229 5790 Walal‘ﬁdum,
3299 5712 3687 5790 mortuumque

2095 5775 2240 5834 an'no
2264 5778 2370 5834 849
2398 5778 2588 5846 tradit,
2616 5785 2670 5834 et
2709 5779 2838 5835 hinc
2863 5780 3058 5851 probat
3085 5776 3399 5850 Gerungum
3440 5775 3684 5846 discipu-

2092 5848 2207 5908 lum
2232 5848 2349 5920 ejus
2374 5848 2563 5907 fuisse.
