4016 6512
391 444 458 500 sa
985 459 1038 480 »η
1495 422 1504 462 ί

1743 418 2278 494 PROLEGOMENA.
3577 440 3645 496 90

392 557 468 610 sic
490 551 658 608 abbas
685 549 1009 605 Benedictus
1030 547 1252 604 mandat
1277 549 1460 605 abbati
1498 567 1510 604 :
1548 568 1566 600 ι
1612 547 1730 605 Νοη
1754 563 1961 619 praepo-
1991 555 2044 615 Α
2069 566 2098 604 a
2118 552 2342 619 mundo,
2369 563 2655 626 prepterea
2685 550 2860 607 factus
2895 560 2978 607 est
3002 550 3112 609 Deo
3134 552 3430 624 proximus,
3459 562 3514 608 et
3539 553 3642 609 sibi

390 653 551 700 natur
603 642 866 714 ingenuus
908 655 976 694 ex
1021 639 1244 695 servitio
1293 643 1647 706 convertenti,
1702 641 1805 696 nisi
1861 640 1965 695 alia

387 750 553 793 causa
581 731 915 788 rationabilis
941 730 1156 786 existat.
1187 730 1342 785 Enim
1369 746 1496 787 vero
1522 733 1633 787 sive
1659 747 1866 797 servus,
1894 730 1966 786 si-

390 844 456 884 ve
486 827 638 892 liber,
670 839 860 881 omnes
888 839 1054 878 unum
1077 823 1132 877 in
1157 822 1372 878 Christo
1407 839 1612 888 sumus,
1649 834 1702 878 et
1730 825 1828 878 sub
1855 838 1964 878 uno

391 919 616 974 Domino
639 915 904 985 aequalem
923 912 1202 970 servitutis
1221 913 1468 969 militiam
1492 912 1815 983 bajulamus,
1838 912 1963 982 quia

390 1026 497 1066 non
519 1018 602 1065 est
631 1009 770 1078 apud
800 1007 971 1063 Deum
998 1022 1353 1078 personarum
1377 1008 1637 1078 acceptio.
1668 1007 1966 1062 Solummo—

387 1104 456 1158 do
482 1104 536 1158 in
561 1104 664 1156 hac
684 1109 838 1172 parte
866 1099 1007 1170 apud
1032 1099 1206 1169 ipsum
1257 1100 1631 1164 discernimur,
1657 1099 1703 1154 si
1736 1099 1964 1154 humiles

387 1202 442 1248 et
469 1193 716 1248 meliores
744 1191 956 1246 caeteris
985 1190 1041 1245 in
1084 1189 1242 1246 bonis
1293 1199 1348 1245 et
1367 1190 1569 1245 sanctis
1595 1189 1848 1259 operibus
1884 1189 1962 1243 in-

385 1285 684 1339 veniamur.
719 1303 736 1335 ι
768 1281 895 1337 Haec
919 1289 974 1336 et
1012 1280 1116 1335 alia
1146 1281 1456 1337 monasticae
1508 1279 1855 1350 perfectionis
1876 1279 1962 1333 in-

386 1375 570 1428 stituta
603 1382 822 1428 sanctus
853 1372 1022 1427 abbas
1048 1372 1327 1438 Rabanus,
1359 1388 1462 1427 una
1491 1387 1613 1426 cum
1642 1370 1962 1441 evangelicis

385 1465 668 1534 praeceptis
690 1471 852 1533 atque
882 1463 1124 1519 consiliis
1148 1464 1526 1520 observatione
1557 1463 1763 1518 studuit
1786 1462 1958 1516 adim-

386 1557 532 1625 plere
555 1557 832 1621 continua,
859 1565 914 1611 et
955 1555 1166 1611 ﬁdelem
1217 1571 1276 1611 se
1304 1556 1507 1612 Christi
1534 1557 1844 1610 ministrum
1875 1562 1957 1609 at-

384 1664 487 1716 que
506 1648 768 1704 vicarium
793 1649 845 1702 in
871 1648 1198 1704 monasterio
1222 1648 1482 1704 exhibuit.
1512 1649 1571 1702 In
1600 1648 1845 1703 doctrina
1863 1660 1957 1701 sua

385 1743 622 1812 regulam
651 1743 942 1798 custodivit
973 1742 1341 1812 apostolicam,
1376 1745 1429 1798 in
1457 1759 1561 1814 qua
1589 1743 1785 1798 Paulus
1813 1758 1960 1797 ama-

384 1841 470 1888 tor
506 1833 706 1889 Christi
736 1833 1012 1904 prazcepit,
1058 1833 1241 1888 dicens
1265 1835 1331 1889 ad
1359 1834 1681 1904 discipulum
1714 1851 1726 1886 :
1759 1833 1956 1902 Argue,

2068 660 2167 715 per
2202 645 2472 700 binarium
2521 645 2574 699 in
2601 645 2836 700 ternario
2865 645 3163 700 monastice
3215 647 3416 700 unitus.
3474 645 3644 715 Hujus

2065 736 2417 792 sanctissimae
2472 736 2899 792 conversationis
2960 737 3027 791 ad
3081 737 3366 794 monadem
3418 736 3642 791 ternarii

2062 825 2381 898 mysterium
2416 841 2575 880 nemo
2598 825 2805 881 utiliter
2832 825 3103 896 intelligit,
3152 826 3242 897 qui
3275 824 3451 881 adhuc
3482 827 3642 881 vitio-

2063 933 2181 972 rum
2234 915 2451 986 pulvere
2494 917 2776 972 sordescit.
2832 915 3087 986 Quisquis
3137 917 3280 971 enim
3327 927 3641 987 purgatusa

2062 1005 2426 1076 voluptatibus
2478 1005 2678 1069 carnis,
2720 1013 2776 1060 et
2836 1014 3149 1077 segregatus
3192 1021 3223 1060 a
3249 1007 3404 1062 vanis
3453 1005 3640 1062 mundi

2061 1097 2509 1155 sollicitudinibus
2530 1097 2582 1151 in
2609 1098 2767 1152 domo
2787 1097 2999 1153 Domini
3029 1114 3185 1154 secus
3205 1099 3380 1154 solum
3403 1100 3634 1168 habitat,

2059 1189 2177 1260 jam
2205 1188 2390 1244 oculos
2422 1188 2618 1243 mentis
2649 1197 2862 1257 apertos
2892 1189 3095 1244 habere
3123 1190 3470 1246 laudabiliter
3497 1191 3637 1247 inci-

2061 1283 2159 1353 pit,
2182 1290 2238 1336 et
2259 1280 2392 1335 nihil
2413 1291 2609 1351 praeter
2639 1280 2808 1336 Deum
2840 1281 3010 1336 solum
3033 1281 3117 1336 vel
3143 1289 3288 1336 amat
3318 1283 3404 1336 vel
3427 1284 3638 1339 metuit.

2063 1374 2182 1442 Quo
2209 1373 2552 1428 sanctissimo
2575 1373 2908 1444 purgationis
2952 1388 3149 1443 genere
3169 1375 3516 1429 beatissimus
3543 1377 3640 1430 ab-

2061 1465 2158 1521 bas
2179 1465 2432 1520 Rabanus
2455 1464 2686 1519 miriﬁce
2716 1464 3033 1531 illustratus,
3063 1465 3235 1519 Deum
3265 1478 3427 1532 super
3451 1466 3634 1520 omnia

2062 1558 2243 1613 timuit
2267 1575 2280 1610 :
2312 1557 2366 1611 in
2388 1555 2539 1624 cujus
2565 1572 2828 1628 apparere
2858 1564 3152 1627 conspectu
3179 1564 3273 1612 aut
3299 1571 3447 1617 reus,
3475 1565 3569 1610 aut
3600 1571 3630 1611 a

2057 1652 2200 1708 bono
2231 1665 2392 1720 opere
2418 1665 2619 1704 vacuus
2646 1649 2900 1705 horribile
2945 1648 3226 1718 judicavit.
3261 1647 3525 1715 Quocirca
3554 1648 3640 1703 fu-

2059 1751 2196 1797 turae
2225 1743 2326 1798 sibi
2374 1744 2568 1801 mortis
2608 1742 2994 1814 imaginatione
3044 1742 3239 1798 crebro
3292 1741 3637 1812 perterritus,

2061 1833 2146 1888 cui
2167 1841 2311 1887 esset
2342 1833 2688 1888 villicationis
2719 1849 2829 1889 suae
2856 1834 3120 1889 rationem
3167 1834 3491 1902 quandoque
3517 1833 3640 1888 red-

381 1923 614 1990 obsecra,
637 1925 847 1993 increpa
903 1922 988 1996 (II
1011 1923 1146 1978 Tim.
1169 1923 1268 1995 1v),
1310 1924 1360 1979 id
1398 1934 1501 1990 est,
1532 1925 1700 1979 misce
1727 1923 1960 1978 discreto
1987 1923 2034 1982 B
2063 1923 2292 1989 diturus,
2349 1923 2535 1978 sedulo
2581 1924 2873 1995 cogitabat,
2925 1925 3100 1979 sciens
3157 1933 3328 1978 artem
3371 1939 3491 1979 esse
3515 1939 3636 1978 om-

382 2015 634 2069 examine
660 2014 992 2084 temporibus
1019 2022 1285 2084 tempora,
1317 2023 1372 2070 et
1402 2015 1702 2070 terroribus
1738 2014 1950 2068 blandi-

383 2112 584 2158 menta.
604 2104 786 2159 Dirum
799 2105 1040 2176 magistri
1061 2113 1114 2160 et
1137 2105 1283 2174 pium
1300 2106 1470 2175 patris
1495 2104 1743 2160 aﬁ‘ectum
1774 2103 1952 2173 subje-

379 2196 482 2250 ctis
501 2197 602 2250 sibi
616 2195 895 2251 monachis
920 2196 1184 2261 exhibuit,
1213 2197 1428 2267 quando
1451 2196 1877 2265 indisciplinatos
1899 2202 1954 2259 et

377 2286 544 2342 duros
574 2288 737 2342 corde
763 2288 1000 2343 severius
1030 2289 1225 2359 arguit,
1288 2287 1600 2343 obedientes
1641 2302 1770 2344 vero
1795 2302 1951 2342 man-

377 2391 561 2437 suetos
594 2390 648 2436 et
680 2381 931 2449 humiles,
960 2389 1021 2436 ut
1047 2383 1103 2437 in
1132 2382 1324 2438 melius
1353 2382 1699 2452 proﬁcerent,
1730 2391 1952 2453 paterno

375 2471 570 2527 aﬁ‘ectu
593 2472 875 2528 benivolus
898 2474 1219 2529 obsecravit.
1271 2473 1557 2542 Nunquam
1590 2474 1954 2529 dissimulavit

377 2575 602 2637 peccata
644 2564 1090 2636 delinquentium,
1120 2568 1213 2622 sed
1243 2581 1368 2621 mox
1402 2574 1463 2620 ut
1503 2566 1635 2621 oriri
1665 2565 1956 2635 coepissent

376 2659 531 2723 vitia,
566 2658 822 2712 radicitus
854 2658 1170 2727 amputavit.
1201 2657 1550 2714 Honestiores
1576 2658 1720 2713 enim
1747 2665 1800 2712 et
1829 2656 1950 2712 ani-

381 2751 481 2810 mis
505 2751 904 2824 generosiores,
954 2750 1128 2825 prima
1172 2749 1256 2804 vel
1311 2748 1543 2805 secunda
1591 2748 1954 2803 admonitione

378 2846 606 2901 blandus
656 2847 941 2917 corripuit,
992 2854 1042 2900 et
1082 2846 1326 2901 oratione
1357 2840 1794 2900 mansuetissima
1821 2857 1952 2898 con-
1990 2905 2001 2912 ,

386 2938 559 2992 restim
625 2939 693 2992 ad
748 2937 1040 2994 sanitatem
1089 2939 1286 2993 mentis
1339 2937 1647 3000 revocavit;
1679 2935 1954 3004 improbos

377 3043 524 3094 vero,
553 3029 598 3083 si
649 3029 743 3099 qui
779 3028 1168 3092 occurrissent,
1201 3028 1366 3084 duros
1391 3028 1575 3094 corde,
1613 3027 1874 3096 superbos
1903 3032 1958 3080 ct

376 3121 761 3185 inobedientes,
792 3136 902 3176 non
923 3121 1100 3176 verbis
1125 3121 1302 3186 modo,
1328 3121 1422 3176 sed
1449 3121 1610 3182 etiam
1640 3119 1956 3176 verberibus

374 3221 429 3266 ct
462 3212 787 3267 abstinentia
837 3212 1077 3276 severius
1110 3213 1416 3283 castigavit,
1455 3213 1632 3267 sciens
1669 3212 1951 3281 scriptum,

2057 2017 2208 2071 nium
2244 2017 2442 2070 artium
2475 2018 2715 2088 regimen
2771 2017 3094 2072 animarum.
3128 2015 3456 2072 Continuum
3507 2032 3639 2088 ergo

2052 2109 2247 2164 futura:
2276 2109 2504 2164 rationis
2556 2110 2842 2165 reddendae
2891 2111 3209 2165 memoriam
3240 2110 3554 2166 revolvebat
3582 2110 3638 2165 in

2052 2209 2253 2266 mente,
2287 2202 2464 2256 sciens
2491 2202 2749 2257 nimirum
2807 2202 2976 2272 culpae
3012 2202 3249 2272 pastoris
3301 2203 3638 2270 incumbere,

2053 2292 2314 2362 quidquid
2342 2293 2397 2345 in
2447 2292 2640 2367 ovibus
2685 2293 2798 2348 suis
2837 2293 3230 2363 paterfamilias
3261 2295 3444 2351 minus
3489 2292 3641 2350 utili-

2054 2382 2183 2438 tatis
2211 2382 2450 2452 potuerit
2480 2383 2741 2438 invenire.
2775 2383 3067 2456 Propterea
3099 2401 3309 2442 summo
3331 2393 3526 2442 conatu
3554 2385 3635 2440 sic

2054 2473 2245 2528 statuit
2267 2474 2471 2543 vivere,
2516 2483 2594 2543 ut,
2623 2478 2886 2546 quantum
2924 2476 3188 2548 fragilitas
3239 2476 3506 2546 permittit
3532 2477 3637 2530 hu-

2053 2579 2236 2630 mana,
2260 2568 2504 2627 securior
2531 2576 2817 2640 appareret
2839 2583 3022 2624 coram
3036 2569 3147 2624 Deo
3167 2569 3224 2624 in
3253 2567 3523 2624 reddenda
3551 2580 3640 2621 ra—

2055 2655 2218 2711 tione.
2247 2657 2408 2714 Unde
2458 2675 2567 2715 non
2605 2661 2783 2716 minus
2813 2674 2977 2731 opere
3027 2674 3192 2729 quam
3241 2671 3512 2723 sermone,
3540 2671 3636 2711 ve-

2055 2763 2177 2803 rum
2204 2765 2262 2806 se
2289 2750 2436 2804 omni
2465 2761 2704 2821 tempore
2735 2758 3012 2821 pastorem
3066 2751 3249 2806 ovium
3287 2748 3489 2805 Christi
3527 2755 3639 2803 stu-

2055 2839 2173 2897 duit
2200 2841 2479 2896 exhibere.
2510 2842 2578 2896 Et
2613 2842 2681 2896 ob
2704 2842 2759 2897 id
2783 2842 2963 2897 omnia
2992 2855 3113 2912 quae
3145 2839 3425 2910 discipulis
3457 2838 3638 2894 docuit

2055 2951 2176 2991 esse
2201 2936 2474 2990 contraria
2526 2935 2582 2988 in
2632 2935 2744 2990 suis
2778 2934 2938 2989 factis
2988 2934 3227 2989 ostendit
3264 2948 3373 2988 non
3405 2932 3632 3004 agenda.

2057 3026 2434 3097 Omnipotenti.
2490 3026 2600 3080 Deo
2655 3040 2713 3081 se
2767 3033 2979 3096 gratum
3047 3024 3256 3079 cunctis
3334 3023 3638 3078 actionibus

2055 3119 2311 3174 exhibere
2363 3117 2591 3183 studuit,
2623 3131 2784 3187 quem
2834 3131 2971 3188 pura
3021 3114 3372 3180 conscientia,
3431 3112 3633 3168 mundo

2056 3210 2237 3278 corde,
2267 3218 2322 3267 et
2357 3209 2756 3266 ferventissimo
2811 3208 3092 3264 charitatis
3121 3207 3390 3264 desiderio
3413 3205 3634 3260 amavit.

373 3306 502 3375 quia
549 3303 739 3359 stultus
794 3321 899 3358 non
946 3305 1226 3374 corrigitur
1268 3305 1432 3358 verbis
1465 3303 1645 3377 (Prov.
1672 3303 1850 3375 xvm).
1886 3303 1954 3358 Et
1979 3293 2025 3357 C
2055 3301 2138 3358 Ad
2164 3316 2224 3356 se
2257 3302 2434 3373 ipsum
2471 3309 2620 3356 recta
2675 3301 3087 3356 conversatione
3127 3312 3340 3368 semper
3361 3295 3640 3350 ordinatus

374 3397 572 3450 iterum
603 3415 615 3449 :
642 3394 868 3448 Percute
902 3393 1070 3464 ﬁlium
1101 3403 1249 3448 tuum
1285 3395 1455 3464 virga,
1503 3405 1550 3448 et
1577 3393 1817 3448 liberabis
1839 3394 1954 3447 ani.

372 3503 518 3540 mam
545 3487 661 3557 ejus
700 3503 734 3540 a
755 3495 918 3540 morte
951 3484 1086 3558 [Al.,
1119 3485 1183 3539 de
1211 3483 1442 3556 inferno]
1475 3482 1654 3554 (Prov.
1670 3499 1825 3548 xxm,
1843 3483 1952 3555 14).

373 3579 776 3634 Meditationem
803 3578 1098 3632 Dominicae
1127 3577 1393 3647 passionis
1427 3577 1480 3630 in
1509 3577 1669 3631 corde
1701 3590 1800 3630 suo
1845 3574 1956 3630 sitt-

371 3671 549 3742 gulari
586 3669 870 3725 devotione
923 3668 1160 3739 quotidie
1197 3668 1398 3723 solebat
1453 3669 1752 3736 revolvere,
1773 3677 1830 3724 et
1857 3682 1957 3738 pro

373 3768 557 3816 morte
611 3759 912 3815 Salvatoris
960 3760 1400 3815 innocentissima
1428 3760 1734 3830 lacrymans
1783 3767 1840 3815 et
1865 3774 1957 3831 ge-

374 3868 529 3908 mens
557 3853 759 3924 gratias
785 3851 1008 3908 referre.
1040 3852 1236 3907 Fertur
1279 3853 1424 3908 enim
1462 3861 1705 3908 sanctam
1730 3853 1787 3908 in
1819 3867 1952 3908 con-

374 3944 716 4000 suetudinem
751 3945 991 4011 duxisse,
1043 3953 1101 3999 ut
1135 3959 1408 4014 nunquam
1454 3943 1633 3999 cibum
1691 3952 1951 4010 sumeret,

376 4036 481 4091 nisi
527 4037 674 4107 prius
717 4037 918 4108 gratias
964 4051 1157 4107 agens,
1195 4037 1385 4101 vitam,
1425 4043 1596 4100 actus,
1647 4046 1701 4090 et
1749 4035 1957 4106 passio-

379 4147 500 4186 nem
530 4130 762 4196 Domini,
801 4139 856 4186 et
893 4130 1188 4187 Salvatoris
1237 4131 1407 4186 nostri
1463 4128 1592 4186 Jesu
1621 4130 1849 4196 Christi,
1887 4129 1956 4185 ab

383 4221 754 4277 incarnatione
799 4221 1064 4292 incipiens
1101 4223 1168 4277 ad
1215 4237 1497 4277 ascensum
1529 4223 1646 4292 ejus
1675 4222 1728 4276 in
1756 4220 1954 4276 caelum

378 4327 476 4382 per
507 4311 743 4382 singulos
771 4312 1027 4369 articulos
1053 4313 1383 4377 meditando,
1415 4313 1700 4383 gemendo,
1725 4321 1778 4368 et
1798 4327 1956 4367 oran-

379 4404 448 4455 do
474 4404 853 4470 percurrisset.
882 4404 940 4458 ln
1000 4412 1375 4474 argumentum
1428 4413 1513 4459 est
1534 4404 1781 4459 veritatis
1821 4418 1956 4472 opus

379 4492 509 4547 illud
533 4493 600 4548 de
620 4493 893 4551 Laudibus
921 4503 1122 4552 sanctae
1160 4494 1367 4560 Crucis,
1415 4495 1467 4548 in
1495 4509 1604 4564 quo
1633 4509 1845 4550 summa
1877 4493 1958 4547 di-

339 4657 341 4659 ,
377 4583 596 4653 ligentia
622 4593 678 4640 et
702 4585 984 4640 devotione
1034 4586 1292 4657 mysteria
1342 4584 1633 4640 Dominica:
1687 4583 1955 4654 passionis

2057 3394 2287 3460 exstitit,
2309 3401 2364 3449 et
2403 3409 2432 3446 a
2460 3393 2668 3448 semitis
2687 3391 2914 3460 iustitiae
2955 3390 3178 3445 minime
3206 3386 3512 3442 declinavit.
3553 3384 3635 3438 Ad

2056 3484 2304 3539 subditos
2329 3496 2544 3554 quoque
2581 3497 2707 3538 suos
2741 3479 2924 3537 debita
2947 3480 3046 3535 sub
3071 3477 3364 3548 vigilantiae
3389 3489 3522 3531 cura
3552 3489 3636 3528 or-

2058 3575 2301 3631 dinatum
2334 3589 2395 3631 se
2434 3573 2685 3646 praebuit,
2735 3586 2966 3644 quorum
3014 3569 3303 3625 utilitatem
3343 3573 3397 3621 et
3449 3561 3633 3635 profe-

2057 3675 2202 3725 ctum
2234 3667 2290 3721 in
2317 3667 2568 3722 omnibus
2589 3667 2855 3737 quaesivit.
2883 3665 2943 3722 In
2973 3665 3239 3722 charitate
3261 3660 3494 3734 proximi
3514 3674 3641 3730 pro-

2055 3769 2176 3830 pter
2204 3759 2372 3814 Deum
2403 3759 2598 3815 ardens
2625 3758 2725 3814 fuit
2753 3766 2810 3814 et
2859 3757 3118 3823 fervidus,
3147 3754 3280 3811 nulli
3326 3752 3524 3825 gravis,
3552 3751 3640 3806 in-

2057 3867 2238 3920 quam,
2266 3849 2397 3905 nulli
2429 3851 2742 3919 injuriosus,
2773 3849 2904 3904 nulli
2937 3849 3219 3913 molestus,
3243 3845 3340 3902 sed
3367 3843 3640 3900 neminem

2056 3943 2259 4000 laedens
2286 3942 2560 3998 benefecit
2611 3941 2900 3997 universis.
2941 3939 3282 4010 Evangelicis
3321 3935 3639 3991 obedienter

2057 4035 2331 4091 inhaerens
2354 4034 2662 4105 prmeeptis,
2701 4034 2924 4099 bonum,
2957 4031 3102 4101 quod
3131 4028 3231 4085 sibi
3283 4027 3424 4092 ﬁeri,
3451 4040 3642 4080 secun-

2058 4131 2185 4186 dum
2229 4138 2440 4186 rectum
2486 4126 2712 4183 rationis
2747 4124 3030 4195 judicium,
3074 4121 3287 4187 voluit;
3326 4118 3478 4190 prior
3521 4117 3638 4186 ipse

2057 4221 2177 4276 aliis
2204 4220 2391 4278 sedulo
2415 4219 2692 4290 impendit.
2725 4217 2926 4273 Omnes
2961 4216 3014 4270 in
3055 4213 3272 4269 Christo
3322 4210 3532 4265 sincere
3559 4206 3640 4261 di-

2058 4313 2204 4375 lexit,
2236 4327 2427 4367 omnes
2452 4312 2658 4367 honore
2683 4309 2966 4380 praevenit,
2994 4314 3047 4363 et
3072 4303 3284 4362 cunctis
3307 4318 3409 4375 pro
3434 4300 3641 4354 viribus

2057 4404 2376 4461 benefacere
2430 4404 2661 4460 curavit.
2722 4401 3082 4471 Semetipsum
3129 4397 3232 4453 sibi
3285 4411 3383 4468 pro
3436 4389 3639 4446 Christi

2059 4514 2243 4554 amore
2269 4499 2537 4555 veraciter
2567 4499 2861 4567 abnegans,
2883 4492 3218 4564 .evangelicis
3253 4487 3546 4551 mandatis,
3577 4499 3641 4539 ac

2059 4590 2376 4668 monasticis
2403 4587 2836 4645 institutionibus
2869 4601 3022 4640 suam
3049 4584 3106 4639 in
3144 4580 3357 4638 cunctis
3395 4577 3642 4633 volunta-

381 4675 652 4730 enodavit.
683 4674 795 4730 Nisi
820 4676 965 4730 enim
987 4677 1214 4745 patienti
1237 4675 1454 4731 Christo
1475 4688 1802 4745 magnopere
1824 4672 1957 4729 fuis-
1980 4658 2034 4718 Β
2063 4691 2169 4736 tem
2195 4658 2424 4748 subjecit
2449 4697 2464 4745 ;
2497 4677 2942 4744 mortiﬁcatisque
2981 4672 3302 4744 perniciosis
3332 4666 3637 4732 desideriis,

379 4778 461 4823 set
488 4784 821 4839 compassus,
848 4777 997 4828 tanta
1026 4769 1243 4823 laudum
1294 4770 1564 4838 praeconia
1587 4782 1863 4837 nunquam
1899 4765 1956 4820 in

377 4860 494 4929 ejus
517 4863 782 4932 passionis
808 4862 1125 4918 memoriam
1175 4861 1414 4917 scribere
1441 4860 1724 4931 potuisset.
1755 4859 1956 4914 Verum

380 4956 505 5026 quia
535 4964 770 5011 mentem
801 4954 1015 5012 Christo
1063 4954 1473 5024 compatientem
1524 4952 1734 5017 habuit,
1789 4951 1953 5018 vires,

378 5061 514 5116 quas
542 5048 757 5118 negavit
788 5047 1093 5110 inﬁrmitas,
1125 5046 1296 5115 pietas
1323 5043 1674 5098 ministravit.
1705 5038 1959 5097 Omnium

379 5153 612 5208 namque
657 5138 1016 5207 spiritualium
1069 5137 1452 5191 exercitiorum
1503 5133 1795 5188 Dominicae
1834 5147 1960 5202 pas-

378 5229 549 5283 sionis
577 5236 661 5283 est
683 5229 1000 5294 maximum,
1033 5229 1090 5282 in
1132 5242 1238 5296 quo
1262 5225 1578 5289 monachus,
1607 5224 1699 5294 qui
1727 5231 1878 5279 recto
1904 5231 1960 5278 et

381 5321 571 5389 sapido
602 5319 763 5376 modo
785 5318 950 5375 fuerit
976 5319 1244 5383 assiduus,
1296 5317 1406 5372 cito
1435 5329 1689 5384 magnum
1720 5313 1962 5370 inveniet

377 5412 808 5468 conversationis
864 5413 1089 5466 interna:
1146 5409 1468 5481 profectum.
1533 5405 1855 5460 Monachum
1903 5405 1958 5458 in

381 5504 480 5558 hac
503 5512 689 5558 sancta
715 5503 1064 5557 meditatione
1116 5500 1319 5556 homini
1370 5496 1641 5553 mundano
1670 5495 1955 5566 praeposui,

381 5604 672 5666 propterea
698 5594 842 5664 quod
863 5601 1057 5647 exutus
1105 5591 1338 5663 negotiis
1369 5585 1716 5644 saecularibus
1745 5585 1815 5640 ad
1839 5600 1958 5640 me-

379 5686 699 5741 ditationem
723 5685 1014 5741 Dominicae
1034 5683 1322 5755 passionis,
1355 5681 1480 5737 vita:
1501 5687 1558 5735 et
1569 5677 1762 5734 mortis
1783 5674 1960 5748 aptior

373 5775 498 5845 jure
529 5788 798 5834 censetur.

452 5871 664 5928 Rabani
692 5881 874 5930 autem
920 5870 1266 5931 conversatio
1292 5869 1524 5928 multum
1548 5871 1833 5939 segregata
1855 5861 1959 5922 fuit

2056 4780 2110 4827 et
2135 4770 2501 4840 voluptatibus
2531 4769 2733 4832 carnis,
2788 4764 3113 4821 Christianae
3167 4775 3315 4816 arma
3364 4758 3640 4832 patientiae

2057 4861 2371 4931 assumpsit,
2401 4868 2455 4914 et
2477 4859 2578 4915 sub
2618 4857 2972 4915 confessionis
3005 4854 3197 4912 ordine
3224 4851 3490 4923 martyrio
3529 4863 3634 4904 non

2057 4951 2248 5016 caruit,
2275 4958 2458 5021 utpote
2482 4949 2572 5020 qui
2599 4964 2795 5018 corpus
2825 4964 2981 5004 suum
2999 4945 3244 5017 jejuniis,
3270 4940 3490 5010 vigiliis,
3522 4955 3640 4992 ora-

2056 5040 2660 5110 tionibus,disciplinis,
2704 5048 2759 5095 et
2787 5039 2907 5094 aliis
2951 5036 3104 5093 duris
3153 5027 3636 5088 exercitationibus

2061 5134 2373 5190 monasticis
2423 5133 2538 5188 sine
2589 5132 2987 5188 intermissione
3034 5125 3272 5198 graviter
3312 5119 3635 5183 maceravit,

2059 5228 2335 5291 carnibus,
2381 5227 2506 5280 vino
2543 5233 2597 5280 et
2628 5224 2957 5295 quibuslibet
2985 5215 3277 5274 esculentis
3322 5211 3640 5268 lautioribus

2061 5333 2274 5388 semper
2297 5318 2557 5372 abstinuit
2586 5337 2598 5371 :
2653 5317 2812 5381 fabis,
2844 5313 2978 5384 pisis
2999 5351 3014 5376 ,
3063 5319 3119 5366 et
3162 5308 3402 5365 oleribus
3431 5311 3641 5359 naturae

2061 5411 2411 5480 indigentiam
2463 5419 2734 5478 utcunque
2783 5405 3124 5462 sustentavit.
3173 5401 3339 5471 Quasi
3400 5394 3637 5470 paradisi

2061 5501 2281 5556 delicias
2328 5503 2528 5556 amavit
2585 5499 2871 5570 jejunium,
2921 5506 2976 5552 et
3011 5493 3427 5553 necessitatibus
3462 5486 3641 5543 carnis

2061 5607 2275 5662 semper
2329 5592 2620 5663 praeposuit
2679 5589 2871 5644 animae
2907 5589 3316 5644 nutrimentum.
3367 5575 3640 5648 Quidquid

2059 5683 2474 5740 necessitatibus
2497 5682 2608 5737 suis
2623 5679 2796 5750 potuit
2819 5681 3117 5751 subripere,
3135 5679 3190 5734 in
3214 5691 3345 5732 usus
3356 5686 3481 5728 mox
3503 5682 3637 5740 pau—

2058 5790 2249 5846 perum
2278 5776 2491 5832 censuit
2516 5789 2760 5845 erogare.
2789 5773 2924 5830 Nam
2946 5771 3318 5845 pientissimus
3341 5780 3464 5822 cum
3493 5764 3641 5818 esset

2061 5865 2118 5924 in
2168 5873 2454 5937 pauperes,
2504 5873 2558 5922 et
2618 5865 2784 5926 abbas
2837 5863 3039 5935 Fuldte,
3100 5871 3156 5920 et
3201 5856 3639 5929 archiepiscopus
