  <div class='ocr_page' id='page_1' title='image "/cluster/home/n/w/nwhite01/storage/ocr_20150623/107/hvd.32044015466832/051.png"; bbox 0 0 4016 6528; ppageno 0'>
   <div class='ocr_carea' id='block_1_1' title="bbox 360 402 3620 479">
    <p class='ocr_par' dir='ltr' id='par_1_1' title="bbox 360 402 3620 479">
     <span class='ocr_line' id='line_1_1' title="bbox 360 402 3620 479; baseline -0.006 -4"><span class='ocrx_word' id='word_1_1' title='bbox 360 413 427 475; x_wconf 78' lang='grc' dir='ltr'><strong>οι</strong></span> <span class='ocrx_word' id='word_1_2' title='bbox 1492 408 1585 464; x_wconf 82' lang='lat' dir='ltr'><strong>AD</strong></span> <span class='ocrx_word' id='word_1_3' title='bbox 1621 404 1850 469; x_wconf 70' lang='lat' dir='ltr'><strong>OPERA</strong></span> <span class='ocrx_word' id='word_1_4' title='bbox 1884 404 1948 469; x_wconf 66' lang='grc' dir='ltr'><strong>Β.</strong></span> <span class='ocrx_word' id='word_1_5' title='bbox 1981 402 2241 467; x_wconf 65' lang='lat' dir='ltr'><strong>sum</strong></span> <span class='ocrx_word' id='word_1_6' title='bbox 2276 402 2499 479; x_wconf 69' lang='lat' dir='ltr'><strong>munt</strong></span> <span class='ocrx_word' id='word_1_7' title='bbox 2776 416 2781 421; x_wconf 86' lang='lat'><strong><em>-</em></strong></span> <span class='ocrx_word' id='word_1_8' title='bbox 3544 410 3620 468; x_wconf 69' lang='grc' dir='ltr'><strong>οε</strong></span> 
     </span>
    </p>
   </div>
   <div class='ocr_carea' id='block_1_2' title="bbox 362 522 3622 606">
    <p class='ocr_par' dir='ltr' id='par_1_2' title="bbox 362 522 3622 606">
     <span class='ocr_line' id='line_1_2' title="bbox 362 522 3622 606; baseline -0.002 -18"><span class='ocrx_word' id='word_1_9' title='bbox 362 529 672 606; x_wconf 65' lang='lat' dir='ltr'><strong>lamus.</strong></span> <span class='ocrx_word' id='word_1_10' title='bbox 692 536 847 589; x_wconf 79' lang='lat' dir='ltr'><strong>tanta</strong></span> <span class='ocrx_word' id='word_1_11' title='bbox 876 542 975 587; x_wconf 78' lang='lat' dir='ltr'><strong>eos</strong></span> <span class='ocrx_word' id='word_1_12' title='bbox 991 526 1462 585; x_wconf 77' lang='lat' dir='ltr'><strong>commiseratione</strong></span> <span class='ocrx_word' id='word_1_13' title='bbox 1487 532 1806 595; x_wconf 83' lang='lat' dir='ltr'><strong>prosecutus</strong></span> <span class='ocrx_word' id='word_1_14' title='bbox 1831 532 1937 590; x_wconf 90' lang='lat' dir='ltr'><strong>est,</strong></span> <span class='ocrx_word' id='word_1_15' title='bbox 1964 524 2019 586; x_wconf 84' lang='grc' dir='ltr'><strong>Α</strong></span> <span class='ocrx_word' id='word_1_16' title='bbox 2041 524 2197 581; x_wconf 87' lang='lat' dir='ltr'><strong>buas.</strong></span> <span class='ocrx_word' id='word_1_17' title='bbox 2224 523 2376 592; x_wconf 76' lang='lat' dir='ltr'><strong>Quod</strong></span> <span class='ocrx_word' id='word_1_18' title='bbox 2400 525 2443 581; x_wconf 87' lang='lat' dir='ltr'><strong>si</strong></span> <span class='ocrx_word' id='word_1_19' title='bbox 2469 525 2790 596; x_wconf 71' lang='lat' dir='ltr'><strong>&#39;n‘egterens‘,</strong></span> <span class='ocrx_word' id='word_1_20' title='bbox 2822 536 3061 583; x_wconf 77' lang='lat' dir='ltr'><strong>animam</strong></span> <span class='ocrx_word' id='word_1_21' title='bbox 3087 530 3235 580; x_wconf 84' lang='lat' dir='ltr'><strong>tuam</strong></span> <span class='ocrx_word' id='word_1_22' title='bbox 3272 536 3330 579; x_wconf 86' lang='grc' dir='ltr'><strong>ιιι</strong></span> <span class='ocrx_word' id='word_1_23' title='bbox 3369 522 3622 582; x_wconf 85' lang='lat' dir='ltr'><strong>districto</strong></span> 
     </span>
    </p>
   </div>
   <div class='ocr_carea' id='block_1_3' title="bbox 362 615 1937 687">
    <p class='ocr_par' dir='ltr' id='par_1_3' title="bbox 362 615 1937 687">
     <span class='ocr_line' id='line_1_3' title="bbox 362 615 1937 687; baseline -0.01 -1"><span class='ocrx_word' id='word_1_24' title='bbox 362 632 425 685; x_wconf 82' lang='lat' dir='ltr'><strong>ut</strong></span> <span class='ocrx_word' id='word_1_25' title='bbox 448 623 516 681; x_wconf 85' lang='lat' dir='ltr'><strong>de</strong></span> <span class='ocrx_word' id='word_1_26' title='bbox 549 622 790 679; x_wconf 84' lang='lat' dir='ltr'><strong>crastino</strong></span> <span class='ocrx_word' id='word_1_27' title='bbox 833 619 1034 675; x_wconf 89' lang='lat' dir='ltr'><strong>nullam</strong></span> <span class='ocrx_word' id='word_1_28' title='bbox 1081 619 1354 675; x_wconf 77' lang='lat' dir='ltr'><strong>videretur</strong></span> <span class='ocrx_word' id='word_1_29' title='bbox 1397 616 1600 673; x_wconf 87' lang='lat' dir='ltr'><strong>habere</strong></span> <span class='ocrx_word' id='word_1_30' title='bbox 1650 615 1937 687; x_wconf 87' lang='lat' dir='ltr'><strong>providen-</strong></span> 
     </span>
    </p>
   </div>
   <div class='ocr_carea' id='block_1_4' title="bbox 367 706 1938 777">
    <p class='ocr_par' dir='ltr' id='par_1_4' title="bbox 367 706 1938 777">
     <span class='ocr_line' id='line_1_4' title="bbox 367 706 1938 777; baseline -0.009 -2"><span class='ocrx_word' id='word_1_31' title='bbox 367 717 522 775; x_wconf 85' lang='lat' dir='ltr'><strong>tiam.</strong></span> <span class='ocrx_word' id='word_1_32' title='bbox 558 713 713 770; x_wconf 91' lang='lat' dir='ltr'><strong>Unde</strong></span> <span class='ocrx_word' id='word_1_33' title='bbox 766 720 821 768; x_wconf 91' lang='lat' dir='ltr'><strong>et</strong></span> <span class='ocrx_word' id='word_1_34' title='bbox 850 728 881 766; x_wconf 88' lang='lat' dir='ltr'><strong>a</strong></span> <span class='ocrx_word' id='word_1_35' title='bbox 908 711 1068 767; x_wconf 82' lang='lat' dir='ltr'><strong>bonis</strong></span> <span class='ocrx_word' id='word_1_36' title='bbox 1111 709 1265 775; x_wconf 88' lang='lat' dir='ltr'><strong>viris,</strong></span> <span class='ocrx_word' id='word_1_37' title='bbox 1315 709 1592 777; x_wconf 82' lang='lat' dir='ltr'><strong>Deumque</strong></span> <span class='ocrx_word' id='word_1_38' title='bbox 1625 706 1938 765; x_wconf 71' lang='lat' dir='ltr'><strong>timentibus</strong></span> 
     </span>
    </p>
   </div>
   <div class='ocr_carea' id='block_1_5' title="bbox 363 794 1939 880">
    <p class='ocr_par' dir='ltr' id='par_1_5' title="bbox 363 794 1939 880">
     <span class='ocr_line' id='line_1_5' title="bbox 363 794 1939 880; baseline -0.008 -16"><span class='ocrx_word' id='word_1_39' title='bbox 363 816 520 880; x_wconf 83' lang='lat' dir='ltr'><strong>pater</strong></span> <span class='ocrx_word' id='word_1_40' title='bbox 546 804 926 863; x_wconf 77' lang='lat' dir='ltr'><strong>nominabatur</strong></span> <span class='ocrx_word' id='word_1_41' title='bbox 946 802 1185 873; x_wconf 80' lang='lat' dir='ltr'><strong>inopum,</strong></span> <span class='ocrx_word' id='word_1_42' title='bbox 1214 807 1269 855; x_wconf 91' lang='lat' dir='ltr'><strong>et</strong></span> <span class='ocrx_word' id='word_1_43' title='bbox 1298 800 1494 870; x_wconf 83' lang='lat' dir='ltr'><strong>hospes</strong></span> <span class='ocrx_word' id='word_1_44' title='bbox 1513 811 1825 868; x_wconf 74' lang='lat' dir='ltr'><strong>egenorum.</strong></span> <span class='ocrx_word' id='word_1_45' title='bbox 1855 794 1939 851; x_wconf 79' lang='lat' dir='ltr'><strong>Ab</strong></span> 
     </span>
    </p>
   </div>
   <div class='ocr_carea' id='block_1_6' title="bbox 364 887 1941 965">
    <p class='ocr_par' dir='ltr' id='par_1_6' title="bbox 364 887 1941 965">
     <span class='ocr_line' id='line_1_6' title="bbox 364 887 1941 965; baseline -0.005 -14"><span class='ocrx_word' id='word_1_46' title='bbox 364 897 472 957; x_wconf 90' lang='lat' dir='ltr'><strong>illis</strong></span> <span class='ocrx_word' id='word_1_47' title='bbox 518 910 669 960; x_wconf 87' lang='lat' dir='ltr'><strong>vero,</strong></span> <span class='ocrx_word' id='word_1_48' title='bbox 719 907 858 965; x_wconf 74' lang='lat' dir='ltr'><strong>quos</strong></span> <span class='ocrx_word' id='word_1_49' title='bbox 913 893 1031 951; x_wconf 88' lang='lat' dir='ltr'><strong>auri</strong></span> <span class='ocrx_word' id='word_1_50' title='bbox 1085 890 1280 960; x_wconf 88' lang='lat' dir='ltr'><strong>cupido</strong></span> <span class='ocrx_word' id='word_1_51' title='bbox 1333 888 1658 944; x_wconf 81' lang='lat' dir='ltr'><strong>insatiabilis</strong></span> <span class='ocrx_word' id='word_1_52' title='bbox 1701 887 1941 947; x_wconf 66' lang='lat' dir='ltr'><strong>avaritia:</strong></span> 
     </span>
    </p>
   </div>
   <div class='ocr_carea' id='block_1_7' title="bbox 364 982 1941 1055">
    <p class='ocr_par' dir='ltr' id='par_1_7' title="bbox 364 982 1941 1055">
     <span class='ocr_line' id='line_1_7' title="bbox 364 982 1941 1055; baseline -0.008 -6"><span class='ocrx_word' id='word_1_53' title='bbox 364 989 599 1049; x_wconf 72' lang='lat' dir='ltr'><strong>flaminis</strong></span> <span class='ocrx_word' id='word_1_54' title='bbox 620 987 957 1053; x_wconf 74' lang='lat' dir='ltr'><strong>incenderat,</strong></span> <span class='ocrx_word' id='word_1_55' title='bbox 1007 1000 1116 1040; x_wconf 88' lang='lat' dir='ltr'><strong>non</strong></span> <span class='ocrx_word' id='word_1_56' title='bbox 1143 985 1283 1055; x_wconf 90' lang='lat' dir='ltr'><strong>pius,</strong></span> <span class='ocrx_word' id='word_1_57' title='bbox 1317 998 1425 1039; x_wconf 89' lang='lat' dir='ltr'><strong>non</strong></span> <span class='ocrx_word' id='word_1_58' title='bbox 1474 982 1807 1049; x_wconf 83' lang='lat' dir='ltr'><strong>misericors,</strong></span> <span class='ocrx_word' id='word_1_59' title='bbox 1833 996 1941 1038; x_wconf 84' lang='lat' dir='ltr'><strong>non</strong></span> 
     </span>
    </p>
   </div>
   <div class='ocr_carea' id='block_1_8' title="bbox 367 1074 1935 1149">
    <p class='ocr_par' dir='ltr' id='par_1_8' title="bbox 367 1074 1935 1149">
     <span class='ocr_line' id='line_1_8' title="bbox 367 1074 1935 1149; baseline -0.005 -12"><span class='ocrx_word' id='word_1_60' title='bbox 367 1080 675 1146; x_wconf 81' lang='lat' dir='ltr'><strong>munificus,</strong></span> <span class='ocrx_word' id='word_1_61' title='bbox 707 1080 802 1139; x_wconf 81' lang='lat' dir='ltr'><strong>sed</strong></span> <span class='ocrx_word' id='word_1_62' title='bbox 829 1078 1102 1149; x_wconf 80' lang='lat' dir='ltr'><strong>prodigus,</strong></span> <span class='ocrx_word' id='word_1_63' title='bbox 1126 1091 1264 1132; x_wconf 88' lang='lat' dir='ltr'><strong>vane</strong></span> <span class='ocrx_word' id='word_1_64' title='bbox 1285 1075 1573 1147; x_wconf 88' lang='lat' dir='ltr'><strong>gloriosus,</strong></span> <span class='ocrx_word' id='word_1_65' title='bbox 1607 1083 1663 1130; x_wconf 90' lang='lat' dir='ltr'><strong>et</strong></span> <span class='ocrx_word' id='word_1_66' title='bbox 1700 1074 1935 1145; x_wconf 85' lang='lat' dir='ltr'><strong>dissipa-</strong></span> 
     </span>
    </p>
   </div>
   <div class='ocr_carea' id='block_1_9' title="bbox 368 1167 1940 1240">
    <p class='ocr_par' dir='ltr' id='par_1_9' title="bbox 368 1167 1940 1240">
     <span class='ocr_line' id='line_1_9' title="bbox 368 1167 1940 1240; baseline -0.005 -9"><span class='ocrx_word' id='word_1_67' title='bbox 368 1183 455 1231; x_wconf 81' lang='lat' dir='ltr'><strong>tor</strong></span> <span class='ocrx_word' id='word_1_68' title='bbox 483 1172 798 1230; x_wconf 62' lang='lat' dir='ltr'><strong>substantiae</strong></span> <span class='ocrx_word' id='word_1_69' title='bbox 821 1169 1045 1236; x_wconf 90' lang='lat' dir='ltr'><strong>Christi,</strong></span> <span class='ocrx_word' id='word_1_70' title='bbox 1076 1185 1177 1240; x_wconf 91' lang='lat' dir='ltr'><strong>per</strong></span> <span class='ocrx_word' id='word_1_71' title='bbox 1212 1167 1490 1238; x_wconf 85' lang='lat' dir='ltr'><strong>injuriam,</strong></span> <span class='ocrx_word' id='word_1_72' title='bbox 1525 1168 1705 1238; x_wconf 84' lang='lat' dir='ltr'><strong>potius</strong></span> <span class='ocrx_word' id='word_1_73' title='bbox 1731 1183 1940 1225; x_wconf 89' lang='lat' dir='ltr'><strong>nuncu-</strong></span> 
     </span>
    </p>
   </div>
   <div class='ocr_carea' id='block_1_10' title="bbox 366 1257 1943 1339">
    <p class='ocr_par' dir='ltr' id='par_1_10' title="bbox 366 1257 1943 1339">
     <span class='ocr_line' id='line_1_10' title="bbox 366 1257 1943 1339; baseline -0.004 -19"><span class='ocrx_word' id='word_1_74' title='bbox 366 1266 486 1339; x_wconf 83' lang='lat' dir='ltr'><strong>pari</strong></span> <span class='ocrx_word' id='word_1_75' title='bbox 514 1263 815 1321; x_wconf 78' lang='lat' dir='ltr'><strong>consuevit.</strong></span> <span class='ocrx_word' id='word_1_76' title='bbox 846 1261 924 1319; x_wconf 89' lang='lat' dir='ltr'><strong>lta</strong></span> <span class='ocrx_word' id='word_1_77' title='bbox 955 1262 1129 1318; x_wconf 87' lang='lat' dir='ltr'><strong>virtus</strong></span> <span class='ocrx_word' id='word_1_78' title='bbox 1154 1274 1369 1329; x_wconf 83' lang='lat' dir='ltr'><strong>semper</strong></span> <span class='ocrx_word' id='word_1_79' title='bbox 1410 1259 1572 1314; x_wconf 84' lang='lat' dir='ltr'><strong>habet</strong></span> <span class='ocrx_word' id='word_1_80' title='bbox 1619 1273 1824 1325; x_wconf 88' lang='lat' dir='ltr'><strong>osores,</strong></span> <span class='ocrx_word' id='word_1_81' title='bbox 1850 1257 1943 1329; x_wconf 90' lang='lat' dir='ltr'><strong>qui</strong></span> 
     </span>
    </p>
   </div>
   <div class='ocr_carea' id='block_1_11' title="bbox 367 1350 1946 1423">
    <p class='ocr_par' dir='ltr' id='par_1_11' title="bbox 367 1350 1946 1423">
     <span class='ocr_line' id='line_1_11' title="bbox 367 1350 1946 1423; baseline -0.003 -12"><span class='ocrx_word' id='word_1_82' title='bbox 367 1355 764 1413; x_wconf 80' lang='lat' dir='ltr'><strong>Pharisaeorum</strong></span> <span class='ocrx_word' id='word_1_83' title='bbox 791 1361 849 1409; x_wconf 91' lang='lat' dir='ltr'><strong>et</strong></span> <span class='ocrx_word' id='word_1_84' title='bbox 880 1351 1194 1410; x_wconf 80' lang='lat' dir='ltr'><strong>Scribarum</strong></span> <span class='ocrx_word' id='word_1_85' title='bbox 1243 1350 1508 1423; x_wconf 78' lang='lat' dir='ltr'><strong>exemplo,</strong></span> <span class='ocrx_word' id='word_1_86' title='bbox 1538 1350 1758 1416; x_wconf 90' lang='lat' dir='ltr'><strong>bonum,</strong></span> <span class='ocrx_word' id='word_1_87' title='bbox 1800 1351 1946 1421; x_wconf 91' lang='lat' dir='ltr'><strong>quod</strong></span> 
     </span>
    </p>
   </div>
   <div class='ocr_carea' id='block_1_12' title="bbox 367 1442 1945 1516">
    <p class='ocr_par' dir='ltr' id='par_1_12' title="bbox 367 1442 1945 1516">
     <span class='ocr_line' id='line_1_12' title="bbox 367 1442 1945 1516; baseline -0.002 -15"><span class='ocrx_word' id='word_1_88' title='bbox 367 1459 568 1516; x_wconf 88' lang='lat' dir='ltr'><strong>negare</strong></span> <span class='ocrx_word' id='word_1_89' title='bbox 591 1445 646 1499; x_wconf 91' lang='lat' dir='ltr'><strong>in</strong></span> <span class='ocrx_word' id='word_1_90' title='bbox 672 1444 922 1515; x_wconf 82' lang='lat' dir='ltr'><strong>proximo</strong></span> <span class='ocrx_word' id='word_1_91' title='bbox 951 1449 1243 1513; x_wconf 89' lang='lat' dir='ltr'><strong>nequeunt,</strong></span> <span class='ocrx_word' id='word_1_92' title='bbox 1296 1442 1351 1497; x_wconf 90' lang='lat' dir='ltr'><strong>in</strong></span> <span class='ocrx_word' id='word_1_93' title='bbox 1398 1450 1608 1513; x_wconf 88' lang='lat' dir='ltr'><strong>partem</strong></span> <span class='ocrx_word' id='word_1_94' title='bbox 1637 1442 1837 1498; x_wconf 88' lang='lat' dir='ltr'><strong>malam</strong></span> <span class='ocrx_word' id='word_1_95' title='bbox 1858 1450 1945 1498; x_wconf 88' lang='lat' dir='ltr'><strong>at-</strong></span> 
     </span>
    </p>
   </div>
   <div class='ocr_carea' id='block_1_13' title="bbox 369 1533 1942 1607">
    <p class='ocr_par' dir='ltr' id='par_1_13' title="bbox 369 1533 1942 1607">
     <span class='ocr_line' id='line_1_13' title="bbox 369 1533 1942 1607; baseline -0.001 -15"><span class='ocrx_word' id='word_1_96' title='bbox 369 1550 476 1607; x_wconf 91' lang='lat' dir='ltr'><strong>que</strong></span> <span class='ocrx_word' id='word_1_97' title='bbox 517 1534 799 1597; x_wconf 83' lang='lat' dir='ltr'><strong>sinistram</strong></span> <span class='ocrx_word' id='word_1_98' title='bbox 850 1543 1057 1595; x_wconf 80' lang='lat' dir='ltr'><strong>temere</strong></span> <span class='ocrx_word' id='word_1_99' title='bbox 1093 1541 1426 1604; x_wconf 84' lang='lat' dir='ltr'><strong>pervertunt.</strong></span> <span class='ocrx_word' id='word_1_100' title='bbox 1453 1533 1553 1591; x_wconf 82' lang='lat' dir='ltr'><strong>liis</strong></span> <span class='ocrx_word' id='word_1_101' title='bbox 1590 1533 1787 1590; x_wconf 88' lang='lat' dir='ltr'><strong>similia</strong></span> <span class='ocrx_word' id='word_1_102' title='bbox 1813 1535 1942 1590; x_wconf 87' lang='lat' dir='ltr'><strong>bea-</strong></span> 
     </span>
    </p>
   </div>
   <div class='ocr_carea' id='block_1_14' title="bbox 368 1625 1940 1698">
    <p class='ocr_par' dir='ltr' id='par_1_14' title="bbox 368 1625 1940 1698">
     <span class='ocr_line' id='line_1_14' title="bbox 368 1625 1940 1698; baseline -0.001 -16"><span class='ocrx_word' id='word_1_103' title='bbox 368 1636 456 1683; x_wconf 87' lang='lat' dir='ltr'><strong>tus</strong></span> <span class='ocrx_word' id='word_1_104' title='bbox 485 1626 737 1683; x_wconf 78' lang='lat' dir='ltr'><strong>Rabanus</strong></span> <span class='ocrx_word' id='word_1_105' title='bbox 759 1626 828 1682; x_wconf 90' lang='lat' dir='ltr'><strong>ab</strong></span> <span class='ocrx_word' id='word_1_106' title='bbox 845 1625 1104 1698; x_wconf 87' lang='lat' dir='ltr'><strong>improbis</strong></span> <span class='ocrx_word' id='word_1_107' title='bbox 1128 1641 1324 1696; x_wconf 88' lang='lat' dir='ltr'><strong>passus</strong></span> <span class='ocrx_word' id='word_1_108' title='bbox 1352 1632 1437 1681; x_wconf 91' lang='lat' dir='ltr'><strong>est</strong></span> <span class='ocrx_word' id='word_1_109' title='bbox 1475 1625 1665 1693; x_wconf 87' lang='lat' dir='ltr'><strong>multa,</strong></span> <span class='ocrx_word' id='word_1_110' title='bbox 1699 1626 1940 1697; x_wconf 88' lang='lat' dir='ltr'><strong>quicum</strong></span> 
     </span>
    </p>
   </div>
   <div class='ocr_carea' id='block_1_15' title="bbox 369 1718 1941 1792">
    <p class='ocr_par' dir='ltr' id='par_1_15' title="bbox 369 1718 1941 1792">
     <span class='ocr_line' id='line_1_15' title="bbox 369 1718 1941 1792; baseline -0.002 -16"><span class='ocrx_word' id='word_1_111' title='bbox 369 1721 627 1792; x_wconf 83' lang='lat' dir='ltr'><strong>pietatem</strong></span> <span class='ocrx_word' id='word_1_112' title='bbox 678 1718 797 1788; x_wconf 83' lang='lat' dir='ltr'><strong>ejus</strong></span> <span class='ocrx_word' id='word_1_113' title='bbox 825 1720 882 1774; x_wconf 88' lang='lat' dir='ltr'><strong>in</strong></span> <span class='ocrx_word' id='word_1_114' title='bbox 934 1734 1200 1790; x_wconf 84' lang='lat' dir='ltr'><strong>pauperes</strong></span> <span class='ocrx_word' id='word_1_115' title='bbox 1263 1719 1408 1775; x_wconf 89' lang='lat' dir='ltr'><strong>haud</strong></span> <span class='ocrx_word' id='word_1_116' title='bbox 1463 1733 1665 1791; x_wconf 87' lang='lat' dir='ltr'><strong>negare</strong></span> <span class='ocrx_word' id='word_1_117' title='bbox 1701 1726 1941 1790; x_wconf 83' lang='lat' dir='ltr'><strong>possent,</strong></span> 
     </span>
    </p>
   </div>
   <div class='ocr_carea' id='block_1_16' title="bbox 368 1815 1944 1881">
    <p class='ocr_par' dir='ltr' id='par_1_16' title="bbox 368 1815 1944 1881">
     <span class='ocr_line' id='line_1_16' title="bbox 368 1815 1944 1881; baseline -0.005 -4"><span class='ocrx_word' id='word_1_118' title='bbox 368 1817 626 1877; x_wconf 81' lang='lat' dir='ltr'><strong>vanitatis</strong></span> <span class='ocrx_word' id='word_1_119' title='bbox 648 1816 826 1872; x_wconf 89' lang='lat' dir='ltr'><strong>studio</strong></span> <span class='ocrx_word' id='word_1_120' title='bbox 872 1815 1148 1873; x_wconf 81' lang='lat' dir='ltr'><strong>ascribere</strong></span> <span class='ocrx_word' id='word_1_121' title='bbox 1178 1830 1284 1870; x_wconf 91' lang='lat' dir='ltr'><strong>non</strong></span> <span class='ocrx_word' id='word_1_122' title='bbox 1316 1816 1600 1881; x_wconf 81' lang='lat' dir='ltr'><strong>timebant,</strong></span> <span class='ocrx_word' id='word_1_123' title='bbox 1640 1822 1944 1871; x_wconf 87' lang='lat' dir='ltr'><strong>asserentes</strong></span> 
     </span>
    </p>
   </div>
   <div class='ocr_carea' id='block_1_17' title="bbox 2037 614 3623 687">
    <p class='ocr_par' dir='ltr' id='par_1_17' title="bbox 2037 614 3623 687">
     <span class='ocr_line' id='line_1_17' title="bbox 2037 614 3623 687; baseline -0.001 -12"><span class='ocrx_word' id='word_1_124' title='bbox 2037 616 2135 675; x_wconf 85' lang='lat' dir='ltr'><strong>Dei</strong></span> <span class='ocrx_word' id='word_1_125' title='bbox 2155 614 2362 685; x_wconf 87' lang='lat' dir='ltr'><strong>judicio</strong></span> <span class='ocrx_word' id='word_1_126' title='bbox 2389 631 2541 675; x_wconf 90' lang='lat' dir='ltr'><strong>ream</strong></span> <span class='ocrx_word' id='word_1_127' title='bbox 2567 616 2686 674; x_wconf 82' lang='lat' dir='ltr'><strong>fore</strong></span> <span class='ocrx_word' id='word_1_128' title='bbox 2710 630 2959 684; x_wconf 78' lang='lat' dir='ltr'><strong>noveris,</strong></span> <span class='ocrx_word' id='word_1_129' title='bbox 2985 624 3041 673; x_wconf 92' lang='lat' dir='ltr'><strong>et</strong></span> <span class='ocrx_word' id='word_1_130' title='bbox 3064 616 3412 687; x_wconf 83' lang='lat' dir='ltr'><strong>puniendam.</strong></span> <span class='ocrx_word' id='word_1_131' title='bbox 3455 637 3476 670; x_wconf 74' lang='grc' dir='ltr'><strong>ι</strong></span> <span class='ocrx_word' id='word_1_132' title='bbox 3512 615 3623 673; x_wconf 79' lang='lat' dir='ltr'><strong>Re-</strong></span> 
     </span>
    </p>
   </div>
   <div class='ocr_carea' id='block_1_18' title="bbox 2040 706 3621 778">
    <p class='ocr_par' dir='ltr' id='par_1_18' title="bbox 2040 706 3621 778">
     <span class='ocr_line' id='line_1_18' title="bbox 2040 706 3621 778; baseline 0.001 -16"><span class='ocrx_word' id='word_1_133' title='bbox 2040 706 2260 775; x_wconf 84' lang='lat' dir='ltr'><strong>spondit</strong></span> <span class='ocrx_word' id='word_1_134' title='bbox 2285 706 2657 775; x_wconf 82' lang='lat' dir='ltr'><strong>Adelhardus,</strong></span> <span class='ocrx_word' id='word_1_135' title='bbox 2705 723 2766 764; x_wconf 89' lang='lat' dir='ltr'><strong>se</strong></span> <span class='ocrx_word' id='word_1_136' title='bbox 2801 708 2971 778; x_wconf 88' lang='lat' dir='ltr'><strong>patris</strong></span> <span class='ocrx_word' id='word_1_137' title='bbox 2997 706 3151 777; x_wconf 77' lang='lat' dir='ltr'><strong>iussa</strong></span> <span class='ocrx_word' id='word_1_138' title='bbox 3191 707 3417 765; x_wconf 83' lang='lat' dir='ltr'><strong>libenter</strong></span> <span class='ocrx_word' id='word_1_139' title='bbox 3443 707 3621 766; x_wconf 87' lang='lat' dir='ltr'><strong>factu-</strong></span> 
     </span>
    </p>
   </div>
   <div class='ocr_carea' id='block_1_19' title="bbox 2039 797 3627 872">
    <p class='ocr_par' dir='ltr' id='par_1_19' title="bbox 2039 797 3627 872">
     <span class='ocr_line' id='line_1_19' title="bbox 2039 797 3627 872; baseline 0.003 -18"><span class='ocrx_word' id='word_1_140' title='bbox 2039 813 2182 854; x_wconf 87' lang='lat' dir='ltr'><strong>rum.</strong></span> <span class='ocrx_word' id='word_1_141' title='bbox 2209 797 2339 865; x_wconf 88' lang='lat' dir='ltr'><strong>Sed,</strong></span> <span class='ocrx_word' id='word_1_142' title='bbox 2369 814 2403 855; x_wconf 91' lang='lat' dir='ltr'><strong>o</strong></span> <span class='ocrx_word' id='word_1_143' title='bbox 2425 799 2578 856; x_wconf 89' lang='lat' dir='ltr'><strong>virus</strong></span> <span class='ocrx_word' id='word_1_144' title='bbox 2600 799 2961 868; x_wconf 86' lang='lat' dir='ltr'><strong>mortiferum,</strong></span> <span class='ocrx_word' id='word_1_145' title='bbox 2992 816 3156 872; x_wconf 87' lang='lat' dir='ltr'><strong>quam</strong></span> <span class='ocrx_word' id='word_1_146' title='bbox 3177 803 3342 858; x_wconf 86' lang='lat' dir='ltr'><strong>noxia</strong></span> <span class='ocrx_word' id='word_1_147' title='bbox 3366 811 3451 859; x_wconf 89' lang='lat' dir='ltr'><strong>est</strong></span> <span class='ocrx_word' id='word_1_148' title='bbox 3476 818 3595 859; x_wconf 88' lang='lat' dir='ltr'><strong>sem</strong></span> <span class='ocrx_word' id='word_1_149' title='bbox 3612 833 3627 843; x_wconf 70' lang='grc' dir='ltr'>ι</span> 
     </span>
    </p>
   </div>
   <div class='ocr_carea' id='block_1_20' title="bbox 2038 892 3629 969">
    <p class='ocr_par' dir='ltr' id='par_1_20' title="bbox 2038 892 3629 969">
     <span class='ocr_line' id='line_1_20' title="bbox 2038 892 3629 969; baseline 0.004 -21"><span class='ocrx_word' id='word_1_150' title='bbox 2038 906 2138 963; x_wconf 88' lang='lat' dir='ltr'><strong>per</strong></span> <span class='ocrx_word' id='word_1_151' title='bbox 2164 892 2541 951; x_wconf 85' lang='lat' dir='ltr'><strong>claustralibus</strong></span> <span class='ocrx_word' id='word_1_152' title='bbox 2580 895 2846 963; x_wconf 87' lang='lat' dir='ltr'><strong>avaritia,</strong></span> <span class='ocrx_word' id='word_1_153' title='bbox 2885 911 3019 966; x_wconf 87' lang='lat' dir='ltr'><strong>quos</strong></span> <span class='ocrx_word' id='word_1_154' title='bbox 3058 904 3116 952; x_wconf 89' lang='lat' dir='ltr'><strong>et</strong></span> <span class='ocrx_word' id='word_1_155' title='bbox 3157 899 3391 969; x_wconf 74' lang='lat' dir='ltr'><strong>propriae</strong></span> <span class='ocrx_word' id='word_1_156' title='bbox 3430 898 3629 955; x_wconf 83' lang='lat' dir='ltr'><strong>salutis</strong></span> 
     </span>
    </p>
   </div>
   <div class='ocr_carea' id='block_1_21' title="bbox 2041 984 3625 1063">
    <p class='ocr_par' dir='ltr' id='par_1_21' title="bbox 2041 984 3625 1063">
     <span class='ocr_line' id='line_1_21' title="bbox 2041 984 3625 1063; baseline 0.005 -23"><span class='ocrx_word' id='word_1_157' title='bbox 2041 984 2174 1042; x_wconf 80' lang='lat' dir='ltr'><strong>facit</strong></span> <span class='ocrx_word' id='word_1_158' title='bbox 2200 986 2569 1063; x_wconf 83' lang='lat' dir='ltr'><strong>immemores,</strong></span> <span class='ocrx_word' id='word_1_159' title='bbox 2593 998 2651 1045; x_wconf 91' lang='lat' dir='ltr'><strong>et</strong></span> <span class='ocrx_word' id='word_1_160' title='bbox 2672 998 2859 1047; x_wconf 88' lang='lat' dir='ltr'><strong>contra</strong></span> <span class='ocrx_word' id='word_1_161' title='bbox 2879 990 3169 1060; x_wconf 88' lang='lat' dir='ltr'><strong>puritatem</strong></span> <span class='ocrx_word' id='word_1_162' title='bbox 3190 993 3545 1048; x_wconf 85' lang='lat' dir='ltr'><strong>monasticam</strong></span> <span class='ocrx_word' id='word_1_163' title='bbox 3566 992 3625 1048; x_wconf 90' lang='lat' dir='ltr'><strong>in</strong></span> 
     </span>
    </p>
   </div>
   <div class='ocr_carea' id='block_1_22' title="bbox 2043 1077 3624 1155">
    <p class='ocr_par' dir='ltr' id='par_1_22' title="bbox 2043 1077 3624 1155">
     <span class='ocr_line' id='line_1_22' title="bbox 2043 1077 3624 1155; baseline 0.005 -23"><span class='ocrx_word' id='word_1_164' title='bbox 2043 1077 2297 1147; x_wconf 85' lang='lat' dir='ltr'><strong>superbia</strong></span> <span class='ocrx_word' id='word_1_165' title='bbox 2341 1080 2668 1150; x_wconf 88' lang='lat' dir='ltr'><strong>pertinaces.</strong></span> <span class='ocrx_word' id='word_1_166' title='bbox 2698 1081 3039 1138; x_wconf 83' lang='lat' dir='ltr'><strong>Adelbardus</strong></span> <span class='ocrx_word' id='word_1_167' title='bbox 3066 1083 3221 1155; x_wconf 88' lang='lat' dir='ltr'><strong>piger</strong></span> <span class='ocrx_word' id='word_1_168' title='bbox 3251 1085 3318 1140; x_wconf 89' lang='lat' dir='ltr'><strong>ad</strong></span> <span class='ocrx_word' id='word_1_169' title='bbox 3361 1085 3624 1140; x_wconf 69' lang='lat' dir='ltr'><strong>obedien~</strong></span> 
     </span>
    </p>
   </div>
   <div class='ocr_carea' id='block_1_23' title="bbox 2044 1167 3627 1243">
    <p class='ocr_par' dir='ltr' id='par_1_23' title="bbox 2044 1167 3627 1243">
     <span class='ocr_line' id='line_1_23' title="bbox 2044 1167 3627 1243; baseline 0.004 -20"><span class='ocrx_word' id='word_1_170' title='bbox 2044 1167 2200 1235; x_wconf 90' lang='lat' dir='ltr'><strong>tiam,</strong></span> <span class='ocrx_word' id='word_1_171' title='bbox 2230 1171 2418 1226; x_wconf 89' lang='lat' dir='ltr'><strong>tardus</strong></span> <span class='ocrx_word' id='word_1_172' title='bbox 2448 1172 2515 1227; x_wconf 90' lang='lat' dir='ltr'><strong>ad</strong></span> <span class='ocrx_word' id='word_1_173' title='bbox 2544 1173 2800 1243; x_wconf 79' lang='lat' dir='ltr'><strong>pietatem</strong></span> <span class='ocrx_word' id='word_1_174' title='bbox 2820 1217 2835 1243; x_wconf 93' lang='lat'><strong>,</strong></span> <span class='ocrx_word' id='word_1_175' title='bbox 2862 1185 2918 1232; x_wconf 89' lang='lat' dir='ltr'><strong>et</strong></span> <span class='ocrx_word' id='word_1_176' title='bbox 2946 1178 3143 1234; x_wconf 86' lang='lat' dir='ltr'><strong>ardens</strong></span> <span class='ocrx_word' id='word_1_177' title='bbox 3171 1186 3316 1233; x_wconf 88' lang='lat' dir='ltr'><strong>totus</strong></span> <span class='ocrx_word' id='word_1_178' title='bbox 3341 1178 3409 1233; x_wconf 90' lang='lat' dir='ltr'><strong>ad</strong></span> <span class='ocrx_word' id='word_1_179' title='bbox 3437 1176 3627 1231; x_wconf 86' lang='lat' dir='ltr'><strong>avari-</strong></span> 
     </span>
    </p>
   </div>
   <div class='ocr_carea' id='block_1_24' title="bbox 2047 1258 3629 1340">
    <p class='ocr_par' dir='ltr' id='par_1_24' title="bbox 2047 1258 3629 1340">
     <span class='ocr_line' id='line_1_24' title="bbox 2047 1258 3629 1340; baseline 0.004 -27"><span class='ocrx_word' id='word_1_180' title='bbox 2047 1258 2201 1327; x_wconf 89' lang='lat' dir='ltr'><strong>tiam,</strong></span> <span class='ocrx_word' id='word_1_181' title='bbox 2232 1276 2527 1332; x_wconf 87' lang='lat' dir='ltr'><strong>pauperum</strong></span> <span class='ocrx_word' id='word_1_182' title='bbox 2573 1264 2809 1334; x_wconf 89' lang='lat' dir='ltr'><strong>inopiam</strong></span> <span class='ocrx_word' id='word_1_183' title='bbox 2838 1269 3109 1340; x_wconf 76' lang='lat' dir='ltr'><strong>neglexit,</strong></span> <span class='ocrx_word' id='word_1_184' title='bbox 3138 1278 3193 1323; x_wconf 92' lang='lat' dir='ltr'><strong>et</strong></span> <span class='ocrx_word' id='word_1_185' title='bbox 3217 1268 3382 1323; x_wconf 89' lang='lat' dir='ltr'><strong>nimia</strong></span> <span class='ocrx_word' id='word_1_186' title='bbox 3417 1266 3629 1337; x_wconf 82' lang='lat' dir='ltr'><strong>cupidi-</strong></span> 
     </span>
    </p>
   </div>
   <div class='ocr_carea' id='block_1_25' title="bbox 2051 1353 3619 1429">
    <p class='ocr_par' dir='ltr' id='par_1_25' title="bbox 2051 1353 3619 1429">
     <span class='ocr_line' id='line_1_25' title="bbox 2051 1353 3619 1429; baseline 0.005 -25"><span class='ocrx_word' id='word_1_187' title='bbox 2051 1357 2160 1407; x_wconf 88' lang='lat' dir='ltr'><strong>tate</strong></span> <span class='ocrx_word' id='word_1_188' title='bbox 2190 1353 2466 1420; x_wconf 86' lang='lat' dir='ltr'><strong>seductus,</strong></span> <span class='ocrx_word' id='word_1_189' title='bbox 2506 1355 2759 1429; x_wconf 74' lang='lat' dir='ltr'><strong>suffragia</strong></span> <span class='ocrx_word' id='word_1_190' title='bbox 2790 1360 3019 1416; x_wconf 88' lang='lat' dir='ltr'><strong>mortuis</strong></span> <span class='ocrx_word' id='word_1_191' title='bbox 3047 1360 3225 1416; x_wconf 89' lang='lat' dir='ltr'><strong>debita</strong></span> <span class='ocrx_word' id='word_1_192' title='bbox 3257 1358 3619 1414; x_wconf 77' lang='lat' dir='ltr'><strong>fraudulenter</strong></span> 
     </span>
    </p>
   </div>
   <div class='ocr_carea' id='block_1_26' title="bbox 2045 1443 3628 1522">
    <p class='ocr_par' dir='ltr' id='par_1_26' title="bbox 2045 1443 3628 1522">
     <span class='ocr_line' id='line_1_26' title="bbox 2045 1443 3628 1522; baseline 0.003 -23"><span class='ocrx_word' id='word_1_193' title='bbox 2045 1443 2332 1501; x_wconf 77' lang='lat' dir='ltr'><strong>subtraxit.</strong></span> <span class='ocrx_word' id='word_1_194' title='bbox 2360 1444 2497 1501; x_wconf 85' lang='lat' dir='ltr'><strong>Nam</strong></span> <span class='ocrx_word' id='word_1_195' title='bbox 2527 1448 2725 1518; x_wconf 87' lang='lat' dir='ltr'><strong>partim</strong></span> <span class='ocrx_word' id='word_1_196' title='bbox 2754 1459 3062 1522; x_wconf 89' lang='lat' dir='ltr'><strong>contemptu</strong></span> <span class='ocrx_word' id='word_1_197' title='bbox 3086 1450 3323 1518; x_wconf 87' lang='lat' dir='ltr'><strong>abbatis,</strong></span> <span class='ocrx_word' id='word_1_198' title='bbox 3349 1451 3503 1521; x_wconf 84' lang='lat' dir='ltr'><strong>cujus</strong></span> <span class='ocrx_word' id='word_1_199' title='bbox 3529 1450 3628 1504; x_wconf 86' lang='lat' dir='ltr'><strong>ob-</strong></span> 
     </span>
    </p>
   </div>
   <div class='ocr_carea' id='block_1_27' title="bbox 2046 1534 3626 1610">
    <p class='ocr_par' dir='ltr' id='par_1_27' title="bbox 2046 1534 3626 1610">
     <span class='ocr_line' id='line_1_27' title="bbox 2046 1534 3626 1610; baseline 0.005 -22"><span class='ocrx_word' id='word_1_200' title='bbox 2046 1534 2351 1590; x_wconf 89' lang='lat' dir='ltr'><strong>luctabatur</strong></span> <span class='ocrx_word' id='word_1_201' title='bbox 2370 1536 2581 1606; x_wconf 89' lang='lat' dir='ltr'><strong>pietati,</strong></span> <span class='ocrx_word' id='word_1_202' title='bbox 2602 1539 2799 1608; x_wconf 88' lang='lat' dir='ltr'><strong>partim</strong></span> <span class='ocrx_word' id='word_1_203' title='bbox 2837 1541 3085 1606; x_wconf 88' lang='lat' dir='ltr'><strong>avaritia,</strong></span> <span class='ocrx_word' id='word_1_204' title='bbox 3110 1556 3220 1596; x_wconf 91' lang='lat' dir='ltr'><strong>non</strong></span> <span class='ocrx_word' id='word_1_205' title='bbox 3254 1540 3432 1595; x_wconf 89' lang='lat' dir='ltr'><strong>minus</strong></span> <span class='ocrx_word' id='word_1_206' title='bbox 3460 1556 3626 1610; x_wconf 88' lang='lat' dir='ltr'><strong>quam</strong></span> 
     </span>
    </p>
   </div>
   <div class='ocr_carea' id='block_1_28' title="bbox 2046 1628 3623 1705">
    <p class='ocr_par' dir='ltr' id='par_1_28' title="bbox 2046 1628 3623 1705">
     <span class='ocr_line' id='line_1_28' title="bbox 2046 1628 3623 1705; baseline 0.002 -22"><span class='ocrx_word' id='word_1_207' title='bbox 2046 1628 2327 1698; x_wconf 90' lang='lat' dir='ltr'><strong>tepiditate</strong></span> <span class='ocrx_word' id='word_1_208' title='bbox 2367 1630 2703 1703; x_wconf 89' lang='lat' dir='ltr'><strong>perniciosa,</strong></span> <span class='ocrx_word' id='word_1_209' title='bbox 2750 1634 2910 1689; x_wconf 88' lang='lat' dir='ltr'><strong>datus</strong></span> <span class='ocrx_word' id='word_1_210' title='bbox 2948 1634 3004 1688; x_wconf 91' lang='lat' dir='ltr'><strong>in</strong></span> <span class='ocrx_word' id='word_1_211' title='bbox 3048 1633 3338 1705; x_wconf 87' lang='lat' dir='ltr'><strong>reprobum</strong></span> <span class='ocrx_word' id='word_1_212' title='bbox 3384 1647 3623 1697; x_wconf 88' lang='lat' dir='ltr'><strong>sensum,</strong></span> 
     </span>
    </p>
   </div>
   <div class='ocr_carea' id='block_1_29' title="bbox 2047 1722 3629 1797">
    <p class='ocr_par' dir='ltr' id='par_1_29' title="bbox 2047 1722 3629 1797">
     <span class='ocr_line' id='line_1_29' title="bbox 2047 1722 3629 1797; baseline 0.002 -20"><span class='ocrx_word' id='word_1_213' title='bbox 2047 1722 2439 1792; x_wconf 68' lang='lat' dir='ltr'><strong>quiescendum</strong></span> <span class='ocrx_word' id='word_1_214' title='bbox 2484 1724 2538 1779; x_wconf 94' lang='lat' dir='ltr'><strong>in</strong></span> <span class='ocrx_word' id='word_1_215' title='bbox 2571 1724 2797 1781; x_wconf 91' lang='lat' dir='ltr'><strong>Domino</strong></span> <span class='ocrx_word' id='word_1_216' title='bbox 2839 1726 3189 1797; x_wconf 65' lang='lat' dir='ltr'><strong>praebendas,</strong></span> <span class='ocrx_word' id='word_1_217' title='bbox 3220 1735 3314 1781; x_wconf 89' lang='lat' dir='ltr'><strong>aut</strong></span> <span class='ocrx_word' id='word_1_218' title='bbox 3356 1725 3410 1781; x_wconf 90' lang='lat' dir='ltr'><strong>in</strong></span> <span class='ocrx_word' id='word_1_219' title='bbox 3455 1734 3629 1781; x_wconf 89' lang='lat' dir='ltr'><strong>totum</strong></span> 
     </span>
    </p>
   </div>
   <div class='ocr_carea' id='block_1_30' title="bbox 2048 1815 3632 1888">
    <p class='ocr_par' dir='ltr' id='par_1_30' title="bbox 2048 1815 3632 1888">
     <span class='ocr_line' id='line_1_30' title="bbox 2048 1815 3632 1888; baseline 0.003 -19"><span class='ocrx_word' id='word_1_220' title='bbox 2048 1815 2291 1880; x_wconf 88' lang='lat' dir='ltr'><strong>retinuit,</strong></span> <span class='ocrx_word' id='word_1_221' title='bbox 2326 1824 2420 1870; x_wconf 89' lang='lat' dir='ltr'><strong>aut</strong></span> <span class='ocrx_word' id='word_1_222' title='bbox 2449 1815 2736 1872; x_wconf 74' lang='lat' dir='ltr'><strong>infideliter</strong></span> <span class='ocrx_word' id='word_1_223' title='bbox 2773 1818 3097 1888; x_wconf 86' lang='lat' dir='ltr'><strong>pauperibus</strong></span> <span class='ocrx_word' id='word_1_224' title='bbox 3127 1818 3479 1873; x_wconf 82' lang='lat' dir='ltr'><strong>ministravit.</strong></span> <span class='ocrx_word' id='word_1_225' title='bbox 3519 1816 3632 1873; x_wconf 86' lang='lat' dir='ltr'><strong>Sed</strong></span> 
     </span>
    </p>
   </div>
   <div class='ocr_carea' id='block_1_31' title="bbox 370 1890 3634 1980">
    <p class='ocr_par' dir='ltr' id='par_1_31' title="bbox 370 1890 3634 1980">
     <span class='ocr_line' id='line_1_31' title="bbox 370 1890 3634 1980; baseline -0 -14"><span class='ocrx_word' id='word_1_226' title='bbox 370 1910 521 1969; x_wconf 78' lang='lat' dir='ltr'><strong>illum</strong></span> <span class='ocrx_word' id='word_1_227' title='bbox 551 1925 701 1966; x_wconf 60' lang='lat' dir='ltr'><strong>vanae</strong></span> <span class='ocrx_word' id='word_1_228' title='bbox 728 1909 901 1965; x_wconf 83' lang='lat' dir='ltr'><strong>laudis</strong></span> <span class='ocrx_word' id='word_1_229' title='bbox 923 1924 1108 1967; x_wconf 88' lang='lat' dir='ltr'><strong>amore</strong></span> <span class='ocrx_word' id='word_1_230' title='bbox 1130 1909 1351 1969; x_wconf 86' lang='lat' dir='ltr'><strong>ductum</strong></span> <span class='ocrx_word' id='word_1_231' title='bbox 1375 1908 1745 1980; x_wconf 90' lang='lat' dir='ltr'><strong>eleemosynas</strong></span> <span class='ocrx_word' id='word_1_232' title='bbox 1766 1908 1946 1964; x_wconf 83' lang='lat' dir='ltr'><strong>facere</strong></span> <span class='ocrx_word' id='word_1_233' title='bbox 1972 1890 2023 1953; x_wconf 79' lang='grc' dir='ltr'><strong>Β</strong></span> <span class='ocrx_word' id='word_1_234' title='bbox 2051 1922 2157 1964; x_wconf 91' lang='lat' dir='ltr'><strong>non</strong></span> <span class='ocrx_word' id='word_1_235' title='bbox 2180 1907 2301 1962; x_wconf 86' lang='lat' dir='ltr'><strong>tulit</strong></span> <span class='ocrx_word' id='word_1_236' title='bbox 2316 1908 2548 1977; x_wconf 73' lang='lat' dir='ltr'><strong>aequitas</strong></span> <span class='ocrx_word' id='word_1_237' title='bbox 2569 1909 2748 1964; x_wconf 90' lang='lat' dir='ltr'><strong>divina</strong></span> <span class='ocrx_word' id='word_1_238' title='bbox 2770 1917 2978 1965; x_wconf 88' lang='lat' dir='ltr'><strong>tantam</strong></span> <span class='ocrx_word' id='word_1_239' title='bbox 2998 1908 3113 1978; x_wconf 86' lang='lat' dir='ltr'><strong>ejus</strong></span> <span class='ocrx_word' id='word_1_240' title='bbox 3132 1911 3491 1967; x_wconf 87' lang='lat' dir='ltr'><strong>temeritatem</strong></span> <span class='ocrx_word' id='word_1_241' title='bbox 3514 1912 3634 1965; x_wconf 85' lang='lat' dir='ltr'><strong>sine</strong></span> 
     </span>
    </p>
   </div>
   <div class='ocr_carea' id='block_1_32' title="bbox 367 2001 1947 2073">
    <p class='ocr_par' dir='ltr' id='par_1_32' title="bbox 367 2001 1947 2073">
     <span class='ocr_line' id='line_1_32' title="bbox 367 2001 1947 2073; baseline 0 -17"><span class='ocrx_word' id='word_1_242' title='bbox 367 2003 566 2073; x_wconf 76' lang='lat' dir='ltr'><strong>potius,</strong></span> <span class='ocrx_word' id='word_1_243' title='bbox 595 2018 757 2071; x_wconf 81' lang='lat' dir='ltr'><strong>quam</strong></span> <span class='ocrx_word' id='word_1_244' title='bbox 778 2016 877 2071; x_wconf 87' lang='lat' dir='ltr'><strong>pro</strong></span> <span class='ocrx_word' id='word_1_245' title='bbox 907 2001 1116 2058; x_wconf 88' lang='lat' dir='ltr'><strong>honore</strong></span> <span class='ocrx_word' id='word_1_246' title='bbox 1151 2001 1266 2057; x_wconf 86' lang='lat' dir='ltr'><strong>Dei.</strong></span> <span class='ocrx_word' id='word_1_247' title='bbox 1318 2001 1425 2058; x_wconf 88' lang='lat' dir='ltr'><strong>Sed</strong></span> <span class='ocrx_word' id='word_1_248' title='bbox 1454 2002 1536 2056; x_wconf 89' lang='lat' dir='ltr'><strong>vir</strong></span> <span class='ocrx_word' id='word_1_249' title='bbox 1561 2002 1771 2057; x_wconf 88' lang='lat' dir='ltr'><strong>Domini</strong></span> <span class='ocrx_word' id='word_1_250' title='bbox 1803 2001 1947 2057; x_wconf 88' lang='lat' dir='ltr'><strong>mili-</strong></span> 
     </span>
    </p>
   </div>
   <div class='ocr_carea' id='block_1_33' title="bbox 371 2096 1948 2166">
    <p class='ocr_par' dir='ltr' id='par_1_33' title="bbox 371 2096 1948 2166">
     <span class='ocr_line' id='line_1_33' title="bbox 371 2096 1948 2166; baseline -0.002 -13"><span class='ocrx_word' id='word_1_251' title='bbox 371 2107 493 2159; x_wconf 85' lang='lat' dir='ltr'><strong>tans</strong></span> <span class='ocrx_word' id='word_1_252' title='bbox 521 2099 623 2153; x_wconf 88' lang='lat' dir='ltr'><strong>sub</strong></span> <span class='ocrx_word' id='word_1_253' title='bbox 644 2096 748 2152; x_wconf 80' lang='lat' dir='ltr'><strong>ﬁde</strong></span> <span class='ocrx_word' id='word_1_254' title='bbox 773 2096 996 2161; x_wconf 85' lang='lat' dir='ltr'><strong>Christi,</strong></span> <span class='ocrx_word' id='word_1_255' title='bbox 1031 2096 1121 2166; x_wconf 87' lang='lat' dir='ltr'><strong>qui</strong></span> <span class='ocrx_word' id='word_1_256' title='bbox 1154 2096 1306 2155; x_wconf 85' lang='lat' dir='ltr'><strong>radio</strong></span> <span class='ocrx_word' id='word_1_257' title='bbox 1358 2096 1527 2151; x_wconf 87' lang='lat' dir='ltr'><strong>divini</strong></span> <span class='ocrx_word' id='word_1_258' title='bbox 1578 2097 1783 2152; x_wconf 90' lang='lat' dir='ltr'><strong>amoris</strong></span> <span class='ocrx_word' id='word_1_259' title='bbox 1833 2106 1948 2152; x_wconf 89' lang='lat' dir='ltr'><strong>sta-</strong></span> 
     </span>
    </p>
   </div>
   <div class='ocr_carea' id='block_1_34' title="bbox 369 2185 1949 2255">
    <p class='ocr_par' dir='ltr' id='par_1_34' title="bbox 369 2185 1949 2255">
     <span class='ocr_line' id='line_1_34' title="bbox 369 2185 1949 2255; baseline 0.001 -13"><span class='ocrx_word' id='word_1_260' title='bbox 369 2186 467 2242; x_wconf 85' lang='lat' dir='ltr'><strong>bili</strong></span> <span class='ocrx_word' id='word_1_261' title='bbox 503 2186 619 2255; x_wconf 89' lang='lat' dir='ltr'><strong>jam</strong></span> <span class='ocrx_word' id='word_1_262' title='bbox 663 2185 923 2243; x_wconf 84' lang='lat' dir='ltr'><strong>firmitate</strong></span> <span class='ocrx_word' id='word_1_263' title='bbox 968 2186 1211 2251; x_wconf 84' lang='lat' dir='ltr'><strong>ardebat,</strong></span> <span class='ocrx_word' id='word_1_264' title='bbox 1268 2201 1369 2242; x_wconf 87' lang='lat' dir='ltr'><strong>nec</strong></span> <span class='ocrx_word' id='word_1_265' title='bbox 1419 2201 1558 2242; x_wconf 88' lang='lat' dir='ltr'><strong>vana</strong></span> <span class='ocrx_word' id='word_1_266' title='bbox 1608 2188 1949 2245; x_wconf 90' lang='lat' dir='ltr'><strong>blateronum</strong></span> 
     </span>
    </p>
   </div>
   <div class='ocr_carea' id='block_1_35' title="bbox 371 2279 1947 2351">
    <p class='ocr_par' dir='ltr' id='par_1_35' title="bbox 371 2279 1947 2351">
     <span class='ocr_line' id='line_1_35' title="bbox 371 2279 1947 2351; baseline 0.001 -12"><span class='ocrx_word' id='word_1_267' title='bbox 371 2279 584 2339; x_wconf 69' lang='lat' dir='ltr'><strong>curavit</strong></span> <span class='ocrx_word' id='word_1_268' title='bbox 628 2279 900 2350; x_wconf 82' lang='lat' dir='ltr'><strong>obloquia,</strong></span> <span class='ocrx_word' id='word_1_269' title='bbox 956 2295 1061 2335; x_wconf 89' lang='lat' dir='ltr'><strong>nec</strong></span> <span class='ocrx_word' id='word_1_270' title='bbox 1106 2296 1138 2336; x_wconf 93' lang='lat' dir='ltr'><strong>a</strong></span> <span class='ocrx_word' id='word_1_271' title='bbox 1167 2280 1331 2347; x_wconf 89' lang='lat' dir='ltr'><strong>bono,</strong></span> <span class='ocrx_word' id='word_1_272' title='bbox 1384 2282 1528 2351; x_wconf 91' lang='lat' dir='ltr'><strong>quod</strong></span> <span class='ocrx_word' id='word_1_273' title='bbox 1580 2282 1947 2351; x_wconf 83' lang='lat' dir='ltr'><strong>inchoaverat,</strong></span> 
     </span>
    </p>
   </div>
   <div class='ocr_carea' id='block_1_36' title="bbox 370 2371 1948 2442">
    <p class='ocr_par' dir='ltr' id='par_1_36' title="bbox 370 2371 1948 2442">
     <span class='ocr_line' id='line_1_36' title="bbox 370 2371 1948 2442; baseline 0.004 -17"><span class='ocrx_word' id='word_1_274' title='bbox 370 2384 533 2441; x_wconf 74' lang='lat' dir='ltr'><strong>Opere</strong></span> <span class='ocrx_word' id='word_1_275' title='bbox 554 2378 839 2441; x_wconf 85' lang='lat' dir='ltr'><strong>propterea</strong></span> <span class='ocrx_word' id='word_1_276' title='bbox 864 2371 1117 2436; x_wconf 87' lang='lat' dir='ltr'><strong>cessavit,</strong></span> <span class='ocrx_word' id='word_1_277' title='bbox 1156 2371 1407 2442; x_wconf 86' lang='lat' dir='ltr'><strong>quamvis</strong></span> <span class='ocrx_word' id='word_1_278' title='bbox 1444 2388 1553 2429; x_wconf 90' lang='lat' dir='ltr'><strong>non</strong></span> <span class='ocrx_word' id='word_1_279' title='bbox 1579 2376 1740 2431; x_wconf 88' lang='lat' dir='ltr'><strong>modo</strong></span> <span class='ocrx_word' id='word_1_280' title='bbox 1766 2377 1948 2432; x_wconf 87' lang='lat' dir='ltr'><strong>detra-</strong></span> 
     </span>
    </p>
   </div>
   <div class='ocr_carea' id='block_1_37' title="bbox 370 2463 1946 2540">
    <p class='ocr_par' dir='ltr' id='par_1_37' title="bbox 370 2463 1946 2540">
     <span class='ocr_line' id='line_1_37' title="bbox 370 2463 1946 2540; baseline 0.004 -22"><span class='ocrx_word' id='word_1_281' title='bbox 370 2463 641 2520; x_wconf 78' lang='lat' dir='ltr'><strong>ctionibus</strong></span> <span class='ocrx_word' id='word_1_282' title='bbox 688 2479 930 2530; x_wconf 87' lang='lat' dir='ltr'><strong>suorum,</strong></span> <span class='ocrx_word' id='word_1_283' title='bbox 983 2465 1080 2520; x_wconf 92' lang='lat' dir='ltr'><strong>sed</strong></span> <span class='ocrx_word' id='word_1_284' title='bbox 1128 2465 1296 2520; x_wconf 88' lang='lat' dir='ltr'><strong>etiam</strong></span> <span class='ocrx_word' id='word_1_285' title='bbox 1329 2467 1590 2523; x_wconf 87' lang='lat' dir='ltr'><strong>conviciis</strong></span> <span class='ocrx_word' id='word_1_286' title='bbox 1640 2477 1946 2540; x_wconf 76' lang='lat' dir='ltr'><strong>urgeretur.</strong></span> 
     </span>
    </p>
   </div>
   <div class='ocr_carea' id='block_1_38' title="bbox 371 2554 1949 2630">
    <p class='ocr_par' dir='ltr' id='par_1_38' title="bbox 371 2554 1949 2630">
     <span class='ocr_line' id='line_1_38' title="bbox 371 2554 1949 2630; baseline 0.003 -19"><span class='ocrx_word' id='word_1_287' title='bbox 371 2554 487 2611; x_wconf 85' lang='lat' dir='ltr'><strong>Nec</strong></span> <span class='ocrx_word' id='word_1_288' title='bbox 507 2563 691 2611; x_wconf 80' lang='lat' dir='ltr'><strong>tamen</strong></span> <span class='ocrx_word' id='word_1_289' title='bbox 713 2554 932 2620; x_wconf 85' lang='lat' dir='ltr'><strong>mirum,</strong></span> <span class='ocrx_word' id='word_1_290' title='bbox 965 2555 1011 2611; x_wconf 89' lang='lat' dir='ltr'><strong>si</strong></span> <span class='ocrx_word' id='word_1_291' title='bbox 1037 2556 1092 2610; x_wconf 91' lang='lat' dir='ltr'><strong>in</strong></span> <span class='ocrx_word' id='word_1_292' title='bbox 1121 2563 1272 2611; x_wconf 88' lang='lat' dir='ltr'><strong>tanta</strong></span> <span class='ocrx_word' id='word_1_293' title='bbox 1311 2558 1729 2630; x_wconf 77' lang='lat' dir='ltr'><strong>congregatione</strong></span> <span class='ocrx_word' id='word_1_294' title='bbox 1776 2560 1949 2616; x_wconf 77' lang='lat' dir='ltr'><strong>bono~</strong></span> 
     </span>
    </p>
   </div>
   <div class='ocr_carea' id='block_1_39' title="bbox 373 2648 1953 2723">
    <p class='ocr_par' dir='ltr' id='par_1_39' title="bbox 373 2648 1953 2723">
     <span class='ocr_line' id='line_1_39' title="bbox 373 2648 1953 2723; baseline 0.003 -20"><span class='ocrx_word' id='word_1_295' title='bbox 373 2664 493 2703; x_wconf 88' lang='lat' dir='ltr'><strong>rum</strong></span> <span class='ocrx_word' id='word_1_296' title='bbox 510 2648 922 2709; x_wconf 76' lang='lat' dir='ltr'><strong>inveniebantur</strong></span> <span class='ocrx_word' id='word_1_297' title='bbox 935 2650 1100 2705; x_wconf 88' lang='lat' dir='ltr'><strong>etiam</strong></span> <span class='ocrx_word' id='word_1_298' title='bbox 1121 2650 1363 2705; x_wconf 89' lang='lat' dir='ltr'><strong>nonnulli</strong></span> <span class='ocrx_word' id='word_1_299' title='bbox 1385 2652 1565 2707; x_wconf 90' lang='lat' dir='ltr'><strong>minus</strong></span> <span class='ocrx_word' id='word_1_300' title='bbox 1586 2652 1831 2723; x_wconf 83' lang='lat' dir='ltr'><strong>perfecti,</strong></span> <span class='ocrx_word' id='word_1_301' title='bbox 1857 2662 1953 2709; x_wconf 91' lang='lat' dir='ltr'><strong>aut</strong></span> 
     </span>
    </p>
   </div>
   <div class='ocr_carea' id='block_1_40' title="bbox 372 2738 1951 2814">
    <p class='ocr_par' dir='ltr' id='par_1_40' title="bbox 372 2738 1951 2814">
     <span class='ocr_line' id='line_1_40' title="bbox 372 2738 1951 2814; baseline 0.004 -19"><span class='ocrx_word' id='word_1_302' title='bbox 372 2738 522 2805; x_wconf 86' lang='lat' dir='ltr'><strong>mali,</strong></span> <span class='ocrx_word' id='word_1_303' title='bbox 557 2753 680 2797; x_wconf 80' lang='lat' dir='ltr'><strong>cum</strong></span> <span class='ocrx_word' id='word_1_304' title='bbox 729 2740 873 2798; x_wconf 85' lang='lat' dir='ltr'><strong>inter</strong></span> <span class='ocrx_word' id='word_1_305' title='bbox 917 2741 1204 2797; x_wconf 88' lang='lat' dir='ltr'><strong>duodecim</strong></span> <span class='ocrx_word' id='word_1_306' title='bbox 1232 2742 1507 2814; x_wconf 82' lang='lat' dir='ltr'><strong>apostolos</strong></span> <span class='ocrx_word' id='word_1_307' title='bbox 1558 2742 1759 2800; x_wconf 89' lang='lat' dir='ltr'><strong>Christi</strong></span> <span class='ocrx_word' id='word_1_308' title='bbox 1811 2761 1951 2802; x_wconf 90' lang='lat' dir='ltr'><strong>unus</strong></span> 
     </span>
    </p>
   </div>
   <div class='ocr_carea' id='block_1_41' title="bbox 369 2831 1949 2907">
    <p class='ocr_par' dir='ltr' id='par_1_41' title="bbox 369 2831 1949 2907">
     <span class='ocr_line' id='line_1_41' title="bbox 369 2831 1949 2907; baseline 0.003 -20"><span class='ocrx_word' id='word_1_309' title='bbox 369 2831 538 2889; x_wconf 87' lang='lat' dir='ltr'><strong>fuerit</strong></span> <span class='ocrx_word' id='word_1_310' title='bbox 561 2832 814 2889; x_wconf 85' lang='lat' dir='ltr'><strong>inventus</strong></span> <span class='ocrx_word' id='word_1_311' title='bbox 854 2835 1084 2889; x_wconf 86' lang='lat' dir='ltr'><strong>traditor</strong></span> <span class='ocrx_word' id='word_1_312' title='bbox 1122 2849 1245 2891; x_wconf 88' lang='lat' dir='ltr'><strong>esse</strong></span> <span class='ocrx_word' id='word_1_313' title='bbox 1292 2835 1575 2907; x_wconf 84' lang='lat' dir='ltr'><strong>magistri;</strong></span> <span class='ocrx_word' id='word_1_314' title='bbox 1608 2845 1665 2891; x_wconf 89' lang='lat' dir='ltr'><strong>et</strong></span> <span class='ocrx_word' id='word_1_315' title='bbox 1688 2852 1720 2892; x_wconf 93' lang='lat' dir='ltr'><strong>e</strong></span> <span class='ocrx_word' id='word_1_316' title='bbox 1743 2846 1949 2907; x_wconf 86' lang='lat' dir='ltr'><strong>septem</strong></span> 
     </span>
    </p>
   </div>
   <div class='ocr_carea' id='block_1_42' title="bbox 369 2921 1951 2992">
    <p class='ocr_par' dir='ltr' id='par_1_42' title="bbox 369 2921 1951 2992">
     <span class='ocr_line' id='line_1_42' title="bbox 369 2921 1951 2992; baseline 0.005 -17"><span class='ocrx_word' id='word_1_317' title='bbox 369 2921 561 2992; x_wconf 85' lang='lat' dir='ltr'><strong>primis</strong></span> <span class='ocrx_word' id='word_1_318' title='bbox 597 2921 847 2983; x_wconf 66' lang='lat' dir='ltr'><strong>ecclesiae</strong></span> <span class='ocrx_word' id='word_1_319' title='bbox 878 2922 1197 2981; x_wconf 86' lang='lat' dir='ltr'><strong>diaconibus</strong></span> <span class='ocrx_word' id='word_1_320' title='bbox 1251 2924 1336 2980; x_wconf 89' lang='lat' dir='ltr'><strong>sui</strong></span> <span class='ocrx_word' id='word_1_321' title='bbox 1384 2925 1656 2981; x_wconf 78' lang='lat' dir='ltr'><strong>exstiterit</strong></span> <span class='ocrx_word' id='word_1_322' title='bbox 1716 2927 1951 2983; x_wconf 89' lang='lat' dir='ltr'><strong>nominis</strong></span> 
     </span>
    </p>
   </div>
   <div class='ocr_carea' id='block_1_43' title="bbox 371 3015 1949 3089">
    <p class='ocr_par' dir='ltr' id='par_1_43' title="bbox 371 3015 1949 3089">
     <span class='ocr_line' id='line_1_43' title="bbox 371 3015 1949 3089; baseline 0.005 -22"><span class='ocrx_word' id='word_1_323' title='bbox 371 3021 562 3069; x_wconf 83' lang='lat' dir='ltr'><strong>auctor</strong></span> <span class='ocrx_word' id='word_1_324' title='bbox 597 3015 821 3071; x_wconf 87' lang='lat' dir='ltr'><strong>erroris.</strong></span> <span class='ocrx_word' id='word_1_325' title='bbox 855 3015 1241 3073; x_wconf 77' lang='lat' dir='ltr'><strong>Verumtamen</strong></span> <span class='ocrx_word' id='word_1_326' title='bbox 1285 3031 1393 3072; x_wconf 88' lang='lat' dir='ltr'><strong>non</strong></span> <span class='ocrx_word' id='word_1_327' title='bbox 1445 3016 1733 3089; x_wconf 88' lang='lat' dir='ltr'><strong>dereliquit</strong></span> <span class='ocrx_word' id='word_1_328' title='bbox 1760 3017 1949 3076; x_wconf 83' lang='lat' dir='ltr'><strong>Omni-</strong></span> 
     </span>
    </p>
   </div>
   <div class='ocr_carea' id='block_1_44' title="bbox 369 3103 1953 3181">
    <p class='ocr_par' dir='ltr' id='par_1_44' title="bbox 369 3103 1953 3181">
     <span class='ocr_line' id='line_1_44' title="bbox 369 3103 1953 3181; baseline 0.005 -21"><span class='ocrx_word' id='word_1_329' title='bbox 369 3111 564 3175; x_wconf 82' lang='lat' dir='ltr'><strong>potens</strong></span> <span class='ocrx_word' id='word_1_330' title='bbox 591 3103 855 3165; x_wconf 82' lang='lat' dir='ltr'><strong>famulum</strong></span> <span class='ocrx_word' id='word_1_331' title='bbox 878 3122 1033 3164; x_wconf 78' lang='lat' dir='ltr'><strong>suum</strong></span> <span class='ocrx_word' id='word_1_332' title='bbox 1066 3108 1121 3163; x_wconf 84' lang='lat' dir='ltr'><strong>in</strong></span> <span class='ocrx_word' id='word_1_333' title='bbox 1168 3108 1538 3176; x_wconf 81' lang='lat' dir='ltr'><strong>tribulatione,</strong></span> <span class='ocrx_word' id='word_1_334' title='bbox 1587 3126 1750 3181; x_wconf 87' lang='lat' dir='ltr'><strong>quem</strong></span> <span class='ocrx_word' id='word_1_335' title='bbox 1780 3112 1835 3168; x_wconf 92' lang='lat' dir='ltr'><strong>in</strong></span> <span class='ocrx_word' id='word_1_336' title='bbox 1864 3128 1953 3168; x_wconf 83' lang='lat' dir='ltr'><strong>ca-</strong></span> 
     </span>
    </p>
   </div>
   <div class='ocr_carea' id='block_1_45' title="bbox 369 3196 1953 3274">
    <p class='ocr_par' dir='ltr' id='par_1_45' title="bbox 369 3196 1953 3274">
     <span class='ocr_line' id='line_1_45' title="bbox 369 3196 1953 3274; baseline 0.008 -24"><span class='ocrx_word' id='word_1_337' title='bbox 369 3196 519 3251; x_wconf 85' lang='lat' dir='ltr'><strong>mino</strong></span> <span class='ocrx_word' id='word_1_338' title='bbox 565 3199 898 3268; x_wconf 83' lang='lat' dir='ltr'><strong>paupertatis</strong></span> <span class='ocrx_word' id='word_1_339' title='bbox 954 3200 1331 3272; x_wconf 81' lang='lat' dir='ltr'><strong>multipliciter</strong></span> <span class='ocrx_word' id='word_1_340' title='bbox 1386 3203 1678 3274; x_wconf 89' lang='lat' dir='ltr'><strong>probatum</strong></span> <span class='ocrx_word' id='word_1_341' title='bbox 1740 3206 1953 3262; x_wconf 87' lang='lat' dir='ltr'><strong>invenit</strong></span> 
     </span>
    </p>
   </div>
   <div class='ocr_carea' id='block_1_46' title="bbox 2051 1999 3635 2071">
    <p class='ocr_par' dir='ltr' id='par_1_46' title="bbox 2051 1999 3635 2071">
     <span class='ocr_line' id='line_1_46' title="bbox 2051 1999 3635 2071; baseline 0.002 -17"><span class='ocrx_word' id='word_1_342' title='bbox 2051 1999 2311 2054; x_wconf 86' lang='lat' dir='ltr'><strong>vindicta.</strong></span> <span class='ocrx_word' id='word_1_343' title='bbox 2345 1999 2586 2066; x_wconf 83' lang='lat' dir='ltr'><strong>Quadam</strong></span> <span class='ocrx_word' id='word_1_344' title='bbox 2612 2015 2844 2071; x_wconf 88' lang='lat' dir='ltr'><strong>namque</strong></span> <span class='ocrx_word' id='word_1_345' title='bbox 2874 2001 2991 2068; x_wconf 90' lang='lat' dir='ltr'><strong>die,</strong></span> <span class='ocrx_word' id='word_1_346' title='bbox 3026 2017 3150 2056; x_wconf 91' lang='lat' dir='ltr'><strong>cum</strong></span> <span class='ocrx_word' id='word_1_347' title='bbox 3176 2002 3415 2058; x_wconf 80' lang='lat' dir='ltr'><strong>externis</strong></span> <span class='ocrx_word' id='word_1_348' title='bbox 3446 2016 3635 2057; x_wconf 87' lang='lat' dir='ltr'><strong>rerum</strong></span> 
     </span>
    </p>
   </div>
   <div class='ocr_carea' id='block_1_47' title="bbox 2053 2092 3637 2163">
    <p class='ocr_par' dir='ltr' id='par_1_47' title="bbox 2053 2092 3637 2163">
     <span class='ocr_line' id='line_1_47' title="bbox 2053 2092 3637 2163; baseline 0.002 -18"><span class='ocrx_word' id='word_1_349' title='bbox 2053 2092 2201 2147; x_wconf 90' lang='lat' dir='ltr'><strong>curis</strong></span> <span class='ocrx_word' id='word_1_350' title='bbox 2236 2092 2462 2146; x_wconf 89' lang='lat' dir='ltr'><strong>nimium</strong></span> <span class='ocrx_word' id='word_1_351' title='bbox 2489 2099 2802 2162; x_wconf 87' lang='lat' dir='ltr'><strong>occupatus,</strong></span> <span class='ocrx_word' id='word_1_352' title='bbox 2838 2093 2971 2148; x_wconf 87' lang='lat' dir='ltr'><strong>hora</strong></span> <span class='ocrx_word' id='word_1_353' title='bbox 2994 2092 3109 2163; x_wconf 88' lang='lat' dir='ltr'><strong>jam</strong></span> <span class='ocrx_word' id='word_1_354' title='bbox 3137 2102 3283 2148; x_wconf 84' lang='lat' dir='ltr'><strong>esset</strong></span> <span class='ocrx_word' id='word_1_355' title='bbox 3311 2093 3533 2159; x_wconf 85' lang='lat' dir='ltr'><strong>tardior,</strong></span> <span class='ocrx_word' id='word_1_356' title='bbox 3578 2101 3637 2148; x_wconf 88' lang='lat' dir='ltr'><strong>et</strong></span> 
     </span>
    </p>
   </div>
   <div class='ocr_carea' id='block_1_48' title="bbox 2052 2182 3635 2254">
    <p class='ocr_par' dir='ltr' id='par_1_48' title="bbox 2052 2182 3635 2254">
     <span class='ocr_line' id='line_1_48' title="bbox 2052 2182 3635 2254; baseline 0.003 -18"><span class='ocrx_word' id='word_1_357' title='bbox 2052 2182 2444 2238; x_wconf 88' lang='lat' dir='ltr'><strong>dormientibus</strong></span> <span class='ocrx_word' id='word_1_358' title='bbox 2478 2184 2690 2238; x_wconf 79' lang='lat' dir='ltr'><strong>caeteris</strong></span> <span class='ocrx_word' id='word_1_359' title='bbox 2727 2198 2827 2254; x_wconf 90' lang='lat' dir='ltr'><strong>per</strong></span> <span class='ocrx_word' id='word_1_360' title='bbox 2873 2183 3048 2239; x_wconf 91' lang='lat' dir='ltr'><strong>locum</strong></span> <span class='ocrx_word' id='word_1_361' title='bbox 3090 2184 3443 2254; x_wconf 88' lang='lat' dir='ltr'><strong>capitularem</strong></span> <span class='ocrx_word' id='word_1_362' title='bbox 3486 2184 3635 2240; x_wconf 91' lang='lat' dir='ltr'><strong>solus</strong></span> 
     </span>
    </p>
   </div>
   <div class='ocr_carea' id='block_1_49' title="bbox 2052 2276 3636 2341">
    <p class='ocr_par' dir='ltr' id='par_1_49' title="bbox 2052 2276 3636 2341">
     <span class='ocr_line' id='line_1_49' title="bbox 2052 2276 3636 2341; baseline -0.001 -8"><span class='ocrx_word' id='word_1_363' title='bbox 2052 2278 2298 2333; x_wconf 88' lang='lat' dir='ltr'><strong>tenderet</strong></span> <span class='ocrx_word' id='word_1_364' title='bbox 2322 2278 2378 2332; x_wconf 91' lang='lat' dir='ltr'><strong>in</strong></span> <span class='ocrx_word' id='word_1_365' title='bbox 2406 2277 2802 2341; x_wconf 87' lang='lat' dir='ltr'><strong>dormitorium,</strong></span> <span class='ocrx_word' id='word_1_366' title='bbox 2828 2276 3160 2335; x_wconf 83' lang='lat' dir='ltr'><strong>lueernulam</strong></span> <span class='ocrx_word' id='word_1_367' title='bbox 3182 2292 3251 2332; x_wconf 79' lang='lat' dir='ltr'><strong>ex</strong></span> <span class='ocrx_word' id='word_1_368' title='bbox 3272 2291 3424 2332; x_wconf 90' lang='lat' dir='ltr'><strong>more</strong></span> <span class='ocrx_word' id='word_1_369' title='bbox 3443 2276 3497 2331; x_wconf 91' lang='lat' dir='ltr'><strong>in</strong></span> <span class='ocrx_word' id='word_1_370' title='bbox 3520 2291 3636 2331; x_wconf 91' lang='lat' dir='ltr'><strong>ma-</strong></span> 
     </span>
    </p>
   </div>
   <div class='ocr_carea' id='block_1_50' title="bbox 2051 2368 3637 2441">
    <p class='ocr_par' dir='ltr' id='par_1_50' title="bbox 2051 2368 3637 2441">
     <span class='ocr_line' id='line_1_50' title="bbox 2051 2368 3637 2441; baseline -0.001 -15"><span class='ocrx_word' id='word_1_371' title='bbox 2051 2370 2213 2426; x_wconf 89' lang='lat' dir='ltr'><strong>nibus</strong></span> <span class='ocrx_word' id='word_1_372' title='bbox 2243 2376 2485 2441; x_wconf 81' lang='lat' dir='ltr'><strong>gestans,</strong></span> <span class='ocrx_word' id='word_1_373' title='bbox 2521 2370 2655 2424; x_wconf 90' lang='lat' dir='ltr'><strong>vidit</strong></span> <span class='ocrx_word' id='word_1_374' title='bbox 2680 2368 2791 2424; x_wconf 90' lang='lat' dir='ltr'><strong>illic</strong></span> <span class='ocrx_word' id='word_1_375' title='bbox 2819 2383 2916 2440; x_wconf 92' lang='lat' dir='ltr'><strong>per</strong></span> <span class='ocrx_word' id='word_1_376' title='bbox 2943 2384 3136 2441; x_wconf 84' lang='lat' dir='ltr'><strong>gyrum</strong></span> <span class='ocrx_word' id='word_1_377' title='bbox 3177 2370 3470 2424; x_wconf 82' lang='lat' dir='ltr'><strong>monachos</strong></span> <span class='ocrx_word' id='word_1_378' title='bbox 3501 2384 3637 2425; x_wconf 86' lang='lat' dir='ltr'><strong>con-</strong></span> 
     </span>
    </p>
   </div>
   <div class='ocr_carea' id='block_1_51' title="bbox 2052 2460 3635 2532">
    <p class='ocr_par' dir='ltr' id='par_1_51' title="bbox 2052 2460 3635 2532">
     <span class='ocr_line' id='line_1_51' title="bbox 2052 2460 3635 2532; baseline -0.001 -15"><span class='ocrx_word' id='word_1_379' title='bbox 2052 2461 2244 2517; x_wconf 86' lang='lat' dir='ltr'><strong>sedere</strong></span> <span class='ocrx_word' id='word_1_380' title='bbox 2277 2461 2560 2532; x_wconf 90' lang='lat' dir='ltr'><strong>plurimos,</strong></span> <span class='ocrx_word' id='word_1_381' title='bbox 2591 2468 2851 2516; x_wconf 90' lang='lat' dir='ltr'><strong>consueto</strong></span> <span class='ocrx_word' id='word_1_382' title='bbox 2881 2461 3154 2516; x_wconf 84' lang='lat' dir='ltr'><strong>schemate</strong></span> <span class='ocrx_word' id='word_1_383' title='bbox 3198 2461 3354 2531; x_wconf 90' lang='lat' dir='ltr'><strong>nigro</strong></span> <span class='ocrx_word' id='word_1_384' title='bbox 3382 2460 3635 2529; x_wconf 87' lang='lat' dir='ltr'><strong>indutos,</strong></span> 
     </span>
    </p>
   </div>
   <div class='ocr_carea' id='block_1_52' title="bbox 2050 2552 3635 2624">
    <p class='ocr_par' dir='ltr' id='par_1_52' title="bbox 2050 2552 3635 2624">
     <span class='ocr_line' id='line_1_52' title="bbox 2050 2552 3635 2624; baseline -0.001 -16"><span class='ocrx_word' id='word_1_385' title='bbox 2050 2562 2109 2609; x_wconf 92' lang='lat' dir='ltr'><strong>et</strong></span> <span class='ocrx_word' id='word_1_386' title='bbox 2135 2554 2302 2610; x_wconf 91' lang='lat' dir='ltr'><strong>nimio</strong></span> <span class='ocrx_word' id='word_1_387' title='bbox 2331 2562 2539 2610; x_wconf 91' lang='lat' dir='ltr'><strong>terrore</strong></span> <span class='ocrx_word' id='word_1_388' title='bbox 2567 2562 2871 2623; x_wconf 87' lang='lat' dir='ltr'><strong>correptus,</strong></span> <span class='ocrx_word' id='word_1_389' title='bbox 2911 2553 3041 2624; x_wconf 90' lang='lat' dir='ltr'><strong>quid</strong></span> <span class='ocrx_word' id='word_1_390' title='bbox 3077 2560 3288 2624; x_wconf 82' lang='lat' dir='ltr'><strong>ageret,</strong></span> <span class='ocrx_word' id='word_1_391' title='bbox 3336 2552 3635 2608; x_wconf 87' lang='lat' dir='ltr'><strong>nesciebat.</strong></span> 
     </span>
    </p>
   </div>
   <div class='ocr_carea' id='block_1_53' title="bbox 2053 2640 3639 2714">
    <p class='ocr_par' dir='ltr' id='par_1_53' title="bbox 2053 2640 3639 2714">
     <span class='ocr_line' id='line_1_53' title="bbox 2053 2640 3639 2714; baseline -0.002 -14"><span class='ocrx_word' id='word_1_392' title='bbox 2053 2644 2186 2700; x_wconf 87' lang='lat' dir='ltr'><strong>Erat</strong></span> <span class='ocrx_word' id='word_1_393' title='bbox 2207 2646 2353 2701; x_wconf 90' lang='lat' dir='ltr'><strong>enim</strong></span> <span class='ocrx_word' id='word_1_394' title='bbox 2381 2646 2589 2700; x_wconf 86' lang='lat' dir='ltr'><strong>tardior</strong></span> <span class='ocrx_word' id='word_1_395' title='bbox 2615 2646 2748 2700; x_wconf 87' lang='lat' dir='ltr'><strong>hora</strong></span> <span class='ocrx_word' id='word_1_396' title='bbox 2778 2645 2976 2712; x_wconf 89' lang='lat' dir='ltr'><strong>noctis,</strong></span> <span class='ocrx_word' id='word_1_397' title='bbox 3002 2659 3109 2714; x_wconf 89' lang='lat' dir='ltr'><strong>qua</strong></span> <span class='ocrx_word' id='word_1_398' title='bbox 3128 2650 3451 2699; x_wconf 90' lang='lat' dir='ltr'><strong>conventum</strong></span> <span class='ocrx_word' id='word_1_399' title='bbox 3472 2640 3639 2699; x_wconf 89' lang='lat' dir='ltr'><strong>simul</strong></span> 
     </span>
    </p>
   </div>
   <div class='ocr_carea' id='block_1_54' title="bbox 2054 2732 3641 2807">
    <p class='ocr_par' dir='ltr' id='par_1_54' title="bbox 2054 2732 3641 2807">
     <span class='ocr_line' id='line_1_54' title="bbox 2054 2732 3641 2807; baseline -0.003 -14"><span class='ocrx_word' id='word_1_400' title='bbox 2054 2748 2184 2793; x_wconf 90' lang='lat' dir='ltr'><strong>tunc</strong></span> <span class='ocrx_word' id='word_1_401' title='bbox 2209 2737 2503 2792; x_wconf 88' lang='lat' dir='ltr'><strong>adunatum</strong></span> <span class='ocrx_word' id='word_1_402' title='bbox 2529 2736 2792 2807; x_wconf 89' lang='lat' dir='ltr'><strong>suspicari</strong></span> <span class='ocrx_word' id='word_1_403' title='bbox 2822 2751 2931 2791; x_wconf 91' lang='lat' dir='ltr'><strong>non</strong></span> <span class='ocrx_word' id='word_1_404' title='bbox 2955 2734 3150 2806; x_wconf 89' lang='lat' dir='ltr'><strong>potuit.</strong></span> <span class='ocrx_word' id='word_1_405' title='bbox 3194 2732 3347 2789; x_wconf 87' lang='lat' dir='ltr'><strong>Unde</strong></span> <span class='ocrx_word' id='word_1_406' title='bbox 3367 2748 3491 2789; x_wconf 90' lang='lat' dir='ltr'><strong>cum</strong></span> <span class='ocrx_word' id='word_1_407' title='bbox 3515 2733 3641 2789; x_wconf 87' lang='lat' dir='ltr'><strong>dili-</strong></span> 
     </span>
    </p>
   </div>
   <div class='ocr_carea' id='block_1_55' title="bbox 2052 2825 3638 2902">
    <p class='ocr_par' dir='ltr' id='par_1_55' title="bbox 2052 2825 3638 2902">
     <span class='ocr_line' id='line_1_55' title="bbox 2052 2825 3638 2902; baseline -0.003 -17"><span class='ocrx_word' id='word_1_408' title='bbox 2052 2831 2265 2902; x_wconf 86' lang='lat' dir='ltr'><strong>gentius</strong></span> <span class='ocrx_word' id='word_1_409' title='bbox 2293 2830 2593 2885; x_wconf 77' lang='lat' dir='ltr'><strong>intueretur</strong></span> <span class='ocrx_word' id='word_1_410' title='bbox 2612 2870 2628 2895; x_wconf 94' lang='lat'><strong>,</strong></span> <span class='ocrx_word' id='word_1_411' title='bbox 2660 2826 2900 2899; x_wconf 88' lang='lat' dir='ltr'><strong>singulas</strong></span> <span class='ocrx_word' id='word_1_412' title='bbox 2943 2826 3173 2882; x_wconf 79' lang='lat' dir='ltr'><strong>fratrum</strong></span> <span class='ocrx_word' id='word_1_413' title='bbox 3203 2840 3374 2895; x_wconf 90' lang='lat' dir='ltr'><strong>nuper</strong></span> <span class='ocrx_word' id='word_1_414' title='bbox 3400 2825 3511 2881; x_wconf 88' lang='lat' dir='ltr'><strong>vita</strong></span> <span class='ocrx_word' id='word_1_415' title='bbox 3538 2825 3638 2881; x_wconf 91' lang='lat' dir='ltr'><strong>de-</strong></span> 
     </span>
    </p>
   </div>
   <div class='ocr_carea' id='block_1_56' title="bbox 2051 2918 3637 2993">
    <p class='ocr_par' dir='ltr' id='par_1_56' title="bbox 2051 2918 3637 2993">
     <span class='ocr_line' id='line_1_56' title="bbox 2051 2918 3637 2993; baseline -0.004 -14"><span class='ocrx_word' id='word_1_416' title='bbox 2051 2924 2361 2979; x_wconf 78' lang='lat' dir='ltr'><strong>functorum</strong></span> <span class='ocrx_word' id='word_1_417' title='bbox 2390 2923 2612 2978; x_wconf 86' lang='lat' dir='ltr'><strong>umbras</strong></span> <span class='ocrx_word' id='word_1_418' title='bbox 2656 2936 2777 2978; x_wconf 90' lang='lat' dir='ltr'><strong>esse</strong></span> <span class='ocrx_word' id='word_1_419' title='bbox 2819 2921 3107 2993; x_wconf 88' lang='lat' dir='ltr'><strong>cognovit,</strong></span> <span class='ocrx_word' id='word_1_420' title='bbox 3139 2920 3337 2989; x_wconf 89' lang='lat' dir='ltr'><strong>quibus</strong></span> <span class='ocrx_word' id='word_1_421' title='bbox 3374 2918 3637 2989; x_wconf 87' lang='lat' dir='ltr'><strong>stipendia</strong></span> 
     </span>
    </p>
   </div>
   <div class='ocr_carea' id='block_1_57' title="bbox 2052 3010 3639 3082">
    <p class='ocr_par' dir='ltr' id='par_1_57' title="bbox 2052 3010 3639 3082">
     <span class='ocr_line' id='line_1_57' title="bbox 2052 3010 3639 3082; baseline -0.003 -13"><span class='ocrx_word' id='word_1_422' title='bbox 2052 3015 2398 3070; x_wconf 81' lang='lat' dir='ltr'><strong>subtraxerat</strong></span> <span class='ocrx_word' id='word_1_423' title='bbox 2427 3014 2709 3080; x_wconf 89' lang='lat' dir='ltr'><strong>ordinata,</strong></span> <span class='ocrx_word' id='word_1_424' title='bbox 2757 3020 2813 3068; x_wconf 90' lang='lat' dir='ltr'><strong>et</strong></span> <span class='ocrx_word' id='word_1_425' title='bbox 2858 3012 3000 3067; x_wconf 84' lang='lat' dir='ltr'><strong>ultra</strong></span> <span class='ocrx_word' id='word_1_426' title='bbox 3042 3011 3261 3068; x_wconf 88' lang='lat' dir='ltr'><strong>modum</strong></span> <span class='ocrx_word' id='word_1_427' title='bbox 3290 3010 3639 3082; x_wconf 88' lang='lat' dir='ltr'><strong>perturbatus</strong></span> 
     </span>
    </p>
   </div>
   <div class='ocr_carea' id='block_1_58' title="bbox 2052 3104 3641 3174">
    <p class='ocr_par' dir='ltr' id='par_1_58' title="bbox 2052 3104 3641 3174">
     <span class='ocr_line' id='line_1_58' title="bbox 2052 3104 3641 3174; baseline -0.003 -13"><span class='ocrx_word' id='word_1_428' title='bbox 2052 3107 2257 3173; x_wconf 88' lang='lat' dir='ltr'><strong>animo,</strong></span> <span class='ocrx_word' id='word_1_429' title='bbox 2286 3106 2630 3161; x_wconf 86' lang='lat' dir='ltr'><strong>retrocedere</strong></span> <span class='ocrx_word' id='word_1_430' title='bbox 2661 3106 2921 3161; x_wconf 84' lang='lat' dir='ltr'><strong>tentabat.</strong></span> <span class='ocrx_word' id='word_1_431' title='bbox 2950 3104 3056 3161; x_wconf 88' lang='lat' dir='ltr'><strong>Sed</strong></span> <span class='ocrx_word' id='word_1_432' title='bbox 3086 3104 3287 3160; x_wconf 91' lang='lat' dir='ltr'><strong>nimius</strong></span> <span class='ocrx_word' id='word_1_433' title='bbox 3309 3117 3500 3174; x_wconf 88' lang='lat' dir='ltr'><strong>pavor,</strong></span> <span class='ocrx_word' id='word_1_434' title='bbox 3515 3118 3641 3158; x_wconf 87' lang='lat' dir='ltr'><strong>san-</strong></span> 
     </span>
    </p>
   </div>
   <div class='ocr_carea' id='block_1_59' title="bbox 2053 3197 3641 3271">
    <p class='ocr_par' dir='ltr' id='par_1_59' title="bbox 2053 3197 3641 3271">
     <span class='ocr_line' id='line_1_59' title="bbox 2053 3197 3641 3271; baseline -0.003 -16"><span class='ocrx_word' id='word_1_435' title='bbox 2053 3199 2214 3271; x_wconf 90' lang='lat' dir='ltr'><strong>guine</strong></span> <span class='ocrx_word' id='word_1_436' title='bbox 2243 3200 2518 3255; x_wconf 90' lang='lat' dir='ltr'><strong>concitato</strong></span> <span class='ocrx_word' id='word_1_437' title='bbox 2549 3199 2602 3254; x_wconf 89' lang='lat' dir='ltr'><strong>in</strong></span> <span class='ocrx_word' id='word_1_438' title='bbox 2632 3199 2917 3254; x_wconf 89' lang='lat' dir='ltr'><strong>adversum</strong></span> <span class='ocrx_word' id='word_1_439' title='bbox 2937 3239 2952 3265; x_wconf 91' lang='lat'><strong>,</strong></span> <span class='ocrx_word' id='word_1_440' title='bbox 3000 3206 3056 3254; x_wconf 92' lang='lat' dir='ltr'><strong>et</strong></span> <span class='ocrx_word' id='word_1_441' title='bbox 3097 3212 3259 3253; x_wconf 91' lang='lat' dir='ltr'><strong>crura</strong></span> <span class='ocrx_word' id='word_1_442' title='bbox 3298 3197 3641 3268; x_wconf 80' lang='lat' dir='ltr'><strong>obrigescere</strong></span> 
     </span>
    </p>
   </div>
   <div class='ocr_carea' id='block_1_60' title="bbox 369 3281 3640 3363">
    <p class='ocr_par' dir='ltr' id='par_1_60' title="bbox 369 3281 3640 3363">
     <span class='ocr_line' id='line_1_60' title="bbox 369 3281 3640 3363; baseline 0 -21"><span class='ocrx_word' id='word_1_443' title='bbox 369 3300 493 3343; x_wconf 82' lang='lat' dir='ltr'><strong>esse</strong></span> <span class='ocrx_word' id='word_1_444' title='bbox 515 3286 746 3353; x_wconf 75' lang='lat' dir='ltr'><strong>fidelem,</strong></span> <span class='ocrx_word' id='word_1_445' title='bbox 801 3305 867 3347; x_wconf 79' lang='lat' dir='ltr'><strong>ac</strong></span> <span class='ocrx_word' id='word_1_446' title='bbox 917 3292 1097 3349; x_wconf 83' lang='lat' dir='ltr'><strong>stabili</strong></span> <span class='ocrx_word' id='word_1_447' title='bbox 1146 3293 1404 3351; x_wconf 77' lang='lat' dir='ltr'><strong>firmitate</strong></span> <span class='ocrx_word' id='word_1_448' title='bbox 1449 3295 1743 3355; x_wconf 75' lang='lat' dir='ltr'><strong>voluntatis</strong></span> <span class='ocrx_word' id='word_1_449' title='bbox 1794 3298 1950 3355; x_wconf 56' lang='lat' dir='ltr'><strong>bona</strong></span> <span class='ocrx_word' id='word_1_450' title='bbox 1980 3281 2025 3346; x_wconf 88' lang='lat' dir='ltr'><strong>C</strong></span> <span class='ocrx_word' id='word_1_451' title='bbox 2055 3290 2186 3347; x_wconf 88' lang='lat' dir='ltr'><strong>fecit</strong></span> <span class='ocrx_word' id='word_1_452' title='bbox 2212 3301 2267 3347; x_wconf 93' lang='lat' dir='ltr'><strong>et</strong></span> <span class='ocrx_word' id='word_1_453' title='bbox 2294 3293 2480 3363; x_wconf 88' lang='lat' dir='ltr'><strong>pedes,</strong></span> <span class='ocrx_word' id='word_1_454' title='bbox 2508 3306 2681 3362; x_wconf 90' lang='lat' dir='ltr'><strong>usque</strong></span> <span class='ocrx_word' id='word_1_455' title='bbox 2715 3291 2873 3357; x_wconf 91' lang='lat' dir='ltr'><strong>adeo,</strong></span> <span class='ocrx_word' id='word_1_456' title='bbox 2908 3290 3052 3360; x_wconf 90' lang='lat' dir='ltr'><strong>quod</strong></span> <span class='ocrx_word' id='word_1_457' title='bbox 3078 3304 3137 3345; x_wconf 87' lang='lat' dir='ltr'><strong>se</strong></span> <span class='ocrx_word' id='word_1_458' title='bbox 3172 3304 3389 3345; x_wconf 86' lang='lat' dir='ltr'><strong>movere</strong></span> <span class='ocrx_word' id='word_1_459' title='bbox 3419 3289 3486 3344; x_wconf 88' lang='lat' dir='ltr'><strong>de</strong></span> <span class='ocrx_word' id='word_1_460' title='bbox 3520 3297 3640 3343; x_wconf 84' lang='lat' dir='ltr'><strong>loco</strong></span> 
     </span>
    </p>
   </div>
   <div class='ocr_carea' id='block_1_61' title="bbox 364 3379 1955 3457">
    <p class='ocr_par' dir='ltr' id='par_1_61' title="bbox 364 3379 1955 3457">
     <span class='ocr_line' id='line_1_61' title="bbox 364 3379 1955 3457; baseline 0.006 -20"><span class='ocrx_word' id='word_1_461' title='bbox 364 3379 914 3453; x_wconf 78' lang='lat' dir='ltr'><strong>peneinvincibilem.</strong></span> <span class='ocrx_word' id='word_1_462' title='bbox 968 3383 1159 3441; x_wconf 77' lang='lat' dir='ltr'><strong>Nullus</strong></span> <span class='ocrx_word' id='word_1_463' title='bbox 1208 3400 1415 3451; x_wconf 82' lang='lat' dir='ltr'><strong>eorum,</strong></span> <span class='ocrx_word' id='word_1_464' title='bbox 1449 3388 1644 3457; x_wconf 88' lang='lat' dir='ltr'><strong>quibus</strong></span> <span class='ocrx_word' id='word_1_465' title='bbox 1678 3390 1774 3445; x_wconf 87' lang='lat' dir='ltr'><strong>Dei</strong></span> <span class='ocrx_word' id='word_1_466' title='bbox 1801 3406 1955 3447; x_wconf 90' lang='lat' dir='ltr'><strong>amor</strong></span> 
     </span>
    </p>
   </div>
   <div class='ocr_carea' id='block_1_62' title="bbox 371 3472 1955 3552">
    <p class='ocr_par' dir='ltr' id='par_1_62' title="bbox 371 3472 1955 3552">
     <span class='ocr_line' id='line_1_62' title="bbox 371 3472 1955 3552; baseline 0.006 -22"><span class='ocrx_word' id='word_1_467' title='bbox 371 3473 526 3530; x_wconf 86' lang='lat' dir='ltr'><strong>cordi</strong></span> <span class='ocrx_word' id='word_1_468' title='bbox 554 3472 750 3539; x_wconf 81' lang='lat' dir='ltr'><strong>fuerat,</strong></span> <span class='ocrx_word' id='word_1_469' title='bbox 779 3482 834 3529; x_wconf 90' lang='lat' dir='ltr'><strong>et</strong></span> <span class='ocrx_word' id='word_1_470' title='bbox 858 3490 1136 3533; x_wconf 85' lang='lat' dir='ltr'><strong>sacrarum</strong></span> <span class='ocrx_word' id='word_1_471' title='bbox 1165 3479 1402 3535; x_wconf 85' lang='lat' dir='ltr'><strong>studium</strong></span> <span class='ocrx_word' id='word_1_472' title='bbox 1430 3480 1853 3552; x_wconf 87' lang='lat' dir='ltr'><strong>Scripturarum,</strong></span> <span class='ocrx_word' id='word_1_473' title='bbox 1876 3485 1955 3540; x_wconf 86' lang='lat' dir='ltr'><strong>fa-</strong></span> 
     </span>
    </p>
   </div>
   <div class='ocr_carea' id='block_1_63' title="bbox 367 3562 1953 3637">
    <p class='ocr_par' dir='ltr' id='par_1_63' title="bbox 367 3562 1953 3637">
     <span class='ocr_line' id='line_1_63' title="bbox 367 3562 1953 3637; baseline 0.009 -20"><span class='ocrx_word' id='word_1_474' title='bbox 367 3562 603 3618; x_wconf 88' lang='lat' dir='ltr'><strong>cientem</strong></span> <span class='ocrx_word' id='word_1_475' title='bbox 622 3563 995 3637; x_wconf 86' lang='lat' dir='ltr'><strong>eleemosynas</strong></span> <span class='ocrx_word' id='word_1_476' title='bbox 1041 3568 1221 3625; x_wconf 85' lang='lat' dir='ltr'><strong>virum</strong></span> <span class='ocrx_word' id='word_1_477' title='bbox 1246 3570 1341 3626; x_wconf 90' lang='lat' dir='ltr'><strong>Dei</strong></span> <span class='ocrx_word' id='word_1_478' title='bbox 1386 3574 1706 3631; x_wconf 84' lang='lat' dir='ltr'><strong>molestabat</strong></span> <span class='ocrx_word' id='word_1_479' title='bbox 1756 3576 1813 3631; x_wconf 92' lang='lat' dir='ltr'><strong>in</strong></span> <span class='ocrx_word' id='word_1_480' title='bbox 1854 3577 1953 3632; x_wconf 88' lang='lat' dir='ltr'><strong>ali-</strong></span> 
     </span>
    </p>
   </div>
   <div class='ocr_carea' id='block_1_64' title="bbox 367 3657 1952 3736">
    <p class='ocr_par' dir='ltr' id='par_1_64' title="bbox 367 3657 1952 3736">
     <span class='ocr_line' id='line_1_64' title="bbox 367 3657 1952 3736; baseline 0.009 -26"><span class='ocrx_word' id='word_1_481' title='bbox 367 3672 519 3727; x_wconf 80' lang='lat' dir='ltr'><strong>quo;</strong></span> <span class='ocrx_word' id='word_1_482' title='bbox 562 3657 659 3711; x_wconf 88' lang='lat' dir='ltr'><strong>sed</strong></span> <span class='ocrx_word' id='word_1_483' title='bbox 704 3673 772 3714; x_wconf 81' lang='lat' dir='ltr'><strong>ex</strong></span> <span class='ocrx_word' id='word_1_484' title='bbox 805 3660 1087 3716; x_wconf 83' lang='lat' dir='ltr'><strong>monachis</strong></span> <span class='ocrx_word' id='word_1_485' title='bbox 1112 3661 1209 3728; x_wconf 88' lang='lat' dir='ltr'><strong>illi,</strong></span> <span class='ocrx_word' id='word_1_486' title='bbox 1265 3679 1403 3736; x_wconf 90' lang='lat' dir='ltr'><strong>quos</strong></span> <span class='ocrx_word' id='word_1_487' title='bbox 1431 3667 1714 3725; x_wconf 86' lang='lat' dir='ltr'><strong>ministros</strong></span> <span class='ocrx_word' id='word_1_488' title='bbox 1759 3676 1815 3724; x_wconf 90' lang='lat' dir='ltr'><strong>et</strong></span> <span class='ocrx_word' id='word_1_489' title='bbox 1842 3670 1952 3725; x_wconf 88' lang='lat' dir='ltr'><strong>dis-</strong></span> 
     </span>
    </p>
   </div>
   <div class='ocr_carea' id='block_1_65' title="bbox 370 3753 1949 3828">
    <p class='ocr_par' dir='ltr' id='par_1_65' title="bbox 370 3753 1949 3828">
     <span class='ocr_line' id='line_1_65' title="bbox 370 3753 1949 3828; baseline 0.013 -28"><span class='ocrx_word' id='word_1_490' title='bbox 370 3755 686 3820; x_wconf 85' lang='lat' dir='ltr'><strong>pensatores</strong></span> <span class='ocrx_word' id='word_1_491' title='bbox 722 3764 907 3806; x_wconf 82' lang='lat' dir='ltr'><strong>rerum</strong></span> <span class='ocrx_word' id='word_1_492' title='bbox 933 3753 1356 3811; x_wconf 89' lang='lat' dir='ltr'><strong>domesticarum</strong></span> <span class='ocrx_word' id='word_1_493' title='bbox 1407 3762 1780 3828; x_wconf 86' lang='lat' dir='ltr'><strong>constituerat,</strong></span> <span class='ocrx_word' id='word_1_494' title='bbox 1815 3762 1949 3820; x_wconf 89' lang='lat' dir='ltr'><strong>faci—</strong></span> 
     </span>
    </p>
   </div>
   <div class='ocr_carea' id='block_1_66' title="bbox 369 3839 1951 3912">
    <p class='ocr_par' dir='ltr' id='par_1_66' title="bbox 369 3839 1951 3912">
     <span class='ocr_line' id='line_1_66' title="bbox 369 3839 1951 3912; baseline 0.012 -19"><span class='ocrx_word' id='word_1_495' title='bbox 369 3839 474 3895; x_wconf 84' lang='lat' dir='ltr'><strong>bus</strong></span> <span class='ocrx_word' id='word_1_496' title='bbox 500 3841 747 3897; x_wconf 66' lang='lat' dir='ltr'><strong>avaritiae</strong></span> <span class='ocrx_word' id='word_1_497' title='bbox 791 3845 1060 3910; x_wconf 87' lang='lat' dir='ltr'><strong>succensi,</strong></span> <span class='ocrx_word' id='word_1_498' title='bbox 1119 3846 1277 3903; x_wconf 90' lang='lat' dir='ltr'><strong>bonis</strong></span> <span class='ocrx_word' id='word_1_499' title='bbox 1327 3849 1712 3908; x_wconf 85' lang='lat' dir='ltr'><strong>obnitebautur</strong></span> <span class='ocrx_word' id='word_1_500' title='bbox 1759 3857 1951 3912; x_wconf 88' lang='lat' dir='ltr'><strong>studiis</strong></span> 
     </span>
    </p>
   </div>
   <div class='ocr_carea' id='block_1_67' title="bbox 368 3930 1953 4007">
    <p class='ocr_par' dir='ltr' id='par_1_67' title="bbox 368 3930 1953 4007">
     <span class='ocr_line' id='line_1_67' title="bbox 368 3930 1953 4007; baseline 0.011 -20"><span class='ocrx_word' id='word_1_501' title='bbox 368 3930 451 3987; x_wconf 83' lang='lat' dir='ltr'><strong>sui</strong></span> <span class='ocrx_word' id='word_1_502' title='bbox 473 3934 727 4001; x_wconf 85' lang='lat' dir='ltr'><strong>pastoris.</strong></span> <span class='ocrx_word' id='word_1_503' title='bbox 770 3933 814 3989; x_wconf 85' lang='lat' dir='ltr'>E</span> <span class='ocrx_word' id='word_1_504' title='bbox 850 3935 1047 4005; x_wconf 83' lang='lat' dir='ltr'><strong>quibus</strong></span> <span class='ocrx_word' id='word_1_505' title='bbox 1080 3954 1219 3995; x_wconf 84' lang='lat' dir='ltr'><strong>unus</strong></span> <span class='ocrx_word' id='word_1_506' title='bbox 1247 3939 1368 4007; x_wconf 88' lang='lat' dir='ltr'><strong>fuit,</strong></span> <span class='ocrx_word' id='word_1_507' title='bbox 1424 3944 1644 3999; x_wconf 86' lang='lat' dir='ltr'><strong>nomine</strong></span> <span class='ocrx_word' id='word_1_508' title='bbox 1684 3945 1953 4003; x_wconf 61' lang='lat' dir='ltr'><strong>Edelhar.</strong></span> 
     </span>
    </p>
   </div>
   <div class='ocr_carea' id='block_1_68' title="bbox 368 4023 1951 4105">
    <p class='ocr_par' dir='ltr' id='par_1_68' title="bbox 368 4023 1951 4105">
     <span class='ocr_line' id='line_1_68' title="bbox 368 4023 1951 4105; baseline 0.013 -27"><span class='ocrx_word' id='word_1_509' title='bbox 368 4023 495 4090; x_wconf 89' lang='lat' dir='ltr'><strong>dus,</strong></span> <span class='ocrx_word' id='word_1_510' title='bbox 520 4027 696 4095; x_wconf 83' lang='lat' dir='ltr'><strong>patria</strong></span> <span class='ocrx_word' id='word_1_511' title='bbox 720 4026 981 4093; x_wconf 84' lang='lat' dir='ltr'><strong>Francus,</strong></span> <span class='ocrx_word' id='word_1_512' title='bbox 998 4030 1161 4087; x_wconf 88' lang='lat' dir='ltr'><strong>homo</strong></span> <span class='ocrx_word' id='word_1_513' title='bbox 1187 4032 1310 4103; x_wconf 84' lang='lat' dir='ltr'><strong>plus</strong></span> <span class='ocrx_word' id='word_1_514' title='bbox 1330 4049 1485 4105; x_wconf 63' lang='lat' dir='ltr'><strong>aequo</strong></span> <span class='ocrx_word' id='word_1_515' title='bbox 1502 4036 1556 4091; x_wconf 90' lang='lat' dir='ltr'><strong>in</strong></span> <span class='ocrx_word' id='word_1_516' title='bbox 1579 4038 1742 4094; x_wconf 89' lang='lat' dir='ltr'><strong>rebus</strong></span> <span class='ocrx_word' id='word_1_517' title='bbox 1766 4042 1951 4098; x_wconf 90' lang='lat' dir='ltr'><strong>mundi</strong></span> 
     </span>
    </p>
   </div>
   <div class='ocr_carea' id='block_1_69' title="bbox 369 4116 1950 4196">
    <p class='ocr_par' dir='ltr' id='par_1_69' title="bbox 369 4116 1950 4196">
     <span class='ocr_line' id='line_1_69' title="bbox 369 4116 1950 4196; baseline 0.013 -25"><span class='ocrx_word' id='word_1_518' title='bbox 369 4116 652 4183; x_wconf 77' lang='lat' dir='ltr'><strong>sollicitus,</strong></span> <span class='ocrx_word' id='word_1_519' title='bbox 685 4134 844 4188; x_wconf 87' lang='lat' dir='ltr'><strong>quem</strong></span> <span class='ocrx_word' id='word_1_520' title='bbox 874 4130 1029 4192; x_wconf 86' lang='lat' dir='ltr'><strong>pater</strong></span> <span class='ocrx_word' id='word_1_521' title='bbox 1075 4123 1336 4196; x_wconf 84' lang='lat' dir='ltr'><strong>majorem</strong></span> <span class='ocrx_word' id='word_1_522' title='bbox 1389 4128 1731 4185; x_wconf 88' lang='lat' dir='ltr'><strong>eellerarium</strong></span> <span class='ocrx_word' id='word_1_523' title='bbox 1760 4134 1950 4191; x_wconf 90' lang='lat' dir='ltr'><strong>domus</strong></span> 
     </span>
    </p>
   </div>
   <div class='ocr_carea' id='block_1_70' title="bbox 368 4210 1950 4284">
    <p class='ocr_par' dir='ltr' id='par_1_70' title="bbox 368 4210 1950 4284">
     <span class='ocr_line' id='line_1_70' title="bbox 368 4210 1950 4284; baseline 0.011 -20"><span class='ocrx_word' id='word_1_524' title='bbox 368 4210 748 4278; x_wconf 85' lang='lat' dir='ltr'><strong>constituerat,</strong></span> <span class='ocrx_word' id='word_1_525' title='bbox 781 4213 934 4284; x_wconf 89' lang='lat' dir='ltr'><strong>cujus</strong></span> <span class='ocrx_word' id='word_1_526' title='bbox 961 4215 1246 4271; x_wconf 88' lang='lat' dir='ltr'><strong>historiam</strong></span> <span class='ocrx_word' id='word_1_527' title='bbox 1279 4218 1614 4277; x_wconf 89' lang='lat' dir='ltr'><strong>infelicitatis</strong></span> <span class='ocrx_word' id='word_1_528' title='bbox 1644 4231 1705 4278; x_wconf 89' lang='lat' dir='ltr'><strong>ut</strong></span> <span class='ocrx_word' id='word_1_529' title='bbox 1746 4226 1950 4282; x_wconf 86' lang='lat' dir='ltr'><strong>scriba-</strong></span> 
     </span>
    </p>
   </div>
   <div class='ocr_carea' id='block_1_71' title="bbox 368 4302 1263 4376">
    <p class='ocr_par' dir='ltr' id='par_1_71' title="bbox 368 4302 1263 4376">
     <span class='ocr_line' id='line_1_71' title="bbox 368 4302 1263 4376; baseline 0.012 -23"><span class='ocrx_word' id='word_1_530' title='bbox 368 4314 508 4364; x_wconf 90' lang='lat' dir='ltr'><strong>mus,</strong></span> <span class='ocrx_word' id='word_1_531' title='bbox 542 4302 681 4357; x_wconf 89' lang='lat' dir='ltr'><strong>ratio</strong></span> <span class='ocrx_word' id='word_1_532' title='bbox 713 4304 951 4373; x_wconf 84' lang='lat' dir='ltr'><strong>postulat</strong></span> <span class='ocrx_word' id='word_1_533' title='bbox 972 4308 1263 4376; x_wconf 78' lang='lat' dir='ltr'><strong>:equitatis.</strong></span> 
     </span>
    </p>
   </div>
   <div class='ocr_carea' id='block_1_72' title="bbox 439 4390 1952 4475">
    <p class='ocr_par' dir='ltr' id='par_1_72' title="bbox 439 4390 1952 4475">
     <span class='ocr_line' id='line_1_72' title="bbox 439 4390 1952 4475; baseline 0.013 -30"><span class='ocrx_word' id='word_1_534' title='bbox 439 4390 903 4452; x_wconf 88' lang='lat' dir='ltr'><strong>Clementissimus</strong></span> <span class='ocrx_word' id='word_1_535' title='bbox 949 4398 1171 4468; x_wconf 83' lang='lat' dir='ltr'><strong>inopum</strong></span> <span class='ocrx_word' id='word_1_536' title='bbox 1218 4411 1374 4471; x_wconf 91' lang='lat' dir='ltr'><strong>pater</strong></span> <span class='ocrx_word' id='word_1_537' title='bbox 1416 4404 1630 4475; x_wconf 90' lang='lat' dir='ltr'><strong>publico</strong></span> <span class='ocrx_word' id='word_1_538' title='bbox 1675 4408 1952 4466; x_wconf 88' lang='lat' dir='ltr'><strong>mandavit</strong></span> 
     </span>
    </p>
   </div>
   <div class='ocr_carea' id='block_1_73' title="bbox 371 4480 1949 4570">
    <p class='ocr_par' dir='ltr' id='par_1_73' title="bbox 371 4480 1949 4570">
     <span class='ocr_line' id='line_1_73' title="bbox 371 4480 1949 4570; baseline 0.013 -34"><span class='ocrx_word' id='word_1_539' title='bbox 371 4482 582 4549; x_wconf 86' lang='lat' dir='ltr'><strong>edicto,</strong></span> <span class='ocrx_word' id='word_1_540' title='bbox 614 4492 675 4539; x_wconf 90' lang='lat' dir='ltr'><strong>ut</strong></span> <span class='ocrx_word' id='word_1_541' title='bbox 714 4480 927 4555; x_wconf 78' lang='lat' dir='ltr'><strong>quoties</strong></span> <span class='ocrx_word' id='word_1_542' title='bbox 971 4498 1127 4545; x_wconf 73' lang='lat' dir='ltr'><strong>extra</strong></span> <span class='ocrx_word' id='word_1_543' title='bbox 1175 4492 1349 4548; x_wconf 83' lang='lat' dir='ltr'><strong>tribus</strong></span> <span class='ocrx_word' id='word_1_544' title='bbox 1391 4498 1706 4552; x_wconf 87' lang='lat' dir='ltr'><strong>monasterii</strong></span> <span class='ocrx_word' id='word_1_545' title='bbox 1753 4499 1949 4570; x_wconf 88' lang='lat' dir='ltr'><strong>aliquis</strong></span> 
     </span>
    </p>
   </div>
   <div class='ocr_carea' id='block_1_74' title="bbox 370 4580 1949 4661">
    <p class='ocr_par' dir='ltr' id='par_1_74' title="bbox 370 4580 1949 4661">
     <span class='ocr_line' id='line_1_74' title="bbox 370 4580 1949 4661; baseline 0.015 -35"><span class='ocrx_word' id='word_1_546' title='bbox 370 4580 547 4628; x_wconf 80' lang='lat' dir='ltr'><strong>morte</strong></span> <span class='ocrx_word' id='word_1_547' title='bbox 588 4586 947 4636; x_wconf 80' lang='lat' dir='ltr'><strong>eommutaret</strong></span> <span class='ocrx_word' id='word_1_548' title='bbox 992 4581 1133 4636; x_wconf 76' lang='lat' dir='ltr'><strong>hanc</strong></span> <span class='ocrx_word' id='word_1_549' title='bbox 1178 4583 1537 4642; x_wconf 87' lang='lat' dir='ltr'><strong>miserabilem</strong></span> <span class='ocrx_word' id='word_1_550' title='bbox 1582 4589 1784 4658; x_wconf 87' lang='lat' dir='ltr'><strong>vitam,</strong></span> <span class='ocrx_word' id='word_1_551' title='bbox 1831 4590 1949 4661; x_wconf 85' lang='lat' dir='ltr'><strong>ejus</strong></span> 
     </span>
    </p>
   </div>
   <div class='ocr_carea' id='block_1_75' title="bbox 330 4648 2027 4753">
    <p class='ocr_par' dir='ltr' id='par_1_75' title="bbox 330 4648 2027 4753">
     <span class='ocr_line' id='line_1_75' title="bbox 330 4648 2027 4753; baseline 0.013 -34"><span class='ocrx_word' id='word_1_552' title='bbox 330 4748 340 4753; x_wconf 72' lang='lat'>_</span> <span class='ocrx_word' id='word_1_553' title='bbox 368 4666 655 4735; x_wconf 60' lang='lat' dir='ltr'><strong>praebenda</strong></span> <span class='ocrx_word' id='word_1_554' title='bbox 699 4668 754 4725; x_wconf 83' lang='lat' dir='ltr'><strong>in</strong></span> <span class='ocrx_word' id='word_1_555' title='bbox 801 4671 923 4727; x_wconf 91' lang='lat' dir='ltr'><strong>cibo</strong></span> <span class='ocrx_word' id='word_1_556' title='bbox 962 4681 1017 4729; x_wconf 88' lang='lat' dir='ltr'><strong>et</strong></span> <span class='ocrx_word' id='word_1_557' title='bbox 1048 4681 1179 4742; x_wconf 87' lang='lat' dir='ltr'><strong>potu</strong></span> <span class='ocrx_word' id='word_1_558' title='bbox 1211 4674 1440 4748; x_wconf 88' lang='lat' dir='ltr'><strong>integra,</strong></span> <span class='ocrx_word' id='word_1_559' title='bbox 1473 4687 1528 4733; x_wconf 92' lang='lat' dir='ltr'><strong>et</strong></span> <span class='ocrx_word' id='word_1_560' title='bbox 1559 4681 1675 4736; x_wconf 89' lang='lat' dir='ltr'><strong>sine</strong></span> <span class='ocrx_word' id='word_1_561' title='bbox 1711 4648 1948 4740; x_wconf 32' lang='lat' dir='ltr'><strong>diutinus</strong></span> <span class='ocrx_word' id='word_1_562' title='bbox 1971 4648 2027 4710; x_wconf 69' lang='grc' dir='ltr'><strong>Β</strong></span> 
     </span>
    </p>
   </div>
   <div class='ocr_carea' id='block_1_76' title="bbox 371 4756 1948 4839">
    <p class='ocr_par' dir='ltr' id='par_1_76' title="bbox 371 4756 1948 4839">
     <span class='ocr_line' id='line_1_76' title="bbox 371 4756 1948 4839; baseline 0.014 -29"><span class='ocrx_word' id='word_1_563' title='bbox 371 4756 535 4822; x_wconf 88' lang='lat' dir='ltr'><strong>tione,</strong></span> <span class='ocrx_word' id='word_1_564' title='bbox 565 4775 663 4828; x_wconf 84' lang='lat' dir='ltr'><strong>per</strong></span> <span class='ocrx_word' id='word_1_565' title='bbox 686 4761 800 4818; x_wconf 86' lang='lat' dir='ltr'><strong>dies</strong></span> <span class='ocrx_word' id='word_1_566' title='bbox 827 4764 1045 4835; x_wconf 86' lang='lat' dir='ltr'><strong>triginta</strong></span> <span class='ocrx_word' id='word_1_567' title='bbox 1070 4766 1353 4824; x_wconf 86' lang='lat' dir='ltr'><strong>continuos</strong></span> <span class='ocrx_word' id='word_1_568' title='bbox 1376 4784 1476 4839; x_wconf 90' lang='lat' dir='ltr'><strong>pro</strong></span> <span class='ocrx_word' id='word_1_569' title='bbox 1496 4772 1689 4827; x_wconf 68' lang='lat' dir='ltr'><strong>animm</strong></span> <span class='ocrx_word' id='word_1_570' title='bbox 1713 4774 1948 4833; x_wconf 88' lang='lat' dir='ltr'><strong>defuncti</strong></span> 
     </span>
    </p>
   </div>
   <div class='ocr_carea' id='block_1_77' title="bbox 369 4854 1946 4939">
    <p class='ocr_par' dir='ltr' id='par_1_77' title="bbox 369 4854 1946 4939">
     <span class='ocr_line' id='line_1_77' title="bbox 369 4854 1946 4939; baseline 0.012 -31"><span class='ocrx_word' id='word_1_571' title='bbox 369 4854 539 4910; x_wconf 88' lang='lat' dir='ltr'><strong>salute</strong></span> <span class='ocrx_word' id='word_1_572' title='bbox 581 4858 907 4927; x_wconf 90' lang='lat' dir='ltr'><strong>pauperibus</strong></span> <span class='ocrx_word' id='word_1_573' title='bbox 947 4859 1170 4916; x_wconf 88' lang='lat' dir='ltr'><strong>deberet</strong></span> <span class='ocrx_word' id='word_1_574' title='bbox 1214 4866 1447 4935; x_wconf 87' lang='lat' dir='ltr'><strong>erogari.</strong></span> <span class='ocrx_word' id='word_1_575' title='bbox 1493 4866 1728 4939; x_wconf 86' lang='lat' dir='ltr'><strong>Contigit</strong></span> <span class='ocrx_word' id='word_1_576' title='bbox 1766 4878 1946 4926; x_wconf 88' lang='lat' dir='ltr'><strong>autem</strong></span> 
     </span>
    </p>
   </div>
   <div class='ocr_carea' id='block_1_78' title="bbox 370 4947 1948 5027">
    <p class='ocr_par' dir='ltr' id='par_1_78' title="bbox 370 4947 1948 5027">
     <span class='ocr_line' id='line_1_78' title="bbox 370 4947 1948 5027; baseline 0.011 -27"><span class='ocrx_word' id='word_1_577' title='bbox 370 4962 512 5001; x_wconf 91' lang='lat' dir='ltr'><strong>anno</strong></span> <span class='ocrx_word' id='word_1_578' title='bbox 536 4947 745 5004; x_wconf 82' lang='lat' dir='ltr'><strong>Rabani</strong></span> <span class='ocrx_word' id='word_1_579' title='bbox 773 4948 985 5005; x_wconf 86' lang='lat' dir='ltr'><strong>abbatis</strong></span> <span class='ocrx_word' id='word_1_580' title='bbox 1019 4952 1366 5021; x_wconf 89' lang='lat' dir='ltr'><strong>duodecimo,</strong></span> <span class='ocrx_word' id='word_1_581' title='bbox 1406 4958 1497 5027; x_wconf 88' lang='lat' dir='ltr'><strong>qui</strong></span> <span class='ocrx_word' id='word_1_582' title='bbox 1528 4958 1629 5013; x_wconf 89' lang='lat' dir='ltr'><strong>fuit</strong></span> <span class='ocrx_word' id='word_1_583' title='bbox 1654 4961 1948 5018; x_wconf 59' lang='lat' dir='ltr'><strong>Dominicis</strong></span> 
     </span>
    </p>
   </div>
   <div class='ocr_carea' id='block_1_79' title="bbox 369 5037 1946 5120">
    <p class='ocr_par' dir='ltr' id='par_1_79' title="bbox 369 5037 1946 5120">
     <span class='ocr_line' id='line_1_79' title="bbox 369 5037 1946 5120; baseline 0.011 -30"><span class='ocrx_word' id='word_1_584' title='bbox 369 5037 670 5093; x_wconf 81' lang='lat' dir='ltr'><strong>nativitatis</strong></span> <span class='ocrx_word' id='word_1_585' title='bbox 697 5040 1178 5111; x_wconf 86' lang='lat' dir='ltr'><strong>octingentesimus</strong></span> <span class='ocrx_word' id='word_1_586' title='bbox 1197 5045 1504 5103; x_wconf 83' lang='lat' dir='ltr'><strong>tricesimus</strong></span> <span class='ocrx_word' id='word_1_587' title='bbox 1535 5051 1792 5120; x_wconf 79' lang='lat' dir='ltr'><strong>septimus</strong></span> <span class='ocrx_word' id='word_1_588' title='bbox 1810 5092 1824 5117; x_wconf 96' lang='lat'><strong>,</strong></span> <span class='ocrx_word' id='word_1_589' title='bbox 1856 5052 1946 5106; x_wconf 86' lang='lat' dir='ltr'><strong>in-</strong></span> 
     </span>
    </p>
   </div>
   <div class='ocr_carea' id='block_1_80' title="bbox 370 5131 1949 5213">
    <p class='ocr_par' dir='ltr' id='par_1_80' title="bbox 370 5131 1949 5213">
     <span class='ocr_line' id='line_1_80' title="bbox 370 5131 1949 5213; baseline 0.011 -30"><span class='ocrx_word' id='word_1_590' title='bbox 370 5131 605 5185; x_wconf 86' lang='lat' dir='ltr'><strong>dictione</strong></span> <span class='ocrx_word' id='word_1_591' title='bbox 647 5131 1014 5190; x_wconf 77' lang='lat' dir='ltr'><strong>Romanorum</strong></span> <span class='ocrx_word' id='word_1_592' title='bbox 1057 5137 1453 5206; x_wconf 86' lang='lat' dir='ltr'><strong>quintadecima</strong></span> <span class='ocrx_word' id='word_1_593' title='bbox 1474 5183 1488 5207; x_wconf 95' lang='lat'><strong>,</strong></span> <span class='ocrx_word' id='word_1_594' title='bbox 1519 5142 1699 5213; x_wconf 85' lang='lat' dir='ltr'><strong>plures</strong></span> <span class='ocrx_word' id='word_1_595' title='bbox 1739 5145 1793 5200; x_wconf 90' lang='lat' dir='ltr'><strong>in</strong></span> <span class='ocrx_word' id='word_1_596' title='bbox 1826 5146 1949 5200; x_wconf 80' lang='lat' dir='ltr'><strong>Fui—</strong></span> 
     </span>
    </p>
   </div>
   <div class='ocr_carea' id='block_1_81' title="bbox 370 5222 1948 5303">
    <p class='ocr_par' dir='ltr' id='par_1_81' title="bbox 370 5222 1948 5303">
     <span class='ocr_line' id='line_1_81' title="bbox 370 5222 1948 5303; baseline 0.012 -27"><span class='ocrx_word' id='word_1_597' title='bbox 370 5222 522 5277; x_wconf 87' lang='lat' dir='ltr'><strong>densi</strong></span> <span class='ocrx_word' id='word_1_598' title='bbox 549 5224 797 5281; x_wconf 76' lang='lat' dir='ltr'><strong>emnobio</strong></span> <span class='ocrx_word' id='word_1_599' title='bbox 829 5230 1143 5295; x_wconf 86' lang='lat' dir='ltr'><strong>monachos,</strong></span> <span class='ocrx_word' id='word_1_600' title='bbox 1189 5242 1414 5291; x_wconf 85' lang='lat' dir='ltr'><strong>vocante</strong></span> <span class='ocrx_word' id='word_1_601' title='bbox 1438 5236 1694 5303; x_wconf 90' lang='lat' dir='ltr'><strong>Domino,</strong></span> <span class='ocrx_word' id='word_1_602' title='bbox 1743 5240 1811 5293; x_wconf 88' lang='lat' dir='ltr'><strong>ab</strong></span> <span class='ocrx_word' id='word_1_603' title='bbox 1846 5241 1948 5296; x_wconf 86' lang='lat' dir='ltr'><strong>hac</strong></span> 
     </span>
    </p>
   </div>
   <div class='ocr_carea' id='block_1_82' title="bbox 370 5313 1950 5391">
    <p class='ocr_par' dir='ltr' id='par_1_82' title="bbox 370 5313 1950 5391">
     <span class='ocr_line' id='line_1_82' title="bbox 370 5313 1950 5391; baseline 0.011 -24"><span class='ocrx_word' id='word_1_604' title='bbox 370 5313 589 5368; x_wconf 88' lang='lat' dir='ltr'><strong>miseria</strong></span> <span class='ocrx_word' id='word_1_605' title='bbox 630 5313 865 5371; x_wconf 83' lang='lat' dir='ltr'><strong>futuram</strong></span> <span class='ocrx_word' id='word_1_606' title='bbox 910 5320 1298 5391; x_wconf 87' lang='lat' dir='ltr'><strong>transmigrare</strong></span> <span class='ocrx_word' id='word_1_607' title='bbox 1343 5326 1409 5380; x_wconf 88' lang='lat' dir='ltr'><strong>ad</strong></span> <span class='ocrx_word' id='word_1_608' title='bbox 1454 5328 1639 5382; x_wconf 85' lang='lat' dir='ltr'><strong>vitam.</strong></span> <span class='ocrx_word' id='word_1_609' title='bbox 1688 5330 1838 5384; x_wconf 79' lang='lat' dir='ltr'><strong>Unde</strong></span> <span class='ocrx_word' id='word_1_610' title='bbox 1865 5331 1950 5385; x_wconf 88' lang='lat' dir='ltr'><strong>vir</strong></span> 
     </span>
    </p>
   </div>
   <div class='ocr_carea' id='block_1_83' title="bbox 372 5405 1946 5489">
    <p class='ocr_par' dir='ltr' id='par_1_83' title="bbox 372 5405 1946 5489">
     <span class='ocr_line' id='line_1_83' title="bbox 372 5405 1946 5489; baseline 0.011 -33"><span class='ocrx_word' id='word_1_611' title='bbox 372 5412 612 5471; x_wconf 89' lang='lat' dir='ltr'><strong>sanctus,</strong></span> <span class='ocrx_word' id='word_1_612' title='bbox 633 5414 689 5459; x_wconf 91' lang='lat' dir='ltr'><strong>et</strong></span> <span class='ocrx_word' id='word_1_613' title='bbox 716 5405 984 5464; x_wconf 81' lang='lat' dir='ltr'><strong>defunctis</strong></span> <span class='ocrx_word' id='word_1_614' title='bbox 1010 5416 1343 5483; x_wconf 90' lang='lat' dir='ltr'><strong>compatiens</strong></span> <span class='ocrx_word' id='word_1_615' title='bbox 1363 5424 1418 5470; x_wconf 86' lang='lat' dir='ltr'><strong>et</strong></span> <span class='ocrx_word' id='word_1_616' title='bbox 1439 5420 1767 5489; x_wconf 88' lang='lat' dir='ltr'><strong>pauperibus</strong></span> <span class='ocrx_word' id='word_1_617' title='bbox 1790 5421 1946 5474; x_wconf 84' lang='lat' dir='ltr'><strong>vivis.</strong></span> 
     </span>
    </p>
   </div>
   <div class='ocr_carea' id='block_1_84' title="bbox 371 5494 1949 5571">
    <p class='ocr_par' dir='ltr' id='par_1_84' title="bbox 371 5494 1949 5571">
     <span class='ocr_line' id='line_1_84' title="bbox 371 5494 1949 5571; baseline 0.012 -24"><span class='ocrx_word' id='word_1_618' title='bbox 371 5494 475 5565; x_wconf 83' lang='lat' dir='ltr'><strong>ipsi</strong></span> <span class='ocrx_word' id='word_1_619' title='bbox 501 5497 826 5563; x_wconf 77' lang='lat' dir='ltr'><strong>Adelbardo,</strong></span> <span class='ocrx_word' id='word_1_620' title='bbox 876 5500 1233 5571; x_wconf 84' lang='lat' dir='ltr'><strong>dispensatori</strong></span> <span class='ocrx_word' id='word_1_621' title='bbox 1262 5506 1471 5570; x_wconf 86' lang='lat' dir='ltr'><strong>domus,</strong></span> <span class='ocrx_word' id='word_1_622' title='bbox 1511 5509 1768 5563; x_wconf 68' lang='lat' dir='ltr'><strong>svriosius</strong></span> <span class='ocrx_word' id='word_1_623' title='bbox 1798 5525 1949 5565; x_wconf 86' lang='lat' dir='ltr'><strong>man-</strong></span> 
     </span>
    </p>
   </div>
   <div class='ocr_carea' id='block_1_85' title="bbox 372 5588 1946 5669">
    <p class='ocr_par' dir='ltr' id='par_1_85' title="bbox 372 5588 1946 5669">
     <span class='ocr_line' id='line_1_85' title="bbox 372 5588 1946 5669; baseline 0.009 -27"><span class='ocrx_word' id='word_1_624' title='bbox 372 5588 540 5653; x_wconf 80' lang='lat' dir='ltr'><strong>davit,</strong></span> <span class='ocrx_word' id='word_1_625' title='bbox 590 5604 774 5645; x_wconf 89' lang='lat' dir='ltr'><strong>coram</strong></span> <span class='ocrx_word' id='word_1_626' title='bbox 821 5595 1069 5650; x_wconf 88' lang='lat' dir='ltr'><strong>omnibus</strong></span> <span class='ocrx_word' id='word_1_627' title='bbox 1115 5597 1300 5653; x_wconf 86' lang='lat' dir='ltr'><strong>dicens</strong></span> <span class='ocrx_word' id='word_1_628' title='bbox 1348 5599 1429 5653; x_wconf 89' lang='lat' dir='ltr'><strong>ei:</strong></span> <span class='ocrx_word' id='word_1_629' title='bbox 1474 5618 1491 5648; x_wconf 76' lang='grc' dir='ltr'>ι</span> <span class='ocrx_word' id='word_1_630' title='bbox 1522 5598 1696 5663; x_wconf 86' lang='lat' dir='ltr'><strong>Cura,</strong></span> <span class='ocrx_word' id='word_1_631' title='bbox 1746 5600 1946 5669; x_wconf 87' lang='lat' dir='ltr'><strong>frater,</strong></span> 
     </span>
    </p>
   </div>
   <div class='ocr_carea' id='block_1_86' title="bbox 372 5669 1951 5758">
    <p class='ocr_par' dir='ltr' id='par_1_86' title="bbox 372 5669 1951 5758">
     <span class='ocr_line' id='line_1_86' title="bbox 372 5669 1951 5758; baseline 0.009 -26"><span class='ocrx_word' id='word_1_632' title='bbox 372 5693 533 5749; x_wconf 85' lang='lat' dir='ltr'><strong>quam</strong></span> <span class='ocrx_word' id='word_1_633' title='bbox 557 5680 981 5753; x_wconf 87' lang='lat' dir='ltr'><strong>diligentissime,</strong></span> <span class='ocrx_word' id='word_1_634' title='bbox 1012 5696 1073 5743; x_wconf 91' lang='lat' dir='ltr'><strong>ut</strong></span> <span class='ocrx_word' id='word_1_635' title='bbox 1091 5689 1415 5758; x_wconf 64' lang='lat' dir='ltr'><strong>praebendas</strong></span> <span class='ocrx_word' id='word_1_636' title='bbox 1440 5669 1813 5745; x_wconf 80' lang='lat' dir='ltr'><strong>defunctorum</strong></span> <span class='ocrx_word' id='word_1_637' title='bbox 1842 5690 1951 5746; x_wconf 81' lang='lat' dir='ltr'><strong>fra-</strong></span> 
     </span>
    </p>
   </div>
   <div class='ocr_carea' id='block_1_87' title="bbox 374 5780 1948 5855">
    <p class='ocr_par' dir='ltr' id='par_1_87' title="bbox 374 5780 1948 5855">
     <span class='ocr_line' id='line_1_87' title="bbox 374 5780 1948 5855; baseline 0.009 -28"><span class='ocrx_word' id='word_1_638' title='bbox 374 5780 518 5827; x_wconf 82' lang='lat' dir='ltr'><strong>trum</strong></span> <span class='ocrx_word' id='word_1_639' title='bbox 549 5788 789 5833; x_wconf 87' lang='lat' dir='ltr'><strong>meorum</strong></span> <span class='ocrx_word' id='word_1_640' title='bbox 816 5780 1003 5851; x_wconf 79' lang='lat' dir='ltr'><strong>plenas</strong></span> <span class='ocrx_word' id='word_1_641' title='bbox 1039 5790 1096 5837; x_wconf 88' lang='lat' dir='ltr'><strong>et</strong></span> <span class='ocrx_word' id='word_1_642' title='bbox 1124 5782 1393 5850; x_wconf 80' lang='lat' dir='ltr'><strong>integras,</strong></span> <span class='ocrx_word' id='word_1_643' title='bbox 1441 5782 1598 5837; x_wconf 87' lang='lat' dir='ltr'><strong>sicuti</strong></span> <span class='ocrx_word' id='word_1_644' title='bbox 1635 5796 1735 5855; x_wconf 85' lang='lat' dir='ltr'><strong>pro</strong></span> <span class='ocrx_word' id='word_1_645' title='bbox 1762 5799 1948 5841; x_wconf 89' lang='lat' dir='ltr'><strong>eorum</strong></span> 
     </span>
    </p>
   </div>
   <div class='ocr_carea' id='block_1_88' title="bbox 372 5864 1954 5961">
    <p class='ocr_par' dir='ltr' id='par_1_88' title="bbox 372 5864 1954 5961">
     <span class='ocr_line' id='line_1_88' title="bbox 372 5864 1954 5961; baseline 0.011 -39"><span class='ocrx_word' id='word_1_646' title='bbox 372 5864 548 5929; x_wconf 74' lang='lat' dir='ltr'><strong>salute</strong></span> <span class='ocrx_word' id='word_1_647' title='bbox 576 5871 852 5941; x_wconf 70' lang='lat' dir='ltr'><strong>constitui,</strong></span> <span class='ocrx_word' id='word_1_648' title='bbox 888 5872 1117 5950; x_wconf 86' lang='lat' dir='ltr'><strong>singulis</strong></span> <span class='ocrx_word' id='word_1_649' title='bbox 1146 5873 1378 5931; x_wconf 82' lang='lat' dir='ltr'><strong>fideliter</strong></span> <span class='ocrx_word' id='word_1_650' title='bbox 1411 5876 1738 5961; x_wconf 76' lang='lat' dir='ltr'><strong>pauperibus</strong></span> <span class='ocrx_word' id='word_1_651' title='bbox 1767 5877 1954 5939; x_wconf 57' lang='lat' dir='ltr'><strong>diztris</strong></span> 
     </span>
    </p>
   </div>
   <div class='ocr_carea' id='block_1_89' title="bbox 2053 3378 3637 3455">
    <p class='ocr_par' dir='ltr' id='par_1_89' title="bbox 2053 3378 3637 3455">
     <span class='ocr_line' id='line_1_89' title="bbox 2053 3378 3637 3455; baseline -0.005 -15"><span class='ocrx_word' id='word_1_652' title='bbox 2053 3400 2162 3440; x_wconf 87' lang='lat' dir='ltr'><strong>non</strong></span> <span class='ocrx_word' id='word_1_653' title='bbox 2199 3384 2395 3455; x_wconf 88' lang='lat' dir='ltr'><strong>potuit.</strong></span> <span class='ocrx_word' id='word_1_654' title='bbox 2441 3382 2787 3455; x_wconf 81' lang='lat' dir='ltr'><strong>Consurgunt</strong></span> <span class='ocrx_word' id='word_1_655' title='bbox 2833 3396 2961 3437; x_wconf 83' lang='lat' dir='ltr'><strong>mox</strong></span> <span class='ocrx_word' id='word_1_656' title='bbox 3007 3381 3309 3451; x_wconf 88' lang='lat' dir='ltr'><strong>impetuose</strong></span> <span class='ocrx_word' id='word_1_657' title='bbox 3352 3378 3637 3449; x_wconf 88' lang='lat' dir='ltr'><strong>spirituum</strong></span> 
     </span>
    </p>
   </div>
   <div class='ocr_carea' id='block_1_90' title="bbox 2051 3471 3639 3545">
    <p class='ocr_par' dir='ltr' id='par_1_90' title="bbox 2051 3471 3639 3545">
     <span class='ocr_line' id='line_1_90' title="bbox 2051 3471 3639 3545; baseline -0.006 -12"><span class='ocrx_word' id='word_1_658' title='bbox 2051 3476 2435 3533; x_wconf 89' lang='lat' dir='ltr'><strong>defunctorum</strong></span> <span class='ocrx_word' id='word_1_659' title='bbox 2466 3476 2736 3535; x_wconf 88' lang='lat' dir='ltr'><strong>terribiles</strong></span> <span class='ocrx_word' id='word_1_660' title='bbox 2764 3476 2993 3541; x_wconf 65' lang='lat' dir='ltr'><strong>umbrae,</strong></span> <span class='ocrx_word' id='word_1_661' title='bbox 3015 3480 3453 3545; x_wconf 82' lang='lat' dir='ltr'><strong>prostratumque</strong></span> <span class='ocrx_word' id='word_1_662' title='bbox 3472 3471 3639 3525; x_wconf 86' lang='lat' dir='ltr'><strong>nimio</strong></span> 
     </span>
    </p>
   </div>
   <div class='ocr_carea' id='block_1_91' title="bbox 2049 3563 3639 3642">
    <p class='ocr_par' dir='ltr' id='par_1_91' title="bbox 2049 3563 3639 3642">
     <span class='ocr_line' id='line_1_91' title="bbox 2049 3563 3639 3642; baseline -0.006 -17"><span class='ocrx_word' id='word_1_663' title='bbox 2049 3586 2252 3642; x_wconf 88' lang='lat' dir='ltr'><strong>pavore</strong></span> <span class='ocrx_word' id='word_1_664' title='bbox 2274 3571 2544 3636; x_wconf 88' lang='lat' dir='ltr'><strong>videntes,</strong></span> <span class='ocrx_word' id='word_1_665' title='bbox 2586 3568 2939 3634; x_wconf 90' lang='lat' dir='ltr'><strong>indumentis,</strong></span> <span class='ocrx_word' id='word_1_666' title='bbox 2967 3567 3168 3622; x_wconf 83' lang='lat' dir='ltr'><strong>virtute</strong></span> <span class='ocrx_word' id='word_1_667' title='bbox 3189 3565 3422 3631; x_wconf 87' lang='lat' dir='ltr'><strong>occulta,</strong></span> <span class='ocrx_word' id='word_1_668' title='bbox 3446 3563 3639 3634; x_wconf 90' lang='lat' dir='ltr'><strong>spolia-</strong></span> 
     </span>
    </p>
   </div>
   <div class='ocr_carea' id='block_1_92' title="bbox 2051 3656 3639 3728">
    <p class='ocr_par' dir='ltr' id='par_1_92' title="bbox 2051 3656 3639 3728">
     <span class='ocr_line' id='line_1_92' title="bbox 2051 3656 3639 3728; baseline -0.005 -11"><span class='ocrx_word' id='word_1_669' title='bbox 2051 3672 2199 3728; x_wconf 82' lang='lat' dir='ltr'><strong>runt,</strong></span> <span class='ocrx_word' id='word_1_670' title='bbox 2229 3677 2293 3717; x_wconf 90' lang='lat' dir='ltr'><strong>ac</strong></span> <span class='ocrx_word' id='word_1_671' title='bbox 2325 3662 2508 3727; x_wconf 86' lang='lat' dir='ltr'><strong>dorso,</strong></span> <span class='ocrx_word' id='word_1_672' title='bbox 2542 3676 2649 3716; x_wconf 90' lang='lat' dir='ltr'><strong>non</strong></span> <span class='ocrx_word' id='word_1_673' title='bbox 2694 3660 2867 3715; x_wconf 80' lang='lat' dir='ltr'><strong>soium</strong></span> <span class='ocrx_word' id='word_1_674' title='bbox 2912 3667 2973 3714; x_wconf 93' lang='lat' dir='ltr'><strong>ut</strong></span> <span class='ocrx_word' id='word_1_675' title='bbox 3012 3658 3168 3715; x_wconf 89' lang='lat' dir='ltr'><strong>nobis</strong></span> <span class='ocrx_word' id='word_1_676' title='bbox 3196 3665 3281 3713; x_wconf 88' lang='lat' dir='ltr'><strong>est</strong></span> <span class='ocrx_word' id='word_1_677' title='bbox 3307 3656 3639 3712; x_wconf 87' lang='lat' dir='ltr'><strong>consuetudo</strong></span> 
     </span>
    </p>
   </div>
   <div class='ocr_carea' id='block_1_93' title="bbox 2051 3752 3639 3826">
    <p class='ocr_par' dir='ltr' id='par_1_93' title="bbox 2051 3752 3639 3826">
     <span class='ocr_line' id='line_1_93' title="bbox 2051 3752 3639 3826; baseline -0.004 -15"><span class='ocrx_word' id='word_1_678' title='bbox 2051 3755 2385 3826; x_wconf 80' lang='lat' dir='ltr'><strong>castigandis</strong></span> <span class='ocrx_word' id='word_1_679' title='bbox 2415 3755 2618 3809; x_wconf 92' lang='lat' dir='ltr'><strong>nudato</strong></span> <span class='ocrx_word' id='word_1_680' title='bbox 2639 3795 2654 3821; x_wconf 91' lang='lat'><strong>,</strong></span> <span class='ocrx_word' id='word_1_681' title='bbox 2685 3754 2779 3809; x_wconf 88' lang='lat' dir='ltr'><strong>sed</strong></span> <span class='ocrx_word' id='word_1_682' title='bbox 2810 3753 3031 3823; x_wconf 90' lang='lat' dir='ltr'><strong>insuper</strong></span> <span class='ocrx_word' id='word_1_683' title='bbox 3069 3767 3294 3822; x_wconf 89' lang='lat' dir='ltr'><strong>corpore</strong></span> <span class='ocrx_word' id='word_1_684' title='bbox 3327 3759 3439 3806; x_wconf 87' lang='lat' dir='ltr'><strong>toto</strong></span> <span class='ocrx_word' id='word_1_685' title='bbox 3475 3752 3639 3806; x_wconf 89' lang='lat' dir='ltr'><strong>mise-</strong></span> 
     </span>
    </p>
   </div>
   <div class='ocr_carea' id='block_1_94' title="bbox 2053 3844 3633 3917">
    <p class='ocr_par' dir='ltr' id='par_1_94' title="bbox 2053 3844 3633 3917">
     <span class='ocr_line' id='line_1_94' title="bbox 2053 3844 3633 3917; baseline -0.003 -14"><span class='ocrx_word' id='word_1_686' title='bbox 2053 3863 2172 3903; x_wconf 88' lang='lat' dir='ltr'><strong>rum</strong></span> <span class='ocrx_word' id='word_1_687' title='bbox 2196 3848 2429 3913; x_wconf 65' lang='lat' dir='ltr'><strong>caadmt,</strong></span> <span class='ocrx_word' id='word_1_688' title='bbox 2446 3847 2777 3903; x_wconf 87' lang='lat' dir='ltr'><strong>sensibiliter</strong></span> <span class='ocrx_word' id='word_1_689' title='bbox 2792 3845 2962 3917; x_wconf 84' lang='lat' dir='ltr'><strong>virgis</strong></span> <span class='ocrx_word' id='word_1_690' title='bbox 2977 3845 3289 3909; x_wconf 84' lang='lat' dir='ltr'><strong>verberant,</strong></span> <span class='ocrx_word' id='word_1_691' title='bbox 3304 3844 3633 3915; x_wconf 87' lang='lat' dir='ltr'><strong>percutiunt,</strong></span> 
     </span>
    </p>
   </div>
   <div class='ocr_carea' id='block_1_95' title="bbox 2052 3932 3633 4009">
    <p class='ocr_par' dir='ltr' id='par_1_95' title="bbox 2052 3932 3633 4009">
     <span class='ocr_line' id='line_1_95' title="bbox 2052 3932 3633 4009; baseline -0.004 -14"><span class='ocrx_word' id='word_1_692' title='bbox 2052 3939 2300 3995; x_wconf 80' lang='lat' dir='ltr'><strong>horribili</strong></span> <span class='ocrx_word' id='word_1_693' title='bbox 2323 3939 2469 3994; x_wconf 87' lang='lat' dir='ltr'><strong>vocis</strong></span> <span class='ocrx_word' id='word_1_694' title='bbox 2492 3938 2724 4009; x_wconf 85' lang='lat' dir='ltr'><strong>imagine</strong></span> <span class='ocrx_word' id='word_1_695' title='bbox 2748 3945 3139 3993; x_wconf 85' lang='lat' dir='ltr'><strong>consonantes:</strong></span> <span class='ocrx_word' id='word_1_696' title='bbox 3168 3953 3187 3988; x_wconf 73' lang='grc' dir='ltr'>ι</span> <span class='ocrx_word' id='word_1_697' title='bbox 3212 3934 3406 4006; x_wconf 78' lang='lat' dir='ltr'><strong>Arripe</strong></span> <span class='ocrx_word' id='word_1_698' title='bbox 3428 3932 3633 4006; x_wconf 82' lang='lat' dir='ltr'><strong>[Forte,</strong></span> 
     </span>
    </p>
   </div>
   <div class='ocr_carea' id='block_1_96' title="bbox 2050 4029 3631 4107">
    <p class='ocr_par' dir='ltr' id='par_1_96' title="bbox 2050 4029 3631 4107">
     <span class='ocr_line' id='line_1_96' title="bbox 2050 4029 3631 4107; baseline -0.004 -17"><span class='ocrx_word' id='word_1_699' title='bbox 2050 4035 2296 4107; x_wconf 83' lang='lat' dir='ltr'><strong>Accipe],</strong></span> <span class='ocrx_word' id='word_1_700' title='bbox 2323 4033 2532 4099; x_wconf 85' lang='lat' dir='ltr'><strong>infelix,</strong></span> <span class='ocrx_word' id='word_1_701' title='bbox 2556 4034 2817 4098; x_wconf 73' lang='lat' dir='ltr'><strong>avaritim,</strong></span> <span class='ocrx_word' id='word_1_702' title='bbox 2846 4046 3008 4103; x_wconf 89' lang='lat' dir='ltr'><strong>quam</strong></span> <span class='ocrx_word' id='word_1_703' title='bbox 3034 4030 3298 4096; x_wconf 88' lang='lat' dir='ltr'><strong>meruisti,</strong></span> <span class='ocrx_word' id='word_1_704' title='bbox 3320 4029 3631 4092; x_wconf 85' lang='lat' dir='ltr'><strong>vindictam,</strong></span> 
     </span>
    </p>
   </div>
   <div class='ocr_carea' id='block_1_97' title="bbox 2048 4125 3629 4200">
    <p class='ocr_par' dir='ltr' id='par_1_97' title="bbox 2048 4125 3629 4200">
     <span class='ocr_line' id='line_1_97' title="bbox 2048 4125 3629 4200; baseline -0.006 -16"><span class='ocrx_word' id='word_1_705' title='bbox 2048 4137 2173 4200; x_wconf 90' lang='lat' dir='ltr'><strong>post</strong></span> <span class='ocrx_word' id='word_1_706' title='bbox 2199 4128 2433 4182; x_wconf 89' lang='lat' dir='ltr'><strong>triduum</strong></span> <span class='ocrx_word' id='word_1_707' title='bbox 2464 4125 2714 4197; x_wconf 89' lang='lat' dir='ltr'><strong>graviora</strong></span> <span class='ocrx_word' id='word_1_708' title='bbox 2756 4133 3101 4195; x_wconf 87' lang='lat' dir='ltr'><strong>recepturus,</strong></span> <span class='ocrx_word' id='word_1_709' title='bbox 3148 4129 3494 4193; x_wconf 87' lang='lat' dir='ltr'><strong>posteaquam</strong></span> <span class='ocrx_word' id='word_1_710' title='bbox 3531 4134 3629 4175; x_wconf 83' lang='lat' dir='ltr'><strong>no-</strong></span> 
     </span>
    </p>
   </div>
   <div class='ocr_carea' id='block_1_98' title="bbox 2050 4212 3633 4286">
    <p class='ocr_par' dir='ltr' id='par_1_98' title="bbox 2050 4212 3633 4286">
     <span class='ocr_line' id='line_1_98' title="bbox 2050 4212 3633 4286; baseline -0.008 -7"><span class='ocrx_word' id='word_1_711' title='bbox 2050 4224 2258 4279; x_wconf 89' lang='lat' dir='ltr'><strong>biscum</strong></span> <span class='ocrx_word' id='word_1_712' title='bbox 2302 4222 2446 4276; x_wconf 91' lang='lat' dir='ltr'><strong>inter</strong></span> <span class='ocrx_word' id='word_1_713' title='bbox 2493 4226 2735 4274; x_wconf 90' lang='lat' dir='ltr'><strong>mortuos</strong></span> <span class='ocrx_word' id='word_1_714' title='bbox 2764 4217 2933 4273; x_wconf 89' lang='lat' dir='ltr'><strong>fueris</strong></span> <span class='ocrx_word' id='word_1_715' title='bbox 2963 4223 3322 4286; x_wconf 85' lang='lat' dir='ltr'><strong>computatus.</strong></span> <span class='ocrx_word' id='word_1_716' title='bbox 3353 4234 3370 4266; x_wconf 77' lang='grc' dir='ltr'><strong>ι</strong></span> <span class='ocrx_word' id='word_1_717' title='bbox 3424 4212 3633 4271; x_wconf 78' lang='lat' dir='ltr'><strong>Evane-</strong></span> 
     </span>
    </p>
   </div>
   <div class='ocr_carea' id='block_1_99' title="bbox 2050 4304 3627 4375">
    <p class='ocr_par' dir='ltr' id='par_1_99' title="bbox 2050 4304 3627 4375">
     <span class='ocr_line' id='line_1_99' title="bbox 2050 4304 3627 4375; baseline -0.005 -6"><span class='ocrx_word' id='word_1_718' title='bbox 2050 4313 2326 4369; x_wconf 87' lang='lat' dir='ltr'><strong>scentibus</strong></span> <span class='ocrx_word' id='word_1_719' title='bbox 2354 4327 2477 4368; x_wconf 82' lang='lat' dir='ltr'><strong>mox</strong></span> <span class='ocrx_word' id='word_1_720' title='bbox 2503 4311 2729 4372; x_wconf 88' lang='lat' dir='ltr'><strong>umbris,</strong></span> <span class='ocrx_word' id='word_1_721' title='bbox 2764 4309 3024 4365; x_wconf 88' lang='lat' dir='ltr'><strong>remansit</strong></span> <span class='ocrx_word' id='word_1_722' title='bbox 3055 4308 3394 4363; x_wconf 81' lang='lat' dir='ltr'><strong>Adelhardus</strong></span> <span class='ocrx_word' id='word_1_723' title='bbox 3415 4304 3627 4375; x_wconf 89' lang='lat' dir='ltr'><strong>jacens,</strong></span> 
     </span>
    </p>
   </div>
   <div class='ocr_carea' id='block_1_100' title="bbox 2051 4397 3637 4461">
    <p class='ocr_par' dir='ltr' id='par_1_100' title="bbox 2051 4397 3637 4461">
     <span class='ocr_line' id='line_1_100' title="bbox 2051 4397 3637 4461; baseline -0.005 -2"><span class='ocrx_word' id='word_1_724' title='bbox 2051 4412 2113 4459; x_wconf 91' lang='lat' dir='ltr'><strong>ut</strong></span> <span class='ocrx_word' id='word_1_725' title='bbox 2146 4413 2411 4459; x_wconf 88' lang='lat' dir='ltr'><strong>mortuus.</strong></span> <span class='ocrx_word' id='word_1_726' title='bbox 2445 4401 2603 4457; x_wconf 87' lang='lat' dir='ltr'><strong>Circa</strong></span> <span class='ocrx_word' id='word_1_727' title='bbox 2629 4401 2864 4456; x_wconf 90' lang='lat' dir='ltr'><strong>medium</strong></span> <span class='ocrx_word' id='word_1_728' title='bbox 2896 4415 3026 4454; x_wconf 87' lang='lat' dir='ltr'><strong>vero</strong></span> <span class='ocrx_word' id='word_1_729' title='bbox 3052 4400 3249 4461; x_wconf 89' lang='lat' dir='ltr'><strong>noctis,</strong></span> <span class='ocrx_word' id='word_1_730' title='bbox 3288 4413 3411 4453; x_wconf 90' lang='lat' dir='ltr'><strong>cum</strong></span> <span class='ocrx_word' id='word_1_731' title='bbox 3438 4397 3637 4452; x_wconf 89' lang='lat' dir='ltr'><strong>fratres</strong></span> 
     </span>
    </p>
   </div>
   <div class='ocr_carea' id='block_1_101' title="bbox 2052 4489 3637 4565">
    <p class='ocr_par' dir='ltr' id='par_1_101' title="bbox 2052 4489 3637 4565">
     <span class='ocr_line' id='line_1_101' title="bbox 2052 4489 3637 4565; baseline -0.005 -15"><span class='ocrx_word' id='word_1_732' title='bbox 2052 4504 2442 4565; x_wconf 80' lang='lat' dir='ltr'><strong>consurgerent</strong></span> <span class='ocrx_word' id='word_1_733' title='bbox 2469 4494 2538 4549; x_wconf 91' lang='lat' dir='ltr'><strong>ad</strong></span> <span class='ocrx_word' id='word_1_734' title='bbox 2567 4493 2753 4548; x_wconf 89' lang='lat' dir='ltr'><strong>laudes</strong></span> <span class='ocrx_word' id='word_1_735' title='bbox 2779 4492 3093 4557; x_wconf 89' lang='lat' dir='ltr'><strong>matutinas,</strong></span> <span class='ocrx_word' id='word_1_736' title='bbox 3122 4489 3445 4561; x_wconf 82' lang='lat' dir='ltr'><strong>ﬂagellatum</strong></span> <span class='ocrx_word' id='word_1_737' title='bbox 3473 4489 3637 4543; x_wconf 86' lang='lat' dir='ltr'><strong>mise-</strong></span> 
     </span>
    </p>
   </div>
   <div class='ocr_carea' id='block_1_102' title="bbox 2052 4584 3637 4658">
    <p class='ocr_par' dir='ltr' id='par_1_102' title="bbox 2052 4584 3637 4658">
     <span class='ocr_line' id='line_1_102' title="bbox 2052 4584 3637 4658; baseline -0.004 -15"><span class='ocrx_word' id='word_1_738' title='bbox 2052 4604 2171 4643; x_wconf 90' lang='lat' dir='ltr'><strong>rum</strong></span> <span class='ocrx_word' id='word_1_739' title='bbox 2204 4595 2545 4658; x_wconf 88' lang='lat' dir='ltr'><strong>repererunt,</strong></span> <span class='ocrx_word' id='word_1_740' title='bbox 2577 4588 2632 4641; x_wconf 90' lang='lat' dir='ltr'><strong>in</strong></span> <span class='ocrx_word' id='word_1_741' title='bbox 2657 4586 2774 4641; x_wconf 89' lang='lat' dir='ltr'><strong>loco</strong></span> <span class='ocrx_word' id='word_1_742' title='bbox 2795 4584 3076 4656; x_wconf 87' lang='lat' dir='ltr'><strong>capitulari</strong></span> <span class='ocrx_word' id='word_1_743' title='bbox 3099 4586 3394 4655; x_wconf 90' lang='lat' dir='ltr'><strong>jacentem,</strong></span> <span class='ocrx_word' id='word_1_744' title='bbox 3422 4592 3637 4637; x_wconf 87' lang='lat' dir='ltr'><strong>mortuo</strong></span> 
     </span>
    </p>
   </div>
   <div class='ocr_carea' id='block_1_103' title="bbox 2052 4675 3637 4754">
    <p class='ocr_par' dir='ltr' id='par_1_103' title="bbox 2052 4675 3637 4754">
     <span class='ocr_line' id='line_1_103' title="bbox 2052 4675 3637 4754; baseline -0.004 -17"><span class='ocrx_word' id='word_1_745' title='bbox 2052 4698 2217 4754; x_wconf 91' lang='lat' dir='ltr'><strong>quam</strong></span> <span class='ocrx_word' id='word_1_746' title='bbox 2244 4683 2367 4737; x_wconf 85' lang='lat' dir='ltr'><strong>vivo</strong></span> <span class='ocrx_word' id='word_1_747' title='bbox 2396 4682 2731 4737; x_wconf 86' lang='lat' dir='ltr'><strong>similiorem.</strong></span> <span class='ocrx_word' id='word_1_748' title='bbox 2763 4680 2865 4747; x_wconf 83' lang='lat' dir='ltr'><strong>Qui</strong></span> <span class='ocrx_word' id='word_1_749' title='bbox 2899 4679 3212 4750; x_wconf 88' lang='lat' dir='ltr'><strong>deportatus</strong></span> <span class='ocrx_word' id='word_1_750' title='bbox 3250 4677 3316 4731; x_wconf 87' lang='lat' dir='ltr'><strong>ad</strong></span> <span class='ocrx_word' id='word_1_751' title='bbox 3350 4675 3637 4731; x_wconf 79' lang='lat' dir='ltr'><strong>inﬁrmita-</strong></span> 
     </span>
    </p>
   </div>
   <div class='ocr_carea' id='block_1_104' title="bbox 2052 4771 3636 4845">
    <p class='ocr_par' dir='ltr' id='par_1_104' title="bbox 2052 4771 3636 4845">
     <span class='ocr_line' id='line_1_104' title="bbox 2052 4771 3636 4845; baseline -0.004 -12"><span class='ocrx_word' id='word_1_752' title='bbox 2052 4779 2214 4843; x_wconf 91' lang='lat' dir='ltr'><strong>rium,</strong></span> <span class='ocrx_word' id='word_1_753' title='bbox 2252 4785 2305 4832; x_wconf 90' lang='lat' dir='ltr'><strong>et</strong></span> <span class='ocrx_word' id='word_1_754' title='bbox 2334 4777 2402 4831; x_wconf 88' lang='lat' dir='ltr'><strong>ad</strong></span> <span class='ocrx_word' id='word_1_755' title='bbox 2429 4791 2487 4831; x_wconf 86' lang='lat' dir='ltr'><strong>se</strong></span> <span class='ocrx_word' id='word_1_756' title='bbox 2518 4776 2759 4841; x_wconf 89' lang='lat' dir='ltr'><strong>tandem,</strong></span> <span class='ocrx_word' id='word_1_757' title='bbox 2790 4773 3017 4829; x_wconf 83' lang='lat' dir='ltr'><strong>fratrum</strong></span> <span class='ocrx_word' id='word_1_758' title='bbox 3046 4788 3166 4845; x_wconf 90' lang='lat' dir='ltr'><strong>ope,</strong></span> <span class='ocrx_word' id='word_1_759' title='bbox 3199 4785 3480 4835; x_wconf 87' lang='lat' dir='ltr'><strong>reversus,</strong></span> <span class='ocrx_word' id='word_1_760' title='bbox 3507 4771 3636 4841; x_wconf 85' lang='lat' dir='ltr'><strong>quid</strong></span> 
     </span>
    </p>
   </div>
   <div class='ocr_carea' id='block_1_105' title="bbox 2051 4864 3637 4937">
    <p class='ocr_par' dir='ltr' id='par_1_105' title="bbox 2051 4864 3637 4937">
     <span class='ocr_line' id='line_1_105' title="bbox 2051 4864 3637 4937; baseline -0.002 -15"><span class='ocrx_word' id='word_1_761' title='bbox 2051 4868 2266 4933; x_wconf 86' lang='lat' dir='ltr'><strong>viderit,</strong></span> <span class='ocrx_word' id='word_1_762' title='bbox 2308 4876 2363 4922; x_wconf 91' lang='lat' dir='ltr'><strong>et</strong></span> <span class='ocrx_word' id='word_1_763' title='bbox 2405 4883 2526 4937; x_wconf 85' lang='lat' dir='ltr'><strong>quae</strong></span> <span class='ocrx_word' id='word_1_764' title='bbox 2563 4866 2703 4921; x_wconf 86' lang='lat' dir='ltr'><strong>mala</strong></span> <span class='ocrx_word' id='word_1_765' title='bbox 2733 4881 3026 4936; x_wconf 89' lang='lat' dir='ltr'><strong>perpessus</strong></span> <span class='ocrx_word' id='word_1_766' title='bbox 3072 4864 3255 4930; x_wconf 87' lang='lat' dir='ltr'><strong>fuerit,</strong></span> <span class='ocrx_word' id='word_1_767' title='bbox 3296 4864 3637 4919; x_wconf 86' lang='lat' dir='ltr'><strong>audientibus</strong></span> 
     </span>
    </p>
   </div>
   <div class='ocr_carea' id='block_1_106' title="bbox 2050 4955 3635 5027">
    <p class='ocr_par' dir='ltr' id='par_1_106' title="bbox 2050 4955 3635 5027">
     <span class='ocr_line' id='line_1_106' title="bbox 2050 4955 3635 5027; baseline -0.002 -12"><span class='ocrx_word' id='word_1_768' title='bbox 2050 4958 2332 5022; x_wconf 83' lang='lat' dir='ltr'><strong>revelavit,</strong></span> <span class='ocrx_word' id='word_1_769' title='bbox 2363 4958 2579 5027; x_wconf 88' lang='lat' dir='ltr'><strong>etquod</strong></span> <span class='ocrx_word' id='word_1_770' title='bbox 2603 4958 2688 5013; x_wconf 90' lang='lat' dir='ltr'><strong>die</strong></span> <span class='ocrx_word' id='word_1_771' title='bbox 2710 4958 2871 5012; x_wconf 88' lang='lat' dir='ltr'><strong>tertia</strong></span> <span class='ocrx_word' id='word_1_772' title='bbox 2900 4957 3215 5024; x_wconf 86' lang='lat' dir='ltr'><strong>moriturus,</strong></span> <span class='ocrx_word' id='word_1_773' title='bbox 3235 4955 3391 5025; x_wconf 80' lang='lat' dir='ltr'><strong>juxta</strong></span> <span class='ocrx_word' id='word_1_774' title='bbox 3413 4957 3635 5012; x_wconf 89' lang='lat' dir='ltr'><strong>verbum</strong></span> 
     </span>
    </p>
   </div>
   <div class='ocr_carea' id='block_1_107' title="bbox 2054 5050 3637 5123">
    <p class='ocr_par' dir='ltr' id='par_1_107' title="bbox 2054 5050 3637 5123">
     <span class='ocr_line' id='line_1_107' title="bbox 2054 5050 3637 5123; baseline -0.001 -16"><span class='ocrx_word' id='word_1_775' title='bbox 2054 5053 2428 5123; x_wconf 87' lang='lat' dir='ltr'><strong>apparentium</strong></span> <span class='ocrx_word' id='word_1_776' title='bbox 2452 5052 2554 5107; x_wconf 90' lang='lat' dir='ltr'><strong>sibi</strong></span> <span class='ocrx_word' id='word_1_777' title='bbox 2576 5052 2885 5122; x_wconf 89' lang='lat' dir='ltr'><strong>spirituum,</strong></span> <span class='ocrx_word' id='word_1_778' title='bbox 2902 5050 3168 5123; x_wconf 67' lang='lat' dir='ltr'><strong>praedixit.</strong></span> <span class='ocrx_word' id='word_1_779' title='bbox 3192 5052 3260 5107; x_wconf 85' lang='lat' dir='ltr'><strong>Et</strong></span> <span class='ocrx_word' id='word_1_780' title='bbox 3279 5067 3346 5106; x_wconf 89' lang='lat' dir='ltr'><strong>ne</strong></span> <span class='ocrx_word' id='word_1_781' title='bbox 3366 5051 3637 5107; x_wconf 87' lang='lat' dir='ltr'><strong>somnium</strong></span> 
     </span>
    </p>
   </div>
   <div class='ocr_carea' id='block_1_108' title="bbox 2054 5141 3635 5214">
    <p class='ocr_par' dir='ltr' id='par_1_108' title="bbox 2054 5141 3635 5214">
     <span class='ocr_line' id='line_1_108' title="bbox 2054 5141 3635 5214; baseline -0.001 -17"><span class='ocrx_word' id='word_1_782' title='bbox 2054 5144 2450 5209; x_wconf 81' lang='lat' dir='ltr'><strong>existimarent,</strong></span> <span class='ocrx_word' id='word_1_783' title='bbox 2471 5151 2564 5197; x_wconf 89' lang='lat' dir='ltr'><strong>aut</strong></span> <span class='ocrx_word' id='word_1_784' title='bbox 2589 5143 2755 5198; x_wconf 89' lang='lat' dir='ltr'><strong>solius</strong></span> <span class='ocrx_word' id='word_1_785' title='bbox 2775 5145 3079 5214; x_wconf 85' lang='lat' dir='ltr'><strong>passionem</strong></span> <span class='ocrx_word' id='word_1_786' title='bbox 3104 5141 3333 5197; x_wconf 82' lang='lat' dir='ltr'><strong>mentis:</strong></span> <span class='ocrx_word' id='word_1_787' title='bbox 3360 5162 3378 5191; x_wconf 73' lang='grc' dir='ltr'><strong><em>ι</em></strong></span> <span class='ocrx_word' id='word_1_788' title='bbox 3398 5141 3635 5205; x_wconf 85' lang='lat' dir='ltr'><strong>Cernite,</strong></span> 
     </span>
    </p>
   </div>
   <div class='ocr_carea' id='block_1_109' title="bbox 2053 5233 3635 5306">
    <p class='ocr_par' dir='ltr' id='par_1_109' title="bbox 2053 5233 3635 5306">
     <span class='ocr_line' id='line_1_109' title="bbox 2053 5233 3635 5306; baseline -0.001 -16"><span class='ocrx_word' id='word_1_789' title='bbox 2053 5235 2248 5306; x_wconf 86' lang='lat' dir='ltr'><strong>inquit,</strong></span> <span class='ocrx_word' id='word_1_790' title='bbox 2274 5234 2482 5305; x_wconf 86' lang='lat' dir='ltr'><strong>plagas,</strong></span> <span class='ocrx_word' id='word_1_791' title='bbox 2511 5243 2566 5289; x_wconf 88' lang='lat' dir='ltr'><strong>et</strong></span> <span class='ocrx_word' id='word_1_792' title='bbox 2594 5237 2879 5291; x_wconf 76' lang='lat' dir='ltr'><strong>verberum</strong></span> <span class='ocrx_word' id='word_1_793' title='bbox 2902 5235 3240 5292; x_wconf 88' lang='lat' dir='ltr'><strong>considerate</strong></span> <span class='ocrx_word' id='word_1_794' title='bbox 3266 5234 3484 5301; x_wconf 88' lang='lat' dir='ltr'><strong>livores,</strong></span> <span class='ocrx_word' id='word_1_795' title='bbox 3511 5233 3635 5302; x_wconf 88' lang='lat' dir='ltr'><strong>quia</strong></span> 
     </span>
    </p>
   </div>
   <div class='ocr_carea' id='block_1_110' title="bbox 2051 5326 3638 5397">
    <p class='ocr_par' dir='ltr' id='par_1_110' title="bbox 2051 5326 3638 5397">
     <span class='ocr_line' id='line_1_110' title="bbox 2051 5326 3638 5397; baseline -0.001 -14"><span class='ocrx_word' id='word_1_796' title='bbox 2051 5343 2215 5383; x_wconf 90' lang='lat' dir='ltr'><strong>nemo</strong></span> <span class='ocrx_word' id='word_1_797' title='bbox 2241 5328 2319 5382; x_wconf 90' lang='lat' dir='ltr'><strong>sic</strong></span> <span class='ocrx_word' id='word_1_798' title='bbox 2357 5327 2661 5393; x_wconf 86' lang='lat' dir='ltr'><strong>dormiens,</strong></span> <span class='ocrx_word' id='word_1_799' title='bbox 2698 5329 2902 5397; x_wconf 89' lang='lat' dir='ltr'><strong>absque</strong></span> <span class='ocrx_word' id='word_1_800' title='bbox 2933 5326 3289 5397; x_wconf 88' lang='lat' dir='ltr'><strong>impressione</strong></span> <span class='ocrx_word' id='word_1_801' title='bbox 3323 5326 3499 5395; x_wconf 86' lang='lat' dir='ltr'><strong>aliqua</strong></span> <span class='ocrx_word' id='word_1_802' title='bbox 3527 5327 3638 5381; x_wconf 85' lang='lat' dir='ltr'><strong>vio-</strong></span> 
     </span>
    </p>
   </div>
   <div class='ocr_carea' id='block_1_111' title="bbox 2049 5417 3635 5491">
    <p class='ocr_par' dir='ltr' id='par_1_111' title="bbox 2049 5417 3635 5491">
     <span class='ocr_line' id='line_1_111' title="bbox 2049 5417 3635 5491; baseline -0.001 -17"><span class='ocrx_word' id='word_1_803' title='bbox 2049 5420 2195 5475; x_wconf 88' lang='lat' dir='ltr'><strong>lenta</strong></span> <span class='ocrx_word' id='word_1_804' title='bbox 2225 5421 2566 5475; x_wconf 82' lang='lat' dir='ltr'><strong>extrinsecus</strong></span> <span class='ocrx_word' id='word_1_805' title='bbox 2602 5421 2798 5491; x_wconf 87' lang='lat' dir='ltr'><strong>poterit</strong></span> <span class='ocrx_word' id='word_1_806' title='bbox 2833 5419 3054 5491; x_wconf 81' lang='lat' dir='ltr'><strong>signari.</strong></span> <span class='ocrx_word' id='word_1_807' title='bbox 3092 5437 3110 5469; x_wconf 76' lang='grc' dir='ltr'><strong><em>ι</em></strong></span> <span class='ocrx_word' id='word_1_808' title='bbox 3142 5417 3496 5473; x_wconf 85' lang='lat' dir='ltr'><strong>Intuebantur</strong></span> <span class='ocrx_word' id='word_1_809' title='bbox 3537 5419 3635 5473; x_wconf 44' lang='lat' dir='ltr'><strong>mi-</strong></span> 
     </span>
    </p>
   </div>
   <div class='ocr_carea' id='block_1_112' title="bbox 2053 5508 3637 5581">
    <p class='ocr_par' dir='ltr' id='par_1_112' title="bbox 2053 5508 3637 5581">
     <span class='ocr_line' id='line_1_112' title="bbox 2053 5508 3637 5581; baseline -0.002 -14"><span class='ocrx_word' id='word_1_810' title='bbox 2053 5510 2273 5567; x_wconf 88' lang='lat' dir='ltr'><strong>serabili</strong></span> <span class='ocrx_word' id='word_1_811' title='bbox 2309 5511 2598 5565; x_wconf 82' lang='lat' dir='ltr'><strong>severitate</strong></span> <span class='ocrx_word' id='word_1_812' title='bbox 2626 5509 2932 5581; x_wconf 85' lang='lat' dir='ltr'><strong>perculsum</strong></span> <span class='ocrx_word' id='word_1_813' title='bbox 2957 5518 3216 5576; x_wconf 89' lang='lat' dir='ltr'><strong>astantes,</strong></span> <span class='ocrx_word' id='word_1_814' title='bbox 3242 5524 3343 5564; x_wconf 91' lang='lat' dir='ltr'><strong>nec</strong></span> <span class='ocrx_word' id='word_1_815' title='bbox 3370 5508 3637 5581; x_wconf 85' lang='lat' dir='ltr'><strong>lacrymas</strong></span> 
     </span>
    </p>
   </div>
   <div class='ocr_carea' id='block_1_113' title="bbox 2050 5602 3633 5674">
    <p class='ocr_par' dir='ltr' id='par_1_113' title="bbox 2050 5602 3633 5674">
     <span class='ocr_line' id='line_1_113' title="bbox 2050 5602 3633 5674; baseline 0 -17"><span class='ocrx_word' id='word_1_816' title='bbox 2050 5610 2301 5672; x_wconf 88' lang='lat' dir='ltr'><strong>poterant</strong></span> <span class='ocrx_word' id='word_1_817' title='bbox 2328 5603 2623 5668; x_wconf 86' lang='lat' dir='ltr'><strong>continere,</strong></span> <span class='ocrx_word' id='word_1_818' title='bbox 2659 5603 2798 5656; x_wconf 85' lang='lat' dir='ltr'><strong>inter</strong></span> <span class='ocrx_word' id='word_1_819' title='bbox 2826 5618 2962 5672; x_wconf 88' lang='lat' dir='ltr'><strong>quos</strong></span> <span class='ocrx_word' id='word_1_820' title='bbox 2998 5613 3218 5658; x_wconf 87' lang='lat' dir='ltr'><strong>sanctus</strong></span> <span class='ocrx_word' id='word_1_821' title='bbox 3240 5611 3426 5674; x_wconf 87' lang='lat' dir='ltr'><strong>pastor</strong></span> <span class='ocrx_word' id='word_1_822' title='bbox 3455 5602 3633 5658; x_wconf 58' lang='lat' dir='ltr'><strong>Raba-</strong></span> 
     </span>
    </p>
   </div>
   <div class='ocr_carea' id='block_1_114' title="bbox 2052 5696 3639 5768">
    <p class='ocr_par' dir='ltr' id='par_1_114' title="bbox 2052 5696 3639 5768">
     <span class='ocr_line' id='line_1_114' title="bbox 2052 5696 3639 5768; baseline 0.001 -16"><span class='ocrx_word' id='word_1_823' title='bbox 2052 5710 2155 5752; x_wconf 91' lang='lat' dir='ltr'><strong>nus</strong></span> <span class='ocrx_word' id='word_1_824' title='bbox 2179 5697 2267 5751; x_wconf 91' lang='lat' dir='ltr'><strong>ovi</strong></span> <span class='ocrx_word' id='word_1_825' title='bbox 2295 5696 2455 5750; x_wconf 83' lang='lat' dir='ltr'><strong>nimis</strong></span> <span class='ocrx_word' id='word_1_826' title='bbox 2481 5696 2802 5764; x_wconf 86' lang='lat' dir='ltr'><strong>periclitanti</strong></span> <span class='ocrx_word' id='word_1_827' title='bbox 2834 5697 3079 5768; x_wconf 89' lang='lat' dir='ltr'><strong>ampliori</strong></span> <span class='ocrx_word' id='word_1_828' title='bbox 3107 5698 3536 5768; x_wconf 85' lang='lat' dir='ltr'><strong>compatiebatur</strong></span> <span class='ocrx_word' id='word_1_829' title='bbox 3557 5698 3639 5753; x_wconf 89' lang='lat' dir='ltr'><strong>af-</strong></span> 
     </span>
    </p>
   </div>
   <div class='ocr_carea' id='block_1_115' title="bbox 2052 5786 3635 5860">
    <p class='ocr_par' dir='ltr' id='par_1_115' title="bbox 2052 5786 3635 5860">
     <span class='ocr_line' id='line_1_115' title="bbox 2052 5786 3635 5860; baseline 0.001 -16"><span class='ocrx_word' id='word_1_830' title='bbox 2052 5786 2194 5844; x_wconf 87' lang='lat' dir='ltr'><strong>fectu</strong></span> <span class='ocrx_word' id='word_1_831' title='bbox 2215 5787 2494 5842; x_wconf 83' lang='lat' dir='ltr'><strong>eharitatis</strong></span> <span class='ocrx_word' id='word_1_832' title='bbox 2525 5795 2583 5841; x_wconf 91' lang='lat' dir='ltr'><strong>et</strong></span> <span class='ocrx_word' id='word_1_833' title='bbox 2614 5787 2716 5859; x_wconf 74' lang='lat' dir='ltr'><strong>pizc</strong></span> <span class='ocrx_word' id='word_1_834' title='bbox 2740 5787 3241 5843; x_wconf 87' lang='lat' dir='ltr'><strong>commiserationis.</strong></span> <span class='ocrx_word' id='word_1_835' title='bbox 3265 5787 3484 5844; x_wconf 88' lang='lat' dir='ltr'><strong>Curavit</strong></span> <span class='ocrx_word' id='word_1_836' title='bbox 3504 5805 3635 5860; x_wconf 88' lang='lat' dir='ltr'><strong>ergo</strong></span> 
     </span>
    </p>
   </div>
   <div class='ocr_carea' id='block_1_116' title="bbox 2053 5876 3633 5971">
    <p class='ocr_par' dir='ltr' id='par_1_116' title="bbox 2053 5876 3633 5971">
     <span class='ocr_line' id='line_1_116' title="bbox 2053 5876 3633 5971; baseline 0.004 -38"><span class='ocrx_word' id='word_1_837' title='bbox 2053 5877 2337 5947; x_wconf 82' lang='lat' dir='ltr'><strong>sollicitus,</strong></span> <span class='ocrx_word' id='word_1_838' title='bbox 2363 5876 2506 5963; x_wconf 84' lang='lat' dir='ltr'><strong>quod</strong></span> <span class='ocrx_word' id='word_1_839' title='bbox 2530 5876 2765 5938; x_wconf 82' lang='lat' dir='ltr'><strong>cilicium</strong></span> <span class='ocrx_word' id='word_1_840' title='bbox 2795 5878 3106 5965; x_wconf 81' lang='lat' dir='ltr'><strong>requirebat</strong></span> <span class='ocrx_word' id='word_1_841' title='bbox 3144 5877 3385 5949; x_wconf 80' lang='lat' dir='ltr'><strong>abbatis,</strong></span> <span class='ocrx_word' id='word_1_842' title='bbox 3408 5877 3633 5971; x_wconf 82' lang='lat' dir='ltr'><strong>jamque</strong></span> 
     </span>
    </p>
   </div>
  </div>
