  <div class='ocr_page' id='page_1' title='image "/cluster/home/n/w/nwhite01/storage/ocr_20150623/107/hvd.32044015466832/052.png"; bbox 0 0 4016 6478; ppageno 0'>
   <div class='ocr_carea' id='block_1_1' title="bbox 342 383 1925 455">
    <p class='ocr_par' dir='ltr' id='par_1_1' title="bbox 342 383 1925 455">
     <span class='ocr_line' id='line_1_1' title="bbox 342 383 1925 455; baseline -0.003 0"><span class='ocrx_word' id='word_1_1' title='bbox 342 395 415 455; x_wconf 66' lang='lat'><strong><em>93</em></strong></span> <span class='ocrx_word' id='word_1_2' title='bbox 1702 383 1925 451; x_wconf 64' lang='lat' dir='ltr'><strong>ME</strong></span> 
     </span>
    </p>
   </div>
   <div class='ocr_carea' id='block_1_2' title="bbox 2028 383 3602 455">
    <p class='ocr_par' dir='ltr' id='par_1_2' title="bbox 2028 384 3602 448">
     <span class='ocr_line' id='line_1_2' title="bbox 2028 384 3602 448; baseline 0.002 -3"><span class='ocrx_word' id='word_1_3' title='bbox 2028 384 2236 447; x_wconf 62' lang='lat' dir='ltr'><strong>Im.</strong></span> <span class='ocrx_word' id='word_1_4' title='bbox 3530 389 3602 448; x_wconf 70' lang='grc' dir='ltr'><strong>α</strong></span> 
     </span>
    </p>
   </div>
   <div class='ocr_carea' id='block_1_3' title="bbox 339 496 3603 576">
    <p class='ocr_par' dir='ltr' id='par_1_3' title="bbox 339 496 3603 576">
     <span class='ocr_line' id='line_1_3' title="bbox 339 496 3603 576; baseline -0.002 -8"><span class='ocrx_word' id='word_1_5' title='bbox 339 510 551 569; x_wconf 80' lang='lat' dir='ltr'><strong>viribus</strong></span> <span class='ocrx_word' id='word_1_6' title='bbox 565 504 925 571; x_wconf 67' lang='lat' dir='ltr'><strong>deﬁcientem,</strong></span> <span class='ocrx_word' id='word_1_7' title='bbox 943 508 1171 575; x_wconf 83' lang='lat' dir='ltr'><strong>paterno</strong></span> <span class='ocrx_word' id='word_1_8' title='bbox 1188 499 1442 557; x_wconf 88' lang='lat' dir='ltr'><strong>monebat</strong></span> <span class='ocrx_word' id='word_1_9' title='bbox 1461 496 1657 559; x_wconf 67' lang='lat' dir='ltr'><strong>aﬂectu</strong></span> <span class='ocrx_word' id='word_1_10' title='bbox 1678 499 1747 557; x_wconf 90' lang='lat' dir='ltr'><strong>de</strong></span> <span class='ocrx_word' id='word_1_11' title='bbox 1769 516 1918 559; x_wconf 83' lang='lat' dir='ltr'><strong>eom-</strong></span> <span class='ocrx_word' id='word_1_12' title='bbox 1943 507 1996 569; x_wconf 71' lang='grc' dir='ltr'><strong>Α</strong></span> <span class='ocrx_word' id='word_1_13' title='bbox 2021 502 2201 559; x_wconf 90' lang='lat' dir='ltr'><strong>ctione</strong></span> <span class='ocrx_word' id='word_1_14' title='bbox 2221 498 2499 575; x_wconf 76' lang='lat' dir='ltr'><strong>prohibuit</strong></span> <span class='ocrx_word' id='word_1_15' title='bbox 2521 508 2581 559; x_wconf 87' lang='lat' dir='ltr'><strong>et</strong></span> <span class='ocrx_word' id='word_1_16' title='bbox 2598 502 2832 575; x_wconf 73' lang='lat' dir='ltr'><strong>negavit.</strong></span> <span class='ocrx_word' id='word_1_17' title='bbox 2863 501 2926 565; x_wconf 77' lang='lat' dir='ltr'><strong>in</strong></span> <span class='ocrx_word' id='word_1_18' title='bbox 2950 500 3441 576; x_wconf 67' lang='lat' dir='ltr'><strong>buiis&#39;primordio</strong></span> <span class='ocrx_word' id='word_1_19' title='bbox 3468 519 3603 563; x_wconf 87' lang='lat' dir='ltr'><strong>eun-</strong></span> 
     </span>
    </p>
   </div>
   <div class='ocr_carea' id='block_1_4' title="bbox 338 592 1921 673">
    <p class='ocr_par' dir='ltr' id='par_1_4' title="bbox 338 592 1921 673">
     <span class='ocr_line' id='line_1_4' title="bbox 338 592 1921 673; baseline -0.008 -10"><span class='ocrx_word' id='word_1_20' title='bbox 338 603 522 663; x_wconf 84' lang='lat' dir='ltr'><strong>missis</strong></span> <span class='ocrx_word' id='word_1_21' title='bbox 539 598 911 673; x_wconf 79' lang='lat' dir='ltr'><strong>paenitentiam</strong></span> <span class='ocrx_word' id='word_1_22' title='bbox 934 610 1115 667; x_wconf 88' lang='lat' dir='ltr'><strong>agere,</strong></span> <span class='ocrx_word' id='word_1_23' title='bbox 1135 601 1191 649; x_wconf 91' lang='lat' dir='ltr'><strong>et</strong></span> <span class='ocrx_word' id='word_1_24' title='bbox 1210 593 1279 650; x_wconf 90' lang='lat' dir='ltr'><strong>de</strong></span> <span class='ocrx_word' id='word_1_25' title='bbox 1298 593 1672 653; x_wconf 76' lang='lat' dir='ltr'><strong>misericordia</strong></span> <span class='ocrx_word' id='word_1_26' title='bbox 1690 593 1786 648; x_wconf 86' lang='lat' dir='ltr'><strong>Dei</strong></span> <span class='ocrx_word' id='word_1_27' title='bbox 1807 592 1921 651; x_wconf 89' lang='lat' dir='ltr'><strong>nul-</strong></span> 
     </span>
    </p>
   </div>
   <div class='ocr_carea' id='block_1_5' title="bbox 337 683 1923 760">
    <p class='ocr_par' dir='ltr' id='par_1_5' title="bbox 337 683 1923 760">
     <span class='ocr_line' id='line_1_5' title="bbox 337 683 1923 760; baseline -0.007 -9"><span class='ocrx_word' id='word_1_28' title='bbox 337 694 550 751; x_wconf 86' lang='lat' dir='ltr'><strong>latenus</strong></span> <span class='ocrx_word' id='word_1_29' title='bbox 578 692 883 760; x_wconf 84' lang='lat' dir='ltr'><strong>desperare.</strong></span> <span class='ocrx_word' id='word_1_30' title='bbox 912 685 1086 755; x_wconf 83' lang='lat' dir='ltr'><strong>Quem</strong></span> <span class='ocrx_word' id='word_1_31' title='bbox 1119 686 1284 742; x_wconf 87' lang='lat' dir='ltr'><strong>etiam</strong></span> <span class='ocrx_word' id='word_1_32' title='bbox 1323 683 1529 740; x_wconf 76' lang='lat' dir='ltr'><strong>salubri</strong></span> <span class='ocrx_word' id='word_1_33' title='bbox 1555 683 1923 743; x_wconf 71' lang='lat' dir='ltr'><strong>admonitione</strong></span> 
     </span>
    </p>
   </div>
   <div class='ocr_carea' id='block_1_6' title="bbox 337 780 1924 854">
    <p class='ocr_par' dir='ltr' id='par_1_6' title="bbox 337 780 1924 854">
     <span class='ocr_line' id='line_1_6' title="bbox 337 780 1924 854; baseline -0.005 -10"><span class='ocrx_word' id='word_1_34' title='bbox 337 787 635 845; x_wconf 85' lang='lat' dir='ltr'><strong>contritum</strong></span> <span class='ocrx_word' id='word_1_35' title='bbox 659 792 715 841; x_wconf 88' lang='lat' dir='ltr'><strong>et</strong></span> <span class='ocrx_word' id='word_1_36' title='bbox 742 782 1095 854; x_wconf 83' lang='lat' dir='ltr'><strong>paenitentem</strong></span> <span class='ocrx_word' id='word_1_37' title='bbox 1118 821 1134 846; x_wconf 91' lang='lat'><strong>,</strong></span> <span class='ocrx_word' id='word_1_38' title='bbox 1181 780 1538 839; x_wconf 72' lang='lat' dir='ltr'><strong>sacramentis</strong></span> <span class='ocrx_word' id='word_1_39' title='bbox 1580 780 1924 850; x_wconf 70' lang='lat' dir='ltr'><strong>prmunivit</strong></span> 
     </span>
    </p>
   </div>
   <div class='ocr_carea' id='block_1_7' title="bbox 340 872 1923 943">
    <p class='ocr_par' dir='ltr' id='par_1_7' title="bbox 340 872 1923 943">
     <span class='ocr_line' id='line_1_7' title="bbox 340 872 1923 943; baseline -0.005 -6"><span class='ocrx_word' id='word_1_40' title='bbox 340 877 653 943; x_wconf 83' lang='lat' dir='ltr'><strong>Dominicis,</strong></span> <span class='ocrx_word' id='word_1_41' title='bbox 670 876 1099 943; x_wconf 78' lang='lat' dir='ltr'><strong>morientemque</strong></span> <span class='ocrx_word' id='word_1_42' title='bbox 1120 873 1374 942; x_wconf 78' lang='lat' dir='ltr'><strong>precibus</strong></span> <span class='ocrx_word' id='word_1_43' title='bbox 1388 872 1617 929; x_wconf 84' lang='lat' dir='ltr'><strong>Domino</strong></span> <span class='ocrx_word' id='word_1_44' title='bbox 1636 872 1923 931; x_wconf 73' lang='lat' dir='ltr'><strong>instantius</strong></span> 
     </span>
    </p>
   </div>
   <div class='ocr_carea' id='block_1_8' title="bbox 340 964 1922 1034">
    <p class='ocr_par' dir='ltr' id='par_1_8' title="bbox 340 964 1922 1034">
     <span class='ocr_line' id='line_1_8' title="bbox 340 964 1922 1034; baseline -0.004 -8"><span class='ocrx_word' id='word_1_45' title='bbox 340 968 754 1029; x_wconf 71' lang='lat' dir='ltr'><strong>commendavit.</strong></span> <span class='ocrx_word' id='word_1_46' title='bbox 776 966 848 1022; x_wconf 83' lang='lat' dir='ltr'><strong>At</strong></span> <span class='ocrx_word' id='word_1_47' title='bbox 874 966 963 1023; x_wconf 90' lang='lat' dir='ltr'><strong>ille</strong></span> <span class='ocrx_word' id='word_1_48' title='bbox 987 965 1089 1020; x_wconf 85' lang='lat' dir='ltr'><strong>sub</strong></span> <span class='ocrx_word' id='word_1_49' title='bbox 1106 978 1300 1034; x_wconf 87' lang='lat' dir='ltr'><strong>magno</strong></span> <span class='ocrx_word' id='word_1_50' title='bbox 1319 970 1374 1021; x_wconf 91' lang='lat' dir='ltr'><strong>et</strong></span> <span class='ocrx_word' id='word_1_51' title='bbox 1397 970 1587 1033; x_wconf 89' lang='lat' dir='ltr'><strong>aperto</strong></span> <span class='ocrx_word' id='word_1_52' title='bbox 1609 964 1763 1034; x_wconf 87' lang='lat' dir='ltr'><strong>signo</strong></span> <span class='ocrx_word' id='word_1_53' title='bbox 1783 978 1922 1019; x_wconf 70' lang='lat' dir='ltr'><strong>vera:</strong></span> 
     </span>
    </p>
   </div>
   <div class='ocr_carea' id='block_1_9' title="bbox 341 1052 1920 1125">
    <p class='ocr_par' dir='ltr' id='par_1_9' title="bbox 341 1052 1920 1125">
     <span class='ocr_line' id='line_1_9' title="bbox 341 1052 1920 1125; baseline -0.004 -11"><span class='ocrx_word' id='word_1_54' title='bbox 341 1057 681 1114; x_wconf 88' lang='lat' dir='ltr'><strong>contritionis</strong></span> <span class='ocrx_word' id='word_1_55' title='bbox 710 1056 801 1115; x_wconf 89' lang='lat' dir='ltr'><strong>die</strong></span> <span class='ocrx_word' id='word_1_56' title='bbox 831 1054 993 1113; x_wconf 88' lang='lat' dir='ltr'><strong>tertia</strong></span> <span class='ocrx_word' id='word_1_57' title='bbox 1014 1053 1267 1125; x_wconf 88' lang='lat' dir='ltr'><strong>migravit</strong></span> <span class='ocrx_word' id='word_1_58' title='bbox 1294 1068 1329 1107; x_wconf 92' lang='lat' dir='ltr'><strong>e</strong></span> <span class='ocrx_word' id='word_1_59' title='bbox 1354 1053 1484 1107; x_wconf 89' lang='lat' dir='ltr'><strong>vita.</strong></span> <span class='ocrx_word' id='word_1_60' title='bbox 1515 1052 1633 1122; x_wconf 82' lang='lat' dir='ltr'><strong>Quo</strong></span> <span class='ocrx_word' id='word_1_61' title='bbox 1667 1061 1883 1109; x_wconf 90' lang='lat' dir='ltr'><strong>mortuo</strong></span> <span class='ocrx_word' id='word_1_62' title='bbox 1904 1092 1920 1119; x_wconf 91' lang='lat'><strong>,</strong></span> 
     </span>
    </p>
   </div>
   <div class='ocr_carea' id='block_1_10' title="bbox 336 1144 1924 1217">
    <p class='ocr_par' dir='ltr' id='par_1_10' title="bbox 336 1144 1924 1217">
     <span class='ocr_line' id='line_1_10' title="bbox 336 1144 1924 1217; baseline -0.004 -11"><span class='ocrx_word' id='word_1_63' title='bbox 336 1148 681 1206; x_wconf 77' lang='lat' dir='ltr'><strong>beatissimus</strong></span> <span class='ocrx_word' id='word_1_64' title='bbox 703 1148 872 1211; x_wconf 85' lang='lat' dir='ltr'><strong>abbas</strong></span> <span class='ocrx_word' id='word_1_65' title='bbox 895 1145 1152 1202; x_wconf 80' lang='lat' dir='ltr'><strong>Babanus</strong></span> <span class='ocrx_word' id='word_1_66' title='bbox 1174 1145 1530 1217; x_wconf 83' lang='lat' dir='ltr'><strong>omnipotenti</strong></span> <span class='ocrx_word' id='word_1_67' title='bbox 1564 1146 1675 1201; x_wconf 90' lang='lat' dir='ltr'><strong>Deo</strong></span> <span class='ocrx_word' id='word_1_68' title='bbox 1707 1145 1849 1201; x_wconf 89' lang='lat' dir='ltr'><strong>sacri</strong></span> <span class='ocrx_word' id='word_1_69' title='bbox 1861 1144 1924 1200; x_wconf 84' lang='lat' dir='ltr'><strong>ti-</strong></span> 
     </span>
    </p>
   </div>
   <div class='ocr_carea' id='block_1_11' title="bbox 337 1240 1924 1310">
    <p class='ocr_par' dir='ltr' id='par_1_11' title="bbox 337 1240 1924 1310">
     <span class='ocr_line' id='line_1_11' title="bbox 337 1240 1924 1310; baseline -0.003 -9"><span class='ocrx_word' id='word_1_70' title='bbox 337 1243 483 1301; x_wconf 89' lang='lat' dir='ltr'><strong>cium</strong></span> <span class='ocrx_word' id='word_1_71' title='bbox 513 1242 704 1299; x_wconf 77' lang='lat' dir='ltr'><strong>hostiae</strong></span> <span class='ocrx_word' id='word_1_72' title='bbox 730 1240 986 1299; x_wconf 89' lang='lat' dir='ltr'><strong>salutaris</strong></span> <span class='ocrx_word' id='word_1_73' title='bbox 1018 1254 1120 1310; x_wconf 84' lang='lat' dir='ltr'><strong>pro</strong></span> <span class='ocrx_word' id='word_1_74' title='bbox 1154 1240 1392 1297; x_wconf 88' lang='lat' dir='ltr'><strong>remedio</strong></span> <span class='ocrx_word' id='word_1_75' title='bbox 1418 1240 1614 1297; x_wconf 74' lang='lat' dir='ltr'><strong>anima:</strong></span> <span class='ocrx_word' id='word_1_76' title='bbox 1650 1240 1793 1296; x_wconf 89' lang='lat' dir='ltr'><strong>illius</strong></span> <span class='ocrx_word' id='word_1_77' title='bbox 1827 1242 1924 1299; x_wconf 89' lang='lat' dir='ltr'><strong>ob-</strong></span> 
     </span>
    </p>
   </div>
   <div class='ocr_carea' id='block_1_12' title="bbox 338 1329 1920 1407">
    <p class='ocr_par' dir='ltr' id='par_1_12' title="bbox 338 1329 1920 1407">
     <span class='ocr_line' id='line_1_12' title="bbox 338 1329 1920 1407; baseline -0.001 -19"><span class='ocrx_word' id='word_1_78' title='bbox 338 1332 482 1401; x_wconf 82' lang='lat' dir='ltr'><strong>tulit,</strong></span> <span class='ocrx_word' id='word_1_79' title='bbox 505 1330 715 1407; x_wconf 83' lang='lat' dir='ltr'><strong>jejunia</strong></span> <span class='ocrx_word' id='word_1_80' title='bbox 740 1339 797 1388; x_wconf 88' lang='lat' dir='ltr'><strong>et</strong></span> <span class='ocrx_word' id='word_1_81' title='bbox 817 1330 1097 1387; x_wconf 88' lang='lat' dir='ltr'><strong>orationes</strong></span> <span class='ocrx_word' id='word_1_82' title='bbox 1124 1338 1179 1385; x_wconf 92' lang='lat' dir='ltr'><strong>et</strong></span> <span class='ocrx_word' id='word_1_83' title='bbox 1217 1330 1319 1385; x_wconf 86' lang='lat' dir='ltr'><strong>sibi</strong></span> <span class='ocrx_word' id='word_1_84' title='bbox 1341 1338 1396 1385; x_wconf 92' lang='lat' dir='ltr'><strong>et</strong></span> <span class='ocrx_word' id='word_1_85' title='bbox 1422 1329 1682 1387; x_wconf 82' lang='lat' dir='ltr'><strong>fratribus</strong></span> <span class='ocrx_word' id='word_1_86' title='bbox 1707 1331 1920 1400; x_wconf 79' lang='lat' dir='ltr'><strong>indixit,</strong></span> 
     </span>
    </p>
   </div>
   <div class='ocr_carea' id='block_1_13' title="bbox 336 1422 1921 1497">
    <p class='ocr_par' dir='ltr' id='par_1_13' title="bbox 336 1422 1921 1497">
     <span class='ocr_line' id='line_1_13' title="bbox 336 1422 1921 1497; baseline -0.001 -13"><span class='ocrx_word' id='word_1_87' title='bbox 336 1424 712 1497; x_wconf 86' lang='lat' dir='ltr'><strong>eleemosynas</strong></span> <span class='ocrx_word' id='word_1_88' title='bbox 736 1422 904 1487; x_wconf 73' lang='lat' dir='ltr'><strong>auxit,</strong></span> <span class='ocrx_word' id='word_1_89' title='bbox 931 1431 987 1479; x_wconf 90' lang='lat' dir='ltr'><strong>et</strong></span> <span class='ocrx_word' id='word_1_90' title='bbox 1014 1423 1069 1478; x_wconf 91' lang='lat' dir='ltr'><strong>in</strong></span> <span class='ocrx_word' id='word_1_91' title='bbox 1097 1422 1325 1479; x_wconf 81' lang='lat' dir='ltr'><strong>salutem</strong></span> <span class='ocrx_word' id='word_1_92' title='bbox 1352 1422 1486 1493; x_wconf 89' lang='lat' dir='ltr'><strong>ejus,</strong></span> <span class='ocrx_word' id='word_1_93' title='bbox 1514 1425 1775 1495; x_wconf 79' lang='lat' dir='ltr'><strong>quidquid</strong></span> <span class='ocrx_word' id='word_1_94' title='bbox 1796 1426 1921 1483; x_wconf 92' lang='lat' dir='ltr'><strong>boni</strong></span> 
     </span>
    </p>
   </div>
   <div class='ocr_carea' id='block_1_14' title="bbox 334 1513 1923 1586">
    <p class='ocr_par' dir='ltr' id='par_1_14' title="bbox 334 1513 1923 1586">
     <span class='ocr_line' id='line_1_14' title="bbox 334 1513 1923 1586; baseline 0.002 -16"><span class='ocrx_word' id='word_1_95' title='bbox 334 1522 567 1586; x_wconf 84' lang='lat' dir='ltr'><strong>poterat,</strong></span> <span class='ocrx_word' id='word_1_96' title='bbox 597 1513 1022 1571; x_wconf 88' lang='lat' dir='ltr'><strong>misericorditer</strong></span> <span class='ocrx_word' id='word_1_97' title='bbox 1068 1514 1348 1586; x_wconf 86' lang='lat' dir='ltr'><strong>impendit.</strong></span> <span class='ocrx_word' id='word_1_98' title='bbox 1395 1514 1532 1570; x_wconf 88' lang='lat' dir='ltr'><strong>Cum</strong></span> <span class='ocrx_word' id='word_1_99' title='bbox 1573 1531 1703 1575; x_wconf 87' lang='lat' dir='ltr'><strong>ecce</strong></span> <span class='ocrx_word' id='word_1_100' title='bbox 1731 1517 1923 1573; x_wconf 86' lang='lat' dir='ltr'><strong>defun-</strong></span> 
     </span>
    </p>
   </div>
   <div class='ocr_carea' id='block_1_15' title="bbox 334 1609 1921 1680">
    <p class='ocr_par' dir='ltr' id='par_1_15' title="bbox 334 1609 1921 1680">
     <span class='ocr_line' id='line_1_15' title="bbox 334 1609 1921 1680; baseline 0.001 -17"><span class='ocrx_word' id='word_1_101' title='bbox 334 1619 475 1676; x_wconf 88' lang='lat' dir='ltr'><strong>ctus,</strong></span> <span class='ocrx_word' id='word_1_102' title='bbox 508 1609 783 1666; x_wconf 86' lang='lat' dir='ltr'><strong>tricesima</strong></span> <span class='ocrx_word' id='word_1_103' title='bbox 806 1610 892 1664; x_wconf 88' lang='lat' dir='ltr'><strong>die</strong></span> <span class='ocrx_word' id='word_1_104' title='bbox 912 1617 1034 1680; x_wconf 90' lang='lat' dir='ltr'><strong>post</strong></span> <span class='ocrx_word' id='word_1_105' title='bbox 1058 1616 1287 1665; x_wconf 88' lang='lat' dir='ltr'><strong>mortem</strong></span> <span class='ocrx_word' id='word_1_106' title='bbox 1311 1624 1486 1676; x_wconf 90' lang='lat' dir='ltr'><strong>suam,</strong></span> <span class='ocrx_word' id='word_1_107' title='bbox 1509 1611 1564 1669; x_wconf 88' lang='lat' dir='ltr'><strong>iu</strong></span> <span class='ocrx_word' id='word_1_108' title='bbox 1586 1610 1720 1666; x_wconf 87' lang='lat' dir='ltr'><strong>cella</strong></span> <span class='ocrx_word' id='word_1_109' title='bbox 1742 1610 1921 1666; x_wconf 87' lang='lat' dir='ltr'><strong>oranti</strong></span> 
     </span>
    </p>
   </div>
   <div class='ocr_carea' id='block_1_16' title="bbox 333 1699 1922 1776">
    <p class='ocr_par' dir='ltr' id='par_1_16' title="bbox 333 1699 1922 1776">
     <span class='ocr_line' id='line_1_16' title="bbox 333 1699 1922 1776; baseline 0.002 -20"><span class='ocrx_word' id='word_1_110' title='bbox 333 1699 557 1758; x_wconf 81' lang='lat' dir='ltr'><strong>Babano</strong></span> <span class='ocrx_word' id='word_1_111' title='bbox 589 1711 712 1774; x_wconf 91' lang='lat' dir='ltr'><strong>post</strong></span> <span class='ocrx_word' id='word_1_112' title='bbox 757 1701 1049 1759; x_wconf 88' lang='lat' dir='ltr'><strong>matutinas</strong></span> <span class='ocrx_word' id='word_1_113' title='bbox 1092 1701 1321 1759; x_wconf 79' lang='lat' dir='ltr'><strong>visibilis</strong></span> <span class='ocrx_word' id='word_1_114' title='bbox 1359 1711 1413 1757; x_wconf 88' lang='lat' dir='ltr'><strong>et</strong></span> <span class='ocrx_word' id='word_1_115' title='bbox 1454 1703 1730 1774; x_wconf 89' lang='lat' dir='ltr'><strong>squalidus</strong></span> <span class='ocrx_word' id='word_1_116' title='bbox 1758 1718 1922 1776; x_wconf 88' lang='lat' dir='ltr'><strong>appa-</strong></span> 
     </span>
    </p>
   </div>
   <div class='ocr_carea' id='block_1_17' title="bbox 332 1792 1922 1868">
    <p class='ocr_par' dir='ltr' id='par_1_17' title="bbox 332 1792 1922 1868">
     <span class='ocr_line' id='line_1_17' title="bbox 332 1792 1922 1868; baseline 0.005 -23"><span class='ocrx_word' id='word_1_117' title='bbox 332 1792 473 1857; x_wconf 89' lang='lat' dir='ltr'><strong>ruit,</strong></span> <span class='ocrx_word' id='word_1_118' title='bbox 521 1800 578 1849; x_wconf 91' lang='lat' dir='ltr'><strong>et</strong></span> <span class='ocrx_word' id='word_1_119' title='bbox 618 1792 749 1864; x_wconf 87' lang='lat' dir='ltr'><strong>quid</strong></span> <span class='ocrx_word' id='word_1_120' title='bbox 787 1800 1094 1864; x_wconf 88' lang='lat' dir='ltr'><strong>pateretur,</strong></span> <span class='ocrx_word' id='word_1_121' title='bbox 1125 1794 1287 1849; x_wconf 89' lang='lat' dir='ltr'><strong>etiam</strong></span> <span class='ocrx_word' id='word_1_122' title='bbox 1317 1794 1502 1850; x_wconf 89' lang='lat' dir='ltr'><strong>habitu</strong></span> <span class='ocrx_word' id='word_1_123' title='bbox 1546 1804 1602 1852; x_wconf 89' lang='lat' dir='ltr'><strong>et</strong></span> <span class='ocrx_word' id='word_1_124' title='bbox 1645 1806 1922 1868; x_wconf 88' lang='lat' dir='ltr'><strong>assumpto</strong></span> 
     </span>
    </p>
   </div>
   <div class='ocr_carea' id='block_1_18' title="bbox 2021 596 3602 669">
    <p class='ocr_par' dir='ltr' id='par_1_18' title="bbox 2021 596 3602 669">
     <span class='ocr_line' id='line_1_18' title="bbox 2021 596 3602 669; baseline 0 -16"><span class='ocrx_word' id='word_1_125' title='bbox 2021 597 2319 657; x_wconf 73' lang='lat' dir='ltr'><strong>stitutioms</strong></span> <span class='ocrx_word' id='word_1_126' title='bbox 2336 605 2585 655; x_wconf 83' lang='lat' dir='ltr'><strong>matrona</strong></span> <span class='ocrx_word' id='word_1_127' title='bbox 2607 598 2856 669; x_wconf 62' lang='lat' dir='ltr'><strong>quaedam</strong></span> <span class='ocrx_word' id='word_1_128' title='bbox 2874 596 3093 665; x_wconf 88' lang='lat' dir='ltr'><strong>nobilis,</strong></span> <span class='ocrx_word' id='word_1_129' title='bbox 3119 598 3435 659; x_wconf 85' lang='lat' dir='ltr'><strong>curiositate</strong></span> <span class='ocrx_word' id='word_1_130' title='bbox 3453 596 3602 654; x_wconf 79' lang='lat' dir='ltr'><strong>femi-</strong></span> 
     </span>
    </p>
   </div>
   <div class='ocr_carea' id='block_1_19' title="bbox 2022 688 3601 759">
    <p class='ocr_par' dir='ltr' id='par_1_19' title="bbox 2022 688 3601 759">
     <span class='ocr_line' id='line_1_19' title="bbox 2022 688 3601 759; baseline -0.001 -14"><span class='ocrx_word' id='word_1_131' title='bbox 2022 703 2123 745; x_wconf 88' lang='lat' dir='ltr'><strong>nea</strong></span> <span class='ocrx_word' id='word_1_132' title='bbox 2139 696 2409 759; x_wconf 87' lang='lat' dir='ltr'><strong>superata,</strong></span> <span class='ocrx_word' id='word_1_133' title='bbox 2427 689 2599 745; x_wconf 89' lang='lat' dir='ltr'><strong>sancti</strong></span> <span class='ocrx_word' id='word_1_134' title='bbox 2615 689 2826 747; x_wconf 85' lang='lat' dir='ltr'><strong>abbatis</strong></span> <span class='ocrx_word' id='word_1_135' title='bbox 2842 688 3215 745; x_wconf 84' lang='lat' dir='ltr'><strong>inhibitionem</strong></span> <span class='ocrx_word' id='word_1_136' title='bbox 3229 696 3601 754; x_wconf 86' lang='lat' dir='ltr'><strong>contemnens,</strong></span> 
     </span>
    </p>
   </div>
   <div class='ocr_carea' id='block_1_20' title="bbox 2021 781 3603 855">
    <p class='ocr_par' dir='ltr' id='par_1_20' title="bbox 2021 781 3603 855">
     <span class='ocr_line' id='line_1_20' title="bbox 2021 781 3603 855; baseline 0.001 -16"><span class='ocrx_word' id='word_1_137' title='bbox 2021 781 2382 854; x_wconf 72' lang='lat' dir='ltr'><strong>adiunctaque</strong></span> <span class='ocrx_word' id='word_1_138' title='bbox 2400 783 2505 839; x_wconf 91' lang='lat' dir='ltr'><strong>sibi</strong></span> <span class='ocrx_word' id='word_1_139' title='bbox 2525 782 2874 839; x_wconf 78' lang='lat' dir='ltr'><strong>familiarium</strong></span> <span class='ocrx_word' id='word_1_140' title='bbox 2896 783 3074 849; x_wconf 85' lang='lat' dir='ltr'><strong>turba,</strong></span> <span class='ocrx_word' id='word_1_141' title='bbox 3089 798 3188 855; x_wconf 88' lang='lat' dir='ltr'><strong>per</strong></span> <span class='ocrx_word' id='word_1_142' title='bbox 3205 783 3430 841; x_wconf 86' lang='lat' dir='ltr'><strong>vetitam</strong></span> <span class='ocrx_word' id='word_1_143' title='bbox 3448 783 3603 840; x_wconf 80' lang='lat' dir='ltr'><strong>urbis</strong></span> 
     </span>
    </p>
   </div>
   <div class='ocr_carea' id='block_1_21' title="bbox 2021 875 3602 949">
    <p class='ocr_par' dir='ltr' id='par_1_21' title="bbox 2021 875 3602 949">
     <span class='ocr_line' id='line_1_21' title="bbox 2021 875 3602 949; baseline 0.003 -20"><span class='ocrx_word' id='word_1_144' title='bbox 2021 885 2235 946; x_wconf 89' lang='lat' dir='ltr'><strong>portam</strong></span> <span class='ocrx_word' id='word_1_145' title='bbox 2255 875 2440 941; x_wconf 80' lang='lat' dir='ltr'><strong>exivit,</strong></span> <span class='ocrx_word' id='word_1_146' title='bbox 2454 884 2509 930; x_wconf 89' lang='lat' dir='ltr'><strong>et</strong></span> <span class='ocrx_word' id='word_1_147' title='bbox 2527 876 2814 933; x_wconf 85' lang='lat' dir='ltr'><strong>ecclesiam</strong></span> <span class='ocrx_word' id='word_1_148' title='bbox 2836 877 3152 932; x_wconf 86' lang='lat' dir='ltr'><strong>monasterii</strong></span> <span class='ocrx_word' id='word_1_149' title='bbox 3175 884 3602 949; x_wconf 82' lang='lat' dir='ltr'><strong>praesumptuosa</strong></span> 
     </span>
    </p>
   </div>
   <div class='ocr_carea' id='block_1_22' title="bbox 2024 968 3599 1040">
    <p class='ocr_par' dir='ltr' id='par_1_22' title="bbox 2024 968 3599 1040">
     <span class='ocr_line' id='line_1_22' title="bbox 2024 968 3599 1040; baseline -0.001 -13"><span class='ocrx_word' id='word_1_150' title='bbox 2024 969 2329 1033; x_wconf 70' lang='lat' dir='ltr'><strong>temeritate</strong></span> <span class='ocrx_word' id='word_1_151' title='bbox 2371 969 2610 1026; x_wconf 83' lang='lat' dir='ltr'><strong>intravit.</strong></span> <span class='ocrx_word' id='word_1_152' title='bbox 2643 968 2777 1037; x_wconf 63' lang='lat' dir='ltr'><strong>Quae</strong></span> <span class='ocrx_word' id='word_1_153' title='bbox 2800 985 2947 1037; x_wconf 75' lang='lat' dir='ltr'><strong>mox,</strong></span> <span class='ocrx_word' id='word_1_154' title='bbox 2994 986 3027 1026; x_wconf 92' lang='lat' dir='ltr'><strong>a</strong></span> <span class='ocrx_word' id='word_1_155' title='bbox 3069 972 3313 1029; x_wconf 81' lang='lat' dir='ltr'><strong>daemone</strong></span> <span class='ocrx_word' id='word_1_156' title='bbox 3342 977 3559 1040; x_wconf 84' lang='lat' dir='ltr'><strong>arrepta</strong></span> <span class='ocrx_word' id='word_1_157' title='bbox 3582 1007 3599 1035; x_wconf 90' lang='lat'><strong>,</strong></span> 
     </span>
    </p>
   </div>
   <div class='ocr_carea' id='block_1_23' title="bbox 2022 1060 3606 1133">
    <p class='ocr_par' dir='ltr' id='par_1_23' title="bbox 2022 1060 3606 1133">
     <span class='ocr_line' id='line_1_23' title="bbox 2022 1060 3606 1133; baseline 0.001 -16"><span class='ocrx_word' id='word_1_158' title='bbox 2022 1060 2313 1117; x_wconf 88' lang='lat' dir='ltr'><strong>horribiles</strong></span> <span class='ocrx_word' id='word_1_159' title='bbox 2345 1062 2512 1131; x_wconf 69' lang='lat' dir='ltr'><strong>coepi</strong></span> <span class='ocrx_word' id='word_1_160' title='bbox 2551 1063 2807 1120; x_wconf 83' lang='lat' dir='ltr'><strong>emittere</strong></span> <span class='ocrx_word' id='word_1_161' title='bbox 2826 1078 3017 1131; x_wconf 90' lang='lat' dir='ltr'><strong>voces,</strong></span> <span class='ocrx_word' id='word_1_162' title='bbox 3059 1072 3407 1133; x_wconf 82' lang='lat' dir='ltr'><strong>astantesque</strong></span> <span class='ocrx_word' id='word_1_163' title='bbox 3438 1063 3606 1119; x_wconf 89' lang='lat' dir='ltr'><strong>nimio</strong></span> 
     </span>
    </p>
   </div>
   <div class='ocr_carea' id='block_1_24' title="bbox 2021 1152 3607 1228">
    <p class='ocr_par' dir='ltr' id='par_1_24' title="bbox 2021 1152 3607 1228">
     <span class='ocr_line' id='line_1_24' title="bbox 2021 1152 3607 1228; baseline 0.001 -21"><span class='ocrx_word' id='word_1_164' title='bbox 2021 1165 2222 1222; x_wconf 75' lang='lat' dir='ltr'><strong>pavore</strong></span> <span class='ocrx_word' id='word_1_165' title='bbox 2250 1153 2564 1224; x_wconf 85' lang='lat' dir='ltr'><strong>perterruit.</strong></span> <span class='ocrx_word' id='word_1_166' title='bbox 2583 1152 2754 1222; x_wconf 85' lang='lat' dir='ltr'><strong>Quam</strong></span> <span class='ocrx_word' id='word_1_167' title='bbox 2780 1154 2959 1228; x_wconf 87' lang='lat' dir='ltr'><strong>ligatis</strong></span> <span class='ocrx_word' id='word_1_168' title='bbox 2987 1157 3236 1213; x_wconf 86' lang='lat' dir='ltr'><strong>manibus</strong></span> <span class='ocrx_word' id='word_1_169' title='bbox 3257 1155 3342 1211; x_wconf 87' lang='lat' dir='ltr'><strong>sui</strong></span> <span class='ocrx_word' id='word_1_170' title='bbox 3364 1161 3607 1225; x_wconf 86' lang='lat' dir='ltr'><strong>reporta-</strong></span> 
     </span>
    </p>
   </div>
   <div class='ocr_carea' id='block_1_25' title="bbox 2022 1242 3604 1316">
    <p class='ocr_par' dir='ltr' id='par_1_25' title="bbox 2022 1242 3604 1316">
     <span class='ocr_line' id='line_1_25' title="bbox 2022 1242 3604 1316; baseline 0.001 -19"><span class='ocrx_word' id='word_1_171' title='bbox 2022 1251 2150 1299; x_wconf 90' lang='lat' dir='ltr'><strong>runt</strong></span> <span class='ocrx_word' id='word_1_172' title='bbox 2172 1242 2227 1297; x_wconf 93' lang='lat' dir='ltr'><strong>in</strong></span> <span class='ocrx_word' id='word_1_173' title='bbox 2254 1242 2532 1314; x_wconf 87' lang='lat' dir='ltr'><strong>oppidum,</strong></span> <span class='ocrx_word' id='word_1_174' title='bbox 2570 1255 2625 1299; x_wconf 89' lang='lat' dir='ltr'><strong>et</strong></span> <span class='ocrx_word' id='word_1_175' title='bbox 2653 1244 2887 1300; x_wconf 87' lang='lat' dir='ltr'><strong>salutem</strong></span> <span class='ocrx_word' id='word_1_176' title='bbox 2916 1244 3035 1314; x_wconf 87' lang='lat' dir='ltr'><strong>ejus</strong></span> <span class='ocrx_word' id='word_1_177' title='bbox 3063 1260 3187 1299; x_wconf 90' lang='lat' dir='ltr'><strong>cum</strong></span> <span class='ocrx_word' id='word_1_178' title='bbox 3216 1244 3469 1316; x_wconf 88' lang='lat' dir='ltr'><strong>lacrymis</strong></span> <span class='ocrx_word' id='word_1_179' title='bbox 3495 1243 3604 1298; x_wconf 78' lang='lat' dir='ltr'><strong>Ra-</strong></span> 
     </span>
    </p>
   </div>
   <div class='ocr_carea' id='block_1_26' title="bbox 2022 1332 3605 1404">
    <p class='ocr_par' dir='ltr' id='par_1_26' title="bbox 2022 1332 3605 1404">
     <span class='ocr_line' id='line_1_26' title="bbox 2022 1332 3605 1404; baseline 0.001 -16"><span class='ocrx_word' id='word_1_180' title='bbox 2022 1332 2151 1388; x_wconf 90' lang='lat' dir='ltr'><strong>bani</strong></span> <span class='ocrx_word' id='word_1_181' title='bbox 2178 1341 2233 1389; x_wconf 92' lang='lat' dir='ltr'><strong>et</strong></span> <span class='ocrx_word' id='word_1_182' title='bbox 2259 1334 2651 1391; x_wconf 88' lang='lat' dir='ltr'><strong>monachorum</strong></span> <span class='ocrx_word' id='word_1_183' title='bbox 2671 1333 2923 1404; x_wconf 87' lang='lat' dir='ltr'><strong>precibus</strong></span> <span class='ocrx_word' id='word_1_184' title='bbox 2946 1335 3353 1391; x_wconf 88' lang='lat' dir='ltr'><strong>commiserunt.</strong></span> <span class='ocrx_word' id='word_1_185' title='bbox 3381 1332 3605 1400; x_wconf 84' lang='lat' dir='ltr'><strong>Verum,</strong></span> 
     </span>
    </p>
   </div>
   <div class='ocr_carea' id='block_1_27' title="bbox 2020 1422 3608 1495">
    <p class='ocr_par' dir='ltr' id='par_1_27' title="bbox 2020 1422 3608 1495">
     <span class='ocr_line' id='line_1_27' title="bbox 2020 1422 3608 1495; baseline -0.006 -9"><span class='ocrx_word' id='word_1_186' title='bbox 2020 1424 2252 1486; x_wconf 86' lang='lat' dir='ltr'><strong>Domino</strong></span> <span class='ocrx_word' id='word_1_187' title='bbox 2276 1426 2644 1495; x_wconf 83' lang='lat' dir='ltr'><strong>permittente,</strong></span> <span class='ocrx_word' id='word_1_188' title='bbox 2675 1433 2784 1481; x_wconf 89' lang='lat' dir='ltr'><strong>tam</strong></span> <span class='ocrx_word' id='word_1_189' title='bbox 2813 1424 3107 1483; x_wconf 84' lang='lat' dir='ltr'><strong>crudeliter</strong></span> <span class='ocrx_word' id='word_1_190' title='bbox 3126 1424 3183 1479; x_wconf 91' lang='lat' dir='ltr'><strong>in</strong></span> <span class='ocrx_word' id='word_1_191' title='bbox 3207 1438 3329 1481; x_wconf 88' lang='lat' dir='ltr'><strong>eam</strong></span> <span class='ocrx_word' id='word_1_192' title='bbox 3353 1422 3608 1481; x_wconf 68' lang='lat' dir='ltr'><strong>saeviebat</strong></span> 
     </span>
    </p>
   </div>
   <div class='ocr_carea' id='block_1_28' title="bbox 2021 1512 3607 1589">
    <p class='ocr_par' dir='ltr' id='par_1_28' title="bbox 2021 1512 3607 1589">
     <span class='ocr_line' id='line_1_28' title="bbox 2021 1512 3607 1589; baseline -0.006 -13"><span class='ocrx_word' id='word_1_193' title='bbox 2021 1517 2377 1582; x_wconf 62' lang='lat' dir='ltr'><strong>dmmonium,</strong></span> <span class='ocrx_word' id='word_1_194' title='bbox 2406 1517 2553 1589; x_wconf 90' lang='lat' dir='ltr'><strong>quod</strong></span> <span class='ocrx_word' id='word_1_195' title='bbox 2578 1517 2720 1572; x_wconf 90' lang='lat' dir='ltr'><strong>intra</strong></span> <span class='ocrx_word' id='word_1_196' title='bbox 2743 1531 2946 1587; x_wconf 87' lang='lat' dir='ltr'><strong>paucos</strong></span> <span class='ocrx_word' id='word_1_197' title='bbox 2983 1515 3098 1570; x_wconf 90' lang='lat' dir='ltr'><strong>dies</strong></span> <span class='ocrx_word' id='word_1_198' title='bbox 3135 1514 3274 1569; x_wconf 90' lang='lat' dir='ltr'><strong>mori</strong></span> <span class='ocrx_word' id='word_1_199' title='bbox 3316 1512 3418 1569; x_wconf 90' lang='lat' dir='ltr'><strong>fuit</strong></span> <span class='ocrx_word' id='word_1_200' title='bbox 3459 1527 3607 1568; x_wconf 85' lang='lat' dir='ltr'><strong>com-</strong></span> 
     </span>
    </p>
   </div>
   <div class='ocr_carea' id='block_1_29' title="bbox 2019 1604 3605 1679">
    <p class='ocr_par' dir='ltr' id='par_1_29' title="bbox 2019 1604 3605 1679">
     <span class='ocr_line' id='line_1_29' title="bbox 2019 1604 3605 1679; baseline -0.005 -14"><span class='ocrx_word' id='word_1_201' title='bbox 2019 1607 2197 1679; x_wconf 83' lang='lat' dir='ltr'><strong>pulsa,</strong></span> <span class='ocrx_word' id='word_1_202' title='bbox 2228 1607 2491 1663; x_wconf 69' lang='lat' dir='ltr'><strong>dannonio</strong></span> <span class='ocrx_word' id='word_1_203' title='bbox 2519 1608 2575 1662; x_wconf 89' lang='lat' dir='ltr'><strong>in</strong></span> <span class='ocrx_word' id='word_1_204' title='bbox 2606 1623 2673 1664; x_wconf 90' lang='lat' dir='ltr'><strong>ea</strong></span> <span class='ocrx_word' id='word_1_205' title='bbox 2700 1607 2818 1665; x_wconf 90' lang='lat' dir='ltr'><strong>sine</strong></span> <span class='ocrx_word' id='word_1_206' title='bbox 2856 1606 3258 1664; x_wconf 85' lang='lat' dir='ltr'><strong>intermissione</strong></span> <span class='ocrx_word' id='word_1_207' title='bbox 3296 1604 3605 1663; x_wconf 84' lang='lat' dir='ltr'><strong>clamante:</strong></span> 
     </span>
    </p>
   </div>
   <div class='ocr_carea' id='block_1_30' title="bbox 2026 1696 3609 1772">
    <p class='ocr_par' dir='ltr' id='par_1_30' title="bbox 2026 1696 3609 1772">
     <span class='ocr_line' id='line_1_30' title="bbox 2026 1696 3609 1772; baseline -0.005 -11"><span class='ocrx_word' id='word_1_208' title='bbox 2026 1722 2046 1761; x_wconf 71' lang='grc' dir='ltr'>ι</span> <span class='ocrx_word' id='word_1_209' title='bbox 2082 1703 2187 1761; x_wconf 85' lang='lat' dir='ltr'><strong>Pro</strong></span> <span class='ocrx_word' id='word_1_210' title='bbox 2211 1719 2301 1759; x_wconf 90' lang='lat' dir='ltr'><strong>me</strong></span> <span class='ocrx_word' id='word_1_211' title='bbox 2327 1704 2450 1759; x_wconf 88' lang='lat' dir='ltr'><strong>data</strong></span> <span class='ocrx_word' id='word_1_212' title='bbox 2470 1711 2556 1760; x_wconf 89' lang='lat' dir='ltr'><strong>est</strong></span> <span class='ocrx_word' id='word_1_213' title='bbox 2573 1703 2845 1760; x_wconf 85' lang='lat' dir='ltr'><strong>sententia</strong></span> <span class='ocrx_word' id='word_1_214' title='bbox 2865 1702 2963 1758; x_wconf 88' lang='lat' dir='ltr'><strong>Dei</strong></span> <span class='ocrx_word' id='word_1_215' title='bbox 3011 1701 3267 1772; x_wconf 85' lang='lat' dir='ltr'><strong>quoniam</strong></span> <span class='ocrx_word' id='word_1_216' title='bbox 3290 1714 3468 1764; x_wconf 90' lang='lat' dir='ltr'><strong>nemo,</strong></span> <span class='ocrx_word' id='word_1_217' title='bbox 3494 1696 3609 1753; x_wconf 90' lang='lat' dir='ltr'><strong>sola</strong></span> 
     </span>
    </p>
   </div>
   <div class='ocr_carea' id='block_1_31' title="bbox 2019 1789 3608 1866">
    <p class='ocr_par' dir='ltr' id='par_1_31' title="bbox 2019 1789 3608 1866">
     <span class='ocr_line' id='line_1_31' title="bbox 2019 1789 3608 1866; baseline -0.004 -15"><span class='ocrx_word' id='word_1_218' title='bbox 2019 1804 2195 1853; x_wconf 88' lang='lat' dir='ltr'><strong>morte</strong></span> <span class='ocrx_word' id='word_1_219' title='bbox 2218 1805 2465 1866; x_wconf 82' lang='lat' dir='ltr'><strong>excepta,</strong></span> <span class='ocrx_word' id='word_1_220' title='bbox 2495 1812 2581 1851; x_wconf 91' lang='lat' dir='ltr'><strong>me</strong></span> <span class='ocrx_word' id='word_1_221' title='bbox 2610 1796 2679 1851; x_wconf 89' lang='lat' dir='ltr'><strong>ab</strong></span> <span class='ocrx_word' id='word_1_222' title='bbox 2716 1796 2821 1852; x_wconf 91' lang='lat' dir='ltr'><strong>hoc</strong></span> <span class='ocrx_word' id='word_1_223' title='bbox 2858 1794 3077 1851; x_wconf 88' lang='lat' dir='ltr'><strong>vasculo</strong></span> <span class='ocrx_word' id='word_1_224' title='bbox 3106 1792 3304 1863; x_wconf 89' lang='lat' dir='ltr'><strong>ejiciet.</strong></span> <span class='ocrx_word' id='word_1_225' title='bbox 3343 1811 3362 1846; x_wconf 75' lang='grc' dir='ltr'><strong>ι</strong></span> <span class='ocrx_word' id='word_1_226' title='bbox 3397 1789 3608 1845; x_wconf 86' lang='lat' dir='ltr'><strong>Similia</strong></span> 
     </span>
    </p>
   </div>
   <div class='ocr_carea' id='block_1_32' title="bbox 334 1881 3612 1962">
    <p class='ocr_par' dir='ltr' id='par_1_32' title="bbox 334 1881 3612 1962">
     <span class='ocr_line' id='line_1_32' title="bbox 334 1881 3612 1962; baseline 0.001 -22"><span class='ocrx_word' id='word_1_227' title='bbox 334 1886 612 1942; x_wconf 76' lang='lat' dir='ltr'><strong>schemate</strong></span> <span class='ocrx_word' id='word_1_228' title='bbox 636 1885 1041 1956; x_wconf 73' lang='lat' dir='ltr'><strong>quodammodo</strong></span> <span class='ocrx_word' id='word_1_229' title='bbox 1059 1885 1469 1942; x_wconf 86' lang='lat' dir='ltr'><strong>demonstravit.</strong></span> <span class='ocrx_word' id='word_1_230' title='bbox 1494 1886 1577 1942; x_wconf 82' lang='lat' dir='ltr'><strong>Ad</strong></span> <span class='ocrx_word' id='word_1_231' title='bbox 1600 1902 1763 1958; x_wconf 83' lang='lat' dir='ltr'><strong>quem</strong></span> <span class='ocrx_word' id='word_1_232' title='bbox 1788 1888 1923 1944; x_wconf 89' lang='lat' dir='ltr'><strong>nihil</strong></span> <span class='ocrx_word' id='word_1_233' title='bbox 1949 1881 1998 1949; x_wconf 74' lang='grc' dir='ltr'><strong>Β</strong></span> <span class='ocrx_word' id='word_1_234' title='bbox 2025 1891 2296 1947; x_wconf 87' lang='lat' dir='ltr'><strong>nonnullis</strong></span> <span class='ocrx_word' id='word_1_235' title='bbox 2320 1900 2533 1949; x_wconf 88' lang='lat' dir='ltr'><strong>constat</strong></span> <span class='ocrx_word' id='word_1_236' title='bbox 2562 1899 2750 1962; x_wconf 87' lang='lat' dir='ltr'><strong>postea</strong></span> <span class='ocrx_word' id='word_1_237' title='bbox 2785 1890 3076 1962; x_wconf 74' lang='lat' dir='ltr'><strong>contigisse</strong></span> <span class='ocrx_word' id='word_1_238' title='bbox 3105 1888 3443 1951; x_wconf 86' lang='lat' dir='ltr'><strong>mulieribus,</strong></span> <span class='ocrx_word' id='word_1_239' title='bbox 3473 1900 3612 1956; x_wconf 87' lang='lat' dir='ltr'><strong>quas</strong></span> 
     </span>
    </p>
   </div>
   <div class='ocr_carea' id='block_1_33' title="bbox 333 1978 1922 2049">
    <p class='ocr_par' dir='ltr' id='par_1_33' title="bbox 333 1978 1922 2049">
     <span class='ocr_line' id='line_1_33' title="bbox 333 1978 1922 2049; baseline 0.004 -16"><span class='ocrx_word' id='word_1_240' title='bbox 333 1980 557 2033; x_wconf 87' lang='lat' dir='ltr'><strong>territus</strong></span> <span class='ocrx_word' id='word_1_241' title='bbox 576 1979 660 2032; x_wconf 91' lang='lat' dir='ltr'><strong>vir</strong></span> <span class='ocrx_word' id='word_1_242' title='bbox 687 1978 903 2033; x_wconf 89' lang='lat' dir='ltr'><strong>Domini</strong></span> <span class='ocrx_word' id='word_1_243' title='bbox 940 1980 1050 2033; x_wconf 91' lang='lat' dir='ltr'><strong>ait:</strong></span> <span class='ocrx_word' id='word_1_244' title='bbox 1090 1998 1108 2031; x_wconf 76' lang='grc' dir='ltr'>ι</span> <span class='ocrx_word' id='word_1_245' title='bbox 1152 1979 1435 2047; x_wconf 85' lang='lat' dir='ltr'><strong>Quomodo</strong></span> <span class='ocrx_word' id='word_1_246' title='bbox 1476 1988 1590 2048; x_wconf 80' lang='lat' dir='ltr'><strong>est,</strong></span> <span class='ocrx_word' id='word_1_247' title='bbox 1634 1982 1833 2049; x_wconf 82' lang='lat' dir='ltr'><strong>frater,</strong></span> <span class='ocrx_word' id='word_1_248' title='bbox 1865 1990 1922 2039; x_wconf 88' lang='lat' dir='ltr'><strong>et</strong></span> 
     </span>
    </p>
   </div>
   <div class='ocr_carea' id='block_1_34' title="bbox 335 2073 1920 2148">
    <p class='ocr_par' dir='ltr' id='par_1_34' title="bbox 335 2073 1920 2148">
     <span class='ocr_line' id='line_1_34' title="bbox 335 2073 1920 2148; baseline 0.003 -21"><span class='ocrx_word' id='word_1_249' title='bbox 335 2073 469 2143; x_wconf 71' lang='lat' dir='ltr'><strong>quid</strong></span> <span class='ocrx_word' id='word_1_250' title='bbox 494 2073 640 2129; x_wconf 88' lang='lat' dir='ltr'><strong>circa</strong></span> <span class='ocrx_word' id='word_1_251' title='bbox 670 2080 722 2129; x_wconf 90' lang='lat' dir='ltr'><strong>te</strong></span> <span class='ocrx_word' id='word_1_252' title='bbox 746 2088 893 2131; x_wconf 85' lang='lat' dir='ltr'><strong>nunc</strong></span> <span class='ocrx_word' id='word_1_253' title='bbox 920 2074 1132 2145; x_wconf 87' lang='lat' dir='ltr'><strong>agitur,</strong></span> <span class='ocrx_word' id='word_1_254' title='bbox 1176 2074 1270 2145; x_wconf 82' lang='lat' dir='ltr'><strong>qui</strong></span> <span class='ocrx_word' id='word_1_255' title='bbox 1314 2084 1427 2131; x_wconf 87' lang='lat' dir='ltr'><strong>tam</strong></span> <span class='ocrx_word' id='word_1_256' title='bbox 1470 2075 1749 2148; x_wconf 87' lang='lat' dir='ltr'><strong>squalidus</strong></span> <span class='ocrx_word' id='word_1_257' title='bbox 1785 2076 1920 2133; x_wconf 86' lang='lat' dir='ltr'><strong>mihi</strong></span> 
     </span>
    </p>
   </div>
   <div class='ocr_carea' id='block_1_35' title="bbox 332 2164 1919 2237">
    <p class='ocr_par' dir='ltr' id='par_1_35' title="bbox 332 2164 1919 2237">
     <span class='ocr_line' id='line_1_35' title="bbox 332 2164 1919 2237; baseline 0 -16"><span class='ocrx_word' id='word_1_258' title='bbox 332 2166 609 2236; x_wconf 80' lang='lat' dir='ltr'><strong>appares?</strong></span> <span class='ocrx_word' id='word_1_259' title='bbox 642 2164 742 2231; x_wconf 78' lang='lat' dir='ltr'><strong>Dic</strong></span> <span class='ocrx_word' id='word_1_260' title='bbox 776 2165 907 2221; x_wconf 88' lang='lat' dir='ltr'><strong>mihi</strong></span> <span class='ocrx_word' id='word_1_261' title='bbox 928 2205 945 2233; x_wconf 91' lang='lat'><strong>,</strong></span> <span class='ocrx_word' id='word_1_262' title='bbox 971 2180 1069 2237; x_wconf 89' lang='lat' dir='ltr'><strong>per</strong></span> <span class='ocrx_word' id='word_1_263' title='bbox 1094 2166 1380 2223; x_wconf 87' lang='lat' dir='ltr'><strong>Dominum</strong></span> <span class='ocrx_word' id='word_1_264' title='bbox 1407 2181 1600 2237; x_wconf 88' lang='lat' dir='ltr'><strong>precor</strong></span> <span class='ocrx_word' id='word_1_265' title='bbox 1617 2207 1633 2233; x_wconf 94' lang='lat'><strong>,</strong></span> <span class='ocrx_word' id='word_1_266' title='bbox 1664 2166 1791 2237; x_wconf 86' lang='lat' dir='ltr'><strong>quid</strong></span> <span class='ocrx_word' id='word_1_267' title='bbox 1822 2165 1919 2223; x_wconf 90' lang='lat' dir='ltr'><strong>tibi</strong></span> 
     </span>
    </p>
   </div>
   <div class='ocr_carea' id='block_1_36' title="bbox 328 2257 1920 2331">
    <p class='ocr_par' dir='ltr' id='par_1_36' title="bbox 328 2257 1920 2331">
     <span class='ocr_line' id='line_1_36' title="bbox 328 2257 1920 2331; baseline -0.001 -17"><span class='ocrx_word' id='word_1_268' title='bbox 328 2257 650 2331; x_wconf 83' lang='lat' dir='ltr'><strong>profuerunt</strong></span> <span class='ocrx_word' id='word_1_269' title='bbox 690 2259 968 2317; x_wconf 88' lang='lat' dir='ltr'><strong>orationes</strong></span> <span class='ocrx_word' id='word_1_270' title='bbox 1010 2269 1228 2328; x_wconf 63' lang='lat' dir='ltr'><strong>nostra,</strong></span> <span class='ocrx_word' id='word_1_271' title='bbox 1273 2260 1654 2331; x_wconf 73' lang='lat' dir='ltr'><strong>castigationes</strong></span> <span class='ocrx_word' id='word_1_272' title='bbox 1690 2268 1747 2316; x_wconf 91' lang='lat' dir='ltr'><strong>et</strong></span> <span class='ocrx_word' id='word_1_273' title='bbox 1779 2258 1920 2330; x_wconf 49' lang='lat' dir='ltr'><strong>jeju-e</strong></span> 
     </span>
    </p>
   </div>
   <div class='ocr_carea' id='block_1_37' title="bbox 329 2348 1921 2422">
    <p class='ocr_par' dir='ltr' id='par_1_37' title="bbox 329 2348 1921 2422">
     <span class='ocr_line' id='line_1_37' title="bbox 329 2348 1921 2422; baseline 0.001 -19"><span class='ocrx_word' id='word_1_274' title='bbox 329 2348 457 2405; x_wconf 85' lang='lat' dir='ltr'><strong>nia?</strong></span> <span class='ocrx_word' id='word_1_275' title='bbox 497 2369 518 2403; x_wconf 73' lang='grc' dir='ltr'><strong><em>ι</em></strong></span> <span class='ocrx_word' id='word_1_276' title='bbox 556 2348 654 2405; x_wconf 91' lang='lat' dir='ltr'><strong>Cui</strong></span> <span class='ocrx_word' id='word_1_277' title='bbox 702 2350 982 2422; x_wconf 86' lang='lat' dir='ltr'><strong>respondit</strong></span> <span class='ocrx_word' id='word_1_278' title='bbox 1019 2351 1281 2422; x_wconf 87' lang='lat' dir='ltr'><strong>spiritus:</strong></span> <span class='ocrx_word' id='word_1_279' title='bbox 1331 2370 1350 2403; x_wconf 76' lang='grc' dir='ltr'>ι</span> <span class='ocrx_word' id='word_1_280' title='bbox 1400 2350 1687 2408; x_wconf 81' lang='lat' dir='ltr'><strong>Orationes</strong></span> <span class='ocrx_word' id='word_1_281' title='bbox 1724 2358 1921 2407; x_wconf 74' lang='lat' dir='ltr'><strong>vestrm</strong></span> 
     </span>
    </p>
   </div>
   <div class='ocr_carea' id='block_1_38' title="bbox 328 2440 1922 2514">
    <p class='ocr_par' dir='ltr' id='par_1_38' title="bbox 328 2440 1922 2514">
     <span class='ocr_line' id='line_1_38' title="bbox 328 2440 1922 2514; baseline 0.001 -18"><span class='ocrx_word' id='word_1_282' title='bbox 328 2440 693 2512; x_wconf 85' lang='lat' dir='ltr'><strong>omnipotenti</strong></span> <span class='ocrx_word' id='word_1_283' title='bbox 715 2440 828 2499; x_wconf 90' lang='lat' dir='ltr'><strong>Deo</strong></span> <span class='ocrx_word' id='word_1_284' title='bbox 851 2449 1020 2513; x_wconf 78' lang='lat' dir='ltr'><strong>grata:</strong></span> <span class='ocrx_word' id='word_1_285' title='bbox 1045 2449 1100 2499; x_wconf 85' lang='lat' dir='ltr'><strong>et</strong></span> <span class='ocrx_word' id='word_1_286' title='bbox 1124 2450 1360 2514; x_wconf 75' lang='lat' dir='ltr'><strong>accepta:</strong></span> <span class='ocrx_word' id='word_1_287' title='bbox 1396 2442 1644 2510; x_wconf 88' lang='lat' dir='ltr'><strong>fuerunt,</strong></span> <span class='ocrx_word' id='word_1_288' title='bbox 1677 2442 1922 2513; x_wconf 85' lang='lat' dir='ltr'><strong>mihique</strong></span> 
     </span>
    </p>
   </div>
   <div class='ocr_carea' id='block_1_39' title="bbox 330 2530 1922 2605">
    <p class='ocr_par' dir='ltr' id='par_1_39' title="bbox 330 2530 1922 2605">
     <span class='ocr_line' id='line_1_39' title="bbox 330 2530 1922 2605; baseline 0 -19"><span class='ocrx_word' id='word_1_289' title='bbox 330 2546 440 2591; x_wconf 87' lang='lat' dir='ltr'><strong>non</strong></span> <span class='ocrx_word' id='word_1_290' title='bbox 470 2532 523 2587; x_wconf 88' lang='lat' dir='ltr'><strong>in</strong></span> <span class='ocrx_word' id='word_1_291' title='bbox 552 2548 781 2603; x_wconf 80' lang='lat' dir='ltr'><strong>parvum</strong></span> <span class='ocrx_word' id='word_1_292' title='bbox 816 2532 1125 2589; x_wconf 89' lang='lat' dir='ltr'><strong>relevamen</strong></span> <span class='ocrx_word' id='word_1_293' title='bbox 1155 2532 1413 2604; x_wconf 76' lang='lat' dir='ltr'><strong>profuere</strong></span> <span class='ocrx_word' id='word_1_294' title='bbox 1453 2547 1738 2605; x_wconf 81' lang='lat' dir='ltr'><strong>ptenarum</strong></span> <span class='ocrx_word' id='word_1_295' title='bbox 1759 2572 1775 2597; x_wconf 89' lang='lat'><strong>,</strong></span> <span class='ocrx_word' id='word_1_296' title='bbox 1824 2530 1922 2586; x_wconf 91' lang='lat' dir='ltr'><strong>sed</strong></span> 
     </span>
    </p>
   </div>
   <div class='ocr_carea' id='block_1_40' title="bbox 328 2622 1922 2698">
    <p class='ocr_par' dir='ltr' id='par_1_40' title="bbox 328 2622 1922 2698">
     <span class='ocr_line' id='line_1_40' title="bbox 328 2622 1922 2698; baseline -0.003 -15"><span class='ocrx_word' id='word_1_297' title='bbox 328 2623 547 2698; x_wconf 68' lang='lat' dir='ltr'><strong>piatam</strong></span> <span class='ocrx_word' id='word_1_298' title='bbox 570 2624 819 2689; x_wconf 84' lang='lat' dir='ltr'><strong>obtinere</strong></span> <span class='ocrx_word' id='word_1_299' title='bbox 844 2624 1059 2681; x_wconf 88' lang='lat' dir='ltr'><strong>veniam</strong></span> <span class='ocrx_word' id='word_1_300' title='bbox 1078 2640 1309 2697; x_wconf 87' lang='lat' dir='ltr'><strong>nequeo,</strong></span> <span class='ocrx_word' id='word_1_301' title='bbox 1333 2625 1505 2683; x_wconf 85' lang='lat' dir='ltr'><strong>donec</strong></span> <span class='ocrx_word' id='word_1_302' title='bbox 1528 2623 1726 2681; x_wconf 89' lang='lat' dir='ltr'><strong>fratres</strong></span> <span class='ocrx_word' id='word_1_303' title='bbox 1748 2622 1922 2680; x_wconf 88' lang='lat' dir='ltr'><strong>nostri</strong></span> 
     </span>
    </p>
   </div>
   <div class='ocr_carea' id='block_1_41' title="bbox 330 2716 1923 2789">
    <p class='ocr_par' dir='ltr' id='par_1_41' title="bbox 330 2716 1923 2789">
     <span class='ocr_line' id='line_1_41' title="bbox 330 2716 1923 2789; baseline -0.004 -12"><span class='ocrx_word' id='word_1_304' title='bbox 330 2716 672 2777; x_wconf 79' lang='lat' dir='ltr'><strong>ascenderint</strong></span> <span class='ocrx_word' id='word_1_305' title='bbox 698 2717 754 2777; x_wconf 84' lang='lat' dir='ltr'><strong>in</strong></span> <span class='ocrx_word' id='word_1_306' title='bbox 788 2716 985 2773; x_wconf 64' lang='lat' dir='ltr'><strong>coelum</strong></span> <span class='ocrx_word' id='word_1_307' title='bbox 1008 2718 1242 2789; x_wconf 75' lang='lat' dir='ltr'><strong>purgati,</strong></span> <span class='ocrx_word' id='word_1_308' title='bbox 1267 2732 1405 2788; x_wconf 87' lang='lat' dir='ltr'><strong>quos</strong></span> <span class='ocrx_word' id='word_1_309' title='bbox 1426 2731 1527 2789; x_wconf 86' lang='lat' dir='ltr'><strong>ego</strong></span> <span class='ocrx_word' id='word_1_310' title='bbox 1556 2717 1611 2775; x_wconf 90' lang='lat' dir='ltr'><strong>in</strong></span> <span class='ocrx_word' id='word_1_311' title='bbox 1638 2731 1803 2774; x_wconf 88' lang='lat' dir='ltr'><strong>carne</strong></span> <span class='ocrx_word' id='word_1_312' title='bbox 1830 2731 1923 2786; x_wconf 91' lang='lat' dir='ltr'><strong>po-</strong></span> 
     </span>
    </p>
   </div>
   <div class='ocr_carea' id='block_1_42' title="bbox 332 2812 1921 2884">
    <p class='ocr_par' dir='ltr' id='par_1_42' title="bbox 332 2812 1921 2884">
     <span class='ocr_line' id='line_1_42' title="bbox 332 2812 1921 2884; baseline -0.004 -12"><span class='ocrx_word' id='word_1_313' title='bbox 332 2815 492 2881; x_wconf 86' lang='lat' dir='ltr'><strong>situs,</strong></span> <span class='ocrx_word' id='word_1_314' title='bbox 521 2829 647 2877; x_wconf 84' lang='lat' dir='ltr'><strong>mea</strong></span> <span class='ocrx_word' id='word_1_315' title='bbox 671 2812 965 2873; x_wconf 80' lang='lat' dir='ltr'><strong>tenacitate</strong></span> <span class='ocrx_word' id='word_1_316' title='bbox 988 2827 1054 2871; x_wconf 90' lang='lat' dir='ltr'><strong>ac</strong></span> <span class='ocrx_word' id='word_1_317' title='bbox 1083 2812 1410 2884; x_wconf 77' lang='lat' dir='ltr'><strong>negligentia</strong></span> <span class='ocrx_word' id='word_1_318' title='bbox 1434 2812 1489 2867; x_wconf 90' lang='lat' dir='ltr'><strong>in</strong></span> <span class='ocrx_word' id='word_1_319' title='bbox 1518 2813 1694 2883; x_wconf 75' lang='lat' dir='ltr'><strong>ptenis</strong></span> <span class='ocrx_word' id='word_1_320' title='bbox 1720 2826 1921 2882; x_wconf 87' lang='lat' dir='ltr'><strong>purga-</strong></span> 
     </span>
    </p>
   </div>
   <div class='ocr_carea' id='block_1_43' title="bbox 335 2901 1919 2975">
    <p class='ocr_par' dir='ltr' id='par_1_43' title="bbox 335 2901 1919 2975">
     <span class='ocr_line' id='line_1_43' title="bbox 335 2901 1919 2975; baseline -0.003 -13"><span class='ocrx_word' id='word_1_321' title='bbox 335 2906 491 2962; x_wconf 89' lang='lat' dir='ltr'><strong>toriis</strong></span> <span class='ocrx_word' id='word_1_322' title='bbox 540 2905 832 2963; x_wconf 85' lang='lat' dir='ltr'><strong>retardavi.</strong></span> <span class='ocrx_word' id='word_1_323' title='bbox 880 2904 1015 2961; x_wconf 83' lang='lat' dir='ltr'><strong>Nam</strong></span> <span class='ocrx_word' id='word_1_324' title='bbox 1064 2911 1122 2961; x_wconf 87' lang='lat' dir='ltr'><strong>et</strong></span> <span class='ocrx_word' id='word_1_325' title='bbox 1164 2902 1453 2975; x_wconf 73' lang='lat' dir='ltr'><strong>praebenda</strong></span> <span class='ocrx_word' id='word_1_326' title='bbox 1497 2902 1635 2959; x_wconf 88' lang='lat' dir='ltr'><strong>mihi</strong></span> <span class='ocrx_word' id='word_1_327' title='bbox 1678 2901 1919 2968; x_wconf 83' lang='lat' dir='ltr'><strong>alioquin</strong></span> 
     </span>
    </p>
   </div>
   <div class='ocr_carea' id='block_1_44' title="bbox 332 2992 1921 3069">
    <p class='ocr_par' dir='ltr' id='par_1_44' title="bbox 332 2992 1921 3069">
     <span class='ocr_line' id='line_1_44' title="bbox 332 2992 1921 3069; baseline -0.006 -12"><span class='ocrx_word' id='word_1_328' title='bbox 332 2998 515 3057; x_wconf 82' lang='lat' dir='ltr'><strong>debita</strong></span> <span class='ocrx_word' id='word_1_329' title='bbox 537 2997 672 3069; x_wconf 81' lang='lat' dir='ltr'><strong>ipsis</strong></span> <span class='ocrx_word' id='word_1_330' title='bbox 710 2998 767 3055; x_wconf 83' lang='lat' dir='ltr'><strong>in</strong></span> <span class='ocrx_word' id='word_1_331' title='bbox 792 2996 1092 3055; x_wconf 75' lang='lat' dir='ltr'><strong>subsidium</strong></span> <span class='ocrx_word' id='word_1_332' title='bbox 1120 2996 1400 3068; x_wconf 86' lang='lat' dir='ltr'><strong>provenit,</strong></span> <span class='ocrx_word' id='word_1_333' title='bbox 1432 2994 1593 3051; x_wconf 88' lang='lat' dir='ltr'><strong>sicuti</strong></span> <span class='ocrx_word' id='word_1_334' title='bbox 1629 2993 1812 3049; x_wconf 84' lang='lat' dir='ltr'><strong>divina</strong></span> <span class='ocrx_word' id='word_1_335' title='bbox 1835 2992 1921 3062; x_wconf 89' lang='lat' dir='ltr'><strong>ju-</strong></span> 
     </span>
    </p>
   </div>
   <div class='ocr_carea' id='block_1_45' title="bbox 329 3087 1922 3160">
    <p class='ocr_par' dir='ltr' id='par_1_45' title="bbox 329 3087 1922 3160">
     <span class='ocr_line' id='line_1_45' title="bbox 329 3087 1922 3160; baseline -0.003 -13"><span class='ocrx_word' id='word_1_336' title='bbox 329 3092 478 3148; x_wconf 75' lang='lat' dir='ltr'><strong>stitia</strong></span> <span class='ocrx_word' id='word_1_337' title='bbox 503 3090 798 3147; x_wconf 81' lang='lat' dir='ltr'><strong>ordinavit.</strong></span> <span class='ocrx_word' id='word_1_338' title='bbox 828 3089 937 3146; x_wconf 89' lang='lat' dir='ltr'><strong>Sed</strong></span> <span class='ocrx_word' id='word_1_339' title='bbox 964 3105 1063 3146; x_wconf 91' lang='lat' dir='ltr'><strong>oro</strong></span> <span class='ocrx_word' id='word_1_340' title='bbox 1095 3100 1166 3155; x_wconf 88' lang='lat' dir='ltr'><strong>te,</strong></span> <span class='ocrx_word' id='word_1_341' title='bbox 1195 3097 1371 3160; x_wconf 86' lang='lat' dir='ltr'><strong>pater,</strong></span> <span class='ocrx_word' id='word_1_342' title='bbox 1411 3087 1755 3159; x_wconf 86' lang='lat' dir='ltr'><strong>duplicentur</strong></span> <span class='ocrx_word' id='word_1_343' title='bbox 1783 3102 1922 3160; x_wconf 67' lang='lat' dir='ltr'><strong>prte-</strong></span> 
     </span>
    </p>
   </div>
   <div class='ocr_carea' id='block_1_46' title="bbox 326 3181 1921 3256">
    <p class='ocr_par' dir='ltr' id='par_1_46' title="bbox 326 3181 1921 3256">
     <span class='ocr_line' id='line_1_46' title="bbox 326 3181 1921 3256; baseline -0.001 -15"><span class='ocrx_word' id='word_1_344' title='bbox 326 3184 520 3241; x_wconf 72' lang='lat' dir='ltr'><strong>benda:</strong></span> <span class='ocrx_word' id='word_1_345' title='bbox 546 3199 866 3256; x_wconf 86' lang='lat' dir='ltr'><strong>pauperum,</strong></span> <span class='ocrx_word' id='word_1_346' title='bbox 904 3190 961 3240; x_wconf 88' lang='lat' dir='ltr'><strong>et</strong></span> <span class='ocrx_word' id='word_1_347' title='bbox 1000 3182 1215 3240; x_wconf 75' lang='lat' dir='ltr'><strong>confido</strong></span> <span class='ocrx_word' id='word_1_348' title='bbox 1252 3182 1398 3253; x_wconf 89' lang='lat' dir='ltr'><strong>quod</strong></span> <span class='ocrx_word' id='word_1_349' title='bbox 1443 3182 1539 3238; x_wconf 90' lang='lat' dir='ltr'><strong>Dei</strong></span> <span class='ocrx_word' id='word_1_350' title='bbox 1574 3181 1921 3247; x_wconf 80' lang='lat' dir='ltr'><strong>miseratione</strong></span> 
     </span>
    </p>
   </div>
   <div class='ocr_carea' id='block_1_47' title="bbox 327 3269 1926 3345">
    <p class='ocr_par' dir='ltr' id='par_1_47' title="bbox 327 3269 1926 3345">
     <span class='ocr_line' id='line_1_47' title="bbox 327 3269 1926 3345; baseline -0.001 -13"><span class='ocrx_word' id='word_1_351' title='bbox 327 3276 491 3332; x_wconf 85' lang='lat' dir='ltr'><strong>citius</strong></span> <span class='ocrx_word' id='word_1_352' title='bbox 526 3276 816 3334; x_wconf 82' lang='lat' dir='ltr'><strong>liberabor.</strong></span> <span class='ocrx_word' id='word_1_353' title='bbox 846 3296 865 3329; x_wconf 77' lang='grc' dir='ltr'><strong><em>ι</em></strong></span> <span class='ocrx_word' id='word_1_354' title='bbox 897 3275 1155 3333; x_wconf 88' lang='lat' dir='ltr'><strong>Promisit</strong></span> <span class='ocrx_word' id='word_1_355' title='bbox 1185 3276 1270 3333; x_wconf 90' lang='lat' dir='ltr'><strong>vir</strong></span> <span class='ocrx_word' id='word_1_356' title='bbox 1301 3269 1541 3340; x_wconf 84' lang='lat' dir='ltr'><strong>sanctus,</strong></span> <span class='ocrx_word' id='word_1_357' title='bbox 1575 3275 1719 3345; x_wconf 86' lang='lat' dir='ltr'><strong>quod</strong></span> <span class='ocrx_word' id='word_1_358' title='bbox 1738 3282 1926 3345; x_wconf 87' lang='lat' dir='ltr'><strong>postu-</strong></span> 
     </span>
    </p>
   </div>
   <div class='ocr_carea' id='block_1_48' title="bbox 327 3364 1923 3439">
    <p class='ocr_par' dir='ltr' id='par_1_48' title="bbox 327 3364 1923 3439">
     <span class='ocr_line' id='line_1_48' title="bbox 327 3364 1923 3439; baseline 0.001 -18"><span class='ocrx_word' id='word_1_359' title='bbox 327 3364 462 3422; x_wconf 79' lang='lat' dir='ltr'><strong>lavit</strong></span> <span class='ocrx_word' id='word_1_360' title='bbox 490 3364 792 3424; x_wconf 80' lang='lat' dir='ltr'><strong>defunctus.</strong></span> <span class='ocrx_word' id='word_1_361' title='bbox 816 3367 1120 3437; x_wconf 87' lang='lat' dir='ltr'><strong>Duplicavit</strong></span> <span class='ocrx_word' id='word_1_362' title='bbox 1142 3368 1327 3439; x_wconf 85' lang='lat' dir='ltr'><strong>egenis</strong></span> <span class='ocrx_word' id='word_1_363' title='bbox 1352 3366 1692 3437; x_wconf 72' lang='lat' dir='ltr'><strong>praebendas,</strong></span> <span class='ocrx_word' id='word_1_364' title='bbox 1720 3377 1775 3425; x_wconf 83' lang='lat' dir='ltr'><strong>et</strong></span> <span class='ocrx_word' id='word_1_365' title='bbox 1799 3382 1923 3423; x_wconf 90' lang='lat' dir='ltr'><strong>ora-</strong></span> 
     </span>
    </p>
   </div>
   <div class='ocr_carea' id='block_1_49' title="bbox 329 3456 1924 3529">
    <p class='ocr_par' dir='ltr' id='par_1_49' title="bbox 329 3456 1924 3529">
     <span class='ocr_line' id='line_1_49' title="bbox 329 3456 1924 3529; baseline -0.002 -14"><span class='ocrx_word' id='word_1_366' title='bbox 329 3458 508 3515; x_wconf 88' lang='lat' dir='ltr'><strong>tiones</strong></span> <span class='ocrx_word' id='word_1_367' title='bbox 531 3458 888 3515; x_wconf 87' lang='lat' dir='ltr'><strong>continuavit.</strong></span> <span class='ocrx_word' id='word_1_368' title='bbox 919 3458 1072 3517; x_wconf 85' lang='lat' dir='ltr'><strong>Unde</strong></span> <span class='ocrx_word' id='word_1_369' title='bbox 1092 3466 1215 3529; x_wconf 90' lang='lat' dir='ltr'><strong>post</strong></span> <span class='ocrx_word' id='word_1_370' title='bbox 1244 3458 1378 3514; x_wconf 89' lang='lat' dir='ltr'><strong>alios</strong></span> <span class='ocrx_word' id='word_1_371' title='bbox 1415 3457 1639 3529; x_wconf 86' lang='lat' dir='ltr'><strong>triginta</strong></span> <span class='ocrx_word' id='word_1_372' title='bbox 1677 3456 1795 3515; x_wconf 86' lang='lat' dir='ltr'><strong>dies</strong></span> <span class='ocrx_word' id='word_1_373' title='bbox 1825 3457 1924 3513; x_wconf 48' lang='lat' dir='ltr'><strong>ite,</strong></span> 
     </span>
    </p>
   </div>
   <div class='ocr_carea' id='block_1_50' title="bbox 328 3549 1922 3623">
    <p class='ocr_par' dir='ltr' id='par_1_50' title="bbox 328 3549 1922 3623">
     <span class='ocr_line' id='line_1_50' title="bbox 328 3549 1922 3623; baseline -0.004 -14"><span class='ocrx_word' id='word_1_374' title='bbox 328 3567 451 3609; x_wconf 86' lang='lat' dir='ltr'><strong>rum</strong></span> <span class='ocrx_word' id='word_1_375' title='bbox 478 3552 630 3611; x_wconf 86' lang='lat' dir='ltr'><strong>claro</strong></span> <span class='ocrx_word' id='word_1_376' title='bbox 663 3553 939 3613; x_wconf 76' lang='lat' dir='ltr'><strong>schemate</strong></span> <span class='ocrx_word' id='word_1_377' title='bbox 967 3550 1254 3609; x_wconf 80' lang='lat' dir='ltr'><strong>defunctus</strong></span> <span class='ocrx_word' id='word_1_378' title='bbox 1276 3551 1529 3623; x_wconf 78' lang='lat' dir='ltr'><strong>apparuit</strong></span> <span class='ocrx_word' id='word_1_379' title='bbox 1548 3551 1673 3609; x_wconf 86' lang='lat' dir='ltr'><strong>vivo</strong></span> <span class='ocrx_word' id='word_1_380' title='bbox 1696 3549 1922 3623; x_wconf 82' lang='lat' dir='ltr'><strong>pastori,</strong></span> 
     </span>
    </p>
   </div>
   <div class='ocr_carea' id='block_1_51' title="bbox 328 3642 1923 3714">
    <p class='ocr_par' dir='ltr' id='par_1_51' title="bbox 328 3642 1923 3714">
     <span class='ocr_line' id='line_1_51' title="bbox 328 3642 1923 3714; baseline -0.001 -12"><span class='ocrx_word' id='word_1_381' title='bbox 328 3659 388 3702; x_wconf 91' lang='lat' dir='ltr'><strong>se</strong></span> <span class='ocrx_word' id='word_1_382' title='bbox 418 3643 539 3714; x_wconf 89' lang='lat' dir='ltr'><strong>jam</strong></span> <span class='ocrx_word' id='word_1_383' title='bbox 582 3652 715 3703; x_wconf 78' lang='lat' dir='ltr'><strong>tunc</strong></span> <span class='ocrx_word' id='word_1_384' title='bbox 748 3644 1035 3703; x_wconf 83' lang='lat' dir='ltr'><strong>liberatum</strong></span> <span class='ocrx_word' id='word_1_385' title='bbox 1064 3644 1271 3711; x_wconf 85' lang='lat' dir='ltr'><strong>retulit,</strong></span> <span class='ocrx_word' id='word_1_386' title='bbox 1305 3645 1534 3701; x_wconf 86' lang='lat' dir='ltr'><strong>Domino</strong></span> <span class='ocrx_word' id='word_1_387' title='bbox 1576 3643 1686 3707; x_wconf 78' lang='lat' dir='ltr'><strong>Deo</strong></span> <span class='ocrx_word' id='word_1_388' title='bbox 1724 3650 1781 3707; x_wconf 84' lang='lat' dir='ltr'><strong>et</strong></span> <span class='ocrx_word' id='word_1_389' title='bbox 1811 3642 1923 3705; x_wconf 77' lang='lat' dir='ltr'><strong>Ra-</strong></span> 
     </span>
    </p>
   </div>
   <div class='ocr_carea' id='block_1_52' title="bbox 328 3734 1925 3808">
    <p class='ocr_par' dir='ltr' id='par_1_52' title="bbox 328 3734 1925 3808">
     <span class='ocr_line' id='line_1_52' title="bbox 328 3734 1925 3808; baseline -0.001 -15"><span class='ocrx_word' id='word_1_390' title='bbox 328 3738 477 3793; x_wconf 87' lang='lat' dir='ltr'><strong>bano</strong></span> <span class='ocrx_word' id='word_1_391' title='bbox 506 3737 715 3808; x_wconf 82' lang='lat' dir='ltr'><strong>gratias</strong></span> <span class='ocrx_word' id='word_1_392' title='bbox 731 3736 862 3807; x_wconf 88' lang='lat' dir='ltr'><strong>egit.</strong></span> <span class='ocrx_word' id='word_1_393' title='bbox 892 3735 971 3791; x_wconf 81' lang='lat' dir='ltr'><strong>Ex</strong></span> <span class='ocrx_word' id='word_1_394' title='bbox 994 3750 1059 3793; x_wconf 89' lang='lat' dir='ltr'><strong>eo</strong></span> <span class='ocrx_word' id='word_1_395' title='bbox 1087 3744 1330 3806; x_wconf 88' lang='lat' dir='ltr'><strong>tempore</strong></span> <span class='ocrx_word' id='word_1_396' title='bbox 1352 3734 1653 3799; x_wconf 84' lang='lat' dir='ltr'><strong>Fuldenses</strong></span> <span class='ocrx_word' id='word_1_397' title='bbox 1670 3734 1925 3797; x_wconf 86' lang='lat' dir='ltr'><strong>monachi</strong></span> 
     </span>
    </p>
   </div>
   <div class='ocr_carea' id='block_1_53' title="bbox 331 3825 1925 3901">
    <p class='ocr_par' dir='ltr' id='par_1_53' title="bbox 331 3825 1925 3901">
     <span class='ocr_line' id='line_1_53' title="bbox 331 3825 1925 3901; baseline -0.002 -17"><span class='ocrx_word' id='word_1_398' title='bbox 331 3843 540 3901; x_wconf 87' lang='lat' dir='ltr'><strong>pavore</strong></span> <span class='ocrx_word' id='word_1_399' title='bbox 570 3834 679 3882; x_wconf 89' lang='lat' dir='ltr'><strong>tam</strong></span> <span class='ocrx_word' id='word_1_400' title='bbox 717 3825 1042 3887; x_wconf 84' lang='lat' dir='ltr'><strong>miserabilis</strong></span> <span class='ocrx_word' id='word_1_401' title='bbox 1071 3826 1315 3882; x_wconf 67' lang='lat' dir='ltr'><strong>historias</strong></span> <span class='ocrx_word' id='word_1_402' title='bbox 1343 3826 1610 3897; x_wconf 89' lang='lat' dir='ltr'><strong>perculsi,</strong></span> <span class='ocrx_word' id='word_1_403' title='bbox 1650 3835 1705 3887; x_wconf 89' lang='lat' dir='ltr'><strong>et</strong></span> <span class='ocrx_word' id='word_1_404' title='bbox 1736 3840 1925 3882; x_wconf 90' lang='lat' dir='ltr'><strong>curam</strong></span> 
     </span>
    </p>
   </div>
   <div class='ocr_carea' id='block_1_54' title="bbox 331 3918 1921 3990">
    <p class='ocr_par' dir='ltr' id='par_1_54' title="bbox 331 3918 1921 3990">
     <span class='ocr_line' id='line_1_54' title="bbox 331 3918 1921 3990; baseline -0.004 -12"><span class='ocrx_word' id='word_1_405' title='bbox 331 3919 702 3978; x_wconf 76' lang='lat' dir='ltr'><strong>satisfaciendi</strong></span> <span class='ocrx_word' id='word_1_406' title='bbox 728 3934 834 3990; x_wconf 83' lang='lat' dir='ltr'><strong>pro</strong></span> <span class='ocrx_word' id='word_1_407' title='bbox 853 3918 1082 3975; x_wconf 88' lang='lat' dir='ltr'><strong>mortuis</strong></span> <span class='ocrx_word' id='word_1_408' title='bbox 1101 3918 1275 3981; x_wconf 83' lang='lat' dir='ltr'><strong>tribus</strong></span> <span class='ocrx_word' id='word_1_409' title='bbox 1295 3918 1594 3983; x_wconf 84' lang='lat' dir='ltr'><strong>adhibuere</strong></span> <span class='ocrx_word' id='word_1_410' title='bbox 1617 3918 1921 3983; x_wconf 84' lang='lat' dir='ltr'><strong>sollicitam,</strong></span> 
     </span>
    </p>
   </div>
   <div class='ocr_carea' id='block_1_55' title="bbox 332 4009 1924 4085">
    <p class='ocr_par' dir='ltr' id='par_1_55' title="bbox 332 4009 1924 4085">
     <span class='ocr_line' id='line_1_55' title="bbox 332 4009 1924 4085; baseline -0.003 -16"><span class='ocrx_word' id='word_1_411' title='bbox 332 4023 390 4074; x_wconf 81' lang='lat' dir='ltr'><strong>et</strong></span> <span class='ocrx_word' id='word_1_412' title='bbox 416 4013 628 4071; x_wconf 88' lang='lat' dir='ltr'><strong>abbatis</strong></span> <span class='ocrx_word' id='word_1_413' title='bbox 657 4013 739 4069; x_wconf 87' lang='lat' dir='ltr'><strong>sui</strong></span> <span class='ocrx_word' id='word_1_414' title='bbox 767 4021 1071 4085; x_wconf 82' lang='lat' dir='ltr'><strong>praecepta,</strong></span> <span class='ocrx_word' id='word_1_415' title='bbox 1114 4011 1231 4069; x_wconf 90' lang='lat' dir='ltr'><strong>sine</strong></span> <span class='ocrx_word' id='word_1_416' title='bbox 1275 4010 1740 4076; x_wconf 88' lang='lat' dir='ltr'><strong>contradictione,</strong></span> <span class='ocrx_word' id='word_1_417' title='bbox 1778 4026 1843 4071; x_wconf 89' lang='lat' dir='ltr'><strong>ac</strong></span> <span class='ocrx_word' id='word_1_418' title='bbox 1880 4009 1924 4066; x_wconf 89' lang='lat' dir='ltr'><strong>si</strong></span> 
     </span>
    </p>
   </div>
   <div class='ocr_carea' id='block_1_56' title="bbox 335 4101 1924 4175">
    <p class='ocr_par' dir='ltr' id='par_1_56' title="bbox 335 4101 1924 4175">
     <span class='ocr_line' id='line_1_56' title="bbox 335 4101 1924 4175; baseline -0.003 -11"><span class='ocrx_word' id='word_1_419' title='bbox 335 4106 597 4169; x_wconf 75' lang='lat' dir='ltr'><strong>divinitus</strong></span> <span class='ocrx_word' id='word_1_420' title='bbox 637 4112 1022 4172; x_wconf 86' lang='lat' dir='ltr'><strong>emanassent,</strong></span> <span class='ocrx_word' id='word_1_421' title='bbox 1079 4103 1357 4163; x_wconf 86' lang='lat' dir='ltr'><strong>custodire</strong></span> <span class='ocrx_word' id='word_1_422' title='bbox 1406 4104 1741 4175; x_wconf 84' lang='lat' dir='ltr'><strong>satagebant.</strong></span> <span class='ocrx_word' id='word_1_423' title='bbox 1788 4101 1924 4159; x_wconf 90' lang='lat' dir='ltr'><strong>Nam</strong></span> 
     </span>
    </p>
   </div>
   <div class='ocr_carea' id='block_1_57' title="bbox 336 4195 1927 4271">
    <p class='ocr_par' dir='ltr' id='par_1_57' title="bbox 336 4195 1927 4271">
     <span class='ocr_line' id='line_1_57' title="bbox 336 4195 1927 4271; baseline -0.004 -13"><span class='ocrx_word' id='word_1_424' title='bbox 336 4214 461 4258; x_wconf 89' lang='lat' dir='ltr'><strong>cum</strong></span> <span class='ocrx_word' id='word_1_425' title='bbox 503 4198 664 4268; x_wconf 87' lang='lat' dir='ltr'><strong>hujus</strong></span> <span class='ocrx_word' id='word_1_426' title='bbox 703 4197 835 4257; x_wconf 84' lang='lat' dir='ltr'><strong>facti</strong></span> <span class='ocrx_word' id='word_1_427' title='bbox 873 4198 1017 4271; x_wconf 82' lang='lat' dir='ltr'><strong>apud</strong></span> <span class='ocrx_word' id='word_1_428' title='bbox 1062 4213 1158 4257; x_wconf 87' lang='lat' dir='ltr'><strong>eos</strong></span> <span class='ocrx_word' id='word_1_429' title='bbox 1185 4197 1485 4264; x_wconf 90' lang='lat' dir='ltr'><strong>memoria,</strong></span> <span class='ocrx_word' id='word_1_430' title='bbox 1512 4197 1605 4267; x_wconf 90' lang='lat' dir='ltr'><strong>qui</strong></span> <span class='ocrx_word' id='word_1_431' title='bbox 1633 4204 1759 4250; x_wconf 89' lang='lat' dir='ltr'><strong>tunc</strong></span> <span class='ocrx_word' id='word_1_432' title='bbox 1788 4195 1927 4251; x_wconf 86' lang='lat' dir='ltr'><strong>inter</strong></span> 
     </span>
    </p>
   </div>
   <div class='ocr_carea' id='block_1_58' title="bbox 336 4288 1928 4363">
    <p class='ocr_par' dir='ltr' id='par_1_58' title="bbox 336 4288 1928 4363">
     <span class='ocr_line' id='line_1_58' title="bbox 336 4288 1928 4363; baseline -0.002 -14"><span class='ocrx_word' id='word_1_433' title='bbox 336 4291 598 4349; x_wconf 86' lang='lat' dir='ltr'><strong>mortales</strong></span> <span class='ocrx_word' id='word_1_434' title='bbox 625 4292 899 4357; x_wconf 71' lang='lat' dir='ltr'><strong>vivebant,</strong></span> <span class='ocrx_word' id='word_1_435' title='bbox 927 4291 1143 4363; x_wconf 83' lang='lat' dir='ltr'><strong>penitus</strong></span> <span class='ocrx_word' id='word_1_436' title='bbox 1169 4297 1313 4353; x_wconf 87' lang='lat' dir='ltr'><strong>esset</strong></span> <span class='ocrx_word' id='word_1_437' title='bbox 1342 4288 1675 4357; x_wconf 86' lang='lat' dir='ltr'><strong>indelebilis,</strong></span> <span class='ocrx_word' id='word_1_438' title='bbox 1719 4296 1928 4346; x_wconf 88' lang='lat' dir='ltr'><strong>mentes</strong></span> 
     </span>
    </p>
   </div>
   <div class='ocr_carea' id='block_1_59' title="bbox 338 4381 1928 4457">
    <p class='ocr_par' dir='ltr' id='par_1_59' title="bbox 338 4381 1928 4457">
     <span class='ocr_line' id='line_1_59' title="bbox 338 4381 1928 4457; baseline -0.003 -15"><span class='ocrx_word' id='word_1_439' title='bbox 338 4387 581 4443; x_wconf 86' lang='lat' dir='ltr'><strong>omnium</strong></span> <span class='ocrx_word' id='word_1_440' title='bbox 626 4394 779 4442; x_wconf 89' lang='lat' dir='ltr'><strong>tanto</strong></span> <span class='ocrx_word' id='word_1_441' title='bbox 815 4385 1152 4457; x_wconf 85' lang='lat' dir='ltr'><strong>perculserat</strong></span> <span class='ocrx_word' id='word_1_442' title='bbox 1190 4392 1340 4441; x_wconf 88' lang='lat' dir='ltr'><strong>metu</strong></span> <span class='ocrx_word' id='word_1_443' title='bbox 1364 4382 1602 4456; x_wconf 87' lang='lat' dir='ltr'><strong>pavoris,</strong></span> <span class='ocrx_word' id='word_1_444' title='bbox 1643 4381 1787 4452; x_wconf 90' lang='lat' dir='ltr'><strong>quod</strong></span> <span class='ocrx_word' id='word_1_445' title='bbox 1820 4396 1928 4445; x_wconf 86' lang='lat' dir='ltr'><strong>non</strong></span> 
     </span>
    </p>
   </div>
   <div class='ocr_carea' id='block_1_60' title="bbox 342 4475 1930 4546">
    <p class='ocr_par' dir='ltr' id='par_1_60' title="bbox 342 4475 1930 4546">
     <span class='ocr_line' id='line_1_60' title="bbox 342 4475 1930 4546; baseline -0.003 -12"><span class='ocrx_word' id='word_1_446' title='bbox 342 4479 518 4535; x_wconf 90' lang='lat' dir='ltr'><strong>solum</strong></span> <span class='ocrx_word' id='word_1_447' title='bbox 548 4478 754 4534; x_wconf 89' lang='lat' dir='ltr'><strong>debitas</strong></span> <span class='ocrx_word' id='word_1_448' title='bbox 776 4479 886 4533; x_wconf 90' lang='lat' dir='ltr'><strong>vita</strong></span> <span class='ocrx_word' id='word_1_449' title='bbox 909 4476 1177 4534; x_wconf 86' lang='lat' dir='ltr'><strong>defunctis</strong></span> <span class='ocrx_word' id='word_1_450' title='bbox 1199 4478 1461 4532; x_wconf 89' lang='lat' dir='ltr'><strong>fratribus</strong></span> <span class='ocrx_word' id='word_1_451' title='bbox 1486 4475 1805 4546; x_wconf 70' lang='lat' dir='ltr'><strong>prtebendas</strong></span> <span class='ocrx_word' id='word_1_452' title='bbox 1824 4476 1930 4530; x_wconf 90' lang='lat' dir='ltr'><strong>dis-</strong></span> 
     </span>
    </p>
   </div>
   <div class='ocr_carea' id='block_1_61' title="bbox 340 4569 1927 4642">
    <p class='ocr_par' dir='ltr' id='par_1_61' title="bbox 340 4569 1927 4642">
     <span class='ocr_line' id='line_1_61' title="bbox 340 4569 1927 4642; baseline -0.003 -17"><span class='ocrx_word' id='word_1_453' title='bbox 340 4569 652 4625; x_wconf 83' lang='lat' dir='ltr'><strong>tribuebant</strong></span> <span class='ocrx_word' id='word_1_454' title='bbox 696 4570 967 4642; x_wconf 85' lang='lat' dir='ltr'><strong>integras,</strong></span> <span class='ocrx_word' id='word_1_455' title='bbox 1012 4577 1069 4624; x_wconf 92' lang='lat' dir='ltr'><strong>et</strong></span> <span class='ocrx_word' id='word_1_456' title='bbox 1107 4570 1298 4640; x_wconf 84' lang='lat' dir='ltr'><strong>plenas</strong></span> <span class='ocrx_word' id='word_1_457' title='bbox 1346 4569 1402 4623; x_wconf 91' lang='lat' dir='ltr'><strong>in</strong></span> <span class='ocrx_word' id='word_1_458' title='bbox 1447 4582 1582 4624; x_wconf 89' lang='lat' dir='ltr'><strong>usus</strong></span> <span class='ocrx_word' id='word_1_459' title='bbox 1608 4582 1927 4640; x_wconf 87' lang='lat' dir='ltr'><strong>pauperum,</strong></span> 
     </span>
    </p>
   </div>
   <div class='ocr_carea' id='block_1_62' title="bbox 2023 1976 3613 2056">
    <p class='ocr_par' dir='ltr' id='par_1_62' title="bbox 2023 1976 3613 2056">
     <span class='ocr_line' id='line_1_62' title="bbox 2023 1976 3613 2056; baseline -0.005 -15"><span class='ocrx_word' id='word_1_460' title='bbox 2023 1985 2124 2045; x_wconf 85' lang='lat' dir='ltr'><strong>sub</strong></span> <span class='ocrx_word' id='word_1_461' title='bbox 2150 1984 2313 2043; x_wconf 88' lang='lat' dir='ltr'><strong>simili</strong></span> <span class='ocrx_word' id='word_1_462' title='bbox 2334 1984 2759 2056; x_wconf 82' lang='lat' dir='ltr'><strong>praesumptione</strong></span> <span class='ocrx_word' id='word_1_463' title='bbox 2783 1981 3111 2041; x_wconf 68' lang='lat' dir='ltr'><strong>dtemonium</strong></span> <span class='ocrx_word' id='word_1_464' title='bbox 3132 1978 3352 2037; x_wconf 85' lang='lat' dir='ltr'><strong>invasit.</strong></span> <span class='ocrx_word' id='word_1_465' title='bbox 3375 1976 3436 2035; x_wconf 81' lang='lat' dir='ltr'><strong>in</strong></span> <span class='ocrx_word' id='word_1_466' title='bbox 3458 1976 3613 2034; x_wconf 85' lang='lat' dir='ltr'><strong>festis</strong></span> 
     </span>
    </p>
   </div>
   <div class='ocr_carea' id='block_1_63' title="bbox 2023 2068 3611 2145">
    <p class='ocr_par' dir='ltr' id='par_1_63' title="bbox 2023 2068 3611 2145">
     <span class='ocr_line' id='line_1_63' title="bbox 2023 2068 3611 2145; baseline -0.009 -7"><span class='ocrx_word' id='word_1_467' title='bbox 2023 2084 2209 2143; x_wconf 80' lang='lat' dir='ltr'><strong>tamen</strong></span> <span class='ocrx_word' id='word_1_468' title='bbox 2230 2076 2404 2133; x_wconf 86' lang='lat' dir='ltr'><strong>sancti</strong></span> <span class='ocrx_word' id='word_1_469' title='bbox 2429 2074 2697 2133; x_wconf 86' lang='lat' dir='ltr'><strong>Bonifacii</strong></span> <span class='ocrx_word' id='word_1_470' title='bbox 2716 2074 2974 2145; x_wconf 83' lang='lat' dir='ltr'><strong>martyris</strong></span> <span class='ocrx_word' id='word_1_471' title='bbox 2993 2081 3050 2131; x_wconf 89' lang='lat' dir='ltr'><strong>et</strong></span> <span class='ocrx_word' id='word_1_472' title='bbox 3068 2069 3424 2129; x_wconf 86' lang='lat' dir='ltr'><strong>dedicationis</strong></span> <span class='ocrx_word' id='word_1_473' title='bbox 3445 2068 3611 2125; x_wconf 87' lang='lat' dir='ltr'><strong>hodie</strong></span> 
     </span>
    </p>
   </div>
   <div class='ocr_carea' id='block_1_64' title="bbox 2022 2163 3606 2231">
    <p class='ocr_par' dir='ltr' id='par_1_64' title="bbox 2022 2163 3606 2231">
     <span class='ocr_line' id='line_1_64' title="bbox 2022 2163 3606 2231; baseline -0.011 0"><span class='ocrx_word' id='word_1_474' title='bbox 2022 2169 2343 2231; x_wconf 85' lang='lat' dir='ltr'><strong>mulieribus</strong></span> <span class='ocrx_word' id='word_1_475' title='bbox 2365 2168 2435 2223; x_wconf 90' lang='lat' dir='ltr'><strong>ad</strong></span> <span class='ocrx_word' id='word_1_476' title='bbox 2460 2167 2748 2223; x_wconf 87' lang='lat' dir='ltr'><strong>ecclesiam</strong></span> <span class='ocrx_word' id='word_1_477' title='bbox 2776 2163 3093 2221; x_wconf 87' lang='lat' dir='ltr'><strong>monasterii</strong></span> <span class='ocrx_word' id='word_1_478' title='bbox 3122 2171 3332 2219; x_wconf 89' lang='lat' dir='ltr'><strong>tantum</strong></span> <span class='ocrx_word' id='word_1_479' title='bbox 3355 2173 3606 2217; x_wconf 81' lang='lat' dir='ltr'><strong>accessus</strong></span> 
     </span>
    </p>
   </div>
   <div class='ocr_carea' id='block_1_65' title="bbox 2023 2253 3610 2342">
    <p class='ocr_par' dir='ltr' id='par_1_65' title="bbox 2023 2253 3610 2342">
     <span class='ocr_line' id='line_1_65' title="bbox 2023 2253 3610 2342; baseline -0.008 -24"><span class='ocrx_word' id='word_1_480' title='bbox 2023 2260 2376 2342; x_wconf 79' lang='lat' dir='ltr'><strong>permittitur,</strong></span> <span class='ocrx_word' id='word_1_481' title='bbox 2403 2258 2547 2330; x_wconf 88' lang='lat' dir='ltr'><strong>quod</strong></span> <span class='ocrx_word' id='word_1_482' title='bbox 2567 2257 2713 2319; x_wconf 86' lang='lat' dir='ltr'><strong>beati</strong></span> <span class='ocrx_word' id='word_1_483' title='bbox 2735 2256 2963 2325; x_wconf 76' lang='lat' dir='ltr'><strong>Babani,</strong></span> <span class='ocrx_word' id='word_1_484' title='bbox 2979 2264 3035 2319; x_wconf 84' lang='lat' dir='ltr'><strong>et</strong></span> <span class='ocrx_word' id='word_1_485' title='bbox 3060 2253 3245 2317; x_wconf 86' lang='lat' dir='ltr'><strong>multis</strong></span> <span class='ocrx_word' id='word_1_486' title='bbox 3262 2260 3454 2326; x_wconf 88' lang='lat' dir='ltr'><strong>postea</strong></span> <span class='ocrx_word' id='word_1_487' title='bbox 3474 2257 3610 2307; x_wconf 83' lang='lat' dir='ltr'><strong>tem-</strong></span> 
     </span>
    </p>
   </div>
   <div class='ocr_carea' id='block_1_66' title="bbox 2021 2350 2843 2427">
    <p class='ocr_par' dir='ltr' id='par_1_66' title="bbox 2021 2350 2843 2427">
     <span class='ocr_line' id='line_1_66' title="bbox 2021 2350 2843 2427; baseline -0.007 -16"><span class='ocrx_word' id='word_1_488' title='bbox 2021 2353 2245 2427; x_wconf 66' lang='lat' dir='ltr'><strong>poribus</strong></span> <span class='ocrx_word' id='word_1_489' title='bbox 2272 2352 2490 2423; x_wconf 89' lang='lat' dir='ltr'><strong>penitus</strong></span> <span class='ocrx_word' id='word_1_490' title='bbox 2520 2350 2843 2424; x_wconf 84' lang='lat' dir='ltr'><strong>negabatur.</strong></span> 
     </span>
    </p>
   </div>
   <div class='ocr_carea' id='block_1_67' title="bbox 2095 2434 3612 2514">
    <p class='ocr_par' dir='ltr' id='par_1_67' title="bbox 2095 2434 3612 2514">
     <span class='ocr_line' id='line_1_67' title="bbox 2095 2434 3612 2514; baseline -0.008 -13"><span class='ocrx_word' id='word_1_491' title='bbox 2095 2445 2191 2503; x_wconf 86' lang='lat' dir='ltr'><strong>llis</strong></span> <span class='ocrx_word' id='word_1_492' title='bbox 2222 2452 2277 2505; x_wconf 84' lang='lat' dir='ltr'><strong>et</strong></span> <span class='ocrx_word' id='word_1_493' title='bbox 2307 2442 2426 2500; x_wconf 86' lang='lat' dir='ltr'><strong>aliis</strong></span> <span class='ocrx_word' id='word_1_494' title='bbox 2457 2442 2644 2501; x_wconf 87' lang='lat' dir='ltr'><strong>multis</strong></span> <span class='ocrx_word' id='word_1_495' title='bbox 2676 2456 2773 2514; x_wconf 87' lang='lat' dir='ltr'><strong>per</strong></span> <span class='ocrx_word' id='word_1_496' title='bbox 2794 2440 2973 2497; x_wconf 87' lang='lat' dir='ltr'><strong>virum</strong></span> <span class='ocrx_word' id='word_1_497' title='bbox 2992 2437 3091 2499; x_wconf 88' lang='lat' dir='ltr'><strong>Dei</strong></span> <span class='ocrx_word' id='word_1_498' title='bbox 3122 2434 3463 2497; x_wconf 87' lang='lat' dir='ltr'><strong>laudabiliter</strong></span> <span class='ocrx_word' id='word_1_499' title='bbox 3485 2447 3612 2490; x_wconf 87' lang='lat' dir='ltr'><strong>con-</strong></span> 
     </span>
    </p>
   </div>
   <div class='ocr_carea' id='block_1_68' title="bbox 2025 2525 3613 2609">
    <p class='ocr_par' dir='ltr' id='par_1_68' title="bbox 2025 2525 3613 2609">
     <span class='ocr_line' id='line_1_68' title="bbox 2025 2525 3613 2609; baseline -0.011 -12"><span class='ocrx_word' id='word_1_500' title='bbox 2025 2535 2251 2609; x_wconf 83' lang='lat' dir='ltr'><strong>stitutis,</strong></span> <span class='ocrx_word' id='word_1_501' title='bbox 2275 2543 2333 2592; x_wconf 89' lang='lat' dir='ltr'><strong>et</strong></span> <span class='ocrx_word' id='word_1_502' title='bbox 2353 2533 2676 2593; x_wconf 88' lang='lat' dir='ltr'><strong>mirabiliter</strong></span> <span class='ocrx_word' id='word_1_503' title='bbox 2701 2531 2947 2604; x_wconf 80' lang='lat' dir='ltr'><strong>patratis,</strong></span> <span class='ocrx_word' id='word_1_504' title='bbox 2978 2545 3138 2589; x_wconf 86' lang='lat' dir='ltr'><strong>nemo</strong></span> <span class='ocrx_word' id='word_1_505' title='bbox 3173 2528 3239 2585; x_wconf 82' lang='lat' dir='ltr'><strong>de</strong></span> <span class='ocrx_word' id='word_1_506' title='bbox 3273 2525 3389 2596; x_wconf 88' lang='lat' dir='ltr'><strong>ejus</strong></span> <span class='ocrx_word' id='word_1_507' title='bbox 3415 2525 3613 2581; x_wconf 88' lang='lat' dir='ltr'><strong>sancti-</strong></span> 
     </span>
    </p>
   </div>
   <div class='ocr_carea' id='block_1_69' title="bbox 2026 2621 3611 2709">
    <p class='ocr_par' dir='ltr' id='par_1_69' title="bbox 2026 2621 3611 2709">
     <span class='ocr_line' id='line_1_69' title="bbox 2026 2621 3611 2709; baseline -0.008 -25"><span class='ocrx_word' id='word_1_508' title='bbox 2026 2636 2137 2695; x_wconf 80' lang='lat' dir='ltr'><strong>tate</strong></span> <span class='ocrx_word' id='word_1_509' title='bbox 2154 2634 2377 2709; x_wconf 77' lang='lat' dir='ltr'><strong>poterat</strong></span> <span class='ocrx_word' id='word_1_510' title='bbox 2412 2626 2683 2693; x_wconf 85' lang='lat' dir='ltr'><strong>dubitare,</strong></span> <span class='ocrx_word' id='word_1_511' title='bbox 2715 2624 2868 2696; x_wconf 87' lang='lat' dir='ltr'><strong>cujus</strong></span> <span class='ocrx_word' id='word_1_512' title='bbox 2890 2621 3045 2681; x_wconf 84' lang='lat' dir='ltr'><strong>nutui</strong></span> <span class='ocrx_word' id='word_1_513' title='bbox 3069 2634 3261 2685; x_wconf 78' lang='lat' dir='ltr'><strong>omnes</strong></span> <span class='ocrx_word' id='word_1_514' title='bbox 3286 2627 3397 2679; x_wconf 84' lang='lat' dir='ltr'><strong>tam</strong></span> <span class='ocrx_word' id='word_1_515' title='bbox 3425 2631 3611 2688; x_wconf 85' lang='lat' dir='ltr'><strong>prom-</strong></span> 
     </span>
    </p>
   </div>
   <div class='ocr_carea' id='block_1_70' title="bbox 2025 2711 3613 2795">
    <p class='ocr_par' dir='ltr' id='par_1_70' title="bbox 2025 2711 3613 2795">
     <span class='ocr_line' id='line_1_70' title="bbox 2025 2711 3613 2795; baseline -0.008 -14"><span class='ocrx_word' id='word_1_516' title='bbox 2025 2732 2179 2795; x_wconf 82' lang='lat' dir='ltr'><strong>ptam</strong></span> <span class='ocrx_word' id='word_1_517' title='bbox 2230 2721 2527 2779; x_wconf 89' lang='lat' dir='ltr'><strong>cernebant</strong></span> <span class='ocrx_word' id='word_1_518' title='bbox 2572 2719 2809 2777; x_wconf 87' lang='lat' dir='ltr'><strong>divinam</strong></span> <span class='ocrx_word' id='word_1_519' title='bbox 2854 2720 3047 2776; x_wconf 85' lang='lat' dir='ltr'><strong>adesse</strong></span> <span class='ocrx_word' id='word_1_520' title='bbox 3092 2714 3407 2789; x_wconf 88' lang='lat' dir='ltr'><strong>potentiam.</strong></span> <span class='ocrx_word' id='word_1_521' title='bbox 3457 2711 3613 2769; x_wconf 88' lang='lat' dir='ltr'><strong>Unde</strong></span> 
     </span>
    </p>
   </div>
   <div class='ocr_carea' id='block_1_71' title="bbox 2025 2809 3613 2887">
    <p class='ocr_par' dir='ltr' id='par_1_71' title="bbox 2025 2809 3613 2887">
     <span class='ocr_line' id='line_1_71' title="bbox 2025 2809 3613 2887; baseline -0.008 -14"><span class='ocrx_word' id='word_1_522' title='bbox 2025 2832 2227 2873; x_wconf 84' lang='lat' dir='ltr'><strong>nomen</strong></span> <span class='ocrx_word' id='word_1_523' title='bbox 2259 2816 2375 2887; x_wconf 89' lang='lat' dir='ltr'><strong>ejus</strong></span> <span class='ocrx_word' id='word_1_524' title='bbox 2398 2818 2452 2873; x_wconf 90' lang='lat' dir='ltr'><strong>in</strong></span> <span class='ocrx_word' id='word_1_525' title='bbox 2480 2823 2597 2873; x_wconf 81' lang='lat' dir='ltr'><strong>toto.</strong></span> <span class='ocrx_word' id='word_1_526' title='bbox 2613 2831 2782 2887; x_wconf 85' lang='lat' dir='ltr'><strong>regno</strong></span> <span class='ocrx_word' id='word_1_527' title='bbox 2809 2813 3142 2869; x_wconf 84' lang='lat' dir='ltr'><strong>Francorum</strong></span> <span class='ocrx_word' id='word_1_528' title='bbox 3163 2809 3369 2866; x_wconf 85' lang='lat' dir='ltr'><strong>factum</strong></span> <span class='ocrx_word' id='word_1_529' title='bbox 3397 2814 3482 2862; x_wconf 88' lang='lat' dir='ltr'><strong>est</strong></span> <span class='ocrx_word' id='word_1_530' title='bbox 3499 2820 3613 2861; x_wconf 85' lang='lat' dir='ltr'><strong>ma-</strong></span> 
     </span>
    </p>
   </div>
   <div class='ocr_carea' id='block_1_72' title="bbox 2026 2898 3614 2982">
    <p class='ocr_par' dir='ltr' id='par_1_72' title="bbox 2026 2898 3614 2982">
     <span class='ocr_line' id='line_1_72' title="bbox 2026 2898 3614 2982; baseline -0.01 -14"><span class='ocrx_word' id='word_1_531' title='bbox 2026 2925 2130 2982; x_wconf 86' lang='lat' dir='ltr'><strong>gna</strong></span> <span class='ocrx_word' id='word_1_532' title='bbox 2159 2908 2474 2967; x_wconf 87' lang='lat' dir='ltr'><strong>celebritate</strong></span> <span class='ocrx_word' id='word_1_533' title='bbox 2499 2908 2814 2981; x_wconf 85' lang='lat' dir='ltr'><strong>gloriosum,</strong></span> <span class='ocrx_word' id='word_1_534' title='bbox 2838 2913 2895 2963; x_wconf 88' lang='lat' dir='ltr'><strong>et</strong></span> <span class='ocrx_word' id='word_1_535' title='bbox 2921 2904 3077 2963; x_wconf 89' lang='lat' dir='ltr'><strong>multi</strong></span> <span class='ocrx_word' id='word_1_536' title='bbox 3102 2904 3169 2963; x_wconf 80' lang='lat' dir='ltr'><strong>de</strong></span> <span class='ocrx_word' id='word_1_537' title='bbox 3196 2898 3422 2959; x_wconf 82' lang='lat' dir='ltr'><strong>remotis</strong></span> <span class='ocrx_word' id='word_1_538' title='bbox 3451 2906 3614 2953; x_wconf 70' lang='lat' dir='ltr'><strong>terra:</strong></span> 
     </span>
    </p>
   </div>
   <div class='ocr_carea' id='block_1_73' title="bbox 2025 2989 3612 3075">
    <p class='ocr_par' dir='ltr' id='par_1_73' title="bbox 2025 2989 3612 3075">
     <span class='ocr_line' id='line_1_73' title="bbox 2025 2989 3612 3075; baseline -0.009 -15"><span class='ocrx_word' id='word_1_539' title='bbox 2025 3002 2322 3075; x_wconf 67' lang='lat' dir='ltr'><strong>proxinciis</strong></span> <span class='ocrx_word' id='word_1_540' title='bbox 2346 3002 2467 3074; x_wconf 90' lang='lat' dir='ltr'><strong>ejus</strong></span> <span class='ocrx_word' id='word_1_541' title='bbox 2499 2999 2644 3055; x_wconf 87' lang='lat' dir='ltr'><strong>fama</strong></span> <span class='ocrx_word' id='word_1_542' title='bbox 2679 2999 3001 3057; x_wconf 89' lang='lat' dir='ltr'><strong>eruditionis</strong></span> <span class='ocrx_word' id='word_1_543' title='bbox 3038 3004 3094 3055; x_wconf 82' lang='lat' dir='ltr'><strong>et</strong></span> <span class='ocrx_word' id='word_1_544' title='bbox 3134 2993 3437 3052; x_wconf 83' lang='lat' dir='ltr'><strong>sanctitatis</strong></span> <span class='ocrx_word' id='word_1_545' title='bbox 3460 2989 3612 3048; x_wconf 72' lang='lat' dir='ltr'><strong>exci-</strong></span> 
     </span>
    </p>
   </div>
   <div class='ocr_carea' id='block_1_74' title="bbox 2028 3085 3616 3161">
    <p class='ocr_par' dir='ltr' id='par_1_74' title="bbox 2028 3085 3616 3161">
     <span class='ocr_line' id='line_1_74' title="bbox 2028 3085 3616 3161; baseline -0.009 -10"><span class='ocrx_word' id='word_1_546' title='bbox 2028 3096 2146 3161; x_wconf 89' lang='lat' dir='ltr'><strong>tati,</strong></span> <span class='ocrx_word' id='word_1_547' title='bbox 2178 3094 2247 3157; x_wconf 89' lang='lat' dir='ltr'><strong>ad</strong></span> <span class='ocrx_word' id='word_1_548' title='bbox 2270 3093 2561 3151; x_wconf 86' lang='lat' dir='ltr'><strong>videndum</strong></span> <span class='ocrx_word' id='word_1_549' title='bbox 2593 3092 2741 3148; x_wconf 90' lang='lat' dir='ltr'><strong>illum</strong></span> <span class='ocrx_word' id='word_1_550' title='bbox 2780 3099 2836 3146; x_wconf 92' lang='lat' dir='ltr'><strong>et</strong></span> <span class='ocrx_word' id='word_1_551' title='bbox 2863 3090 3195 3147; x_wconf 80' lang='lat' dir='ltr'><strong>audiendum</strong></span> <span class='ocrx_word' id='word_1_552' title='bbox 3218 3085 3460 3159; x_wconf 80' lang='lat' dir='ltr'><strong>qnetidie</strong></span> <span class='ocrx_word' id='word_1_553' title='bbox 3486 3097 3616 3139; x_wconf 89' lang='lat' dir='ltr'><strong>con-</strong></span> 
     </span>
    </p>
   </div>
   <div class='ocr_carea' id='block_1_75' title="bbox 2028 3179 3617 3259">
    <p class='ocr_par' dir='ltr' id='par_1_75' title="bbox 2028 3179 3617 3259">
     <span class='ocr_line' id='line_1_75' title="bbox 2028 3179 3617 3259; baseline -0.007 -19"><span class='ocrx_word' id='word_1_554' title='bbox 2028 3185 2264 3243; x_wconf 82' lang='lat' dir='ltr'><strong>fluebant</strong></span> <span class='ocrx_word' id='word_1_555' title='bbox 2283 3227 2298 3254; x_wconf 96' lang='lat'><strong>,</strong></span> <span class='ocrx_word' id='word_1_556' title='bbox 2336 3201 2428 3259; x_wconf 78' lang='lat' dir='ltr'><strong>qui</strong></span> <span class='ocrx_word' id='word_1_557' title='bbox 2458 3184 2869 3243; x_wconf 83' lang='lat' dir='ltr'><strong>conversatione</strong></span> <span class='ocrx_word' id='word_1_558' title='bbox 2898 3198 2965 3238; x_wconf 90' lang='lat' dir='ltr'><strong>ac</strong></span> <span class='ocrx_word' id='word_1_559' title='bbox 2985 3181 3227 3237; x_wconf 77' lang='lat' dir='ltr'><strong>moribus</strong></span> <span class='ocrx_word' id='word_1_560' title='bbox 3254 3179 3372 3249; x_wconf 87' lang='lat' dir='ltr'><strong>ejus</strong></span> <span class='ocrx_word' id='word_1_561' title='bbox 3397 3186 3617 3248; x_wconf 87' lang='lat' dir='ltr'><strong>perspe-</strong></span> 
     </span>
    </p>
   </div>
   <div class='ocr_carea' id='block_1_76' title="bbox 1952 3263 3618 3349">
    <p class='ocr_par' dir='ltr' id='par_1_76' title="bbox 1952 3263 3618 3349">
     <span class='ocr_line' id='line_1_76' title="bbox 1952 3263 3618 3349; baseline -0.011 -14"><span class='ocrx_word' id='word_1_562' title='bbox 1952 3284 1997 3349; x_wconf 82' lang='lat' dir='ltr'>C</span> <span class='ocrx_word' id='word_1_563' title='bbox 2029 3276 2155 3343; x_wconf 78' lang='lat' dir='ltr'><strong>ctis,</strong></span> <span class='ocrx_word' id='word_1_564' title='bbox 2185 3277 2253 3333; x_wconf 90' lang='lat' dir='ltr'><strong>ad</strong></span> <span class='ocrx_word' id='word_1_565' title='bbox 2280 3276 2506 3333; x_wconf 89' lang='lat' dir='ltr'><strong>meliora</strong></span> <span class='ocrx_word' id='word_1_566' title='bbox 2543 3275 2912 3347; x_wconf 85' lang='lat' dir='ltr'><strong>profecerunt.</strong></span> <span class='ocrx_word' id='word_1_567' title='bbox 2952 3271 3134 3327; x_wconf 76' lang='lat' dir='ltr'><strong>Multis</strong></span> <span class='ocrx_word' id='word_1_568' title='bbox 3160 3271 3215 3325; x_wconf 92' lang='lat' dir='ltr'><strong>in</strong></span> <span class='ocrx_word' id='word_1_569' title='bbox 3243 3266 3461 3325; x_wconf 89' lang='lat' dir='ltr'><strong>abbatia</strong></span> <span class='ocrx_word' id='word_1_570' title='bbox 3490 3263 3618 3318; x_wconf 87' lang='lat' dir='ltr'><strong>Ful-</strong></span> 
     </span>
    </p>
   </div>
   <div class='ocr_carea' id='block_1_77' title="bbox 2026 3354 3619 3433">
    <p class='ocr_par' dir='ltr' id='par_1_77' title="bbox 2026 3354 3619 3433">
     <span class='ocr_line' id='line_1_77' title="bbox 2026 3354 3619 3433; baseline -0.01 -9"><span class='ocrx_word' id='word_1_571' title='bbox 2026 3367 2181 3424; x_wconf 89' lang='lat' dir='ltr'><strong>densi</strong></span> <span class='ocrx_word' id='word_1_572' title='bbox 2207 3366 2497 3423; x_wconf 89' lang='lat' dir='ltr'><strong>virtutibus</strong></span> <span class='ocrx_word' id='word_1_573' title='bbox 2522 3365 2832 3422; x_wconf 83' lang='lat' dir='ltr'><strong>coruscavit</strong></span> <span class='ocrx_word' id='word_1_574' title='bbox 2856 3372 2913 3418; x_wconf 91' lang='lat' dir='ltr'><strong>et</strong></span> <span class='ocrx_word' id='word_1_575' title='bbox 2934 3362 3124 3433; x_wconf 86' lang='lat' dir='ltr'><strong>signis,</strong></span> <span class='ocrx_word' id='word_1_576' title='bbox 3148 3372 3377 3433; x_wconf 87' lang='lat' dir='ltr'><strong>quorum</strong></span> <span class='ocrx_word' id='word_1_577' title='bbox 3407 3370 3441 3410; x_wconf 92' lang='lat' dir='ltr'><strong>a</strong></span> <span class='ocrx_word' id='word_1_578' title='bbox 3462 3354 3619 3409; x_wconf 89' lang='lat' dir='ltr'><strong>nobis</strong></span> 
     </span>
    </p>
   </div>
   <div class='ocr_carea' id='block_1_78' title="bbox 2026 3444 3617 3525">
    <p class='ocr_par' dir='ltr' id='par_1_78' title="bbox 2026 3444 3617 3525">
     <span class='ocr_line' id='line_1_78' title="bbox 2026 3444 3617 3525; baseline -0.011 -10"><span class='ocrx_word' id='word_1_579' title='bbox 2026 3458 2371 3525; x_wconf 87' lang='lat' dir='ltr'><strong>memoriam,</strong></span> <span class='ocrx_word' id='word_1_580' title='bbox 2402 3458 2568 3513; x_wconf 90' lang='lat' dir='ltr'><strong>nimia</strong></span> <span class='ocrx_word' id='word_1_581' title='bbox 2599 3454 2949 3525; x_wconf 77' lang='lat' dir='ltr'><strong>intercapedo</strong></span> <span class='ocrx_word' id='word_1_582' title='bbox 2978 3449 3237 3522; x_wconf 71' lang='lat' dir='ltr'><strong>temporis</strong></span> <span class='ocrx_word' id='word_1_583' title='bbox 3257 3444 3617 3509; x_wconf 89' lang='lat' dir='ltr'><strong>abscondens,</strong></span> 
     </span>
    </p>
   </div>
   <div class='ocr_carea' id='block_1_79' title="bbox 2027 3540 3619 3622">
    <p class='ocr_par' dir='ltr' id='par_1_79' title="bbox 2027 3540 3619 3622">
     <span class='ocr_line' id='line_1_79' title="bbox 2027 3540 3619 3622; baseline -0.013 -14"><span class='ocrx_word' id='word_1_584' title='bbox 2027 3550 2300 3609; x_wconf 88' lang='lat' dir='ltr'><strong>oblivione</strong></span> <span class='ocrx_word' id='word_1_585' title='bbox 2334 3559 2594 3622; x_wconf 89' lang='lat' dir='ltr'><strong>perpetua</strong></span> <span class='ocrx_word' id='word_1_586' title='bbox 2624 3545 2893 3618; x_wconf 82' lang='lat' dir='ltr'><strong>sepelivit.</strong></span> <span class='ocrx_word' id='word_1_587' title='bbox 2926 3545 3004 3600; x_wconf 87' lang='lat' dir='ltr'><strong>ita</strong></span> <span class='ocrx_word' id='word_1_588' title='bbox 3042 3540 3364 3601; x_wconf 88' lang='lat' dir='ltr'><strong>mortalibus</strong></span> <span class='ocrx_word' id='word_1_589' title='bbox 3403 3549 3619 3604; x_wconf 90' lang='lat' dir='ltr'><strong>semper</strong></span> 
     </span>
    </p>
   </div>
   <div class='ocr_carea' id='block_1_80' title="bbox 2026 3626 3619 3716">
    <p class='ocr_par' dir='ltr' id='par_1_80' title="bbox 2026 3626 3619 3716">
     <span class='ocr_line' id='line_1_80' title="bbox 2026 3626 3619 3716; baseline -0.012 -17"><span class='ocrx_word' id='word_1_590' title='bbox 2026 3644 2299 3702; x_wconf 87' lang='lat' dir='ltr'><strong>vilescunt</strong></span> <span class='ocrx_word' id='word_1_591' title='bbox 2318 3641 2625 3716; x_wconf 61' lang='lat' dir='ltr'><strong>praesentia,</strong></span> <span class='ocrx_word' id='word_1_592' title='bbox 2650 3648 2712 3699; x_wconf 87' lang='lat' dir='ltr'><strong>ut</strong></span> <span class='ocrx_word' id='word_1_593' title='bbox 2730 3635 3131 3709; x_wconf 84' lang='lat' dir='ltr'><strong>quantumlibet</strong></span> <span class='ocrx_word' id='word_1_594' title='bbox 3154 3630 3486 3689; x_wconf 77' lang='lat' dir='ltr'><strong>excellenter</strong></span> <span class='ocrx_word' id='word_1_595' title='bbox 3506 3626 3619 3681; x_wconf 89' lang='lat' dir='ltr'><strong>suis</strong></span> 
     </span>
    </p>
   </div>
   <div class='ocr_carea' id='block_1_81' title="bbox 2031 3725 3620 3811">
    <p class='ocr_par' dir='ltr' id='par_1_81' title="bbox 2031 3725 3620 3811">
     <span class='ocr_line' id='line_1_81' title="bbox 2031 3725 3620 3811; baseline -0.014 -17"><span class='ocrx_word' id='word_1_596' title='bbox 2031 3739 2363 3811; x_wconf 86' lang='lat' dir='ltr'><strong>temporibus</strong></span> <span class='ocrx_word' id='word_1_597' title='bbox 2392 3736 2537 3792; x_wconf 88' lang='lat' dir='ltr'><strong>dicta</strong></span> <span class='ocrx_word' id='word_1_598' title='bbox 2567 3750 2660 3791; x_wconf 91' lang='lat' dir='ltr'><strong>seu</strong></span> <span class='ocrx_word' id='word_1_599' title='bbox 2694 3734 2837 3788; x_wconf 83' lang='lat' dir='ltr'><strong>facta</strong></span> <span class='ocrx_word' id='word_1_600' title='bbox 2870 3727 3165 3800; x_wconf 86' lang='lat' dir='ltr'><strong>insignium</strong></span> <span class='ocrx_word' id='word_1_601' title='bbox 3194 3725 3469 3787; x_wconf 81' lang='lat' dir='ltr'><strong>virorum,</strong></span> <span class='ocrx_word' id='word_1_602' title='bbox 3510 3733 3620 3775; x_wconf 91' lang='lat' dir='ltr'><strong>non</strong></span> 
     </span>
    </p>
   </div>
   <div class='ocr_carea' id='block_1_82' title="bbox 2029 3813 3620 3894">
    <p class='ocr_par' dir='ltr' id='par_1_82' title="bbox 2029 3813 3620 3894">
     <span class='ocr_line' id='line_1_82' title="bbox 2029 3813 3620 3894; baseline -0.014 -6"><span class='ocrx_word' id='word_1_603' title='bbox 2029 3831 2204 3889; x_wconf 90' lang='lat' dir='ltr'><strong>solum</strong></span> <span class='ocrx_word' id='word_1_604' title='bbox 2228 3828 2609 3885; x_wconf 88' lang='lat' dir='ltr'><strong>commendare</strong></span> <span class='ocrx_word' id='word_1_605' title='bbox 2633 3826 2827 3882; x_wconf 90' lang='lat' dir='ltr'><strong>litteris</strong></span> <span class='ocrx_word' id='word_1_606' title='bbox 2848 3823 3170 3894; x_wconf 89' lang='lat' dir='ltr'><strong>despiciant,</strong></span> <span class='ocrx_word' id='word_1_607' title='bbox 3198 3818 3291 3879; x_wconf 88' lang='lat' dir='ltr'><strong>sed</strong></span> <span class='ocrx_word' id='word_1_608' title='bbox 3313 3816 3478 3873; x_wconf 88' lang='lat' dir='ltr'><strong>etiam</strong></span> <span class='ocrx_word' id='word_1_609' title='bbox 3502 3813 3620 3869; x_wconf 89' lang='lat' dir='ltr'><strong>lau-</strong></span> 
     </span>
    </p>
   </div>
   <div class='ocr_carea' id='block_1_83' title="bbox 2028 3914 3616 3991">
    <p class='ocr_par' dir='ltr' id='par_1_83' title="bbox 2028 3914 3616 3991">
     <span class='ocr_line' id='line_1_83' title="bbox 2028 3914 3616 3991; baseline -0.013 -11"><span class='ocrx_word' id='word_1_610' title='bbox 2028 3925 2152 3981; x_wconf 90' lang='lat' dir='ltr'><strong>dem</strong></span> <span class='ocrx_word' id='word_1_611' title='bbox 2196 3922 2453 3979; x_wconf 87' lang='lat' dir='ltr'><strong>adhibere</strong></span> <span class='ocrx_word' id='word_1_612' title='bbox 2496 3919 2709 3975; x_wconf 84' lang='lat' dir='ltr'><strong>meritis</strong></span> <span class='ocrx_word' id='word_1_613' title='bbox 2744 3933 2936 3975; x_wconf 90' lang='lat' dir='ltr'><strong>eorum</strong></span> <span class='ocrx_word' id='word_1_614' title='bbox 2982 3916 3200 3991; x_wconf 81' lang='lat' dir='ltr'><strong>dignam</strong></span> <span class='ocrx_word' id='word_1_615' title='bbox 3246 3914 3616 3969; x_wconf 85' lang='lat' dir='ltr'><strong>contemnant.</strong></span> 
     </span>
    </p>
   </div>
   <div class='ocr_carea' id='block_1_84' title="bbox 2028 4001 3620 4086">
    <p class='ocr_par' dir='ltr' id='par_1_84' title="bbox 2028 4001 3620 4086">
     <span class='ocr_line' id='line_1_84' title="bbox 2028 4001 3620 4086; baseline -0.01 -15"><span class='ocrx_word' id='word_1_616' title='bbox 2028 4013 2286 4073; x_wconf 83' lang='lat' dir='ltr'><strong>Veterum</strong></span> <span class='ocrx_word' id='word_1_617' title='bbox 2312 4012 2600 4086; x_wconf 85' lang='lat' dir='ltr'><strong>magniﬁce</strong></span> <span class='ocrx_word' id='word_1_618' title='bbox 2627 4021 2780 4085; x_wconf 88' lang='lat' dir='ltr'><strong>gesta</strong></span> <span class='ocrx_word' id='word_1_619' title='bbox 2798 4020 2852 4071; x_wconf 90' lang='lat' dir='ltr'><strong>et</strong></span> <span class='ocrx_word' id='word_1_620' title='bbox 2873 4011 3059 4081; x_wconf 84' lang='lat' dir='ltr'><strong>legunt</strong></span> <span class='ocrx_word' id='word_1_621' title='bbox 3087 4008 3266 4073; x_wconf 86' lang='lat' dir='ltr'><strong>avide,</strong></span> <span class='ocrx_word' id='word_1_622' title='bbox 3293 4013 3348 4067; x_wconf 90' lang='lat' dir='ltr'><strong>et</strong></span> <span class='ocrx_word' id='word_1_623' title='bbox 3370 4001 3620 4060; x_wconf 86' lang='lat' dir='ltr'><strong>laudibus</strong></span> 
     </span>
    </p>
   </div>
   <div class='ocr_carea' id='block_1_85' title="bbox 2029 4096 3619 4177">
    <p class='ocr_par' dir='ltr' id='par_1_85' title="bbox 2029 4096 3619 4177">
     <span class='ocr_line' id='line_1_85' title="bbox 2029 4096 3619 4177; baseline -0.009 -13"><span class='ocrx_word' id='word_1_624' title='bbox 2029 4108 2325 4173; x_wconf 87' lang='lat' dir='ltr'><strong>celebrant,</strong></span> <span class='ocrx_word' id='word_1_625' title='bbox 2355 4106 2453 4165; x_wconf 89' lang='lat' dir='ltr'><strong>sed</strong></span> <span class='ocrx_word' id='word_1_626' title='bbox 2482 4114 2969 4177; x_wconf 87' lang='lat' dir='ltr'><strong>contemporaneos</strong></span> <span class='ocrx_word' id='word_1_627' title='bbox 3008 4101 3112 4157; x_wconf 89' lang='lat' dir='ltr'><strong>sibi</strong></span> <span class='ocrx_word' id='word_1_628' title='bbox 3142 4099 3288 4155; x_wconf 85' lang='lat' dir='ltr'><strong>viros</strong></span> <span class='ocrx_word' id='word_1_629' title='bbox 3307 4140 3322 4166; x_wconf 96' lang='lat'><strong>,</strong></span> <span class='ocrx_word' id='word_1_630' title='bbox 3368 4096 3535 4154; x_wconf 88' lang='lat' dir='ltr'><strong>etiam</strong></span> <span class='ocrx_word' id='word_1_631' title='bbox 3572 4096 3619 4151; x_wconf 92' lang='lat' dir='ltr'><strong>si</strong></span> 
     </span>
    </p>
   </div>
   <div class='ocr_carea' id='block_1_86' title="bbox 2029 4186 3621 4263">
    <p class='ocr_par' dir='ltr' id='par_1_86' title="bbox 2029 4186 3621 4263">
     <span class='ocr_line' id='line_1_86' title="bbox 2029 4186 3621 4263; baseline -0.008 -10"><span class='ocrx_word' id='word_1_632' title='bbox 2029 4198 2302 4258; x_wconf 85' lang='lat' dir='ltr'><strong>veteribus</strong></span> <span class='ocrx_word' id='word_1_633' title='bbox 2325 4198 2436 4254; x_wconf 86' lang='lat' dir='ltr'><strong>sint</strong></span> <span class='ocrx_word' id='word_1_634' title='bbox 2464 4197 2736 4263; x_wconf 81' lang='lat' dir='ltr'><strong>meliores,</strong></span> <span class='ocrx_word' id='word_1_635' title='bbox 2767 4195 2922 4260; x_wconf 83' lang='lat' dir='ltr'><strong>quasi</strong></span> <span class='ocrx_word' id='word_1_636' title='bbox 2950 4200 3129 4258; x_wconf 89' lang='lat' dir='ltr'><strong>notos,</strong></span> <span class='ocrx_word' id='word_1_637' title='bbox 3150 4202 3207 4246; x_wconf 89' lang='lat' dir='ltr'><strong>et</strong></span> <span class='ocrx_word' id='word_1_638' title='bbox 3226 4192 3296 4247; x_wconf 92' lang='lat' dir='ltr'><strong>ob</strong></span> <span class='ocrx_word' id='word_1_639' title='bbox 3320 4188 3374 4247; x_wconf 91' lang='lat' dir='ltr'><strong>id</strong></span> <span class='ocrx_word' id='word_1_640' title='bbox 3395 4186 3621 4245; x_wconf 85' lang='lat' dir='ltr'><strong>minoris</strong></span> 
     </span>
    </p>
   </div>
   <div class='ocr_carea' id='block_1_87' title="bbox 2029 4281 3619 4364">
    <p class='ocr_par' dir='ltr' id='par_1_87' title="bbox 2029 4281 3619 4364">
     <span class='ocr_line' id='line_1_87' title="bbox 2029 4281 3619 4364; baseline -0.009 -16"><span class='ocrx_word' id='word_1_641' title='bbox 2029 4292 2222 4364; x_wconf 89' lang='lat' dir='ltr'><strong>pretii,</strong></span> <span class='ocrx_word' id='word_1_642' title='bbox 2255 4291 2558 4361; x_wconf 88' lang='lat' dir='ltr'><strong>spernendo</strong></span> <span class='ocrx_word' id='word_1_643' title='bbox 2594 4288 2811 4347; x_wconf 86' lang='lat' dir='ltr'><strong>meritis</strong></span> <span class='ocrx_word' id='word_1_644' title='bbox 2853 4288 3082 4359; x_wconf 88' lang='lat' dir='ltr'><strong>privant.</strong></span> <span class='ocrx_word' id='word_1_645' title='bbox 3137 4285 3268 4339; x_wconf 88' lang='lat' dir='ltr'><strong>Tam</strong></span> <span class='ocrx_word' id='word_1_646' title='bbox 3311 4290 3394 4337; x_wconf 89' lang='lat' dir='ltr'><strong>est</strong></span> <span class='ocrx_word' id='word_1_647' title='bbox 3439 4281 3619 4350; x_wconf 86' lang='lat' dir='ltr'><strong>iniqua</strong></span> 
     </span>
    </p>
   </div>
   <div class='ocr_carea' id='block_1_88' title="bbox 2030 4370 3655 4447">
    <p class='ocr_par' dir='ltr' id='par_1_88' title="bbox 2030 4370 3655 4447">
     <span class='ocr_line' id='line_1_88' title="bbox 2030 4370 3655 4447; baseline -0.009 -7"><span class='ocrx_word' id='word_1_648' title='bbox 2030 4382 2345 4441; x_wconf 87' lang='lat' dir='ltr'><strong>mortalium</strong></span> <span class='ocrx_word' id='word_1_649' title='bbox 2370 4382 2436 4439; x_wconf 89' lang='lat' dir='ltr'><strong>de</strong></span> <span class='ocrx_word' id='word_1_650' title='bbox 2465 4381 2627 4439; x_wconf 88' lang='lat' dir='ltr'><strong>rebus</strong></span> <span class='ocrx_word' id='word_1_651' title='bbox 2653 4379 2941 4437; x_wconf 71' lang='lat' dir='ltr'><strong>mstimatio</strong></span> <span class='ocrx_word' id='word_1_652' title='bbox 2967 4391 3213 4447; x_wconf 89' lang='lat' dir='ltr'><strong>semper,</strong></span> <span class='ocrx_word' id='word_1_653' title='bbox 3255 4382 3312 4428; x_wconf 90' lang='lat' dir='ltr'><strong>ut</strong></span> <span class='ocrx_word' id='word_1_654' title='bbox 3346 4370 3618 4443; x_wconf 86' lang='lat' dir='ltr'><strong>incognita</strong></span> <span class='ocrx_word' id='word_1_655' title='bbox 3652 4382 3655 4383; x_wconf 71' lang='lat'><strong><em>&#39;</em></strong></span> 
     </span>
    </p>
   </div>
   <div class='ocr_carea' id='block_1_89' title="bbox 2031 4462 3622 4544">
    <p class='ocr_par' dir='ltr' id='par_1_89' title="bbox 2031 4462 3622 4544">
     <span class='ocr_line' id='line_1_89' title="bbox 2031 4462 3622 4544; baseline -0.011 -10"><span class='ocrx_word' id='word_1_656' title='bbox 2031 4480 2282 4544; x_wconf 89' lang='lat' dir='ltr'><strong>miretur,</strong></span> <span class='ocrx_word' id='word_1_657' title='bbox 2332 4485 2387 4531; x_wconf 90' lang='lat' dir='ltr'><strong>et</strong></span> <span class='ocrx_word' id='word_1_658' title='bbox 2433 4475 2683 4530; x_wconf 90' lang='lat' dir='ltr'><strong>laudibus</strong></span> <span class='ocrx_word' id='word_1_659' title='bbox 2728 4472 3002 4537; x_wconf 89' lang='lat' dir='ltr'><strong>celebret;</strong></span> <span class='ocrx_word' id='word_1_660' title='bbox 3041 4478 3169 4525; x_wconf 90' lang='lat' dir='ltr'><strong>nota</strong></span> <span class='ocrx_word' id='word_1_661' title='bbox 3206 4483 3365 4534; x_wconf 86' lang='lat' dir='ltr'><strong>vero,</strong></span> <span class='ocrx_word' id='word_1_662' title='bbox 3415 4473 3469 4522; x_wconf 89' lang='lat' dir='ltr'><strong>et</strong></span> <span class='ocrx_word' id='word_1_663' title='bbox 3519 4462 3622 4518; x_wconf 90' lang='lat' dir='ltr'><strong>sibi</strong></span> 
     </span>
    </p>
   </div>
   <div class='ocr_carea' id='block_1_90' title="bbox 2031 4558 3623 4641">
    <p class='ocr_par' dir='ltr' id='par_1_90' title="bbox 2031 4558 3623 4641">
     <span class='ocr_line' id='line_1_90' title="bbox 2031 4558 3623 4641; baseline -0.013 -9"><span class='ocrx_word' id='word_1_664' title='bbox 2031 4569 2344 4641; x_wconf 61' lang='lat' dir='ltr'><strong>tumentia,</strong></span> <span class='ocrx_word' id='word_1_665' title='bbox 2369 4575 2629 4638; x_wconf 80' lang='lat' dir='ltr'><strong>tanquam</strong></span> <span class='ocrx_word' id='word_1_666' title='bbox 2653 4565 2883 4621; x_wconf 81' lang='lat' dir='ltr'><strong>nihilum</strong></span> <span class='ocrx_word' id='word_1_667' title='bbox 2908 4563 3238 4633; x_wconf 81' lang='lat' dir='ltr'><strong>vilipendat:</strong></span> <span class='ocrx_word' id='word_1_668' title='bbox 3272 4560 3431 4616; x_wconf 81' lang='lat' dir='ltr'><strong>fidem</strong></span> <span class='ocrx_word' id='word_1_669' title='bbox 3456 4558 3623 4627; x_wconf 90' lang='lat' dir='ltr'><strong>majo-</strong></span> 
     </span>
    </p>
   </div>
   <div class='ocr_carea' id='block_1_91' title="bbox 342 4650 3691 4732">
    <p class='ocr_par' dir='ltr' id='par_1_91' title="bbox 342 4650 3691 4732">
     <span class='ocr_line' id='line_1_91' title="bbox 342 4650 3691 4732; baseline -0.005 -15"><span class='ocrx_word' id='word_1_670' title='bbox 342 4663 437 4717; x_wconf 91' lang='lat' dir='ltr'><strong>sed</strong></span> <span class='ocrx_word' id='word_1_671' title='bbox 469 4677 610 4719; x_wconf 91' lang='lat' dir='ltr'><strong>unus</strong></span> <span class='ocrx_word' id='word_1_672' title='bbox 638 4662 804 4718; x_wconf 89' lang='lat' dir='ltr'><strong>etiam</strong></span> <span class='ocrx_word' id='word_1_673' title='bbox 832 4661 1061 4732; x_wconf 87' lang='lat' dir='ltr'><strong>quisque</strong></span> <span class='ocrx_word' id='word_1_674' title='bbox 1089 4660 1156 4717; x_wconf 89' lang='lat' dir='ltr'><strong>de</strong></span> <span class='ocrx_word' id='word_1_675' title='bbox 1191 4676 1289 4717; x_wconf 89' lang='lat' dir='ltr'><strong>sua</strong></span> <span class='ocrx_word' id='word_1_676' title='bbox 1313 4661 1563 4731; x_wconf 90' lang='lat' dir='ltr'><strong>portione</strong></span> <span class='ocrx_word' id='word_1_677' title='bbox 1593 4660 1766 4715; x_wconf 88' lang='lat' dir='ltr'><strong>victus</strong></span> <span class='ocrx_word' id='word_1_678' title='bbox 1795 4674 1930 4730; x_wconf 89' lang='lat' dir='ltr'><strong>quo-</strong></span> <span class='ocrx_word' id='word_1_679' title='bbox 1954 4660 2008 4722; x_wconf 90' lang='lat' dir='ltr'><strong>D</strong></span> <span class='ocrx_word' id='word_1_680' title='bbox 2034 4679 2151 4719; x_wconf 86' lang='lat' dir='ltr'><strong>rem</strong></span> <span class='ocrx_word' id='word_1_681' title='bbox 2182 4661 2405 4717; x_wconf 85' lang='lat' dir='ltr'><strong>incertis</strong></span> <span class='ocrx_word' id='word_1_682' title='bbox 2436 4659 2654 4731; x_wconf 87' lang='lat' dir='ltr'><strong>scriptis</strong></span> <span class='ocrx_word' id='word_1_683' title='bbox 2681 4656 2946 4728; x_wconf 66' lang='lat' dir='ltr'><strong>praestans</strong></span> <span class='ocrx_word' id='word_1_684' title='bbox 2985 4653 3199 4717; x_wconf 87' lang='lat' dir='ltr'><strong>alienis,</strong></span> <span class='ocrx_word' id='word_1_685' title='bbox 3238 4665 3400 4721; x_wconf 89' lang='lat' dir='ltr'><strong>quam</strong></span> <span class='ocrx_word' id='word_1_686' title='bbox 3442 4650 3622 4703; x_wconf 86' lang='lat' dir='ltr'><strong>scieu-</strong></span> <span class='ocrx_word' id='word_1_687' title='bbox 3678 4711 3691 4721; x_wconf 44' lang='lat'><em>.</em></span> 
     </span>
    </p>
   </div>
   <div class='ocr_carea' id='block_1_92' title="bbox 342 4753 1931 4828">
    <p class='ocr_par' dir='ltr' id='par_1_92' title="bbox 342 4753 1931 4828">
     <span class='ocr_line' id='line_1_92' title="bbox 342 4753 1931 4828; baseline -0.003 -15"><span class='ocrx_word' id='word_1_688' title='bbox 342 4757 472 4813; x_wconf 89' lang='lat' dir='ltr'><strong>tidie</strong></span> <span class='ocrx_word' id='word_1_689' title='bbox 494 4758 824 4819; x_wconf 85' lang='lat' dir='ltr'><strong>subtrahens</strong></span> <span class='ocrx_word' id='word_1_690' title='bbox 848 4755 1055 4828; x_wconf 82' lang='lat' dir='ltr'><strong>aliquid</strong></span> <span class='ocrx_word' id='word_1_691' title='bbox 1074 4754 1178 4812; x_wconf 90' lang='lat' dir='ltr'><strong>sibi</strong></span> <span class='ocrx_word' id='word_1_692' title='bbox 1204 4753 1377 4809; x_wconf 90' lang='lat' dir='ltr'><strong>libens</strong></span> <span class='ocrx_word' id='word_1_693' title='bbox 1396 4754 1453 4809; x_wconf 92' lang='lat' dir='ltr'><strong>in</strong></span> <span class='ocrx_word' id='word_1_694' title='bbox 1476 4753 1777 4810; x_wconf 88' lang='lat' dir='ltr'><strong>subsidium</strong></span> <span class='ocrx_word' id='word_1_695' title='bbox 1801 4767 1931 4808; x_wconf 87' lang='lat' dir='ltr'><strong>con-</strong></span> 
     </span>
    </p>
   </div>
   <div class='ocr_carea' id='block_1_93' title="bbox 341 4851 804 4922">
    <p class='ocr_par' dir='ltr' id='par_1_93' title="bbox 341 4851 804 4922">
     <span class='ocr_line' id='line_1_93' title="bbox 341 4851 804 4922; baseline -0.006 -15"><span class='ocrx_word' id='word_1_696' title='bbox 341 4851 466 4907; x_wconf 85' lang='lat' dir='ltr'><strong>tulit</strong></span> <span class='ocrx_word' id='word_1_697' title='bbox 487 4866 804 4922; x_wconf 78' lang='lat' dir='ltr'><strong>egenorum.</strong></span> 
     </span>
    </p>
   </div>
   <div class='ocr_carea' id='block_1_94' title="bbox 412 4940 1931 5003">
    <p class='ocr_par' dir='ltr' id='par_1_94' title="bbox 412 4940 1931 5003">
     <span class='ocr_line' id='line_1_94' title="bbox 412 4940 1931 5003; baseline -0.004 -1"><span class='ocrx_word' id='word_1_698' title='bbox 412 4946 567 5003; x_wconf 86' lang='lat' dir='ltr'><strong>Fecit</strong></span> <span class='ocrx_word' id='word_1_699' title='bbox 598 4954 654 5003; x_wconf 91' lang='lat' dir='ltr'><strong>et</strong></span> <span class='ocrx_word' id='word_1_700' title='bbox 687 4946 848 5001; x_wconf 89' lang='lat' dir='ltr'><strong>aliam</strong></span> <span class='ocrx_word' id='word_1_701' title='bbox 875 4944 1031 5000; x_wconf 89' lang='lat' dir='ltr'><strong>valde</strong></span> <span class='ocrx_word' id='word_1_702' title='bbox 1073 4943 1438 5000; x_wconf 87' lang='lat' dir='ltr'><strong>necessariam</strong></span> <span class='ocrx_word' id='word_1_703' title='bbox 1485 4940 1931 5000; x_wconf 86' lang='lat' dir='ltr'><strong>constitutionem</strong></span> 
     </span>
    </p>
   </div>
   <div class='ocr_carea' id='block_1_95' title="bbox 341 5034 1934 5108">
    <p class='ocr_par' dir='ltr' id='par_1_95' title="bbox 341 5034 1934 5108">
     <span class='ocr_line' id='line_1_95' title="bbox 341 5034 1934 5108; baseline -0.003 -14"><span class='ocrx_word' id='word_1_704' title='bbox 341 5040 538 5095; x_wconf 89' lang='lat' dir='ltr'><strong>beatus</strong></span> <span class='ocrx_word' id='word_1_705' title='bbox 563 5037 731 5093; x_wconf 90' lang='lat' dir='ltr'><strong>abbas</strong></span> <span class='ocrx_word' id='word_1_706' title='bbox 756 5037 1029 5103; x_wconf 82' lang='lat' dir='ltr'><strong>Rabanus,</strong></span> <span class='ocrx_word' id='word_1_707' title='bbox 1051 5052 1194 5107; x_wconf 70' lang='lat' dir='ltr'><strong>quze,</strong></span> <span class='ocrx_word' id='word_1_708' title='bbox 1216 5044 1276 5092; x_wconf 90' lang='lat' dir='ltr'><strong>ut</strong></span> <span class='ocrx_word' id='word_1_709' title='bbox 1298 5034 1491 5102; x_wconf 83' lang='lat' dir='ltr'><strong>fertur,</strong></span> <span class='ocrx_word' id='word_1_710' title='bbox 1514 5050 1685 5106; x_wconf 86' lang='lat' dir='ltr'><strong>usque</strong></span> <span class='ocrx_word' id='word_1_711' title='bbox 1714 5035 1768 5090; x_wconf 90' lang='lat' dir='ltr'><strong>in</strong></span> <span class='ocrx_word' id='word_1_712' title='bbox 1795 5049 1934 5108; x_wconf 66' lang='lat' dir='ltr'><strong>pra:-</strong></span> 
     </span>
    </p>
   </div>
   <div class='ocr_carea' id='block_1_96' title="bbox 344 5128 1933 5191">
    <p class='ocr_par' dir='ltr' id='par_1_96' title="bbox 344 5128 1933 5191">
     <span class='ocr_line' id='line_1_96' title="bbox 344 5128 1933 5191; baseline -0.003 -4"><span class='ocrx_word' id='word_1_713' title='bbox 344 5142 557 5189; x_wconf 84' lang='lat' dir='ltr'><strong>sentem</strong></span> <span class='ocrx_word' id='word_1_714' title='bbox 585 5133 729 5189; x_wconf 80' lang='lat' dir='ltr'><strong>diem</strong></span> <span class='ocrx_word' id='word_1_715' title='bbox 774 5133 829 5188; x_wconf 86' lang='lat' dir='ltr'><strong>in</strong></span> <span class='ocrx_word' id='word_1_716' title='bbox 859 5132 1192 5191; x_wconf 83' lang='lat' dir='ltr'><strong>monasterio</strong></span> <span class='ocrx_word' id='word_1_717' title='bbox 1235 5138 1505 5191; x_wconf 85' lang='lat' dir='ltr'><strong>servatur.</strong></span> <span class='ocrx_word' id='word_1_718' title='bbox 1554 5130 1745 5185; x_wconf 84' lang='lat' dir='ltr'><strong>Sciens</strong></span> <span class='ocrx_word' id='word_1_719' title='bbox 1786 5128 1933 5187; x_wconf 89' lang='lat' dir='ltr'><strong>enim</strong></span> 
     </span>
    </p>
   </div>
   <div class='ocr_carea' id='block_1_97' title="bbox 346 5218 1935 5297">
    <p class='ocr_par' dir='ltr' id='par_1_97' title="bbox 346 5218 1935 5297">
     <span class='ocr_line' id='line_1_97' title="bbox 346 5218 1935 5297; baseline -0.003 -17"><span class='ocrx_word' id='word_1_720' title='bbox 346 5240 509 5296; x_wconf 85' lang='lat' dir='ltr'><strong>quam</strong></span> <span class='ocrx_word' id='word_1_721' title='bbox 557 5224 630 5281; x_wconf 83' lang='lat' dir='ltr'><strong>sit</strong></span> <span class='ocrx_word' id='word_1_722' title='bbox 673 5224 951 5279; x_wconf 85' lang='lat' dir='ltr'><strong>monachis</strong></span> <span class='ocrx_word' id='word_1_723' title='bbox 998 5223 1254 5297; x_wconf 77' lang='lat' dir='ltr'><strong>frequens</strong></span> <span class='ocrx_word' id='word_1_724' title='bbox 1292 5229 1612 5292; x_wconf 89' lang='lat' dir='ltr'><strong>conspectus</strong></span> <span class='ocrx_word' id='word_1_725' title='bbox 1647 5218 1935 5275; x_wconf 85' lang='lat' dir='ltr'><strong>mulierum</strong></span> 
     </span>
    </p>
   </div>
   <div class='ocr_carea' id='block_1_98' title="bbox 347 5312 1938 5388">
    <p class='ocr_par' dir='ltr' id='par_1_98' title="bbox 347 5312 1938 5388">
     <span class='ocr_line' id='line_1_98' title="bbox 347 5312 1938 5388; baseline -0.003 -17"><span class='ocrx_word' id='word_1_726' title='bbox 347 5315 706 5388; x_wconf 86' lang='lat' dir='ltr'><strong>periculosus,</strong></span> <span class='ocrx_word' id='word_1_727' title='bbox 724 5315 827 5373; x_wconf 91' lang='lat' dir='ltr'><strong>illis</strong></span> <span class='ocrx_word' id='word_1_728' title='bbox 846 5317 1079 5373; x_wconf 80' lang='lat' dir='ltr'><strong>maxime</strong></span> <span class='ocrx_word' id='word_1_729' title='bbox 1104 5316 1196 5387; x_wconf 85' lang='lat' dir='ltr'><strong>qui</strong></span> <span class='ocrx_word' id='word_1_730' title='bbox 1218 5314 1465 5384; x_wconf 89' lang='lat' dir='ltr'><strong>juniores</strong></span> <span class='ocrx_word' id='word_1_731' title='bbox 1485 5321 1643 5369; x_wconf 73' lang='lat' dir='ltr'><strong>mtate</strong></span> <span class='ocrx_word' id='word_1_732' title='bbox 1663 5313 1719 5366; x_wconf 90' lang='lat' dir='ltr'><strong>in</strong></span> <span class='ocrx_word' id='word_1_733' title='bbox 1744 5312 1938 5369; x_wconf 89' lang='lat' dir='ltr'><strong>timore</strong></span> 
     </span>
    </p>
   </div>
   <div class='ocr_carea' id='block_1_99' title="bbox 350 5407 1938 5472">
    <p class='ocr_par' dir='ltr' id='par_1_99' title="bbox 350 5407 1938 5472">
     <span class='ocr_line' id='line_1_99' title="bbox 350 5407 1938 5472; baseline -0.003 -7"><span class='ocrx_word' id='word_1_734' title='bbox 350 5408 567 5465; x_wconf 78' lang='lat' dir='ltr'><strong>Domini</strong></span> <span class='ocrx_word' id='word_1_735' title='bbox 597 5411 775 5467; x_wconf 80' lang='lat' dir='ltr'><strong>adhuc</strong></span> <span class='ocrx_word' id='word_1_736' title='bbox 802 5412 980 5466; x_wconf 89' lang='lat' dir='ltr'><strong>minus</strong></span> <span class='ocrx_word' id='word_1_737' title='bbox 1005 5410 1332 5469; x_wconf 81' lang='lat' dir='ltr'><strong>exercitatos</strong></span> <span class='ocrx_word' id='word_1_738' title='bbox 1368 5408 1573 5466; x_wconf 89' lang='lat' dir='ltr'><strong>habent</strong></span> <span class='ocrx_word' id='word_1_739' title='bbox 1599 5423 1822 5472; x_wconf 83' lang='lat' dir='ltr'><strong>sensus,</strong></span> <span class='ocrx_word' id='word_1_740' title='bbox 1873 5407 1938 5461; x_wconf 89' lang='lat' dir='ltr'><strong>de</strong></span> 
     </span>
    </p>
   </div>
   <div class='ocr_carea' id='block_1_100' title="bbox 349 5495 1939 5569">
    <p class='ocr_par' dir='ltr' id='par_1_100' title="bbox 349 5495 1939 5569">
     <span class='ocr_line' id='line_1_100' title="bbox 349 5495 1939 5569; baseline -0.004 -13"><span class='ocrx_word' id='word_1_741' title='bbox 349 5500 580 5556; x_wconf 84' lang='lat' dir='ltr'><strong>consilio</strong></span> <span class='ocrx_word' id='word_1_742' title='bbox 608 5499 891 5556; x_wconf 85' lang='lat' dir='ltr'><strong>duodecim</strong></span> <span class='ocrx_word' id='word_1_743' title='bbox 921 5501 1193 5557; x_wconf 82' lang='lat' dir='ltr'><strong>seniorum</strong></span> <span class='ocrx_word' id='word_1_744' title='bbox 1222 5499 1434 5555; x_wconf 87' lang='lat' dir='ltr'><strong>cunctis</strong></span> <span class='ocrx_word' id='word_1_745' title='bbox 1457 5505 1721 5569; x_wconf 84' lang='lat' dir='ltr'><strong>perpetuo</strong></span> <span class='ocrx_word' id='word_1_746' title='bbox 1744 5495 1939 5551; x_wconf 82' lang='lat' dir='ltr'><strong>mulie-</strong></span> 
     </span>
    </p>
   </div>
   <div class='ocr_carea' id='block_1_101' title="bbox 349 5590 1938 5658">
    <p class='ocr_par' dir='ltr' id='par_1_101' title="bbox 349 5590 1938 5658">
     <span class='ocr_line' id='line_1_101' title="bbox 349 5590 1938 5658; baseline -0.002 -11"><span class='ocrx_word' id='word_1_747' title='bbox 349 5591 506 5650; x_wconf 83' lang='lat' dir='ltr'><strong>ribus</strong></span> <span class='ocrx_word' id='word_1_748' title='bbox 527 5593 595 5649; x_wconf 88' lang='lat' dir='ltr'><strong>ad</strong></span> <span class='ocrx_word' id='word_1_749' title='bbox 622 5594 1008 5650; x_wconf 88' lang='lat' dir='ltr'><strong>monasterium</strong></span> <span class='ocrx_word' id='word_1_750' title='bbox 1031 5595 1310 5651; x_wconf 76' lang='lat' dir='ltr'><strong>interdixit</strong></span> <span class='ocrx_word' id='word_1_751' title='bbox 1330 5606 1628 5649; x_wconf 87' lang='lat' dir='ltr'><strong>accessum.</strong></span> <span class='ocrx_word' id='word_1_752' title='bbox 1662 5590 1792 5658; x_wconf 67' lang='lat' dir='ltr'><strong>Quae</strong></span> <span class='ocrx_word' id='word_1_753' title='bbox 1814 5606 1938 5645; x_wconf 90' lang='lat' dir='ltr'><strong>san-</strong></span> 
     </span>
    </p>
   </div>
   <div class='ocr_carea' id='block_1_102' title="bbox 351 5685 1941 5757">
    <p class='ocr_par' dir='ltr' id='par_1_102' title="bbox 351 5685 1941 5757">
     <span class='ocr_line' id='line_1_102' title="bbox 351 5685 1941 5757; baseline -0.003 -15"><span class='ocrx_word' id='word_1_754' title='bbox 351 5693 439 5743; x_wconf 73' lang='lat' dir='ltr'><strong>eta</strong></span> <span class='ocrx_word' id='word_1_755' title='bbox 462 5687 782 5743; x_wconf 88' lang='lat' dir='ltr'><strong>constitutio</strong></span> <span class='ocrx_word' id='word_1_756' title='bbox 811 5695 871 5740; x_wconf 93' lang='lat' dir='ltr'><strong>ut</strong></span> <span class='ocrx_word' id='word_1_757' title='bbox 897 5685 1060 5741; x_wconf 91' lang='lat' dir='ltr'><strong>robur</strong></span> <span class='ocrx_word' id='word_1_758' title='bbox 1082 5686 1353 5743; x_wconf 85' lang='lat' dir='ltr'><strong>obtineret</strong></span> <span class='ocrx_word' id='word_1_759' title='bbox 1379 5692 1723 5757; x_wconf 87' lang='lat' dir='ltr'><strong>perpetuum,</strong></span> <span class='ocrx_word' id='word_1_760' title='bbox 1763 5690 1941 5738; x_wconf 88' lang='lat' dir='ltr'><strong>trans-</strong></span> 
     </span>
    </p>
   </div>
   <div class='ocr_carea' id='block_1_103' title="bbox 353 5770 1938 5846">
    <p class='ocr_par' dir='ltr' id='par_1_103' title="bbox 353 5770 1938 5846">
     <span class='ocr_line' id='line_1_103' title="bbox 353 5770 1938 5846; baseline -0.003 -15"><span class='ocrx_word' id='word_1_761' title='bbox 353 5770 493 5832; x_wconf 79' lang='lat' dir='ltr'><strong>itum</strong></span> <span class='ocrx_word' id='word_1_762' title='bbox 526 5774 763 5833; x_wconf 82' lang='lat' dir='ltr'><strong>femineo</strong></span> <span class='ocrx_word' id='word_1_763' title='bbox 800 5777 952 5833; x_wconf 87' lang='lat' dir='ltr'><strong>sexui</strong></span> <span class='ocrx_word' id='word_1_764' title='bbox 979 5791 1077 5846; x_wconf 86' lang='lat' dir='ltr'><strong>per</strong></span> <span class='ocrx_word' id='word_1_765' title='bbox 1116 5776 1486 5846; x_wconf 68' lang='lat' dir='ltr'><strong>aquilonalem</strong></span> <span class='ocrx_word' id='word_1_766' title='bbox 1518 5775 1668 5837; x_wconf 85' lang='lat' dir='ltr'><strong>urbis</strong></span> <span class='ocrx_word' id='word_1_767' title='bbox 1694 5781 1938 5845; x_wconf 87' lang='lat' dir='ltr'><strong>portam,</strong></span> 
     </span>
    </p>
   </div>
   <div class='ocr_carea' id='block_1_104' title="bbox 2038 4738 3624 4816">
    <p class='ocr_par' dir='ltr' id='par_1_104' title="bbox 2038 4738 3624 4816">
     <span class='ocr_line' id='line_1_104' title="bbox 2038 4738 3624 4816; baseline -0.011 -6"><span class='ocrx_word' id='word_1_768' title='bbox 2038 4756 2167 4810; x_wconf 89' lang='lat' dir='ltr'><strong>tiam</strong></span> <span class='ocrx_word' id='word_1_769' title='bbox 2196 4753 2279 4807; x_wconf 91' lang='lat' dir='ltr'><strong>vel</strong></span> <span class='ocrx_word' id='word_1_770' title='bbox 2304 4752 2720 4807; x_wconf 64' lang='lat' dir='ltr'><strong>aestimationem</strong></span> <span class='ocrx_word' id='word_1_771' title='bbox 2751 4745 2922 4802; x_wconf 91' lang='lat' dir='ltr'><strong>oculis</strong></span> <span class='ocrx_word' id='word_1_772' title='bbox 2951 4744 3202 4816; x_wconf 91' lang='lat' dir='ltr'><strong>propriis.</strong></span> <span class='ocrx_word' id='word_1_773' title='bbox 3235 4741 3372 4797; x_wconf 81' lang='lat' dir='ltr'><strong>Hinc</strong></span> <span class='ocrx_word' id='word_1_774' title='bbox 3397 4740 3457 4795; x_wconf 82' lang='lat' dir='ltr'><strong>fit</strong></span> <span class='ocrx_word' id='word_1_775' title='bbox 3483 4738 3624 4808; x_wconf 87' lang='lat' dir='ltr'><strong>inju-</strong></span> 
     </span>
    </p>
   </div>
   <div class='ocr_carea' id='block_1_105' title="bbox 2034 4834 3623 4913">
    <p class='ocr_par' dir='ltr' id='par_1_105' title="bbox 2034 4834 3623 4913">
     <span class='ocr_line' id='line_1_105' title="bbox 2034 4834 3623 4913; baseline -0.011 -11"><span class='ocrx_word' id='word_1_776' title='bbox 2034 4845 2117 4902; x_wconf 90' lang='lat' dir='ltr'><strong>ria</strong></span> <span class='ocrx_word' id='word_1_777' title='bbox 2144 4843 2351 4909; x_wconf 89' lang='lat' dir='ltr'><strong>mnltis,</strong></span> <span class='ocrx_word' id='word_1_778' title='bbox 2373 4842 2465 4913; x_wconf 87' lang='lat' dir='ltr'><strong>qui</strong></span> <span class='ocrx_word' id='word_1_779' title='bbox 2488 4855 2681 4912; x_wconf 86' lang='lat' dir='ltr'><strong>magna</strong></span> <span class='ocrx_word' id='word_1_780' title='bbox 2711 4837 2959 4895; x_wconf 90' lang='lat' dir='ltr'><strong>fecerunt</strong></span> <span class='ocrx_word' id='word_1_781' title='bbox 2984 4837 3039 4892; x_wconf 92' lang='lat' dir='ltr'><strong>in</strong></span> <span class='ocrx_word' id='word_1_782' title='bbox 3063 4837 3167 4891; x_wconf 87' lang='lat' dir='ltr'><strong>hoc</strong></span> <span class='ocrx_word' id='word_1_783' title='bbox 3188 4834 3389 4891; x_wconf 86' lang='lat' dir='ltr'><strong>mundo</strong></span> <span class='ocrx_word' id='word_1_784' title='bbox 3419 4840 3623 4901; x_wconf 86' lang='lat' dir='ltr'><strong>tempo-</strong></span> 
     </span>
    </p>
   </div>
   <div class='ocr_carea' id='block_1_106' title="bbox 2034 4925 3621 5006">
    <p class='ocr_par' dir='ltr' id='par_1_106' title="bbox 2034 4925 3621 5006">
     <span class='ocr_line' id='line_1_106' title="bbox 2034 4925 3621 5006; baseline -0.011 -9"><span class='ocrx_word' id='word_1_785' title='bbox 2034 4941 2185 4998; x_wconf 88' lang='lat' dir='ltr'><strong>ribus</strong></span> <span class='ocrx_word' id='word_1_786' title='bbox 2204 4938 2338 5005; x_wconf 85' lang='lat' dir='ltr'><strong>suis,</strong></span> <span class='ocrx_word' id='word_1_787' title='bbox 2364 4945 2419 4992; x_wconf 89' lang='lat' dir='ltr'><strong>et</strong></span> <span class='ocrx_word' id='word_1_788' title='bbox 2444 4935 2766 5006; x_wconf 88' lang='lat' dir='ltr'><strong>scriptorum</strong></span> <span class='ocrx_word' id='word_1_789' title='bbox 2789 4933 2875 4988; x_wconf 90' lang='lat' dir='ltr'><strong>vel</strong></span> <span class='ocrx_word' id='word_1_790' title='bbox 2898 4930 3145 5003; x_wconf 84' lang='lat' dir='ltr'><strong>penuria,</strong></span> <span class='ocrx_word' id='word_1_791' title='bbox 3170 4929 3256 4984; x_wconf 88' lang='lat' dir='ltr'><strong>vel</strong></span> <span class='ocrx_word' id='word_1_792' title='bbox 3277 4925 3621 4996; x_wconf 83' lang='lat' dir='ltr'><strong>negligentia,</strong></span> 
     </span>
    </p>
   </div>
   <div class='ocr_carea' id='block_1_107' title="bbox 2036 5015 3625 5100">
    <p class='ocr_par' dir='ltr' id='par_1_107' title="bbox 2036 5015 3625 5100">
     <span class='ocr_line' id='line_1_107' title="bbox 2036 5015 3625 5100; baseline -0.014 -9"><span class='ocrx_word' id='word_1_793' title='bbox 2036 5034 2265 5099; x_wconf 90' lang='lat' dir='ltr'><strong>nullam,</strong></span> <span class='ocrx_word' id='word_1_794' title='bbox 2301 5037 2394 5086; x_wconf 90' lang='lat' dir='ltr'><strong>aut</strong></span> <span class='ocrx_word' id='word_1_795' title='bbox 2425 5042 2669 5100; x_wconf 89' lang='lat' dir='ltr'><strong>parvam,</strong></span> <span class='ocrx_word' id='word_1_796' title='bbox 2707 5028 2848 5098; x_wconf 89' lang='lat' dir='ltr'><strong>apud</strong></span> <span class='ocrx_word' id='word_1_797' title='bbox 2875 5022 3243 5096; x_wconf 86' lang='lat' dir='ltr'><strong>posteritatem</strong></span> <span class='ocrx_word' id='word_1_798' title='bbox 3265 5060 3278 5085; x_wconf 93' lang='lat'><strong>,</strong></span> <span class='ocrx_word' id='word_1_799' title='bbox 3308 5015 3625 5072; x_wconf 86' lang='lat' dir='ltr'><strong>memoriam</strong></span> 
     </span>
    </p>
   </div>
   <div class='ocr_carea' id='block_1_108' title="bbox 2038 5106 3622 5184">
    <p class='ocr_par' dir='ltr' id='par_1_108' title="bbox 2038 5106 3622 5184">
     <span class='ocr_line' id='line_1_108' title="bbox 2038 5106 3622 5184; baseline -0.013 -2"><span class='ocrx_word' id='word_1_800' title='bbox 2038 5134 2166 5184; x_wconf 86' lang='lat' dir='ltr'><strong>sunt</strong></span> <span class='ocrx_word' id='word_1_801' title='bbox 2191 5121 2488 5179; x_wconf 87' lang='lat' dir='ltr'><strong>consecuti.</strong></span> <span class='ocrx_word' id='word_1_802' title='bbox 2530 5118 2624 5175; x_wconf 91' lang='lat' dir='ltr'><strong>Sic</strong></span> <span class='ocrx_word' id='word_1_803' title='bbox 2666 5117 2954 5182; x_wconf 81' lang='lat' dir='ltr'><strong>Rabanus,</strong></span> <span class='ocrx_word' id='word_1_804' title='bbox 3004 5109 3380 5167; x_wconf 88' lang='lat' dir='ltr'><strong>sanctissimus</strong></span> <span class='ocrx_word' id='word_1_805' title='bbox 3424 5106 3622 5172; x_wconf 88' lang='lat' dir='ltr'><strong>abbas,</strong></span> 
     </span>
    </p>
   </div>
   <div class='ocr_carea' id='block_1_109' title="bbox 2038 5205 3627 5287">
    <p class='ocr_par' dir='ltr' id='par_1_109' title="bbox 2038 5205 3627 5287">
     <span class='ocr_line' id='line_1_109' title="bbox 2038 5205 3627 5287; baseline -0.013 -16"><span class='ocrx_word' id='word_1_806' title='bbox 2038 5229 2264 5287; x_wconf 87' lang='lat' dir='ltr'><strong>magnas</strong></span> <span class='ocrx_word' id='word_1_807' title='bbox 2294 5212 2423 5267; x_wconf 86' lang='lat' dir='ltr'><strong>fecit</strong></span> <span class='ocrx_word' id='word_1_808' title='bbox 2455 5212 2508 5265; x_wconf 92' lang='lat' dir='ltr'><strong>in</strong></span> <span class='ocrx_word' id='word_1_809' title='bbox 2536 5209 2729 5264; x_wconf 89' lang='lat' dir='ltr'><strong>diebus</strong></span> <span class='ocrx_word' id='word_1_810' title='bbox 2748 5206 2862 5263; x_wconf 89' lang='lat' dir='ltr'><strong>suis</strong></span> <span class='ocrx_word' id='word_1_811' title='bbox 2893 5205 3146 5265; x_wconf 87' lang='lat' dir='ltr'><strong>virtutes,</strong></span> <span class='ocrx_word' id='word_1_812' title='bbox 3169 5214 3269 5254; x_wconf 88' lang='lat' dir='ltr'><strong>nec</strong></span> <span class='ocrx_word' id='word_1_813' title='bbox 3290 5207 3473 5254; x_wconf 90' lang='lat' dir='ltr'><strong>tamen</strong></span> <span class='ocrx_word' id='word_1_814' title='bbox 3497 5212 3627 5252; x_wconf 77' lang='lat' dir='ltr'><strong>con-</strong></span> 
     </span>
    </p>
   </div>
   <div class='ocr_carea' id='block_1_110' title="bbox 2041 5290 3622 5382">
    <p class='ocr_par' dir='ltr' id='par_1_110' title="bbox 2041 5290 3622 5382">
     <span class='ocr_line' id='line_1_110' title="bbox 2041 5290 3622 5382; baseline -0.015 -15"><span class='ocrx_word' id='word_1_815' title='bbox 2041 5311 2257 5382; x_wconf 83' lang='lat' dir='ltr'><strong>dignam</strong></span> <span class='ocrx_word' id='word_1_816' title='bbox 2306 5305 2517 5362; x_wconf 88' lang='lat' dir='ltr'><strong>meritis</strong></span> <span class='ocrx_word' id='word_1_817' title='bbox 2557 5321 2586 5358; x_wconf 92' lang='lat' dir='ltr'><strong>a</strong></span> <span class='ocrx_word' id='word_1_818' title='bbox 2638 5298 2993 5371; x_wconf 77' lang='lat' dir='ltr'><strong>scriptoribus</strong></span> <span class='ocrx_word' id='word_1_819' title='bbox 3037 5294 3244 5364; x_wconf 86' lang='lat' dir='ltr'><strong>accepit</strong></span> <span class='ocrx_word' id='word_1_820' title='bbox 3284 5290 3622 5347; x_wconf 85' lang='lat' dir='ltr'><strong>memoriam.</strong></span> 
     </span>
    </p>
   </div>
   <div class='ocr_carea' id='block_1_111' title="bbox 2041 5383 3625 5465">
    <p class='ocr_par' dir='ltr' id='par_1_111' title="bbox 2041 5383 3625 5465">
     <span class='ocr_line' id='line_1_111' title="bbox 2041 5383 3625 5465; baseline -0.012 -9"><span class='ocrx_word' id='word_1_821' title='bbox 2041 5400 2229 5455; x_wconf 82' lang='lat' dir='ltr'><strong>Refert</strong></span> <span class='ocrx_word' id='word_1_822' title='bbox 2255 5399 2401 5453; x_wconf 89' lang='lat' dir='ltr'><strong>enim</strong></span> <span class='ocrx_word' id='word_1_823' title='bbox 2427 5394 2767 5465; x_wconf 88' lang='lat' dir='ltr'><strong>supradictus</strong></span> <span class='ocrx_word' id='word_1_824' title='bbox 2801 5395 3012 5453; x_wconf 88' lang='lat' dir='ltr'><strong>auctor,</strong></span> <span class='ocrx_word' id='word_1_825' title='bbox 3043 5383 3413 5457; x_wconf 85' lang='lat' dir='ltr'><strong>Meginfridus,</strong></span> <span class='ocrx_word' id='word_1_826' title='bbox 3441 5384 3495 5437; x_wconf 91' lang='lat' dir='ltr'><strong>in</strong></span> <span class='ocrx_word' id='word_1_827' title='bbox 3528 5398 3625 5438; x_wconf 83' lang='lat' dir='ltr'><strong>vo-</strong></span> 
     </span>
    </p>
   </div>
   <div class='ocr_carea' id='block_1_112' title="bbox 2039 5475 3622 5559">
    <p class='ocr_par' dir='ltr' id='par_1_112' title="bbox 2039 5475 3622 5559">
     <span class='ocr_line' id='line_1_112' title="bbox 2039 5475 3622 5559; baseline -0.013 -12"><span class='ocrx_word' id='word_1_828' title='bbox 2039 5491 2243 5547; x_wconf 88' lang='lat' dir='ltr'><strong>lumine</strong></span> <span class='ocrx_word' id='word_1_829' title='bbox 2270 5491 2334 5546; x_wconf 89' lang='lat' dir='ltr'><strong>de</strong></span> <span class='ocrx_word' id='word_1_830' title='bbox 2360 5487 2716 5559; x_wconf 87' lang='lat' dir='ltr'><strong>Temporibus</strong></span> <span class='ocrx_word' id='word_1_831' title='bbox 2747 5480 2952 5551; x_wconf 70' lang='lat' dir='ltr'><strong>gratim,</strong></span> <span class='ocrx_word' id='word_1_832' title='bbox 2979 5477 3262 5534; x_wconf 76' lang='lat' dir='ltr'><strong>Rabanum</strong></span> <span class='ocrx_word' id='word_1_833' title='bbox 3289 5477 3462 5541; x_wconf 86' lang='lat' dir='ltr'><strong>hunc,</strong></span> <span class='ocrx_word' id='word_1_834' title='bbox 3488 5475 3622 5529; x_wconf 87' lang='lat' dir='ltr'><strong>bea-</strong></span> 
     </span>
    </p>
   </div>
   <div class='ocr_carea' id='block_1_113' title="bbox 2042 5568 3628 5643">
    <p class='ocr_par' dir='ltr' id='par_1_113' title="bbox 2042 5568 3628 5643">
     <span class='ocr_line' id='line_1_113' title="bbox 2042 5568 3628 5643; baseline -0.011 -4"><span class='ocrx_word' id='word_1_835' title='bbox 2042 5584 2314 5641; x_wconf 85' lang='lat' dir='ltr'><strong>tissimum</strong></span> <span class='ocrx_word' id='word_1_836' title='bbox 2348 5582 2622 5643; x_wconf 81' lang='lat' dir='ltr'><strong>abbatem,</strong></span> <span class='ocrx_word' id='word_1_837' title='bbox 2650 5574 2762 5632; x_wconf 91' lang='lat' dir='ltr'><strong>suis</strong></span> <span class='ocrx_word' id='word_1_838' title='bbox 2795 5572 2862 5628; x_wconf 90' lang='lat' dir='ltr'><strong>ad</strong></span> <span class='ocrx_word' id='word_1_839' title='bbox 2889 5572 3058 5630; x_wconf 90' lang='lat' dir='ltr'><strong>Deum</strong></span> <span class='ocrx_word' id='word_1_840' title='bbox 3098 5568 3431 5626; x_wconf 90' lang='lat' dir='ltr'><strong>orationibus</strong></span> <span class='ocrx_word' id='word_1_841' title='bbox 3456 5582 3628 5623; x_wconf 66' lang='lat' dir='ltr'><strong>caecos</strong></span> 
     </span>
    </p>
   </div>
   <div class='ocr_carea' id='block_1_114' title="bbox 2046 5661 3628 5741">
    <p class='ocr_par' dir='ltr' id='par_1_114' title="bbox 2046 5661 3628 5741">
     <span class='ocr_line' id='line_1_114' title="bbox 2046 5661 3628 5741; baseline -0.013 -8"><span class='ocrx_word' id='word_1_842' title='bbox 2046 5678 2383 5734; x_wconf 87' lang='lat' dir='ltr'><strong>illuminasse</strong></span> <span class='ocrx_word' id='word_1_843' title='bbox 2438 5675 2590 5737; x_wconf 84' lang='lat' dir='ltr'><strong>duos,</strong></span> <span class='ocrx_word' id='word_1_844' title='bbox 2622 5668 2842 5724; x_wconf 86' lang='lat' dir='ltr'><strong>claudos</strong></span> <span class='ocrx_word' id='word_1_845' title='bbox 2878 5666 3154 5741; x_wconf 84' lang='lat' dir='ltr'><strong>gressibus</strong></span> <span class='ocrx_word' id='word_1_846' title='bbox 3182 5661 3451 5718; x_wconf 82' lang='lat' dir='ltr'><strong>formasse</strong></span> <span class='ocrx_word' id='word_1_847' title='bbox 3497 5675 3628 5729; x_wconf 88' lang='lat' dir='ltr'><strong>qua-</strong></span> 
     </span>
    </p>
   </div>
   <div class='ocr_carea' id='block_1_115' title="bbox 2049 5751 3632 5836">
    <p class='ocr_par' dir='ltr' id='par_1_115' title="bbox 2049 5751 3632 5836">
     <span class='ocr_line' id='line_1_115' title="bbox 2049 5751 3632 5836; baseline -0.013 -9"><span class='ocrx_word' id='word_1_848' title='bbox 2049 5780 2208 5836; x_wconf 90' lang='lat' dir='ltr'><strong>tuor,</strong></span> <span class='ocrx_word' id='word_1_849' title='bbox 2237 5770 2303 5825; x_wconf 89' lang='lat' dir='ltr'><strong>de</strong></span> <span class='ocrx_word' id='word_1_850' title='bbox 2345 5764 2599 5824; x_wconf 88' lang='lat' dir='ltr'><strong>humanis</strong></span> <span class='ocrx_word' id='word_1_851' title='bbox 2638 5761 2803 5819; x_wconf 88' lang='lat' dir='ltr'><strong>etiam</strong></span> <span class='ocrx_word' id='word_1_852' title='bbox 2831 5759 3150 5832; x_wconf 87' lang='lat' dir='ltr'><strong>corporibus</strong></span> <span class='ocrx_word' id='word_1_853' title='bbox 3187 5754 3370 5828; x_wconf 86' lang='lat' dir='ltr'><strong>plures</strong></span> <span class='ocrx_word' id='word_1_854' title='bbox 3407 5751 3632 5821; x_wconf 87' lang='lat' dir='ltr'><strong>ejecisse</strong></span> 
     </span>
    </p>
   </div>
   <div class='ocr_carea' id='block_1_116' title="bbox 358 5844 3630 5947">
    <p class='ocr_par' dir='ltr' id='par_1_116' title="bbox 358 5844 3630 5947">
     <span class='ocr_line' id='line_1_116' title="bbox 358 5844 3630 5947; baseline -0.01 -13"><span class='ocrx_word' id='word_1_855' title='bbox 358 5877 515 5933; x_wconf 69' lang='lat' dir='ltr'><strong>extra</strong></span> <span class='ocrx_word' id='word_1_856' title='bbox 551 5886 715 5947; x_wconf 85' lang='lat' dir='ltr'><strong>quam</strong></span> <span class='ocrx_word' id='word_1_857' title='bbox 743 5872 907 5930; x_wconf 88' lang='lat' dir='ltr'><strong>situm</strong></span> <span class='ocrx_word' id='word_1_858' title='bbox 942 5844 1028 5931; x_wconf 76' lang='lat' dir='ltr'><strong>est</strong></span> <span class='ocrx_word' id='word_1_859' title='bbox 1060 5844 1480 5940; x_wconf 83' lang='lat' dir='ltr'><strong>monasterium,</strong></span> <span class='ocrx_word' id='word_1_860' title='bbox 1521 5876 1782 5947; x_wconf 82' lang='lat' dir='ltr'><strong>perpetua</strong></span> <span class='ocrx_word' id='word_1_861' title='bbox 1818 5881 1945 5932; x_wconf 85' lang='lat' dir='ltr'><strong>san-</strong></span> <span class='ocrx_word' id='word_1_862' title='bbox 2052 5866 2349 5939; x_wconf 77' lang='lat' dir='ltr'><strong>daemones,</strong></span> <span class='ocrx_word' id='word_1_863' title='bbox 2374 5869 2430 5920; x_wconf 89' lang='lat' dir='ltr'><strong>et</strong></span> <span class='ocrx_word' id='word_1_864' title='bbox 2448 5858 2634 5933; x_wconf 84' lang='lat' dir='ltr'><strong>multis</strong></span> <span class='ocrx_word' id='word_1_865' title='bbox 2656 5857 2777 5917; x_wconf 78' lang='lat' dir='ltr'><strong>aliis</strong></span> <span class='ocrx_word' id='word_1_866' title='bbox 2794 5855 3058 5914; x_wconf 85' lang='lat' dir='ltr'><strong>claruisse</strong></span> <span class='ocrx_word' id='word_1_867' title='bbox 3077 5847 3370 5910; x_wconf 73' lang='lat' dir='ltr'><strong>miraculis.</strong></span> <span class='ocrx_word' id='word_1_868' title='bbox 3396 5844 3503 5905; x_wconf 74' lang='lat' dir='ltr'><strong>Sed</strong></span> <span class='ocrx_word' id='word_1_869' title='bbox 3523 5859 3630 5914; x_wconf 87' lang='lat' dir='ltr'><strong>quo</strong></span> 
     </span>
    </p>
   </div>
  </div>
