4016 6466
405 400 476 458 95
1537 391 1631 447 AD
1667 386 1899 448 OPERA
1936 384 1998 442 Β.
2038 381 2300 442 RABANI
2334 380 2557 443 MAURI
3608 380 3687 442 96

403 514 520 570 haec
549 511 692 568 facta
718 511 829 569 sint
855 510 1063 576 ordine,
1084 521 1197 566 non
1220 508 1354 565 satis
1378 505 1678 563 luculenter
1700 501 1984 574 expressit,
2014 510 2068 574 Α
2089 501 2186 568 tia,
2218 499 2472 572 precibus
2499 512 2742 555 annuens
2772 496 3124 570 supplicantis
3142 538 3158 565 ,
3196 496 3520 556 Lutbertum
3548 497 3683 556 Hir-

401 617 688 678 propterea
722 617 903 662 tamen
926 605 993 661 de
1020 603 1307 660 sanctitate
1332 600 1474 657 illius
1498 598 1851 655 dubitandum
1876 610 1986 652 non

402 705 507 762 est,
533 696 680 767 quod
702 697 870 752 vitam
894 693 1011 765 ejus
1033 710 1144 752 non
1167 692 1471 749 invenimus
1492 704 1560 746 ex
1584 689 1776 745 ordine
1795 687 1866 743 ab
1891 702 1987 743 an-

402 787 570 858 tiquis
611 787 999 858 compositam,
1047 802 1173 844 cum
1215 784 1411 844 similia
1451 784 1636 841 multis
1673 790 1988 841 sanctorum

401 879 721 935 acciderint.

472 970 676 1028 Verum
703 970 751 1027 si
782 970 906 1043 quis
932 972 999 1028 de
1024 970 1186 1042 hujus
1210 968 1315 1025 viri
1341 968 1700 1026 sanctimonia
1740 968 1985 1035 dubitat,

399 1061 589 1131 libros,
626 1079 765 1135 quos
808 1078 1005 1135 magno
1042 1063 1231 1143 labore
1266 1063 1540 1133 quondam
1566 1061 1767 1128 edidit,
1814 1068 1989 1117 atten-

397 1154 508 1211 tius
535 1157 795 1213 revolvat.
817 1155 1034 1229 Optima
1055 1157 1294 1227 scripsit,
1310 1156 1566 1228 quoniam
1588 1154 1773 1211 divino
1793 1156 1989 1227 spiritu

399 1247 725 1315 illustratus,
785 1265 956 1320 pure,
1016 1259 1204 1306 sancte
1248 1258 1304 1305 et
1345 1249 1891 1319 irreprehensibiliter
1929 1249 1988 1305 in

397 1339 576 1395 medio
600 1354 784 1410 pravae
807 1341 1042 1397 nationis
1070 1341 1222 1397 vixit.
1264 1340 1376 1397 Nec
1402 1341 1559 1396 aliter
1579 1342 1762 1397 vivere
1780 1344 1986 1413 potuit,

395 1432 487 1501 qni
538 1441 647 1490 tam
691 1443 879 1489 sancta
907 1435 1090 1491 docuit
1122 1444 1179 1491 et
1219 1435 1460 1506 scripsit.
1497 1434 1634 1489 Nam
1676 1450 1799 1490 cum
1843 1444 1989 1492 esset

397 1524 600 1581 ardens
621 1526 676 1581 in
709 1527 892 1583 divino
921 1542 1128 1594 amore,
1158 1527 1364 1583 nullum
1393 1528 1510 1583 sine
1535 1527 1804 1598 spirituali
1832 1541 1989 1584 exer-

395 1616 526 1671 citio
555 1626 768 1690 tempus
790 1621 1071 1690 praeteriit,
1093 1621 1290 1691 quippe
1321 1622 1413 1691 qui
1447 1636 1506 1677 se
1542 1629 1717 1677 totum
1744 1621 1841 1677 Dei
1866 1635 1986 1677 ser-

394 1707 526 1763 vit-io
553 1712 905 1782 mancipavit.
938 1712 1094 1784 Legit
1120 1713 1297 1781 utilia,
1328 1714 1548 1784 scripsit
1571 1722 1780 1781 sancta,
1804 1714 1989 1769 docuit

392 1806 560 1862 recta,
585 1801 914 1868 operabatur
939 1801 1199 1868 coelestia,
1230 1810 1286 1858 et
1307 1804 1424 1859 sine
1447 1804 1850 1860 intermissione
1871 1819 1984 1861 me-

2090 592 2292 663 saugiae
2317 592 2553 662 primum
2588 590 2839 648 abbatem
2864 591 3163 665 constituit,
3195 591 3284 648 cui
3314 593 3381 648 de
3400 594 3531 659 suis,
3565 608 3685 650 mo-

2089 683 2295 740 nachos
2328 683 2387 740 in
2410 683 2559 740 omni
2590 683 2849 755 religione
2871 681 3139 754 perfectos
3174 683 3494 751 monastica,
3523 685 3685 756 quin-

2090 777 2268 833 decim
2307 791 2536 832 numero
2579 774 2880 845 conjunxit.
2923 773 3008 830 Ad
3031 774 3419 832 monasterium
3462 789 3683 847 quoque

2088 865 2252 923 Nova:
2275 866 2584 934 Corbeiazb,
2599 866 2743 937 quod
2760 865 2818 921 in
2840 862 3109 922 Saxonica
3129 866 3370 937 regione,
3390 882 3512 937 quae
3532 882 3683 924 nunc

2090 959 2405 1031 Westgallia
2434 972 2456 1001 ε
2491 968 2851 1032 nuncupatur,
2880 959 3097 1016 fundari
3122 959 3309 1030 erepit,
3332 975 3475 1015 anno
3496 961 3686 1017 Domi-

2089 1059 2228 1114 nicae
2268 1057 2568 1113 nativitatis
2610 1055 3059 1128 octingentesimo
3093 1054 3593 1110 vicesimosecundo
3621 1054 3679 1121 ἀ,

2092 1150 2384 1207 indictione
2430 1149 2803 1206 Romanorum
2849 1147 3039 1217 quinta
3085 1146 3293 1203 decima
3316 1186 3332 1213 ,
3381 1145 3684 1202 monachos

2089 1255 2275 1315 postea
2301 1249 2704 1300 consummatos
2734 1240 3046 1307 destinavit,
3078 1238 3226 1295 viros
3253 1238 3495 1295 eruditos
3515 1245 3683 1308 atque

2091 1337 2484 1401 sanctissimos,
2521 1334 2665 1390 inter
2712 1348 2847 1404 quos
2902 1338 3123 1388 sanctus
3161 1329 3446 1395 Altfridus,
3489 1338 3682 1401 postea

2090 1437 2315 1502 quartus
2339 1430 2393 1484 in
2419 1426 2768 1484 Hildelsbeim
2804 1424 3080 1497 pontifex,
3121 1438 3261 1479 unus
3292 1422 3538 1479 exstitit:
3580 1436 3684 1492 per

2090 1537 2251 1593 quem
2272 1521 2416 1578 Deus
2446 1521 2613 1576 multa
2649 1520 2803 1592 signa
2847 1526 2902 1575 et
2941 1515 3200 1573 miracula
3227 1514 3475 1571 ﬁdelibus
3497 1521 3684 1570 osten-

2089 1614 2188 1669 dit.
2214 1615 2297 1669 Ad
2334 1614 2438 1668 alia
2463 1628 2677 1684 quoque
2708 1614 2866 1683 plura
2903 1610 3178 1675 cmnobia,
3218 1623 3284 1664 eo
3315 1619 3555 1678 tempore
3581 1622 3685 1663 no—

2086 1706 2227 1764 viter
2249 1715 2581 1773 constructa,
2612 1706 2806 1761 beatus
2831 1704 2990 1759 Pater
3016 1701 3239 1757 abbates
3279 1700 3427 1755 misit
3462 1706 3518 1753 et
3555 1713 3682 1754 nio-

2087 1796 2312 1863 nachos,
2328 1810 2561 1867 quorum
2581 1794 2796 1849 nomina
2818 1790 3100 1848 brevitatis
3120 1803 3306 1846 amore
3325 1786 3542 1843 silentio
3558 1799 3685 1856 per-

393 1889 668 1947 ditabatur
704 1894 906 1950 divina.
953 1894 1082 1951 Hzec
1123 1895 1274 1951 illum
1318 1905 1508 1953 sancta
1534 1898 1898 1965 conversatio,
1926 1909 1982 1955 et

2093 1889 2457 1955 transivimus,
2483 1896 2546 1944 ut
2569 1897 2702 1959 pote
2724 1887 2817 1960 qui
2842 1887 2912 1944 ad
2944 1885 3109 1942 ﬁnem
3150 1882 3391 1940 historiae
3434 1881 3678 1936 rationa—

391 1984 545 2040 nobis
571 1987 766 2043 merito
791 1990 1157 2045 venerabilem
1182 1990 1311 2046 fecit
1335 1992 1393 2047 in
1419 1992 1606 2058 terris,
1629 2001 1688 2048 et
1711 2009 1835 2050 cum
1858 2009 1983 2051 san-

390 2075 495 2130 ctis
525 2076 621 2132 Dei
648 2078 900 2135 omnibus
943 2080 1238 2151 gloriosum
1280 2082 1514 2139 reddidit
1555 2085 1612 2140 in
1658 2085 1831 2144 caelis.
1871 2088 1984 2144 Deo

385 2162 601 2234 juvenis
629 2167 686 2223 in
712 2172 1042 2227 monasterio
1078 2172 1244 2244 coepit
1275 2175 1492 2243 vivere,
1534 2191 1600 2232 ac
1638 2177 1778 2236 bene
1805 2188 1983 2251 empta

390 2255 622 2315 ﬁdeliter
649 2276 822 2332 usque
839 2264 907 2319 ad
926 2273 1158 2321 mortem
1181 2267 1541 2325 continuavit.
1563 2270 1861 2329 Monachus
1879 2271 1985 2328 fuit

388 2346 671 2420 innocens,
701 2355 869 2412 abbas
905 2358 962 2413 in
987 2358 1100 2415 Deo
1123 2373 1339 2431 semper
1359 2361 1681 2432 proﬁciens,
1711 2366 1983 2438 archiepi-

388 2453 589 2512 scopus
612 2443 757 2502 inter
778 2448 1064 2517 praefectos
1098 2451 1386 2519 excellens,
1423 2452 1680 2511 fraternae
1700 2456 1982 2516 charitatis

388 2543 599 2591 amator
633 2545 689 2592 et
726 2541 906 2595 cultor
932 2540 1366 2602 ferventissimus
1398 2547 1625 2614 exstitit,
1656 2557 1711 2604 et
1749 2550 1980 2608 salutem

390 2626 632 2682 omnium
676 2630 1071 2689 studiosissime
1124 2637 1393 2705 quaesivit.
1451 2637 1601 2695 Unde
1649 2641 1766 2698 zelo
1811 2644 1980 2701 divini

389 2720 592 2776 amoris
619 2736 904 2793 accensus,
934 2726 1120 2785 multis
1144 2730 1438 2799 coenobiis,
1475 2748 1597 2803 quae
1636 2741 1764 2790 tunc
1791 2734 1982 2792 funda-

390 2807 591 2864 bantur
617 2811 683 2867 de
706 2828 872 2883 novo,
900 2824 955 2872 et
983 2819 1278 2876 monachos
1301 2835 1371 2876 ex
1409 2822 1523 2878 suis
1552 2822 1699 2881 dedit
1731 2834 1977 2900 rogatus,

389 2908 444 2955 et
472 2901 716 2960 doctrina
736 2908 1030 2977 praeclaros
1057 2912 1300 2971 abbates.
1326 2914 1656 2977 lnﬁrmiores
1697 2938 1942 2994 quosque
1961 2966 1978 2993 ,

389 3001 446 3048 et
468 2994 647 3053 minus
671 2996 728 3053 in
750 2998 1096 3058 observantia
1120 3005 1358 3077 regulari
1387 3008 1597 3067 zelosos
1617 3019 1779 3084 atque
1800 3014 1981 3086 perfe-

388 3095 527 3181 ctos,
555 3089 610 3145 in
642 3095 970 3152 monasterio
1002 3111 1185 3154 secum
1219 3100 1478 3169 detinuit,
1506 3113 1561 3160 et
1588 3107 1689 3162 sub
1712 3107 1868 3181 virga
1892 3109 1979 3165 di-

388 3180 628 3251 sciplinte
646 3185 714 3240 ad
736 3186 961 3243 meliora
986 3189 1226 3259 quotidie
1249 3194 1570 3263 compellere
1590 3212 1698 3252 non
1722 3180 1976 3257 cessavit.

2088 1984 2270 2040 biliter
2297 1982 2637 2040 festinamus.

2160 2079 2295 2136 Cum
2343 2081 2527 2150 itaque
2569 2075 3055 2134 reverendissimus
3103 2072 3272 2130 abbas
3320 2070 3577 2126 Rabanus
3621 2068 3682 2124 in

2072 2153 2204 2245 'lege
2229 2172 2530 2230 monastica
2557 2167 3107 2241 irreprehensibiliter
3133 2166 3361 2229 viveret,
3393 2172 3448 2219 et
3477 2160 3682 2217 multos

2086 2267 2255 2324 verbo
2277 2276 2334 2323 et
2356 2264 2604 2335 exemplo
2628 2263 2696 2319 ad
2715 2260 2984 2334 justitiam
3018 2257 3279 2324 erudiret,
3303 2255 3456 2311 srevit
3476 2255 3531 2309 in
3551 2267 3683 2309 eum

2090 2360 2257 2415 totius
2284 2358 2413 2414 boni
2441 2355 2806 2421 adversarius,
2836 2361 2893 2409 et
2920 2351 3087 2407 variis
3116 2348 3293 2405 modis
3333 2346 3438 2401 viri
3474 2358 3683 2417 propo-

2088 2453 2252 2510 situm
2275 2463 2553 2515 enervare,
2579 2448 2901 2519 penitusque
2929 2442 3246 2499 subvertere
3282 2436 3599 2503 laborabat,
3624 2440 3684 2492 et

2087 2542 2273 2599 multis
2296 2541 2570 2610 variisque
2593 2536 2820 2594 nocendi
2847 2533 3041 2590 mediis
3070 2533 3251 2588 virum
3290 2536 3537 2585 sanctum
3577 2540 3676 2598 ag-

2088 2647 2327 2705 gressus,
2347 2646 2473 2687 cum
2491 2628 2659 2684 animi
2678 2627 2795 2698 ejus
2813 2622 3177 2682 constantiam
3198 2632 3540 2691 nequaquam
3561 2628 3687 2688 pos-

2088 2733 2170 2782 set
2206 2722 2543 2795 perfringere
2563 2763 2578 2787 ,
2624 2719 2963 2775 subditorum
2993 2714 3111 2785 ejus
3154 2720 3365 2771 mentes
3392 2710 3461 2765 ad
3494 2708 3681 2765 odium

2085 2816 2323 2888 pastoris
2378 2812 2571 2870 callida
2637 2809 2844 2867 studuit
2901 2805 3303 2863 machinatione
3359 2812 3678 2873 provocare.

2086 2910 2243 2965 Anno
2262 2908 2426 2978 igitur
2447 2902 2747 2960 nativitatis
2768 2900 2885 2971 ejus
2905 2896 3355 2970 quinquagesimo
3374 2892 3608 2963 septimo
3627 2902 3680 2956 ο,

2086 3011 2148 3058 ut
2166 2998 2519 3073 Meginfridus
2554 2994 2759 3067 (Fuldae
2785 3002 2971 3064 postea
2993 2988 3313 3059 monachus)
3349 2993 3435 3042 est
3458 2990 3680 3048 auctor,

2086 3093 2229 3149 facta
2270 3098 2354 3148 est
2397 3090 2543 3144 inter
2586 3101 2711 3142 eum
2757 3093 2813 3140 et
2852 3083 3150 3139 monachos
3183 3079 3322 3149 ejus,
3353 3074 3682 3133 sollicitante

2089 3183 2326 3251 diabolo,
2363 3181 2546 3253 gravis
2589 3178 2837 3250 quaedam
2865 3184 2921 3231 et
2957 3174 3148 3230 nociva
3180 3170 3478 3236 dissensio,
3523 3165 3681 3236 cujus

388 3274 469 3330 Ad
499 3280 834 3334 monasteria
857 3296 990 3338 vero
1015 3285 1228 3341 noviter
1254 3259 1497 3355 fundata,
1520 3305 1627 3345 non
1654 3292 1802 3347 misit
1831 3292 1984 3349 inﬁr—
2010 3263 2056 3329 Ο
2088 3288 2272 3333 tamen
2296 3289 2517 3331 causam
2543 3287 2649 3327 ηθη
2680 3269 2962 3340 θκρνθεείῑ·
2992 3267 3164 3335 Quam
3186 3264 3490 3320 LudOVicus
3508 3261 3528 3300 ί
3545 3259 3682 3316 Ge"

387 3381 527 3435 mos,
553 3369 648 3427 sed
669 3369 860 3441 fortes,
883 3388 992 3430 non
1012 3376 1223 3447 tepidos
1246 3386 1302 3433 et
1326 3381 1590 3448 carnales,
1616 3384 1713 3439 sed
1736 3386 1981 3443 moribus

390 3467 447 3515 et
476 3462 787 3520 eruditione
832 3477 1236 3525 consummatos
1278 3479 1439 3542 atque
1484 3473 1773 3544 perfectos.
1824 3478 1983 3537 Anno

390 3551 671 3623 regiminis
701 3555 785 3610 sui
808 3555 1093 3616 abbatialis
1122 3562 1284 3618 tertio
1304 3564 1533 3632 decimo,
1557 3566 1650 3637 qui
1678 3567 1783 3623 fuit
1801 3569 1987 3626 Domi-

388 3643 526 3699 nica':
556 3646 854 3704 nativitatis
878 3650 1360 3723 octingentesimus
1388 3657 1699 3715 tricesimus
1734 3671 1982 3733 octavus,

390 3736 686 3795 indictione
726 3740 1092 3800 Romanorum
1118 3748 1325 3818 prima,
1364 3766 1495 3806 cum‘
1528 3752 1833 3812 Erlafridus
1857 3759 1982 3829 qui-

391 3833 514 3888 dam
540 3848 725 3892 comes
746 3835 801 3892 in
821 3836 990 3894 Galba
1017 3843 1405 3899 monasterium
1430 3844 1487 3898 in
1511 3848 1832 3904 memoriam
1860 3865 1984 3907 san-

391 3928 462 3982 cti
493 3927 698 3984 Aurelii
728 3942 755 3971 ι
780 3931 1071 4000 pontiﬁcis,
1108 3935 1250 4005 apud
1295 3934 1636 4009 Hirsaugiam
1657 3980 1672 4006 ,
1711 3939 1983 4012 Spirensis

394 4018 668 4088 ditecesis,
693 4036 892 4077 novum
924 4038 955 4078 a
989 4022 1343 4083 fundamento
1373 4031 1787 4100 construxisset,
1815 4035 1984 4091 missa

393 4109 660 4179 legatione
686 4112 743 4168 in
774 4112 997 4171 Fuldam
1026 4132 1150 4174 cum
1189 4120 1443 4189 precibus
1480 4122 1667 4193 Otgari
1709 4126 1982 4197 archiepi-

393 4204 542 4273 scopi
571 4202 864 4276 Moguntini
903 4218 957 4263 et
988 4208 1194 4282 [Forte
1224 4211 1330 4285 ad]
1374 4212 1659 4271 Rabanum
1698 4217 1982 4287 abbatem,

393 4295 689 4351 monachos
709 4297 777 4353 ab
795 4312 860 4355 eo
879 4300 1058 4371 petiit,
1072 4309 1127 4357 et
1148 4302 1265 4373 ejus
1285 4296 1624 4375 dispositioni
1651 4309 1980 4379 coenobium,

391 4387 539 4459 quod
564 4400 833 4458 erexerat,
869 4394 1286 4452 commendavit.
1328 4394 1430 4465 Qui
1474 4412 1575 4469 pro
1610 4396 1707 4455 Dei
1735 4414 1986 4457 reveren-

469 4559 495 4588 ι
520 4548 621 4626 llic
640 4557 723 4605 est
741 4551 1011 4626 Armentis
1037 4551 1451 4608 Bedicianorum
1469 4555 1708 4626 episcop.
1736 4555 1793 4612 S.
1815 4557 1978 4614 Basil.

394 4618 575 4702 Magni
606 4622 945 4702 sy_n_chronu_s
967 4629 1023 4677 et
1042 4631 1293 4702 coactam,
1317 4638 1477 4702 quem
1503 4618 1833 4702 Qales'inins,
1855 4629 1985 4702 Fer—
2007 4634 2063 4697 ι)

322 4698 334 4708 ’
397 4691 595 4755 rarius,
624 4691 821 4763 aliique
850 4691 1093 4749 referunt
1118 4692 1219 4749 coli
1255 4694 1288 4748 9

394 4760 466 4816 25
498 4761 644 4816 Maii.

468 4778 763 4887 hnllilennova
794 4835 899 4889 hac
927 4833 1156 4893 Corbeia
1183 4839 1305 4894 vide
1328 4837 1508 4896 Vitam
1532 4840 1703 4893 sancti
1729 4841 1985 4898 Adelardi

398 4916 495 4973 per
524 4902 882 4979 Radbertum,
911 4921 1030 4979 cap.
1064 4910 1153 4975 16,
1180 4917 1235 4964 et
1265 4908 1455 4979 Vitam,
1485 4906 1543 4962 S.
1570 4908 1877 4967 Anscharii.

469 4985 491 5063 ς
514 4974 638 5063 lino
656 4974 1025 5063 Westphalia'.‘
1041 4979 1117 5034 De
1139 4974 1350 5063 origine
1368 4977 1794 5063 huju‘s‘yocabuli
1817 4983 1984 5063 multa

400 5056 696 5129 congerunt
736 5050 1028 5130 geographi
1072 5048 1345 5134 moderni,
1392 5048 1447 5105 et
1493 5048 1789 5108 Wernerus
1829 5052 1987 5109 Bole-

402 5114 577 5195 vvtnclt
602 5118 742 5174 libro
767 5117 983 5195 de_Sttn
1010 5129 1064 5195 et
1086 5120 1329 5195 Moribus
1352 5120 1818 5195 westphalorum,
1856 5140 1976 5195 cap.

399 5191 467 5258 2,
497 5206 726 5260 quorum
751 5190 929 5246 nullus
951 5206 983 5245 a
1002 5192 1170 5248 Gallis
1196 5208 1392 5248 nomen
1428 5190 1572 5247 illius
1609 5195 1873 5249 concedit.
1905 5190 1983 5250 De

350 5274 361 5283 ‘
400 5263 471 5335 iis
498 5270 655 5335 poeta
698 5260 1032 5335 Saxonicus,
1069 5263 1160 5333 qui
1186 5263 1451 5335 Arnulphi
1490 5264 1834 5335 imperatoris
1869 5281 1982 5321 aevo

401 5334 541 5392 vixit
562 5333 628 5388 ad
657 5348 857 5388 annum
885 5333 1008 5401 772,
1039 5334 1157 5391 haec
1183 5333 1376 5390 habet}

1372 4696 1584 4752 ovcmb.
1629 4696 1980 4768 Trithemius,

526 5465 627 5529 Sed
652 5464 903 5526 generalis
924 5465 1071 5517 habet
1092 5464 1294 5529 populos
1315 5464 1489 5529 divisio
1510 5468 1699 5523 ternos,

528 5527 760 5591 insignita
778 5529 953 5591 quibus
977 5527 1184 5579 Saxonis
1216 5529 1381 5578 floruit
1403 5527 1549 5591 olim:

526 5585 729 5638 Nomina
748 5585 875 5640 nunc
896 5596 1169 5652 remanent,
1196 5596 1354 5643 virtus
1376 5590 1569 5646 antiqua
1594 5585 1821 5634 recessit.

526 5652 753 5715 Denique
775 5652 1079 5715 Westphalos
1102 5655 1310 5715 vocitant
1330 5653 1378 5700 in
1403 5656 1541 5711 parte
1564 5654 1822 5697 manentes

526 5714 755 5777 occidua,
776 5714 1092 5777 quorumrnou
1113 5714 1261 5776 longe
1292 5715 1528 5777 terminus
1558 5720 1701 5759 amne

526 5777 570 5830 Δ
594 5772 763 5830 Rheno
782 5772 944 5829 distat.
968 5772 1245 5839 Regionan
1263 5773 1378 5824 solis
1402 5772 1459 5839 ad
1480 5777 1637 5839 ortum

526 5839 803 5892 Inhabitant
823 5831 1143 5901 Oosterliigi,
1169 5848 1292 5901 quos
1314 5835 1509 5901 nomine
1529 5831 1725 5896 quidam

528 5902 789 5968 0stphalos
806 5901 900 5955 allo
919 5895 1148 5964 vocitant,
1167 5895 1371 5950 conﬁnia
1388 5895 1591 5960 quorum

2087 3381 2375 3426 manorum
2405 3380 2525 3431 rex,
2556 3357 2727 3418 frater
2761 3359 3005 3418 Lotharii
3049 3356 3395 3428 imperatoris
3426 3370 3491 3410 ac
3535 3352 3680 3424 regis

2085 3462 2271 3530 Italiae,
2294 3459 2438 3517 ﬁlius
2457 3456 2716 3515 Ludovici
2740 3456 2900 3527 primi
2924 3469 3046 3511 cum
3070 3452 3385 3516 audivisset,
3407 3448 3589 3506 missis
3610 3448 3681 3504 ad

2086 3557 2313 3614 Fuldam
2336 3555 2561 3623 nuntiis,
2590 3553 2877 3609 Babanum
2909 3551 2976 3607 ad
2997 3563 3057 3607 se
3079 3548 3295 3604 vocavit
3323 3545 3599 3609 abbatem,
3623 3550 3683 3598 et

2086 3653 2481 3711 monachorum
2507 3650 2870 3706 temeritatem
2912 3644 3081 3717 regali
3112 3642 3436 3700 auctoritate
3462 3654 3682 3710 compe-

2089 3746 2249 3811 scuit,
2281 3743 2699 3811 venientemque
2728 3755 2853 3795 cum
2879 3738 3090 3794 honore
3125 3735 3393 3804 suscepit,
3438 3740 3495 3787 et
3533 3732 3681 3787 bien-

2088 3840 2179 3896 nio
2214 3841 2239 3879 ε
2268 3837 2441 3895 ferme
2469 3851 2653 3892 secum
2690 3835 2745 3890 in
2777 3834 2929 3889 curia
2967 3830 3133 3904 regali
3171 3827 3420 3886 detinuit.
3466 3824 3682 3880 Interea

2086 3932 2341 3991 monachi
2366 3925 3020 3999 Fuldenses,pmnitentia
3045 3923 3214 3987 ducti,
3246 3928 3494 3976 oratores
3514 3917 3683 3973 mise-

2086 4036 2216 4084 runt
2258 4025 2327 4081 ad
2357 4039 2575 4096 regem,
2619 4020 2811 4077 humili
2859 4017 3251 4091 supplicatione
3282 4021 3569 4084 rogantes,
3617 4015 3683 4064 ut

2088 4120 2328 4177 ablatum
2353 4117 2454 4173 sibi
2479 4116 2771 4173 redonaret
2795 4113 3067 4169 abbatem.
3092 4109 3245 4178 Quod
3266 4116 3450 4163 tamen
3474 4105 3679 4172 facere,

2085 4219 2307 4282 propter
2346 4223 2570 4264 causam
2599 4203 3007 4268 rationabilem,
3044 4208 3101 4256 et
3123 4201 3292 4256 abbas
3321 4198 3435 4267 ipse
3467 4198 3677 4261 renuit,

2086 4311 2139 4359 et
2159 4317 2255 4358 rex
2286 4299 2576 4356 admittere
2602 4296 2908 4352 nullatenus
2927 4290 3224 4350 consensit.
3248 4289 3445 4345 Mansit
3472 4304 3604 4360 ergo
3624 4289 3680 4343 in

2085 4393 2209 4451 aula
2236 4392 2385 4464 regia
2412 4392 2606 4447 beatus
2636 4388 2803 4445 abbas
2826 4386 3083 4442 Rabanus
3119 4382 3366 4448 biennio,
3411 4396 3584 4453 usque
3611 4379 3680 4434 ad

2208 4550 2450 4602 Infestant
2470 4548 2726 4611 conjuncta
2742 4546 2849 4611 suis
2869 4554 2997 4611 gens
3019 4540 3202 4605 perﬁda
3227 4539 3408 4611 Sclavi.

2208 4613 2345 4664 Inter
2367 4606 2625 4673 praedictos
2646 4606 2806 4673 media
2823 4607 3032 4666 regione
3056 4610 3305 4673 morantur

2210 4666 2430 4738 Angar'ii,
2456 4669 2663 4735 populus
2680 4670 2933 4720 Saxonum
2955 4666 3213 4718 tertius...

2089 4781 2228 4836 Sunt
2251 4795 2383 4851 ergo
2408 4774 2709 4851 Westphali
2734 4774 2885 4839 dicti,
2917 4771 3139 4851 quodin
3160 4767 3385 4851 occidua
3400 4775 3565 4851 parte
3581 4781 3678 4851 seu

2087 4853 2273 4907 limine
2301 4838 2394 4905 aunt
2433 4838 2607 4903 limit'e
2646 4838 3285 4901 Saxonum—occidentali
3328 4838 3675 4902 habitarent;

2088 4921 2390 4993 Oostphali,
2412 4919 2629 4993 quodin
2653 4914 2930 4993 orientali.
2965 4914 3212 4993 Est_west
3246 4910 3533 4992 occidens,
3564 4917 3679 4993 cost

2088 4979 2310 5058 Oriens;
2345 4979 2524 5063 ρὶιίεη,
2555 4988 2787 5054 limites,
2834 4985 2972 5042 ﬁnes
2992 5025 3007 5051 ,
3052 4982 3242 5038 limina
3274 4979 3556 5052 regionum
3584 4984 3680 5032 aut

2090 5064 2326 5123 imperii.

2200 5133 2559 5191 Consentium
2582 5131 2636 5186 in
2664 5145 2808 5186 anno
2841 5137 3030 5185 auctor
3056 5126 3313 5196 antiquus
3340 5124 3405 5179 de
3431 5127 3680 5196 constru:

2087 5187 2267 5264 ctione
2283 5187 2598 5276 monasterii
2614 5202 2858 5276 Corbeige
2877 5199 3018 5276 apud
3033 5187 3376 5276 Meibomium
3391 5201 3454 5276 et
3474 5200 3622 5276 torno
3635 5187 3681 5247 ll

2088 5263 2413 5348 scriptorum
2441 5263 3266 5348 Franciag,_Schafnaburgensis
3307 5266 3366 5348 in_
3380 5263 3679 5348 Phr-opim,

2088 5334 2343 5404 Albertus
2368 5346 2655 5419 Crantzins
2674 5334 2771 5398 lib.
2799 5359 2815 5398 ι
2839 5334 3172 5419 Metropolis,
3201 5351 3319 5419 cap.
3344 5335 3431 5419 19,
3458 5334 3677 5419 aliique.

2167 5431 2191 5459 θ
2222 5419 2302 5473 Ex
2356 5419 2458 5473 hoc
2506 5416 2626 5473 loco
2681 5429 2844 5484 supra
2888 5404 3223 5484 ostendimus
3260 5404 3316 5463 in
3354 5414 3514 5462 aetate
3560 5404 3681 5459 Tri-

2090 5491 2355 5547 themiutn
2382 5490 2489 5544 huc
2517 5502 2687 5556 usque
2714 5482 2951 5556 triennio
2974 5482 3249 5556 aberrare.

2163 5560 2182 5599 ι
2209 5560 2321 5615 lmo
2344 5546 2628 5613 liabanum
2663 5556 2731 5611 ad
2760 5553 3045 5611 ecclesiam
3075 5552 3135 5606 S.
3160 5549 3304 5603 Petri
3330 5549 3384 5602 in
3408 5555 3592 5602 monte
3612 5546 3678 5601 ad

2085 5632 2351 5688 orientem
2381 5628 2695 5684 monasterii
2721 5624 3030 5689 secessisse,
3054 5623 3330 5689 librosque
3354 5623 3563 5689 ereptos
3585 5618 3683 5672 ab-

2087 5701 2332 5763 solvisse,
2358 5699 2562 5755 dictum
2586 5698 2640 5752 in
2668 5697 2849 5768 priore
2879 5694 3023 5768 Vita,
3048 5707 3198 5749 num.
3226 5690 3317 5746 49.

2160 5774 2188 5814 ⁸
2213 5769 2593 5840 Quinquennio
2612 5766 2868 5840 privatim
2893 5767 3098 5826 vixisse
3131 5770 3344 5820 certum
3369 5766 3457 5818 est
3483 5772 3555 5817 ex
3586 5771 3684 5815 su-

2087 5859 2187 5916 pra
2221 5842 2401 5901 dictis.
