4016 6464
355 504 424 562 97

1702 481 2241 575 ‘paomcouma.

3530 480 3601 538 98

354 623 584 675 mortem
621 608 826 685 Otgarii
842 602 1254 678 ‘archiepiscOpi
1294 603 1611 676 Moguntini,
1642 602 1923 662 monachis
1947 605 2002 669 Α
2024 616 2146 673 quae
2184 598 2508 672 pontiﬁcalis
2546 595 2833 654 ministerii
2863 595 3098 654 oﬂicium
3126 592 3406 667 requirere
3445 594 3601 651 vide-

356 707 573 765 interim
598 697 1037 760 lamentantibus.

828 838 1065 901 LIBER
1107 807 1465 899 TERTIUS.

432 968 595 1039 Igitur
632 973 756 1036 post
800 971 1033 1020 mortem
1075 960 1358 1018 memorati
1397 958 1784 1030 archiepiscopi
1820 955 1932 1013 Mo-

362 1058 566 1133 guntini
602 1055 845 1128 Otgarii,
876 1055 969 1125 qui
1012 1052 1117 1108 fuit
1162 1053 1217 1108 in
1252 1051 1441 1108 ordine
1486 1050 1930 1121 archipraesulum
1988 1072 1989 1075 η

361 1150 613 1221 quintus,
653 1154 707 1203 et
742 1145 878 1203 obiit
919 1160 1063 1200 anno
1092 1141 1386 1199 Dominica:
1424 1141 1723 1198 nativitatis
1755 1140 1931 1196 octin-

361 1241 657 1312 gentesimo
712 1236 1123 1309 quadragesimo
1168 1235 1432 1306 septimo,
1490 1232 1780 1289 indictione
1826 1232 1933 1287 Ro-

362 1346 641 1387 manorum
666 1329 894 1395 decima,
916 1326 1118 1384 mensis
1136 1325 1335 1397 Aprilis
1356 1324 1442 1380 die
1463 1323 1717 1380 vicesima
1733 1321 1930 1392 prima,

364 1425 417 1479 in
453 1422 780 1485 monasterio
823 1419 998 1476 sancti
1039 1417 1231 1473 Albani
1269 1415 1519 1486 martyris
1546 1414 1686 1484 apud
1715 1412 1935 1485 Mogun-

364 1514 515 1580 tiam,
530 1514 582 1567 in
602 1511 804 1582 capella
828 1509 1000 1566 sancti
1019 1507 1278 1564 Bonifacii
1302 1522 1426 1563 cum
1446 1506 1651 1562 honore
1671 1503 1933 1575 sepultus,

364 1618 504 1659 anno
522 1602 865 1674 pontificatus
885 1600 970 1655 sui
995 1599 1252 1655 vicesimo
1274 1596 1507 1653 secundo
1530 1609 1579 1662 ε,
1609 1597 1799 1652 beatus
1829 1594 1936 1648 Ra-

363 1700 535 1756 banus
564 1698 780 1754 Maurus
802 1696 1159 1769 Magnentius,
1177 1676 1355 1751 "abbas
1388 1694 1691 1759 Fuldensis,
1721 1707 1937 1764 promo-

367 1792 511 1848 tione
547 1790 804 1848 Ludovici
848 1788 1027 1860 regis,
1070 1787 1124 1842 in
1166 1785 1628 1856 archiepiscopum
1672 1783 1938 1853 Mogunti-

364 1899 491 1937 num
530 1882 763 1948 electus,
808 1880 949 1935 votis
977 1892 1263 1949 procerum
1292 1877 1586 1943 successit,
1634 1883 1689 1932 et
1725 1875 1939 1946 prml’uit

367 1974 526 2029 annis
572 1988 766 2029 novem
801 1972 865 2038 ι»,
905 1970 1176 2027 mensibus
1231 1979 1479 2040 quatuor.
1528 1968 1627 2025 Cui
1683 1969 1941 2025 substitu-
1966 1965 2015 2026 B

367 2072 458 2121 tus
501 2063 665 2119 Hatto
711 2063 765 2117 in
809 2062 1019 2118 abbatia
1078 2060 1327 2116 Fuldensi
1375 2062 1671 2117 succedens
1724 2059 1940 2130 praefuit

368 2157 527 2212 annis
573 2165 795 2225 septem.
847 2153 1102 2209 Rabanus
1136 2153 1318 2223 itaque
1364 2153 1530 2208 abbas
1578 2167 1718 2207 anno
1764 2151 1940 2206 aetatis

369 2263 481 2303 sua:
510 2245 955 2318 quinquagesimo
979 2260 1121 2301 nono
1139 2285 1154 2308 ,
1190 2244 1283 2315 qui
1312 2242 1413 2299 fuit
1436 2242 1675 2299 Lotharii
1705 2242 1941 2312 impera-

367 2339 502 2395 toris
528 2338 823 2409 septimus,
852 2346 908 2392 et
947 2337 1126 2409 quarti
1167 2337 1363 2392 Leonis
1402 2351 1554 2408 papa:
1588 2335 1854 2393 secundus
1882 2347 1938 2401 ο,

365 2430 866 2500 Germanorumque
886 2422 1042 2502 regis
1069 2429 1323 2485 Ludovici
1357 2443 1510 2499 aeque
1549 2428 1846 2499 septimus,
1889 2433 1946 2481 et

365 2523 660 2580 Dominicaa
687 2521 1010 2588 nativitatis,
1056 2519 1171 2590 jam
1214 2528 1548 2591 praenotatus
1591 2520 1647 2574 in
1678 2517 1946 2588 archiepi-

365 2631 587 2686 scopum
604 2615 905 2682 ordinatus,
925 2614 1215 2686 pristinum
1232 2613 1358 2668 vitae
1390 2612 1622 2684 rigorem
1643 2626 1751 2666 non
1772 2610 1946 2665 solum

366 2706 424 2763 in
452 2706 599 2762 nullo
645 2707 859 2774 minuit,
913 2706 1007 2761 sed
1039 2705 1195 2776 quasi
1228 2714 1355 2760 tunc
1399 2704 1633 2775 primum
1682 2702 1949 2774 inciperet

366 2798 610 2853 converti
631 2798 701 2853 ad
730 2798 917 2865 Deum,
940 2797 1204 2868 regularis
1225 2796 1583 2852 observantiae
1610 2793 1946 2865 disciplinam

372 2889 428 2945 in
471 2890 652 2947 multis
686 2899 904 2946 auctam
954 2904 1127 2959 usque
1176 2888 1244 2943 ad
1272 2895 1506 2943 mortem
1552 2884 1859 2942 custodivit.
1901 2883 1951 2938 A

369 2984 620 3041 carnibus
663 2992 720 3039 et
747 2984 872 3039 vino
919 2982 1183 3054 imprimis
1227 2981 1521 3048 abstinuit,
1568 2979 1790 3035 delicias
1842 2992 1951 3034 non

368 3076 634 3144 quaesivit,
661 3076 836 3131 nullas
878 3074 1108 3130 inﬁrma:
1142 3074 1322 3130 carnis
1351 3084 1444 3129 aut
1488 3072 1677 3128 mundi
1710 3069 1953 3140 volupta-

368 3177 452 3223 tes
470 3169 583 3225 sive
607 3168 888 3225 illecebras
908 3167 1177 3222 ullatenus
1195 3166 1414 3221 admisit
1437 3182 1452 3233 ;
1483 3164 1698 3230 balnea,
1720 3171 1776 3218 et
1792 3175 1955 3217 omne
2032 3210 2033 3213 η

366 3262 513 3330 quod
539 3275 735 3332 corpus
778 3270 1022 3316 tenerum
1070 3257 1236 3324 fovet,
1294 3258 1391 3313 sed
1441 3265 1677 3312 mentem
1711 3253 1952 3321 resolvit,

366 3355 714 3412 damnatione
735 3363 993 3426 perpetua
1021 3351 1296 3417 refutavit,
1322 3366 1539 3424 gregem
1570 3349 1671 3406 sibi
1701 3347 1955 3405 commis-
1980 3338 2026 3402 C

368 3461 511 3511 sum,
534 3455 596 3502 ut
613 3462 776 3503 verus
802 3444 1065 3516 pontifex,
1093 3442 1438 3511 fervidusque
1463 3440 1667 3495 Christi
1686 3438 1953 3504 minister,

369 3555 585 3595 summa
617 3538 897 3610 diligentia
926 3535 1256 3600 custodivit;
1287 3547 1448 3605 quem
1480 3532 1668 3596 verbo,
1711 3528 1958 3599 exemplo

370 3630 556 3694 simul,
580 3637 635 3685 et
657 3630 819 3700 hujus
853 3629 978 3683 vita:
1003 3626 1223 3697 pabulo,
1250 3640 1356 3695 qua
1375 3622 1552 3694 potuit
1576 3618 1956 3686 sollicitudine,

367 3722 526 3794 pavit
554 3729 609 3777 et
633 3721 911 3776 enutrivit.
951 3720 1033 3775 Ab
1055 3718 1170 3789 ejus
1195 3717 1451 3773 memoria
1480 3730 1754 3786 nunquam
1780 3728 1961 3769 reces-

370 3815 444 3870 sit
474 3812 769 3883 apostolica
801 3811 1067 3866 sententia
1108 3808 1259 3863 Pauli
1287 3807 1555 3863 dicentis:
1590 3804 1805 3877 Oportet
1847 3806 1960 3875 epi-

370 3920 585 3975 scopum
611 3899 1107 3973 irreprehensibilem
1154 3916 1282 3966 esse,
1331 3898 1489 3952 unius
1541 3898 1723 3952 uxoris
1769 3897 1959 3962 virum,

372 3994 630 4059 sobrium,
651 4000 872 4057 castum,
901 3989 1172 4045 virtutibus
1200 3996 1469 4055 ornatum,
1511 3987 1837 4059 prudentem,
1864 4003 1963 4057 pu-

374 4084 573 4149 dicum,
593 4080 922 4153 hospitalem,
946 4091 1099 4153 atque
1125 4078 1375 4134 salutaris
1404 4078 1633 4133 scientia:
1661 4078 1961 4144 doctorem;

378 4194 483 4232 non
512 4174 853 4241 vinolentum,
895 4190 999 4228 non
1046 4188 1402 4244 percussorem
1428 4211 1444 4238 ,
1492 4169 1583 4225 sed
1628 4168 1963 4233 modestum;

378 4283 485 4323 non
506 4268 809 4338 litigiosum,
833 4282 935 4318 non
977 4261 1242 4334 cupidum,
1267 4269 1314 4315 et
1338 4261 1427 4331 qui
1479 4258 1827 4315 testimonium
1868 4256 1964 4311 ha-

380 4359 495 4414 beat
524 4357 714 4410 bonum
734 4354 798 4409 ab
825 4355 905 4408 his
941 4353 1100 4407 etiam
1125 4351 1215 4423 qui
1245 4349 1373 4420 foris
1403 4356 1544 4415 sunt,
1576 4357 1632 4402 ut
1658 4363 1761 4401 non
1782 4347 1838 4400 in
1866 4345 1965 4399 im-

377 4448 679 4519 properium
706 4445 927 4512 incidat,
957 4453 1004 4499 et
1036 4443 1092 4497 in
1118 4441 1360 4513 laqueum
1388 4438 1584 4495 diaboli
1612 4438 1663 4511 (1
1696 4437 1833 4493 Tim.
1855 4436 1961 4509 ιιι).

380 4539 513 4607 Quae
541 4538 721 4595 omnia
744 4536 989 4592 crebrius
1014 4535 1071 4590 in
1090 4539 1271 4590 mente
1291 4530 1592 4598 revolvens,
1623 4529 1758 4585 nihil
1777 4543 1966 4585 eorum

2029 694 2209 759 batur,
2256 691 2457 759 omisit,
2495 691 2588 747 sed
2633 688 3163 761 irreprehensibilem
3211 703 3270 744 se
3314 687 3523 744 cunctis
3548 687 3605 743 in

2029 786 2282 859 operibus
2333 784 2489 841 bonis
2535 799 2751 856 semper
2792 783 3054 840 exhibuit.
3089 781 3380 839 Ordinatus
3425 789 3607 841 autem

2029 879 2220 934 fuitin
2249 870 2739 948 archiepiscopum,
2782 877 2925 933 sicut
2968 884 3053 932 est
3080 876 3304 941 dictum,
3350 873 3610 933 vicesima

2030 977 2182 1026 sexta
2201 968 2230 1009 τι
2267 969 2355 1024 die
2386 968 2589 1024 mensis
2619 967 2791 1035 Junii,
2820 982 2940 1039 quae
2965 966 3070 1024 fuit
3111 975 3423 1024 sanctorum
3446 964 3611 1021 Joan-

2030 1060 2117 1117 nis
2162 1068 2218 1116 et
2249 1058 2403 1115 Pauli
2442 1067 2741 1130 martyrum
2795 1058 3090 1116 festivitate
3139 1056 3413 1124 solemnis,
3470 1054 3613 1126 apud

2032 1150 2365 1223 Moguntiam
2393 1149 2450 1206 in
2471 1149 2703 1206 ecclesia
2742 1150 3057 1218 cathedrali,
3096 1165 3225 1222 rege
3259 1148 3534 1207 Ludovico
3558 1154 3616 1204 et

2032 1242 2216 1298 multis
2239 1241 2361 1298 aliis
2380 1239 2755 1313 praesentibus.

2110 1365 2134 1394 ο
2162 1353 2364 1411 Eodem
2390 1367 2552 1418 anno,
2587 1349 2809 1422 iubente
2834 1350 3107 1409 Ludovico
3144 1367 3294 1425 rege,
3335 1353 3475 1423 apud
3503 1350 3616 1409 Mo—

2033 1445 2273 1517 guntiam
2300 1444 2357 1500 in
2377 1443 2715 1500 monasterio
2738 1443 2914 1499 sancti
2938 1442 3131 1498 Albani
3168 1443 3447 1514 martyris,
3475 1444 3620 1499 circa

2034 1534 2358 1606 principium
2411 1534 2614 1589 mensis
2667 1531 2916 1589 Octobris
2970 1534 3232 1605 synodum
3287 1534 3496 1600 habuit,
3555 1536 3623 1589 ad

2037 1640 2199 1695 quam
2228 1641 2336 1680 non
2360 1625 2537 1681 solum
2557 1625 2625 1681 de
2655 1639 2750 1680 sua
2770 1624 3068 1695 provincia,
3099 1624 3195 1680 sed
3222 1625 3386 1681 etiam
3415 1625 3482 1681 de
3505 1625 3624 1680 aliis

2036 1718 2218 1789 plures
2246 1719 2527 1789 episcopos
2546 1725 2601 1775 et
2624 1719 2849 1774 abbates
2870 1717 3222 1785 convocavit;
3251 1734 3481 1788 quorum
3502 1733 3628 1773 con-

2039 1812 2178 1878 silio,
2208 1811 2374 1867 multa
2401 1826 2502 1881 pro
2536 1810 2808 1869 communi
2848 1810 3081 1867 utilitate
3130 1809 3209 1867 rei
3245 1810 3625 1867 ecclesiasticae

2041 1902 2338 1974 prudenter
2363 1902 2653 1959 ordinavit.

2117 2016 2135 2056 ί
2173 2016 2277 2071 Per
2306 2015 2447 2071 idem
2477 2023 2689 2085 tempus
2715 2013 2912 2070 mulier
2956 2014 3224 2084 quaedam,
3267 2012 3501 2068 Thierda
3530 2027 3630 2067 no-

2041 2109 2207 2176 mine,
2237 2109 2806 2179 pseudoprophetissa,
2848 2109 2915 2164 de
2956 2108 3202 2179 partibus
3248 2106 3436 2162 alienis
3480 2106 3633 2161 venit

2042 2201 2111 2256 ad
2139 2199 2508 2271 Moguntiam:
2554 2214 2676 2269 quae
2717 2198 3024 2255 Salomonis
3074 2198 3311 2270 episcopi
3362 2196 3629 2252 Constan-

2045 2291 2234 2348 tiensis
2258 2292 2572 2362 parochiam
2604 2291 2717 2347 suis
2747 2290 3020 2347 vaticiniis
3048 2305 3155 2346 non
3182 2289 3391 2346 modice
3418 2298 3633 2360 pertur-

2043 2382 2284 2438 baverat.
2316 2380 2452 2437 Nam
2478 2388 2687 2436 certam
2712 2380 2779 2436 de
2800 2381 3050 2452 proximo
3078 2380 3369 2436 instantem
3390 2394 3636 2434 consum-
3695 2444 3706 2456 .

2043 2474 2299 2531 mationis
2346 2473 2532 2529 saeculi
2580 2473 2745 2538 diem,
2794 2471 3008 2542 aliaque
3052 2470 3330 2541 perplura,
3379 2485 3498 2539 quae
3535 2467 3636 2524 soli

2047 2568 2159 2624 Deo
2185 2575 2312 2624 sunt
2344 2567 2579 2639 cognita,
2626 2565 2783 2636 quasi
2830 2565 3090 2621 divinitus
3118 2562 3221 2619 sibi
3272 2561 3531 2626 revelata,
3577 2576 3637 2616 se

2049 2663 2209 2728 scire,
2236 2661 2449 2733 publice
2468 2660 2818 2731 pradicabat,
2864 2659 3052 2715 dicens
3091 2658 3280 2715 eodem
3325 2671 3465 2712 anno
3509 2654 3639 2710 ulti-

2048 2768 2197 2809 mum
2225 2751 2410 2807 mundi
2436 2750 2580 2806 diem
2622 2750 2928 2805 imminere.
2960 2747 3116 2805 Unde
3157 2745 3313 2802 multi
3334 2760 3402 2801 ex
3438 2742 3637 2815 populo

2050 2848 2335 2918 utriusque
2366 2861 2530 2903 sexus
2559 2844 2757 2900 timore
2800 2841 3057 2915 perculsi,
3091 2840 3160 2896 ad
3187 2853 3308 2895 eam
3351 2841 3636 2900 venerunt,

2052 2939 2353 3010 oblatisque
2398 2935 2734 3004 muneribus,
2793 2950 2851 2992 se
2890 2932 3036 2990 illius
3081 2930 3440 2997 orationibus,
3479 2927 3641 2998 quasi

2053 3030 2279 3101 alicujus
2299 3036 2501 3087 sanctae
2522 3025 2992 3085 commendabant.
3015 3024 3104 3090 Et,
3127 3022 3270 3093 quod
3290 3020 3509 3093 gravius
3526 3026 3633 3083 est,

2055 3121 2196 3178 sacri
2221 3121 2387 3177 etiam
2408 3118 2616 3175 ordinis
2641 3116 2746 3172 viri
2771 3115 3046 3172 doctrinas
3064 3111 3469 3170 ecclesiasticas
3492 3115 3642 3179 post-

2053 3220 2339 3284 ponentes,
2367 3210 2515 3266 illam
2549 3208 2706 3280 quasi
2728 3207 3041 3279 magistram
3071 3204 3285 3261 caelitus
3318 3201 3642 3257 destinatam

2057 3303 2439 3374 sequebantur.
2481 3300 2611 3357 Haec
2636 3299 2703 3355 ad
2741 3296 3084 3369 praesentiam
3112 3293 3285 3351 sancti
3313 3290 3524 3347 Rabani
3551 3304 3642 3345 ar-

2056 3394 2393 3467 chipraesulis
2437 3400 2491 3449 et
2517 3392 2749 3447 aliorum
2797 3389 3176 3458 episcoporum
3223 3385 3367 3455 apud
3393 3390 3640 3439 sanctum

2055 3488 2324 3546 Albanum
2348 3487 2596 3550 deducta,
2624 3492 2680 3539 ct
2701 3483 2985 3555 diligenter
3020 3482 3088 3537 de
3115 3479 3230 3536 suis
3254 3473 3647 3533 assertionibus

2059 3581 2340 3653 requisita,
2369 3580 2749 3652 presbyterum
2778 3575 3063 3647 quemdam
3091 3573 3196 3629 sibi
3236 3586 3302 3628 ea
3338 3567 3643 3640 suggessis-

2060 3694 2143 3744 se,
2164 3686 2220 3734 et
2240 3693 2299 3734 se
2326 3676 2478 3742 talia,
2506 3682 2744 3745 quaestus
2763 3687 2947 3738 causa,
2972 3670 3027 3724 in
3048 3666 3299 3739 populum
3320 3663 3644 3725 seminasse,

2058 3769 2304 3843 professa
2355 3774 2456 3824 est.
2505 3765 2844 3835 Quapropter
2892 3759 3136 3835 synodali
3184 3755 3389 3827 judicio
3436 3751 3650 3825 publice

2063 3879 2202 3920 caesa
2221 3862 2468 3934 ﬂagellis,
2495 3857 2857 3915 ministerium
2882 3850 3298 3925 praedicationis,
3345 3845 3486 3917 quod
3514 3845 3654 3900 irra-

2062 3953 2393 4012 tionabiliter
2418 3954 2791 4020 usurpaverat,
2826 3953 2883 4001 et
2904 3942 3005 3998 sibi
3035 3949 3226 3998 contra
3248 3952 3452 3995 morem
3478 3934 3653 3993 eccle-

2064 4045 2343 4103 siasticum
2391 4040 2678 4097 vendicare
2719 4040 3156 4109 presumpserat,
3212 4044 3337 4086 cum
3389 4026 3654 4084 dedecore

2062 4138 2300 4195 maximo
2329 4141 2385 4191 et
2412 4130 2697 4190 manifesta
2718 4126 3035 4186 confusione
3073 4122 3277 4189 amisit,
3305 4118 3526 4188 suisque
3549 4131 3646 4172 va-

2066 4229 2269 4287 ticiniis
2299 4226 2516 4282 tandem
2543 4221 2791 4287 confusa,
2820 4217 2981 4275 ﬁnem
3009 4212 3284 4286 imposuit.

2140 4342 2166 4381 ⁸
2191 4337 2541 4395 Gotescalcus
2566 4347 2782 4406 quoque
2809 4332 2837 4372 ιι
2859 4329 3142 4402 presbyter
3164 4324 3407 4397 quidam,
3435 4320 3656 4377 natione

2022 4456 2029 4457 ί
2065 4432 2270 4500 Gallus,
2299 4446 2369 4489 ex
2403 4433 2418 4472 ί
2452 4429 2785 4485 Rhemorum
2832 4420 3053 4480 dioecesi
3080 4417 3390 4482 adveniens,
3419 4414 3487 4471 de
3508 4426 3653 4483 pra:—

2068 4524 2427 4582 destinatione
2463 4520 2561 4577 Dei
2623 4531 2824 4575 novum
2861 4522 2916 4571 et
2953 4511 3318 4585 perniciosum
3355 4503 3653 4581 seminahat

452 4706 480 4734 δ
508 4692 642 4748 Aliis
668 4691 916 4762 vigesimo
938 4688 1126 4762 primo,
1159 4686 1303 4757 quod
1320 4683 1602 4762 ordinatus
1620 4687 1841 4762 putetur
1861 4681 1962 4737 sub
1987 4700 2042 4761 Ι)
2100 4681 2167 4762 -.ἀ
2208 4679 2533 4762 _Sequentem
2570 4675 2710 4731 diem
2740 4685 2836 4727 seu
2864 4684 2898 4722 v
2927 4665 3153 4723 Kalend.
3201 4660 3329 4716 Julii
3373 4642 3681 4737 assignant,

384 4763 599 4818 initium
626 4752 750 4818 anni
779 4760 882 4817 827
908 4752 1002 4814 aut
1023 4752 1193 4813 finem
1211 4756 1338 4811 anni
1366 4752 1740 4825 praecedentis.

454 4836 484 4874 δ
521 4833 809 4888 Hattonem
849 4845 991 4886 anno
1019 4828 1125 4884 852
1164 4818 1436 4883 secedeuti
1480 4824 1533 4878 in
1570 4821 1854 4877 ecclesiam
1899 4818 1957 4876 S.

384 4904 530 4959 Petri
560 4904 781 4959 Rabano
810 4900 1135 4958 successisse
1174 4906 1384 4954 certum
1412 4901 1496 4949 est
1538 4909 1604 4949 ex
1638 4891 1864 4962 epistola
1892 4891 1961 4946 40

382 4975 520 5045 Lupi
547 4974 758 5029 abbatis
797 4970 1161 5045 Ferrariensis
1196 4969 1272 5045 ad
1295 4966 1619 5045 Rabanum:
1665 4961 1684 5014 ἀ
1729 4961 1957 5045 Audivi,

383 5032 581 5116 inquit,
611 5037 1398 5116 sarcinamadministrationis
1427 5043 1625 5091 vestra:
1661 5048 1757 5087 vos
1782 5032 1962 5116 _depo-

385 5103 586 5179 suisse,
615 5123 672 5169 et
694 5116 856 5170 rebus
873 5110 1067 5166 divinis
1097 5106 1431 5165 solummodo
1446 5120 1608 5179 nunc
1636 5119 1756 5179 esse
1781 5103 1961 5179 inten-

386 5171 473 5243 tos
497 5205 510 5240 :
552 5171 773 5241 ﬁattoni
800 5197 930 5240 vero
949 5191 1133 5236 nostro
1156 5192 1340 5234 curam
1363 5176 1576 5231 sudoris
1604 5172 1817 5243 plenam
1837 5171 1964 5226 reli-

384 5241 589 5327 quisse.
630 5275 648 5307 ›
682 5254 900 5327 Obitum
938 5250 1055 5321 ejus
1079 5241 1636 5327 _a_ssig_nant.Ann‘ales
1666 5241 1963 5327 lf‘uldenses

386 5312 457 5383 ad
487 5342 688 5381 annum
710 5325 846 5388 856,
870 5312 984 5393 quo
1010 5312 1343 5393 pridiefldus
1375 5316 1546 5386 April.
1595 5312 1967 5393 scribitprde-

387 5381 638 5453 cessisse.
666 5381 1049 5462 Prmiuit'ergo
1076 5390 1229 5462 annis
1256 5402 1366 5442 non
1390 5381 1725 5462 septemz‘sed
1750 5381 1968 5462 circiter

389 5450 655 5543 tredecim.
689 5464 913 5543 Reliqua
933 5450 1171 5543 stfggerit
1191 5450 1481 5543 Broye‘rus
1507 5450 1967 5543 in_F_ﬂdensibus,

320 5594 327 5605 ,
388 5538 477 5593 cui
500 5537 587 5593 his
604 5526 902 5590 Annalibus
929 5526 1128 5605 certior
1157 5530 1247 5584 lux
1272 5526 1508 5605 eil‘ulget,
1539 5536 1704 5605 quam
1730 5528 1970 5605 ex‘vete-

391 5590 810 5663 rumiabbatum
838 5603 1083 5663 catalogo
1104 5616 1206 5657 ms.
1241 5590 1490 5654 relato'in
1519 5590 1735 5648 scholiis
1759 5590 1991 5663 adppoe-g

391 5660 540 5732 mata
557 5660 797 5741 iﬁabani,
828 5688 979 5729 num.
1006 5660 1091 5733 g8,
1127 5671 1219 5725 ubi
1245 5668 1444 5725 dicitur
1464 5679 1564 5736 per
1589 5676 1760 5718 annos
1783 5660 1857 5715 22
1882 5675 1967 5716 re-

394 5749 562 5813 xisse,
594 5748 662 5803 ab
684 5761 824 5801 anno
857 5744 952 5800 81H
986 5743 1055 5797 ad
1074 5740 1198 5813 892.

471 5802 639 5873 cVlline
671 5817 888 5883 primus.
935 5813 1070 5869 Nam
1115 5811 1309 5883 Sergio
1336 5811 1443 5883 hpc
1486 5821 1626 5863 anno
1658 5805 1760 5883 84'!
1796 5802 1971 5883 pridie

471 5835 493 5857 ε
527 5835 639 5873 uno
707 5835 888 5871 rimus.
935 5835 1070 5869 nam
1116 5835 1305 5883 mergit)
1341 5835 1443 5866 nuc
1486 5835 1626 5863 auuu
1658 5835 1754 5863 om
1798 5835 1971 5875 puuu;

397 5888 526 5944 ldus
542 5835 1010 5959 Aprilidefuncto,
1041 5882 1229 5939 eodem
1263 5881 1349 5936 die
1517 5876 1797 5959 successit.
1827 5875 1971 5959 Ana-

400 5944 607 6016 stasqu
622 5944 1089 6022 Bibliothecarius,
1116 5962 1171 6011 et
1197 5966 1266 6011 ex
1289 5966 1356 6009 eo
1379 5947 1674 6016 Baronius‘,
1700 5960 1849 6004 num.
1881 5944 1932 5999 7.

2069 4752 2253 4812 aliqui.
2890 4808 2911 4812 _
3079 4805 3097 4812 _
3437 4796 3450 4810 .
3494 4799 3509 4812 .
3541 4810 3551 4812 μ
3570 4752 3585 4789 ί

2142 4769 2396 4876 gnatum].
2447 4814 2783 4872 Fuldenses:
2818 4830 2838 4863 ι
2889 4808 2950 4866 In
2998 4805 3189 4864 eodem
3237 4816 3401 4878 anno,
3432 4785 3656 4878 iubente

2068 4869 2538 4961 Ludov-r—ico'reg—e;
2551 4869 2690 4961 apud
2733 4879 3131 4955 Moguntiacum
3170 4873 3435 4947 synodum
3466 4869 3658 4957 habuit

2069 4968 2215 5023 circa
2244 4957 2471 5017 Kalend.
2506 4957 2697 5014 Octob.
2727 4974 2746 5005 ι
3066 5019 3075 5023 _
3208 5015 3223 5023 _
3355 5012 3369 5023 ,
3392 5011 3406 5023 ,
3478 5009 3513 5023 ,,

2146 5009 2667 5098 Tulié'hizé'cripsif
2688 5040 2757 5081 ex
2804 5023 3007 5098 eisdem
3050 5015 3267 5098 Annal"
3316 5011 3408 5095 ubi
3449 5009 3657 5098 dicitur

2068 5079 2291 5163 uenis-sev
2290 5079 2478 5156 mulier
2496 5079 2575 5154 ea:r
2586 5079 3184 5169 Alemannitefartibus',
3214 5079 3656 5169 nomine‘ITltio-ta:

2070 5150 2642 5232 iiﬁaéiﬁiiiéioﬁaih
2692 5165 2861 5222 refert
2906 5150 3237 5217 Trithemius
3286 5154 3342 5208 in
3388 5150 3697 5229 Chronico:

2072 5241 2445 5315 llirsaugiensi
2472 5241 2541 5294 ad
2567 5253 2768 5315 annum
2798 5235 2924 5315 8‘48.
3058 5314 3063 5315 γ
3096 5297 3137 5315 ‘7
3534 5292 3606 5315 Μ

2147 5293 2650 5380 i{Antii-6“sequenti
2690 5308 2745 5362 in
2794 5304 2898 5360 alia
2945 5297 3149 5372 synodo
3197 5297 3485 5353 damnatus
3534 5293 3655 5358 fuit,

2071 5395 2132 5443 ut
2152 5399 2314 5445 suum
2344 5383 2566 5438 dictum.
3062 5439 3093 5445 __
3133 5438 3161 5445 __
3198 5439 3214 5445 _
3303 5438 3317 5445 _
3390 5435 3411 5445 _
3500 5434 3514 5445 _
3552 5380 3592 5445 ’,ζ

2144 5434 2317 5509 ιῖἶιιιδ
2350 5434 2743 5508 ct'monachus
2782 5439 3096 5500 monasterii
3125 5438 3341 5505 Orbaci,
3384 5434 3595 5509 fundati
3626 5446 3659 5486 a

2074 5502 2496 5594 sancto-Legum
2502 5502 2912 5597 archiepiscopo
2932 5510 3225 5569 Rhemensi
3253 5509 3308 5564 in
3328 5502 3398 5564 eo
3425 5502 3657 5574 sepulto,

2068 5599 2170 5653 sub
2194 5585 2594 5653 ﬁnemseptimi
2622 5585 2824 5643 saeculi.

2146 5640 2719 5722 ἷῗιῑὶίῖίῖἱέἱῖῶῧὶιὲέάί
2740 5640 3204 5727 Vareniepisqopqlia
3234 5657 3294 5727 ut
3328 5645 3440 5717 jam
3474 5640 3657 5727 inquit

2068 5709 2219 5803 mur:
2238 5709 2384 5806 31355
2410 5709 2680 5806 Orbacum
2721 5709 2798 5806 sit
2819 5709 3082 5806 dioecesis:
3112 5709 3658 5806 $uessioiieusisz§|ic

2069 5777 2475 5875 23.3.2.3."
2489 5777 2792 5875 ﬂuida
2808 5777 3015 5867 accipit
3032 5777 3296 5852 illabanus
3342 5788 3399 5845 in
3425 5777 3656 5858 epistola

2071 5876 2314 5951 synodali
2341 5869 2408 5932 a'd
2435 5869 2764 5929 Ludovicum
2795 5880 2998 5949 regem.
3224 5882 3228 5888 λ
