4016 6480
348 517 422 580 99
1496 516 1588 571 AD
1623 510 1850 575 OPERA
1887 513 1944 571 Β.

2053 510 2246 573 lBANl
2279 512 2502 575 MAURI
3506 514 3615 573 100

345 644 609 687 errorem.
634 626 858 687 Dicebat
880 627 1025 685 enim
1061 634 1173 685 tam
1210 628 1381 686 bonos
1407 628 1472 685 ad
1512 631 1676 685 vitam
1704 637 1920 686 aeterna:
1946 633 2000 696 Α
2022 631 2079 688 in
2102 633 2382 704 proprium
2430 630 2739 704 pontiﬁcem
2784 629 3072 687 consilium
3115 629 3442 687 adunarunt.
3486 628 3619 686 Fuit

347 722 622 781 felicitatis
650 738 812 796 quam
838 723 1009 780 malos
1036 722 1102 778 ad
1144 732 1371 779 mortem
1400 732 1715 794 perpetuam
1759 724 1928 779 inevi-
2028 733 2204 780 autem
2233 724 2487 779 Rabanus
2512 723 2754 794 pontifex
2794 732 2848 779 et
2872 723 2925 777 in
2956 737 3013 778 se
3061 731 3261 789 rectus,
3292 722 3523 807 integer,
3556 732 3617 779 et

349 814 586 872 tabilitcr
614 830 643 870 a
684 814 795 872 Deo
843 814 1253 886 prtedestinatos
1299 829 1458 881 esse;
1488 824 1541 870 et
1570 828 1671 871 nec
1693 815 1799 871 illis
1828 830 1927 872 no—
2021 814 2240 889 justus;
2274 815 2340 870 ad
2364 814 2607 870 subditos
2644 828 2774 869 vero
2816 814 3050 880 zelosus,
3081 822 3135 870 et
3182 814 3439 885 pastorali
3469 813 3623 870 solli-

348 923 490 973 cere,
522 909 564 963 si
594 917 839 979 peccent,
869 924 970 964 nec
997 908 1151 963 malis
1195 916 1247 963 et
1272 907 1535 978 praescitis
1560 908 1836 979 prodesse,
1884 908 1931 963 si

348 999 415 1053 ad
448 999 685 1055 melioris
719 1000 843 1054 vitae
885 1000 1217 1071 propositum
1260 1007 1667 1067 convertantur,
1697 1015 1762 1055 eo
1790 999 1932 1070 quod

334 1090 690 1164 providentia
720 1093 816 1149 Dei
843 1094 1062 1149 omnino
1089 1094 1161 1149 sit
1199 1092 1516 1149 infallihilis.
1544 1093 1744 1149 Contra
1771 1108 1933 1164 quem

351 1184 693 1240 beatissimus
732 1182 1081 1256 archiprtesul
1122 1184 1380 1241 Rabanus
1409 1201 1658 1256 campum
1689 1186 1932 1257 disputa-

352 1276 513 1331 tionis
540 1275 705 1331 latum
737 1276 1032 1350 ingressus,
1061 1286 1174 1332 tam
1214 1277 1618 1349 Scripturarum
1649 1277 1935 1333 auctorita-

351 1379 403 1424 te
427 1384 592 1440 quam
619 1369 889 1424 evidentia
916 1370 1146 1426 rationis
1168 1385 1295 1426 eum
1323 1384 1504 1426 coram
1530 1369 1802 1435 omnibus,
1823 1369 1934 1425 Deo

349 1461 663 1527 auxiliante,
716 1463 1011 1532 superavit,
1060 1469 1116 1518 et
1147 1462 1197 1517 vi
1235 1461 1717 1534 argumentationis
1765 1475 1936 1531 usque

350 1553 485 1607 adeo
532 1551 766 1608 reddidit
807 1562 1038 1620 mutum,
1065 1553 1208 1624 quod
1237 1553 1372 1609 nihil
1414 1568 1516 1625 pro
1559 1568 1657 1609 sua
1684 1553 1936 1623 opinione

350 1645 580 1714 amplius
609 1645 785 1715 potuit
834 1643 1053 1701 inferre.
1102 1644 1423 1700 Benedictus
1454 1658 1552 1715 per
1586 1644 1765 1700 omnia
1795 1643 1937 1699 Deus

350 1736 440 1804 qui
468 1734 983 1805 perniciosissimum
1014 1734 1209 1807 dogma
1257 1735 1482 1802 erroris,
1516 1750 1615 1805 per
1655 1749 1717 1790 os
1749 1733 1937 1789 famuli

351 1828 434 1883 sui
468 1828 675 1883 Rabani
721 1828 1042 1884 confutavit.
1086 1827 1506 1883 Batiouabiliter
1542 1828 1724 1897 itaque
1754 1842 1783 1881 a
1814 1842 1938 1882 san-

352 1926 439 1972 cto
462 1918 686 1973 Rabauo
706 1919 1006 1986 convictus,
1030 1928 1335 1989 superatus,
1366 1926 1422 1975 et
1448 1917 1705 1974 confusus
1734 1917 1788 1973 in
1810 1933 1939 1973 con-

2030 909 2267 967 citudine
2294 907 2756 979 vigilantissimus,
2785 909 2877 978 qui
2903 923 3027 964 cum
3070 908 3313 964 ecclesiae
3338 908 3624 963 ministros

2033 1000 2101 1056 ad
2129 997 2425 1054 canonicas
2456 998 2890 1064 constitutiones,
2939 998 3093 1070 juxta
3121 998 3280 1054 cilicii
3329 999 3624 1066 rationem,

2030 1090 2190 1146 vellet
2219 1090 2501 1157 reducere,
2530 1105 2820 1162 pravorum
2843 1098 3031 1146 contra
3064 1106 3122 1147 se
3147 1100 3356 1149 mentes
3381 1093 3628 1164 graviter

2031 1181 2283 1237 irritavit.
2316 1181 2382 1237 Et
2406 1181 2509 1237 nisi
2556 1180 2893 1253 providentia
2945 1183 3145 1249 divina,
3176 1199 3296 1254 qua:
3343 1200 3625 1255 nunquam

2032 1274 2087 1330 in
2118 1291 2215 1331 sua
2245 1274 2599 1346 dispositione
2628 1273 2851 1341 fallitur,
2880 1273 3040 1331 aliter
3064 1276 3389 1342 ordiuasset,
3417 1292 3617 1331 manus

2033 1366 2322 1436 impiorum
2368 1365 2605 1438 effugere
2655 1365 2877 1421 minime
2925 1366 3208 1436 potuisset.
3264 1362 3368 1421 Sed
3413 1383 3517 1422 non
3549 1375 3629 1422 est

2034 1458 2308 1513 consilium
2333 1459 2556 1512 hominis
2598 1467 2781 1511 contra
2820 1452 2988 1511 Deum
3032 1456 3214 1528 (Prov.
3237 1454 3377 1529 XXI).
3421 1452 3630 1514 Eodem

2033 1558 2270 1618 namque
2318 1555 2560 1619 tempore
2612 1542 2867 1601 Rabanus
2929 1546 3367 1618 archiepiscopus
3419 1547 3630 1619 synodo

2035 1640 2376 1713 praesidebat,
2408 1640 2546 1710 apud
2578 1648 2824 1695 sanctum
2868 1637 3154 1703 Albanum,
3197 1638 3502 1695 Ludovicus
3529 1656 3630 1695 rex

2036 1736 2091 1791 in
2143 1735 2361 1790 civitate
2414 1732 2719 1804 Moguntina
2774 1748 3060 1803 procerum
3114 1731 3264 1804 regni
3321 1726 3632 1788 celebrabat

2037 1836 2380 1892 conventum,
2415 1826 2507 1897 qui
2538 1826 2787 1881 homines
2814 1823 3006 1881 sancti
3031 1823 3259 1890 Rabani,
3311 1833 3373 1880 ut
3417 1822 3628 1896 Regino

2044 1932 2068 1959 ο
2104 1928 2333 1976 testatur
2362 1920 2417 1974 in
2446 1918 2740 1985 chronicis,
2772 1919 3145 1990 conspirantes
3168 1919 3426 1973 adversus
3458 1917 3635 1972 domi-

351 2018 540 2080 spcctu
581 2010 978 2080 episcoporum,
1030 2010 1307 2083 abbatum,
1357 2018 1415 2064 et
1464 2016 1783 2065 caeterorum
1827 2025 1946 2064 om-
1971 2013 2021 2073 B
2048 2030 2177 2068 num
2204 2029 2379 2078 suum,
2403 2011 2617 2083 publice
2643 2011 2942 2078 convictos,
2968 2027 3090 2067 cum
3129 2025 3195 2066 eo
3221 2009 3544 2081 paciﬁcavit,
3579 2018 3636 2066 et

350 2102 523 2168 nium,
583 2102 678 2173 qui
728 2102 880 2160 fuere
928 2111 1244 2173 praesentes,
1287 2104 1681 2159 correctionem
1732 2119 1942 2159 assum-

351 2196 478 2267 psit,
531 2211 884 2269 erroremque
928 2213 1087 2254 suum
1135 2211 1163 2240 ι
1197 2197 1409 2269 publice
1455 2200 1483 2239 ιι
1522 2198 1815 2253 revocavit.
1866 2197 1944 2253 De

350 2289 616 2345 sententia
673 2305 802 2346 vero
854 2292 1043 2363 synodi
1098 2300 1301 2348 sanctae
1345 2293 1413 2347 ad
1465 2292 1774 2363 episcopum
1816 2306 1943 2363 pro-

350 2381 526 2453 prium
579 2382 931 2439 Hincmarum
989 2384 1214 2441 Rhemis
1263 2385 1618 2441 transmissus
1664 2392 1767 2451 est,
1815 2384 1943 2440 dato

350 2475 501 2544 prius
517 2474 830 2546 iuramento
854 2475 1305 2544 confirmationis,
1335 2493 1404 2533 ne
1438 2478 1492 2533 in
1519 2492 1744 2549 regnum
1772 2476 1946 2531 Ludo-

351 2567 479 2633 vici,
508 2568 611 2624 boc
642 2578 727 2623 est
750 2568 1152 2637 Germanicum,
1200 2570 1431 2641 amplius
1466 2571 1686 2626 rediret.
1720 2582 1742 2609 ε
1777 2568 1942 2624 Multa

352 2674 568 2729 quoque
590 2659 857 2716 in‘eadem
890 2662 1097 2734 synodo
1118 2670 1174 2718 et
1216 2662 1320 2718 alia
1360 2661 1579 2720 fuerunt
1614 2662 1819 2719 utiliter
1842 2662 1941 2719 de-

348 2758 520 2816 creta,
544 2766 664 2821 quae
695 2751 821 2808 alibi
845 2752 1132 2810 habentur.

424 2840 625 2898 Verum
673 2843 890 2899 silentio
929 2846 1370 2915 praetereundum
1399 2861 1507 2901 non
1549 2854 1652 2912 est,
1684 2844 1942 2916 quemad-

353 2932 573 2987 modum
597 2935 777 2989 omnis
805 2935 932 2991 boni
961 2937 1135 2992 hostis
1162 2947 1218 2992 et
1243 2936 1516 3003 inimicus,
1545 2936 1791 2992 diabolus
1818 2950 1943 2992 san-

350 3025 452 3079 ctis
480 3023 689 3080 Rabani
718 3028 915 3084 studiis
956 3029 1345 3085 adversabatur
1373 3030 1428 3084 in
1473 3029 1722 3085 omnibus
1757 3030 1844 3085 die
1879 3044 1945 3084 ac

351 3123 514 3169 nocte
538 3130 552 3179 ;
604 3130 853 3185 quaerens
882 3123 937 3171 et
982 3118 1278 3174 observans
1306 3118 1424 3188 eius
1462 3119 1586 3178 vita:
1616 3120 1855 3185 semitas,
1882 3126 1945 3173 ut

350 3219 475 3259 eum
503 3205 648 3260 vela
676 3207 981 3263 sanctitatis
1036 3218 1318 3266 revocaret
1365 3211 1664 3281 proposito,
1714 3210 1802 3266 vel
1844 3225 1946 3281 pu-

350 3294 504 3351 blica:
526 3297 646 3352 neci
667 3309 982 3369 exponeret,
1015 3309 1110 3356 aut
1130 3300 1432 3357 confusioni
1455 3302 1745 3373 personali.
1778 3301 1888 3358 Nec
1910 3318 1941 3357 a

2045 2107 2336 2177 unicuique
2383 2122 2481 2179 pro
2542 2121 2797 2161 mensura
2845 2106 3027 2162 delicti
3080 2104 3505 2162 satisfactionem
3550 2103 3635 2161 in-

2037 2199 2239 2273 junxit.

2114 2293 2269 2348 Anno
2296 2300 2419 2363 post
2455 2291 2572 2347 ιιωο
2628 2289 2921 2347 Dominicae
2958 2290 3256 2347 nativitatis
3298 2290 3638 2361 octingente-

2045 2384 2182 2440 simo
2204 2383 2648 2455 quinquagesimo
2669 2382 2927 2449 secundo,
2950 2381 3242 2438 indictione
3265 2382 3637 2438 Romanorum

2044 2475 2468 2550 quintadecima,
2523 2477 2615 2547 qui
2664 2474 2768 2531 fuit
2812 2476 3160 2546 pontificatus
3224 2475 3372 2531 beati
3424 2475 3638 2530 Rabani

2043 2569 2265 2642 quintus
2294 2585 2488 2635 annus,
2524 2569 2720 2624 iterum
2766 2568 3037 2624 celebrata
3075 2575 3157 2623 est
3205 2569 3463 2640 synodus,
3510 2582 3640 2637 rege

2042 2663 2317 2720 Ludovico
2340 2662 2584 2734 jubente,
2621 2662 2761 2731 apud
2814 2660 3169 2733 Moguntiam,
3223 2660 3276 2715 in
3306 2659 3640 2715 monasterio

2044 2738 2219 2813 sancti
2266 2754 2461 2810 Albani
2516 2754 2815 2826 martyris,
2875 2753 2992 2824 ipso
3043 2752 3268 2808 Rabano
3315 2749 3641 2824 praesidente

2044 2846 2469 2916 archiepiscopo,
2498 2844 2553 2901 in
2584 2860 2690 2916 qua
2715 2860 2851 2916 pene
2881 2859 3070 2901 omnes
3097 2842 3354 2916 episcopi,
3383 2851 3440 2897 et
3466 2842 3638 2897 abba-

2044 2946 2126 2994 tes
2172 2935 2416 2990 Francia:
2463 2934 2744 2991 orientalis
2788 2934 2831 2999 ἵ,
2862 2934 3106 2990 Bavariaa
3152 2942 3315 3005 atque
3364 2931 3638 2998 Saxouiac,

2044 3045 2169 3086 cum
2197 3028 2472 3084 Rhenanis
2497 3037 2553 3084 et
2580 3027 2887 3084 Moscllauis
2939 3035 3361 3099 comparuerunt
3404 3026 3641 3098 propriis

2044 3121 2100 3177 in
2127 3120 2391 3191 personis.
2420 3120 2584 3177 Multa
2611 3121 2665 3175 in
2688 3136 2751 3176 ea
2775 3121 2982 3193 synodo
3003 3128 3208 3177 statuta
3235 3128 3382 3186 sunt,
3405 3119 3471 3174 ad
3491 3132 3643 3173 com-

2043 3229 2264 3269 munem
2290 3214 2578 3269 utilitatem
2626 3213 2891 3281 ecclesiae,
2939 3229 3146 3285 proque
3194 3228 3405 3269 morum
3459 3224 3642 3266 corre-

2045 3306 2226 3363 ctione
2281 3306 2393 3362 Deo
2444 3304 2825 3361 famulantium
2876 3304 3240 3372 clericorum,
3292 3319 3411 3374 quae
3457 3300 3640 3356 omnia

353 3389 493 3445 male
518 3392 710 3461 coeptis
746 3393 971 3464 quievit,
999 3409 1283 3466 quousque
1310 3394 1529 3451 tandem
1561 3396 1617 3451 in
1645 3395 1793 3451 brevi
1818 3396 1939 3467 plu-
1967 3378 2013 3442 (ἶ
2044 3397 2350 3455 Ludovicus
2400 3398 2516 3468 ipse
2567 3397 2734 3469 regali
2783 3396 3106 3452 auctoritate
3152 3393 3509 3453 conﬁrmavit.
3572 3391 3641 3447 Et

355 3482 500 3538 rium
530 3486 740 3541 animas
795 3488 1137 3543 subditorum
1186 3489 1470 3545 subvertit.
1508 3488 1645 3545 Nam
1688 3504 1809 3545 cum
1851 3489 1944 3545 vix

357 3574 385 3615 ἀ
404 3575 540 3631 duos
568 3577 621 3631 in
647 3576 961 3647 pontificatu
983 3594 1200 3636 menses
1221 3580 1512 3652 implesset,
1535 3582 1649 3637 suis
1664 3596 1802 3653 pene
1827 3597 1945 3637 om-

354 3671 534 3737 nibus,
583 3672 875 3744 instigante
932 3674 1124 3745 spiritu
1183 3674 1439 3745 maiigno,
1505 3675 1669 3746 coepit
1719 3676 1946 3730 nimium

353 3761 659 3833 displicere,
708 3780 938 3836 quorum
990 3773 1139 3821 tanta
1168 3765 1270 3821 fuit
1318 3767 1609 3822 subsecuta
1645 3766 1942 3834 temeritas,

353 3865 411 3912 ut
435 3858 709 3914 occultum
762 3859 830 3914 de
857 3866 1035 3915 morte
1091 3859 1234 3915 illius
1264 3867 1566 3916 tractarent
1619 3858 1942 3916 consilium!

353 3948 740 4020 Couspirantes
760 3952 906 4008 enim
941 3952 1204 4009 adversus
1227 3968 1350 4008 eum
1376 3968 1444 4009 ex
1468 3953 1684 4009 clericis
1702 3953 1947 4009 ecclesia:

355 4039 681 4112 Moguntina:
709 4043 1035 4113 complures,
1078 4060 1308 4113 quorum
1343 4046 1476 4100 vitia
1505 4054 1560 4101 et
1584 4046 1945 4101 inordinatam

356 4132 821 4187 conversationem
862 4134 947 4187 vir
986 4144 1208 4190 sanctus
1236 4136 1635 4191 rationabiliter
1664 4139 1946 4207 arguebat,

360 4223 425 4277 de
455 4220 608 4277 laicis
634 4223 799 4278 etiam
825 4224 1027 4280 multos
1053 4226 1263 4281 nobiles
1304 4234 1359 4282 et
1404 4226 1665 4297 ignobiles
1698 4229 1753 4282 in
1794 4242 1949 4283 suam

356 4331 670 4387 perversam
698 4319 1013 4376 societatem
1049 4320 1259 4377 occulte
1309 4330 1611 4389 traxerunt,
1663 4329 1718 4377 et
1745 4320 1950 4377 malum

431 4470 541 4549 éln
568 4478 829 4548 synodica
872 4479 1102 4549 epistola
1132 4480 1338 4536 Rabani
1374 4479 1441 4535 ad
1473 4478 1826 4534 ilincmarum
1857 4495 1949 4535 ar-

357 4546 759 4619 chiepiscopum
812 4546 1172 4606 Rbémensem
1214 4551 1402 4607 scribit
1442 4570 1460 4602 ι
1528 4550 1951 4621 incorrigibilcm

355 4634 476 4675 eum
512 4629 785 4690 repertum
828 4631 883 4676 et
928 4621 1309 4678 recludendum
1359 4637 1499 4689 esse,
1543 4637 1644 4677 nec
1666 4623 1951 4676 sinendum

355 4690 584 4764 amplius
608 4706 850 4764 errorem
880 4690 1078 4749 docere
1127 4700 1184 4764 et
1224 4694 1485 4750 seducere
1511 4693 1769 4764 populum
1793 4691 1951 4764 Chri-

2044 3491 2283 3563 episcopi
2309 3490 2527 3561 quidem
2549 3487 2839 3561 synodales
2865 3486 3191 3558 qumstiones
3215 3486 3269 3541 in
3293 3485 3523 3541 concilio
3546 3483 3641 3540 de-

2045 3585 2450 3642 terminabant:
2478 3599 2574 3640 rex
2606 3592 2788 3639 autem
2817 3597 2942 3638 cum
2978 3581 3314 3654 principibus
3338 3580 3393 3635 in
3420 3578 3643 3638 civitate

2047 3678 2301 3735 sedandis
2325 3677 2509 3732 litibus
2539 3675 2875 3747 invigilabat.

2117 3769 2275 3824 Anno
2322 3766 2621 3822 Dominicze
2665 3763 2964 3819 nativitatis
2994 3759 3440 3833 octingentesimo
3482 3759 3644 3830 quiu-

2048 3860 2385 3939 quagesimo,
2418 3858 2709 3913 indictione
2738 3856 3107 3911 Romanorum
3133 3848 3523 3915 tertiadecima,
3547 3846 3643 3921 qui

2049 3951 2151 4008 fuit
2169 3951 2342 4007 sancti
2368 3949 2578 4005 Rabani
2607 3963 2781 4004 annus
2805 3947 2861 4002 in
2906 3945 3220 4018 pontiﬁcatu
3254 3943 3469 4010 tertius,
3509 3941 3640 3998 Ger-

2048 4044 2243 4101 manice
2284 4043 2510 4114 populos
2536 4042 2856 4115 gravissima
2888 4038 3061 4096 fames
3086 4036 3377 4110 oppressit,
3402 4035 3640 4092 maxime

2051 4136 2196 4193 circa
2225 4133 2476 4191 Rhenum
2505 4134 2831 4190 habitantes.
2862 4131 2999 4187 Nam
3029 4147 3170 4186 unus
3193 4129 3405 4185 modius
3431 4127 3497 4183 dc
3524 4126 3639 4182 fru-

2051 4238 2234 4286 mento
2272 4228 2560 4300 Moguntite
2598 4226 2936 4282 vendebatur
2987 4239 3086 4296 pro
3120 4223 3149 4264 ⁸
3178 4222 3364 4278 decem
3408 4217 3642 4274 nummis

2052 4322 2287 4393 argenti,
2315 4334 2546 4391 quorum
2571 4332 2668 4373 sex
2710 4324 2766 4372 et
2789 4313 2982 4387 viginti
3021 4328 3187 4369 unum
3232 4310 3392 4367 hodie
3438 4308 3642 4364 iaciunt

2089 4477 2306 4549 eneralc
2336 4476 2591 4549 placitum
2618 4472 2809 4530 habuit
2834 4474 2973 4549 apud
3006 4466 3513 4549 Moguntiacum,nin
3534 4481 3642 4536 quo

2089 4496 2306 4535 eneralc
2336 4496 2591 4549 ptacuum
2620 4496 2809 4530 nanuu
2834 4496 2973 4544 apuu
3006 4496 3424 4543 muguuuucum,
3456 4496 3508 4521 ιιι
3534 4496 3642 4536 ψιυ

2050 4496 2259 4622 Fegatos
2285 4548 2510 4603 fratrum
2533 4553 2861 4622 suoruu_i,_et
2889 4543 3381 4622 Nordmannorum,
3427 4538 3644 4622 Sciam-

2056 4611 2284 4692 ruumque
2335 4620 2590 4692 suscepit,
2623 4617 2827 4692 audivit
2851 4624 2905 4670 et
2926 4614 3173 4692 absolvit.
3204 4611 3461 4665 Homines
3481 4611 3642 4689 etiam

2056 4685 2293 4747 Hrab'ani
2334 4685 2570 4760 episcopi
2611 4688 2871 4743 adversus
2910 4685 3204 4760 deminuto
3235 4697 3391 4760 suum
3434 4685 3646 4747 conspi-

355 4753 611 4815 stianum.
640 4782 656 4813 ι
694 4763 760 4816 Et
784 4764 837 4816 in
864 4765 1052 4818 ultima
1088 4763 1155 4818 ad
1183 4766 1431 4820 eumdem
1469 4753 1697 4836 epistola
1737 4762 1947 4829 scribit,
1976 4754 2030 4815 D
2055 4773 2240 4836 rantes
2259 4753 2770 4836 pliiiiice_conViclos
2794 4773 2916 4836 et"?
2947 4771 3013 4811 θο
3051 4753 3415 4836 νεοίίίοειγὶεχι

354 4846 523 4906 filim}
558 4841 876 4906 praesentem
899 4848 928 4886 a
955 4850 1065 4906 sua
1081 4837 1320 4906 nequitia
1342 4836 1497 4890 avelli
1515 4852 1622 4891 non
1640 4836 1901 4906 potuisse.
1926 4854 1947 4888 ι

356 4900 676 4982 _Sigcbertus
705 4902 773 4955 ad
796 4916 922 4955 ann.
968 4901 1074 4957 849
1105 4900 1185 4957 ait
1205 4923 1224 4955 ι
1260 4902 1601 4971 Convictum,
1640 4900 1743 4961 sed
1770 4913 1952 4959 tamen

353 4987 410 5025 in
431 4988 527 5026 suo
550 4987 926 5041 perseverasse
949 4988 1155 5041 errore.
1180 4992 1199 5024 ι

426 5042 454 5079 b
493 5040 973 5116 Archiepiscgpum.
1022 5040 1157 5116 Nam
1206 5044 1459 5116 proprius
1504 5046 1790 5116 episcoyms
1838 5052 1955 5100 erat

359 5110 746 5185 §uessoucnsis
795 5110 1123 5185 Rolliardus,
1163 5110 1257 5169 seu
1290 5110 1617 5179 Hrothadus,
1652 5110 1742 5185 qui
1786 5116 1952 5170 etiam

356 5180 641 5257 Carisiaca:
676 5184 883 5257 synodo
914 5183 1189 5257 interfuit,
1208 5186 1261 5239 iu
1286 5202 1391 5257 qua
1418 5186 1616 5242 dicitur
1647 5180 1951 5241 (honorem

355 5251 781 5330 presbyteralem
827 5271 923 5324 per
968 5251 1778 5330 Rigboldum'chorcpiscopum
1812 5272 1954 5330 cum

356 5336 500 5379 esset
526 5323 864 5405 S_uessonieae
887 5323 1156 5395 parotihia:
1181 5323 1700 5397 monachusfinscio
1722 5328 1955 5383 civitatis

358 5409 468 5450 suae
492 5410 766 5465 episcopo,
796 5412 1105 5465 usurpasse.
1139 5419 1156 5453 ι

435 5478 457 5542 ξ
490 5454 719 5542 Decreto
754 5454 960 5539 'synod'i
1010 5466 1322 5542 _Carisiac:e,
1361 5472 1383 5542 li
1419 5471 1625 5542 honore
1668 5454 1952 5542 presbyte-

359 5536 459 5614 rali
495 5537 741 5592 detectus
768 5536 870 5603 cét,
916 5536 1508 5614 ut_improbusvvirgis
1557 5536 1751 5609 mus,
1787 5536 1851 5596 ei
1885 5554 1953 5596 ne

358 5607 743 5680 alii_s_nocerct,
770 5609 1041 5680 ergastulo
1066 5607 1327 5667 retrusus.
1353 5630 1371 5667 ι

430 5677 457 5717 d
485 5675 601 5755 imo
641 5679 756 5733 hzec
785 5675 926 5734 anno
953 5680 1451 5755 archiepiscopatus
1477 5684 1535 5752 2,
1570 5682 1775 5739 Christi
1821 5680 1952 5749 848,

360 5747 656 5820 contigisse
674 5764 741 5804 ex
772 5750 1120 5820 sequentibus
1140 5747 1374 5810 certu'm.

439 5831 462 5859 θ
490 5819 608 5873 Non
632 5819 861 5889 Regino,
876 5821 969 5891 qui
994 5822 1204 5877 Rabani
1231 5840 1338 5878 non
1361 5824 1627 5890 meminit,
1649 5823 1744 5879 sed
1768 5832 1957 5881 auctor

362 5890 655 5967 Annalium
676 5890 1065 5967 _Fuldensium,
1098 5892 1152 5947 in
1204 5895 1400 5967 quibus
1449 5899 1563 5967 haec
1609 5897 1861 5967 leguntur
1890 5894 1958 5951 ad

366 5977 569 6020 unum
594 5962 700 6023 848
725 5978 741 6019 :
766 5984 784 6016 ι
819 5963 1125 6021 Ludovicus
1153 5962 1246 6022 rei
1283 5966 1429 6021 circa
1452 5962 1690 6024 Kalend:
1707 5967 1958 6025 Octobris

2134 4835 2153 4873 ί
2184 4820 2419 4888 Αηίηιιθε
2446 4831 2741 4885 Fuldcnses
2785 4829 2851 4882 ad
2881 4827 3024 4881 hunc
3051 4820 3251 4879 annum
3285 4822 3389 4876 852
3432 4820 3509 4876 sic
3553 4833 3644 4872 rc-

2056 4904 2274 4959 ferunt:
2314 4922 2333 4954 ι
2366 4902 2560 4957 Habita
2592 4907 2674 4954 est
2701 4908 2879 4953 autem
2908 4908 2961 4951 et
2993 4896 3228 4970 synodus
3256 4910 3319 4970 ex
3353 4892 3647 4970 voluntate

2057 4982 2218 5045 atque
2258 4970 2793 5045 przecoptoejusdem
2836 4959 3167 5045 serenissimi
3196 4963 3454 5045 principis
3479 4959 3645 5041 (regis

2055 5033 2335 5107 Lu'dovi'ci)
2367 5033 2676 5114 iii-civitate
2702 5040 2970 5114 Moguntia
3000 5033 3282 5114 nt_ett'opoli
3310 5033 3641 5114 Germani-ae,

2052 5102 2378 5185 praesidente
2418 5113 2637 5167 Rabauo
2673 5102 2966 5185 venErabi‘li
3013 5102 3253 5185 ejusdem
3285 5104 3441 5185 urbis
3466 5102 3646 5185 archi-

2058 5173 2330 5258 episcopo,
2383 5200 2504 5258 c_um
2552 5183 2801 5258 omnibus
2853 5173 3326 5258 episcopisﬂatque
3356 5173 3644 5258 abbatibus

2059 5241 2351 5312 O'rientalis
2397 5255 2661 5317 Franciar,
2711 5241 2973 5305 Baioarite
3014 5241 3073 5323 et
3105 5241 3392 5323 “Saxonum.
3452 5241 3645 5323 ζειὲῥηὶ

2059 5329 2277 5400 quidem
2331 5325 2410 5400 de
2441 5314 2783 5400 absolvendis
2834 5317 3222 5390 quaestionibus
3279 5314 3646 5400 ecclesiastica

2060 5385 2350 5456 t'ractatum
2398 5396 2686 5452 habebant.
2741 5385 2869 5447 Rex'
2896 5404 3025 5444 vero
3069 5402 3193 5443 cum
3224 5385 3559 5459 principibus
3588 5390 3645 5438 et

2056 5455 2327 5544 prrcfectis
2382 5465 2783 5544 provinciarum
2845 5458 3074 5544 publicis
3124 5455 3301 5544 causis
3337 5455 3648 5544 ‘li‘tibugyue

2058 5527 2446 5610 immpdnemiis
2497 5537 2771 5610 insistens,
2805 5527 3086 5610 postquam
3131 5527 3407 5610 synodalia
3455 5538 3646 5610 eorum

2057 5594 2273 5670 decreta
2301 5625 2399 5681 suo
2423 5604 2626 5677 judicio
2652 5594 3020 5681 comprobavit
3051 5610 3107 5681 et
3133 5594 3433 5681 legationes
3455 5594 3651 5681 Epign-

2055 5668 2239 5739 rorum
2270 5668 2693 5746 Sclavbrumque
2720 5668 2924 5746 audivit
2952 5668 3293 5746 et_absolvit,
3341 5668 3651 5727 Baioa‘riam

2059 5767 2311 5810 reversus
2355 5758 2458 5804 est.
2494 5767 2511 5799 ι
2544 5742 2963 5801 ΑίΜοδεΙΙωιοε
3007 5742 3174 5799 fuisse
3216 5750 3371 5796 extra
3418 5755 3650 5814 regnum

2059 5821 2317 5881 Ludovici
2346 5829 2552 5875 certum
2578 5824 2680 5871 est.

2136 5879 2422 5948 érAnnaies
2450 5889 2746 5945 Fuldenses
2787 5887 2983 5942 iterum
3021 5881 3329 6010 descriszit,
3366 5879 3427 5942 in
3452 5882 3650 5955 quibus

2136 5976 2237 6010 mm
2262 5963 2409 6010 sinlis
2451 5956 2658 6010 armenti
2694 5958 2926 6010 iacitur:
2963 5953 3171 6010 relicua
3299 5956 3508 6010 malam
3529 5949 3650 6009 Tri-

2062 5967 2237 6019 decem
2262 5963 2409 6019 sielis
2451 5956 2658 6032 argenti
2694 5958 2926 6030 legitur:
2963 5953 3171 6025 reliqua
3197 5949 3267 6010 de
3299 5949 3508 6016 matari)
3529 5949 3652 6009 Tri-
