4016 6484
305 539 404 601 101

1669 498 2199 583 PROLEGOMENA.

3467 504 3570 573 lin

300 652 422 711 auri
466 650 754 707 florenum.
782 646 864 703 Es
903 659 1013 716 qua
1055 643 1436 717 supputatione
1471 648 1687 700 constat
1713 653 1881 695 unum
1907 626 1963 698 Α
1984 651 2191 702 rarum,
2216 630 2554 691 meditationi
2583 647 2816 707 quoque,
2866 620 3099 691 orationi
3138 642 3195 691 et
3240 635 3573 707 contempla-

303 743 481 803 octale
506 740 795 806 frumenti,
836 737 980 809 quod
1019 735 1283 793 matdrum
1309 740 1523 802 vocant,
1572 733 1694 805 plus
1721 746 1885 804 quam

303 845 420 893 tres
447 832 672 890 solvisse
701 830 936 887 ﬁorenos
972 828 1131 885 dictae
1155 842 1421 885 mensum
1442 823 1883 898 Moguntinensis.

306 927 619 987 Merebatur
642 932 826 980 autem
867 937 933 979 eo
969 928 1215 993 tempore
1259 921 1451 978 beatus
1495 917 1753 974 Rabanus
1795 932 1885 972 ar-

306 1019 681 1091 chiepiscopus
706 1016 763 1073 in
789 1015 1022 1087 quadam
1045 1012 1170 1069 villa
1196 1012 1466 1085 parochias
1514 1026 1648 1078 suae,
1676 1009 1766 1065 cui
1790 1023 1888 1063 vo-

305 1111 559 1168 cabulum
614 1116 699 1166 est
752 1105 1035 1174 Wincetta,
1092 1121 1261 1176 quam
1309 1105 1367 1160 in
1402 1104 1664 1163 descensu
1712 1099 1889 1156 Rheni

304 1201 542 1258 fluminis
564 1200 633 1256 ad
658 1199 924 1264 dextram,
959 1196 1134 1252 ferme
1162 1195 1336 1253 tribus
1363 1211 1394 1252 a
1422 1195 1692 1268 Moguntia
1726 1193 1890 1249 distat

305 1292 649 1360 milliaribus,
685 1298 741 1348 et
768 1306 910 1347 nunc
940 1289 1011 1345 ab
1051 1289 1243 1347 incolis
1277 1298 1436 1346 terra:
1465 1285 1718 1345 Wuuckel
1747 1302 1887 1341 nun-

306 1396 554 1458 cupatur.
588 1385 646 1442 In
669 1400 734 1442 ea
775 1383 1045 1450 residens,
1093 1397 1360 1453 pauperes
1402 1366 1469 1438 de
1502 1378 1731 1436 diversis
1758 1375 1890 1433 locis

306 1478 658 1537 advenientes
674 1477 918 1549 quotidie
935 1475 1057 1547 plus
1075 1489 1238 1545 quam
1254 1480 1524 1529 trecentos
1541 1468 1888 1538 suscipiebat,

306 1581 363 1628 et
382 1571 641 1631 alimento
668 1568 1028 1635 sustentabat,
1058 1566 1300 1638 exceptis
1324 1564 1411 1622 his
1436 1563 1528 1636 qui
1573 1562 1631 1618 in
1649 1575 1889 1633 praesen-

309 1661 382 1717 tia
406 1660 550 1717 illius
577 1660 795 1716 assidue
819 1658 1198 1715 vescebantur.

380 1750 540 1807 Venit
567 1759 748 1806 autem
803 1749 947 1805 inter
975 1748 1129 1814 alios,
1176 1762 1286 1803 una
1341 1746 1550 1803 dierum
1595 1751 1652 1800 et
1698 1741 1893 1800 mulier

307 1846 554 1914 quaedam
577 1860 645 1899 ex
665 1843 789 1898 villa
809 1841 1108 1901 Crucinaco
1123 1840 1265 1911 (quin
1289 1853 1433 1895 nunc
1464 1836 1718 1907 oppidum
1737 1843 1823 1891 est
1841 1833 1891 1905 α)

308 1934 560 2001 oriunda,
592 1934 771 1990 inedia
820 1949 958 2005 pene
997 1939 1316 2003 consumpta
1348 1947 1473 1988 cum
1524 1930 1727 1987 infante
1769 1945 1894 2000 par-

1992 728 2144 796 tioni,
2172 728 2383 799 quoties
2405 744 2436 784 a
2456 727 2751 800 pontiﬁcali
2772 735 2988 800 poterat
3026 728 3325 785 ministerio
3348 743 3569 798 vacare,

1990 837 2203 893 semper
2229 820 2333 877 fuit
2356 821 2616 889 intentus,
2656 829 2711 878 et
2736 821 3039 878 sanctitatis
3065 821 3405 888 exercitium,
3428 820 3571 892 quod

1989 915 2284 971 monachus
2310 915 2365 970 in
2393 916 2640 971 ctenobio
2687 915 2969 982 didicerat,
3008 916 3171 970 etiam
3221 914 3573 988 archiprarsul

1991 1006 2193 1075 factus,
2242 1008 2360 1063 sine
2385 1008 2786 1064 intermissione
2811 1010 3155 1075 continuans,
3184 1026 3461 1081 nunquam
3492 1011 3571 1065 in-

1990 1098 2244 1155 termisit.
2277 1098 2515 1155 Verbum
2536 1099 2634 1154 Dei
2674 1100 2971 1171 praedicare
3017 1100 3122 1157 sibi
3151 1102 3443 1158 commisso
3470 1116 3571 1172 po-

1992 1189 2123 1262 pulo
2150 1205 2261 1246 non
2302 1191 2521 1246 erubuit
2551 1207 2565 1257 ;
2608 1191 2806 1263 quippe
2834 1193 2928 1262 qui
2958 1208 3018 1248 se
3046 1193 3411 1271 apostOlorum
3442 1210 3572 1250 con—

1990 1289 2235 1338 secutum
2249 1296 2369 1337 esse
2382 1281 2743 1338 ministerium
2759 1285 3088 1356 recognovit.
3110 1286 3269 1342 Enim
3283 1302 3414 1342 vero
3435 1286 3579 1342 sicut

1991 1388 2099 1429 non
2139 1381 2378 1429 meretur
2406 1372 2510 1430 dici
2552 1374 2847 1449 apostolus,
2879 1375 2973 1446 qui
3006 1392 3209 1433 vacans
3251 1378 3438 1433 mundi
3478 1394 3577 1433 ne-

1991 1464 2150 1537 gotiis
2192 1464 2279 1521 vel
2318 1465 2451 1534 otio,
2499 1467 2725 1523 verbum
2755 1467 2851 1524 Dei
2879 1469 3185 1526 commissis
3230 1470 3335 1526 sibi
3364 1471 3577 1542 papulis

1991 1571 2101 1611 non
2123 1556 2406 1627 praedicat,
2442 1559 2517 1612 ita
2562 1558 2854 1630 episcopali
2887 1560 3093 1617 honore
3134 1560 3353 1632 penitus
3383 1571 3467 1617 est
3497 1562 3580 1617 in-

1993 1646 2207 1718 dignus,
2236 1648 2330 1719 qui
2378 1648 2640 1719 neglectis
2686 1650 2801 1706 sive
2829 1653 3144 1723 postpositis
3186 1652 3578 1725 spiritualibus;

1993 1737 2109 1793 sola
2155 1740 2479 1809 temporalia
2532 1751 2706 1798 curat.
2764 1744 3057 1801 Transiens
3110 1761 3239 1817 ergo
3285 1762 3383 1818 per
3410 1746 3581 1813 vicos,

1992 1845 2195 1902 perque
2232 1818 2451 1887 castella
2477 1840 2535 1889 et
2561 1833 2735 1901 villas,
2778 1835 3156 1907 Apostolorum
3184 1853 3355 1904 more,
3400 1837 3583 1895 Raba-

1996 1936 2100 1976 nus
2126 1936 2250 1976 cum
2275 1920 2490 1978 clericis
2509 1925 2779 1980 nonnullis
2810 1934 2864 1981 et
2889 1926 3186 1993 monachis,
3226 1945 3361 1999 quos
3384 1931 3452 1986 ad
3481 1931 3585 1987 hoc
3645 1945 3650 1951 '

307 2029 458 2095 vulo,
495 1992 618 2085 cum
648 2029 769 2085 aliis
819 1992 1165 2100 pauperibus,
1219 1992 1510 2082 refocillari
1548 2024 1892 2081 desiderans.
1922 1992 1972 2059 Β
1999 2013 2360 2071 ministerium
2385 2016 2538 2071 novit
2572 2017 2815 2083 idoneos,
2858 2019 3209 2092 Evangelium
3255 2021 3351 2076 Dei
3387 2021 3584 2094 populo

311 2118 443 2186 Quae
470 2119 779 2190 priusquam
797 2120 958 2174 limen
980 2126 1148 2190 portae
1171 2117 1362 2175 domus
1380 2115 1699 2187 episcopalis
1720 2122 1898 2170 trans-

257 2278 265 2283 .
308 2211 582 2273 cenderat,
604 2225 717 2281 prae
734 2210 898 2265 nimia
922 2208 1287 2266 imbecillitate
1307 2222 1568 2265 corruens
1592 2206 1647 2262 in
1673 2215 1893 2273 terram,

306 2302 556 2373 spiritum
580 2303 867 2359 exhalavit.
908 2303 1048 2360 Puer
1086 2318 1218 2359 vero
1244 2301 1539 2357 mamillam
1578 2300 1772 2357 matris
1799 2300 1895 2356 de-

310 2396 513 2452 functae
534 2397 785 2468 jacentis,
814 2398 970 2468 quasi
1014 2397 1266 2463 viventis,
1296 2397 1363 2452 de
1403 2396 1526 2451 sinu
1552 2394 1895 2466 protrahens,

306 2495 364 2543 et
394 2502 588 2560 augere
615 2496 853 2556 tentans,
885 2489 1085 2546 multos
1110 2490 1382 2544 intuentes
1402 2488 1470 2543 ad
1495 2486 1680 2543 fletum
1701 2486 1894 2558 coegit.

309 2578 440 2647 Quae
478 2596 600 2637 cum
626 2581 784 2637 beato
808 2582 1049 2653 pontiﬁci
1079 2581 1326 2637 nuntiata
1354 2581 1603 2647 fuissent,
1638 2580 1902 2653 ingemuit

308 2678 365 2728 et
383 2688 497 2741 pra:
523 2673 691 2729 nimio
714 2675 1108 2743 compassionis
1134 2673 1320 2729 dolore
1342 2673 1612 2746 lacrymas
1642 2673 1901 2729 cohibere

308 2774 417 2816 non
450 2760 642 2830 potuit.
672 2761 751 2815 Ex
774 2761 865 2817 illa
894 2762 980 2818 die
1022 2776 1122 2833 per
1142 2778 1360 2818 onmem
1389 2763 1663 2833 regionem
1689 2762 1903 2818 miseri-

310 2852 548 2907 cordiam
602 2855 889 2924 praedicari
948 2855 1075 2911 fecit
1121 2856 1327 2926 egenis,
1383 2856 1753 2928 eleemosynas
1801 2870 1900 2926 pro

312 2943 518 3001 viribus
542 2947 714 3002 auxit.
752 2946 1112 3018 Pauperibus,
1142 2951 1500 3020 undecunque
1525 2950 1897 3016 venientibus,

311 3040 685 3095 necessarium
732 3042 1015 3111 praesentis
1062 3043 1185 3098 vitae
1231 3043 1489 3114 pabulum
1538 3043 1900 3100 abundantius

309 3129 660 3188 ministravit.
707 3133 859 3190 Hanc
892 3133 1008 3204 ejus
1055 3136 1479 3192 muniﬁcentiam
1534 3137 1589 3191 in
1638 3151 1902 3208 pauperes

309 3222 655 3292 omnipotens
681 3225 824 3281 Deus
852 3234 1062 3297 gratam
1108 3227 1331 3295 habens,
1388 3228 1586 3299 duplici
1635 3229 1902 3286 beneﬁcio

312 3327 695 3373 remunerasse
746 3317 976 3389 legitur;
1018 3319 1145 3374 dum
1173 3320 1222 3375 ei
1274 3321 1555 3392 copiosam
1585 3319 1750 3391 hujus
1775 3322 1902 3377 vita:

307 3408 676 3477 provisionem
705 3410 761 3466 in
789 3412 1044 3482 prazsenti
1095 3413 1365 3480 retribuit,
1395 3423 1450 3470 et
1482 3415 1720 3469 animam
1762 3414 1904 3473 illius

313 3500 534 3555 tandem
572 3516 604 3556 a
629 3516 861 3573 corpore
909 3510 1220 3572 separatam
1273 3511 1491 3560 aeterna:
1529 3503 1809 3561 felicitatis
1849 3504 1906 3560 in

308 3589 451 3645 coelo
477 3591 688 3649 deliciis
714 3602 976 3664 perpetuo
1017 3594 1252 3650 satiavit.
1284 3594 1543 3667 Dispersit
1573 3597 1720 3654 enim
1746 3596 1906 3668 hujus

306 3682 437 3737 vitae
464 3682 684 3738 divitias
708 3699 808 3754 pro
843 3685 1045 3741 Christi
1074 3702 1277 3755 amore,
1310 3695 1364 3743 et
1391 3689 1535 3744 dedit
1568 3689 1904 3762 pauperibus,

307 3781 541 3846 propter
569 3777 714 3845 quod
742 3785 799 3833 et
821 3777 1041 3833 Iustitia
1080 3780 1197 3850 ejus
1235 3790 1413 3836 manet
1439 3782 1497 3836 in
1524 3781 1775 3837 swculum
1800 3800 1903 3838 sa:-

305 3864 415 3919 cuti
446 3863 620 3938 (Psal.
644 3883 753 3933 cxx,
784 3867 862 3940 9),
884 3875 942 3925 et
981 3871 1287 3926 convivium
1318 3870 1397 3944 [ct
1425 3873 1617 3947 cornu]
1642 3872 1759 3943 ejus
1782 3890 1907 3930 cum

308 3959 518 4010 sanctis
547 3958 799 4013 omnibus
820 3960 1093 4016 exaltatur
1114 3960 1170 4016 in
1193 3961 1383 4034 gloria.
1415 3962 1690 4020 Christum
1720 3963 1907 4021 Iesum

309 4046 655 4117 unigenitum
683 4049 778 4106 Dei
817 4050 1039 4120 Filium,
1084 4052 1240 4124 cujus
1279 4055 1527 4112 minister
1554 4064 1676 4111 erat
1695 4065 1751 4112 et
1773 4072 1907 4128 pon-

312 4137 469 4204 tifex,
503 4142 708 4196 amavit
731 4159 897 4215 super
924 4146 1127 4214 omnia,
1158 4162 1257 4218 pro
1279 4146 1432 4217 cujus
1461 4150 1668 4207 honore
1691 4151 1907 4209 ﬁdelem

308 4241 373 4283 se
409 4229 591 4285 ovium
636 4230 753 4301 ejus
805 4244 1082 4305 pastorem
1133 4238 1400 4307 exhibuit,
1448 4240 1648 4297 inscios
1702 4243 1904 4312 docuit,

311 4333 579 4389 pauperes
610 4325 782 4394 pavit,
829 4337 1077 4385 errantes
1129 4338 1185 4385 et
1232 4347 1330 4402 per
1357 4332 1513 4388 devia
1556 4343 1907 4404 peccatorum

310 4413 676 4483 praecipitatos
702 4420 770 4476 ad
817 4420 960 4476 viam
1009 4420 1235 4493 justitiae
1272 4432 1500 4494 paterna
1551 4427 1909 4486 sollicitudine

314 4505 548 4561 reduxit.
580 4506 718 4565 Vere
750 4509 930 4579 justus
954 4522 1010 4569 et
1048 4523 1287 4582 sanctus,
1320 4517 1412 4588 qui
1436 4527 1552 4588 post
1580 4536 1770 4574 aurum
1804 4539 1909 4577 non

313 4595 445 4649 abiit
468 4611 487 4650 :
513 4614 605 4652 nec
647 4600 704 4655 in
727 4603 987 4658 thesauris
1013 4606 1248 4675 pecunia:
1271 4608 1495 4677 speravit
1526 4607 1719 4681 (Ecclt'.
1748 4626 1905 4679 ΠΗ,

312 4685 391 4757 8).
432 4686 622 4745 Omnis
648 4692 975 4750 conﬁdentia
1005 4697 1122 4766 ejus
1159 4696 1261 4752 fuit
1300 4698 1354 4754 in
1392 4701 1645 4769 Domino,
1676 4717 1776 4773 pro
1809 4702 1905 4759 cu-

307 4778 399 4849 jus
428 4795 615 4837 amore
639 4794 837 4839 caetera
868 4787 1050 4841 omnia
1085 4788 1346 4857 despexit.
1381 4789 1537 4845 Unde
1562 4808 1745 4847 rerum
1774 4800 1907 4848 tem-

313 4872 584 4940 poralium
609 4888 796 4931 curam
819 4878 1067 4949 exemplo
1109 4881 1411 4952 priscorum
1438 4884 1754 4953 pontiﬁcum
1779 4887 1909 4944 viris

313 4973 593 5027 commisit
642 4974 892 5033 idoneis:
951 4994 1182 5048 quorum
1235 4981 1507 5037 relevatus
1558 4984 1861 5040 ministerio
1889 5026 1905 5053 ,

313 5062 689 5131 spiritualibus
713 5068 974 5125 intentius
994 5078 1230 5126 vacaret.
1277 5072 1354 5127 Ea
1381 5087 1512 5128 vero
1539 5090 1660 5144 qua:
1692 5074 1910 5143 pontiﬁ-

315 5155 433 5211 cale
456 5159 808 5229 requirebant
826 5160 1081 5229 oﬂicium,
1110 5163 1167 5218 in
1194 5170 1308 5219 tota
1337 5165 1557 5220 dioecesi
1587 5180 1686 5235 per
1711 5174 1910 5221 semet-

317 5247 495 5319 ipsum
523 5252 957 5311 administrabat.
998 5255 1246 5314 Lectioni
1293 5256 1602 5313 divinarum
1655 5256 1905 5329 Scriptu-

319 5384 509 5461 themii
529 5390 807 5461 expositio
833 5401 933 5447 est.
969 5390 1301 5450 Charitatem
1323 5392 1533 5450 Rabani
1559 5393 1614 5449 in
1642 5395 1744 5451 hac
1766 5396 1911 5453 fame

314 5455 1021 5538 laudatjirithemius
1060 5465 1117 5522 in
1145 5465 1415 5522 Chronico
1444 5465 1816 5538 Hirsaugiensi
1841 5468 1907 5523 ad

315 5542 407 5581 an.
432 5527 538 5586 849
559 5539 616 5584 et
640 5533 766 5587 856.

390 5598 489 5653 Ῥ

320 5668 541 5725 nalibus
565 5668 941 5730 Fuldensibus.

390 5740 419 5779 b
454 5740 618 5812 Anno
651 5742 854 5799 Christi
878 5744 1001 5812 8l9,
1045 5747 1274 5803 necdum
1301 5758 1413 5804 tum
1440 5749 1628 5805 abbas.

391 5822 413 5849 ο
446 5809 601 5866 Sedit
638 5812 918 5872 Ricbolfus
967 5809 1036 5873 ab
1082 5833 1225 5873 anno
1256 5819 1356 5873 787
1397 5820 1463 5875 ad
1490 5820 1615 5875 814.
1660 5819 1906 5875 Ecclesia

318 5881 379 5963 ξ.
413 5880 610 5963 Albani
630 5896 944 5963 consecrata
968 5897 1052 5963 est
1075 5904 1200 5943 ann.
1229 5888 1333 5943 805
1377 5890 1603 5963 Kalend.
1642 5890 1904 5963 Decemb.

318 5951 641 6011 Cceuobium
662 5954 765 6015 hoc
788 5961 1198 6029 monachorum,
1218 5975 1477 6017 concessu
1500 5960 1713 6016 Martini
1737 5962 1912 6033 papae,

602 5586 782 5671 inatus
814 5604 1102 5671 inferioris.
1137 5607 1298 5664 Deest
1338 5604 1537 5664 nomen
1564 5607 1666 5663 loci
1706 5586 1763 5663 in
1798 5607 1932 5664 An-'

1998 2106 2290 2173 nuntiavit,
2345 2107 2721 2180 delinquentes
2774 2113 3055 2185 corripuit,
3107 2114 3432 2184 pmnitentes
3483 2119 3587 2172 Do-

1998 2197 2145 2254 mino
2173 2199 2562 2256 reconciliavit.
2612 2201 2788 2259 Mores
2839 2205 3161 2263 clericorum
3208 2208 3336 2265 totis
3380 2209 3587 2267 viribus

1997 2289 2066 2345 ad
2119 2290 2476 2362 apostolicam
2528 2293 2926 2353 institutionem
2985 2299 3283 2357 reformare
3337 2302 3588 2371 studuit,

1996 2398 2096 2455 pro
2153 2400 2385 2456 quorum
2440 2386 2737 2446 directione
2793 2390 3017 2460 salubri,
3074 2402 3186 2451 tres
3220 2394 3386 2452 libros
3436 2403 3593 2451 nota-

1997 2477 2133 2535 biles
2158 2479 2227 2535 ad
2274 2478 2620 2549 Haildolfum,
2670 2492 2921 2553 quartum
2962 2487 3428 2558 archiepiscopum
3470 2487 3587 2544 Mo-

1999 2572 2309 2645 guntinum,
2338 2582 2739 2632 antecessorem
2761 2567 3114 2651 suum,‘rius
3138 2581 3443 2637 lucubravit
3467 2594 3516 2637 ιι.

2071 2666 2296 2736 Quoties
2343 2684 2475 2725 vero
2523 2672 2592 2728 ab
2626 2673 2933 2729 actionibus
2961 2674 3204 2730 ecclesiae
3244 2673 3472 2745 publicis
3499 2687 3625 2732 va-l

1999 2760 2161 2815 cabat
2188 2799 2206 2827 ,
2265 2762 2608 2819 mansionem
2668 2764 2978 2822 residentia:
3032 2756 3330 2837 corporalis
3379 2768 3596 2823 tenebat

1999 2851 2087 2907 vel
2110 2853 2166 2907 in
2194 2863 2493 2909 memorata
2512 2855 2641 2911 villa
2665 2856 2810 2913 circa
2834 2856 3083 2914 Rhenum
3115 2858 3401 2927 Wincella,
3430 2859 3516 2914 vel
3536 2857 3593 2914 in

1999 2943 2296 3014 Moguntia,
2324 2947 2473 3003 circa
2501 2948 2763 3019 majorem
2789 2949 3094 3019 ecclesiam,
3124 2951 3179 3006 in
3200 2953 3360 3008 domo
3385 2950 3595 3022 episco-

1998 3035 2130 3106 pali,
2162 3044 2256 3092 aut
2279 3046 2428 3095 certe
2454 3039 2510 3094 in
2534 3051 2741 3109 monte,
2773 3041 2917 3097 haud
2945 3043 3137 3112 procul
3161 3059 3193 3098 a
3230 3043 3593 3114 praenomina-

2000 3136 2057 3185 to
2085 3130 2223 3198 vico,
2255 3131 2349 3201 qui
2371 3133 2437 3188 de
2464 3134 2684 3189 nomine
2718 3133 2861 3192 illius
2909 3135 3087 3193 dictus
3134 3144 3219 3192 est
3247 3133 3591 3191 Bisthofebe-

2001 3240 2118 3291 rus,
2150 3225 2205 3280 in
2232 3241 2342 3297 quo
2362 3242 2508 3282 nunc
2534 3228 2926 3284 monasterium
2967 3230 3139 3285 sancti
3160 3227 3384 3285 Joannis
3417 3227 3596 3298 Bapti-

2005 3325 2103 3373 stae
2146 3318 2390 3375 cernitur
2436 3334 2558 3375 esse
2608 3328 2998 3375 constructum.
3051 3320 3390 3391 Frequenter
3430 3319 3594 3374 etiam

1929 3384 1976 3450 ο
2008 3424 2232 3465 manere
2257 3410 2538 3466 consuevit
2588 3410 2646 3465 in
2697 3410 2946 3466 camobio
2990 3384 3193 3466 sancti-
3221 3410 3478 3482 martyris
3506 3407 3599 3462 Al-

2007 3500 2157 3568 bani,
2184 3502 2329 3572 quod
2363 3502 2419 3557 in
2445 3509 2630 3559 monte
2655 3517 2823 3574 prope
2867 3502 3198 3575 Moguntiam
3239 3501 3518 3559 Richolfus
3546 3502 3597 3567 ιι,

2007 3593 2202 3650 tertius
2220 3593 2678 3664 archiepiscopus,
2726 3594 3046 3660 construxit,
3087 3610 3232 3650 anno
3272 3592 3485 3651 Domini
3513 3608 3600 3650 se-

2007 3687 2425 3758 ptingentesimo
2452 3687 2804 3759 nonagesimo
2840 3695 3017 3754 sexto,
3070 3687 3365 3743 indictione
3394 3688 3597 3744 Roma-

2009 3796 2203 3837 norum
2226 3790 2445 3853 quarta,
2470 3791 2694 3853 propter
2721 3780 3110 3837 monachorum
3132 3780 3263 3836 inibi
3290 3781 3402 3836 Deo
3426 3780 3602 3837 famu-

2007 3871 2236 3927 lantium
2267 3873 2393 3928 vitae
2424 3875 2792 3929 sanctitatem.
2840 3871 2901 3927 in
2941 3872 3271 3927 monasterio
3317 3872 3479 3927 etiam
3508 3887 3599 3928 ca-

2007 3965 2329 4021 nonicorum
2361 3964 2548 4021 Sancti
2584 3963 2821 4020 Victoris
2848 3975 2896 4032 °,
2927 3972 3084 4020 extra
3108 3964 3463 4035 Moguntiam,
3495 3980 3595 4020 saa-

2008 4061 2129 4131 pius
2154 4061 2457 4128 habitabat,
2489 4076 2615 4117 cum
2642 4066 2867 4131 propter
2914 4059 3057 4115 aeris
3112 4060 3449 4130 temperiem,
3484 4067 3596 4115 tum

2008 4161 2230 4227 propter
2255 4156 2358 4211 loci
2388 4163 2445 4211 et
2468 4156 2606 4212 situs
2643 4155 3037 4210 amoenitatem.
3084 4154 3159 4210 lbi
3202 4155 3459 4210 nonnulla
3499 4170 3599 4225 pro

2010 4247 2248 4303 ﬁdelium
2283 4246 2698 4303 aediﬁcationem
2744 4245 2989 4302 scribens
3040 4245 3360 4315 composuit,
3408 4245 3498 4300 ubi
3545 4251 3602 4300 et

2008 4348 2235 4395 sanctus
2296 4338 2486 4394 Lullus
2541 4336 2819 4408 quondam
2875 4337 3313 4408 archiepbcopus
3368 4337 3601 4393 orationi

2009 4431 2457 4502 meditationique
2479 4430 2734 4487 insistere
2753 4430 3051 4488 consuevit.

2079 4520 2180 4577 Hic
2193 4521 2307 4592 jam
2343 4534 2466 4578 reor
2492 4528 2878 4591 opportunum,
2909 4528 2969 4573 ut
3000 4534 3162 4589 quam
3209 4518 3391 4589 plura,
3418 4533 3602 4588 quam-

2009 4632 2116 4687 que
2141 4615 2297 4670 utilia
2330 4614 2615 4686 scripserit
2637 4612 2911 4669 volumina
2933 4611 3188 4666 Rabanus
3229 4612 3334 4666 iste
3375 4612 3601 4667 sanctis-

2012 4708 2184 4764 simus
2209 4704 2476 4778 pontifex,
2515 4704 2584 4759 ab
2605 4718 2748 4758 anno
2770 4702 2947 4757 aetatis
2978 4715 3089 4755 suae
3126 4700 3402 4756 tricesimo
3430 4715 3600 4770 usque

2012 4799 2081 4854 ad
2116 4799 2279 4853 ﬁnem
2300 4798 2427 4852 vitae
2449 4812 2549 4867 per
2576 4810 2747 4852 annos
2769 4795 2942 4871 ferme
2971 4801 3095 4850 octo
3117 4802 3175 4851 et
3201 4794 3447 4866 triginta,
3480 4794 3601 4864 qui-

2008 4890 2427 4960 bus‘nunquam
2456 4906 2487 4945 a
2506 4913 2509 4917 <
2531 4889 2709 4945 studio
2740 4887 3141 4958 Scripturarum
3191 4895 3246 4943 et
3272 4887 3508 4942 editione
3536 4884 3600 4939 li-

2008 4984 2229 5039 brorum
2256 4983 2508 5050 cessavit,
2540 4982 2873 5052 posteritatis
2902 4982 3177 5038 memoriae
3205 4979 3594 5034 commendem.

2008 5075 2135 5131 Fuit
2158 5076 2323 5141 enim,
2376 5073 2827 5145 quemadmodum
2876 5075 2931 5129 in
2979 5070 3348 5142 superioribus
3395 5069 3598 5126 dictum

2010 5173 2114 5231 est,
2141 5180 2240 5235 per
2268 5162 2620 5221 Germaniam
2662 5164 2907 5219 omnium
2952 5159 3317 5225 doctissimus,
3348 5158 3441 5229 qui
3467 5158 3602 5214 mul-

1975 5330 1981 5336 _
2011 5255 2259 5324 titudine,
2288 5254 2544 5321 utilitate,
2573 5253 2849 5319 facundia,
2877 5260 2933 5308 et
2975 5249 3241 5320 elegantia
3284 5249 3545 5307 librorum
3567 5264 3598 5305 a

2011 5390 2156 5451 anno
2199 5392 2336 5447 Mli)
2371 5392 2423 5447 in
2454 5392 2836 5463 canonicorum
2886 5382 3165 5463 collegium
3200 5382 3595 5463 commigravit.

2011 5466 2148 5522 Vide
2174 5464 2457 5519 Ferarium
2496 5464 2550 5517 in
2596 5459 2935 5530 Moguntian
2965 5454 3057 5513 liﬁ.
3104 5470 3139 5524 t,
3174 5472 3294 5528 cap.
3326 5454 3480 5512 30st
3505 5454 3596 5522 Si,

1930 5576 1938 5585 ο
2011 5545 2069 5594 et
2094 5536 2190 5592 lib.
2220 5551 2295 5601 tv,
2322 5534 2378 5588 in
2402 5528 2823 5601 Archiepiscopo
2846 5528 2901 5601 ὅ,

2086 5578 2973 5669 578'."vviiii'bvaﬁliiidiVindicat
3019 5578 3279 5656 Wicelius
3321 5598 3372 5653 in
3404 5595 3602 5669 Hagiq—

2016 5664 2159 5762 iogio
2191 5672 2210 5727 ά
2248 5674 2553 5762 scripsisse!
2574 5670 2755 5762 Vitam
2773 5664 2964 5754 'sancti
3003 5669 3285 5762 Bonifasii,
3314 5664 3600 5762 etjrets‘crl-

2013 5738 2188 5820 psisse
2214 5748 2269 5820 in
2298 5738 2415 5801 loco
2430 5742 2555 5820 “qui
2586 5741 2643 5797 S.
2694 5740 2929 5820 Victoris
2958 5749 3111 5797 extra
3140 5739 3343 5820 ituros
3375 5738 3596 5801 dicitur,

2013 5812 2107 5874 ilbi
2127 5818 2319 5901 _Lullus
2341 5822 2402 5897 et.
2430 5812 2687 5868 Rabanus
2714 5815 2979 5895 vacabant
3016 5812 3353 5867 orationibus
3379 5820 3600 5939 ς

2015 5906 2044 5939 a
2077 5891 2214 5939 vim
2243 5886 2633 5939 ampliﬁcatore
2655 5883 2863 5939 adlecta
2893 5894 3034 5939 sunt.
3085 5898 3204 5937 cum
3237 5881 3293 5936 S.
3326 5879 3394 5937 W
3567 5903 3598 5919 -

2015 5906 2045 5946 a
2077 5891 2214 5947 Vitae
2243 5886 2633 5950 ampliﬁcatore
2655 5883 2863 5950 adjecta
2893 5894 3034 5950 sunt,
3085 5898 3204 5937 cum
3237 5881 3293 5936 S.
3326 5878 3598 5939 Willibal-

2018 5961 2121 6018 aus
2146 5959 2271 6015 ant'e
2295 5956 2491 6014 abierit
2516 5966 2680 6026 quam

2348 6091 2403 6102 ν.-
2478 6093 2495 6101 -

2856 5966 2959 6012 nus
2983 5959 3316 6011 nasceretur.
