4016 6466
467 435 572 492 103

1583 427 1674 483 AD
1711 423 1940 483 OPERA
1976 423 2039 481 Β.
2074 419 2330 479 RABANI
2364 419 2586 480 MAURI

3613 423 3721 481 ίοι

456 561 518 604 se
545 545 833 612 editorum,
881 558 983 601 nec
1027 545 1422 616 praecedentem
1473 557 1799 614 quemquam
1842 527 2111 604 habuitA
2133 539 2317 597 Fuldae
2357 540 2653 597 monachus
2704 545 2759 595 et
2807 537 3179 608 scholasticus,
3228 537 3424 598 deinde
3446 541 3635 610 abbas,
3675 547 3731 602 et

457 638 717 706 similem,
748 652 850 694 nec
881 645 1003 709 post
1025 652 1086 693 se
1107 637 1324 707 reliquit
1363 635 1640 706 azqualem.
1674 636 1826 704 Quod
1850 649 2039 690 verum

459 744 528 785 ex
550 745 615 786 eo
643 729 913 784 constabit
934 728 1170 795 facilius,
1212 729 1258 783 si
1306 727 1486 802 titulos
1516 727 1778 784 librorum
1805 725 1920 796 ejus
1943 742 2040 798 per

453 821 698 877 ordinem
728 819 1113 890 exprimamus,
1138 836 1244 875 non
1268 834 1375 890 quo
1397 827 1522 874 sunt
1544 818 1694 887 editi,
1719 818 1813 875 sed
1834 834 1865 874 a
1885 819 2040 876 nobis

453 915 723 970 collocati.

522 1005 751 1075 Scripsit
780 1005 941 1076 igitur
960 1005 1026 1061 ad
1051 1003 1357 1061 Frecolfum
1403 1003 1792 1061 Lexoviensem
1823 1005 1878 1058 in
1901 1003 2038 1061 Nor-

451 1096 672 1151 mannia
720 1096 1056 1166 episcopum,
1085 1080 1360 1167 quondam
1405 1095 1723 1166 discipulum
1767 1111 1944 1161 suum,
1969 1094 2038 1150 de

454 1202 560 1257 quo
580 1203 741 1258 supra
768 1187 1025 1253 diximus,
1057 1187 1110 1241 in
1165 1186 1416 1242 Gcnesim
1465 1187 1630 1242 libros
1681 1195 1948 1258 quatuor;
1980 1186 2035 1240 in

452 1278 697 1334 Exodum
731 1280 900 1334 libros
921 1288 1184 1349 quatuor;
1214 1279 1269 1333 in
1291 1279 1556 1334 Numeros
1585 1278 1750 1335 libros
1771 1285 2032 1348 quatuor;

449 1369 500 1424 in
519 1370 817 1425 Leviticum
837 1370 1005 1426 libros
1025 1380 1284 1442 quatuor;
1311 1371 1362 1426 in
1386 1372 1857 1427 Deuteronomium
1871 1371 2038 1427 libros

446 1472 714 1531 quatuor;
763 1461 818 1516 in
847 1462 1129 1518 historiam
1157 1460 1319 1518 Josue
1360 1462 1529 1517 libros
1559 1463 1730 1528 duos;
1784 1463 1836 1516 in
1869 1462 2035 1517 histo-

445 1551 584 1606 riam
608 1549 856 1607 Judicum
881 1552 1047 1608 libros
1067 1553 1238 1620 duos;
1272 1553 1325 1607 in
1349 1554 1631 1608 historiam
1662 1553 1807 1608 Ruth
1839 1553 2034 1608 librum

445 1658 651 1697 unum:
705 1645 773 1698 ad
822 1643 1207 1714 Hildowinum,
1259 1648 1509 1704 abbatem
1558 1647 1733 1703 sancti
1784 1647 2026 1720 Dionysii

443 1751 606 1804 super
629 1737 914 1792 historiam
945 1739 1150 1810 Regum
1202 1740 1368 1796 libros
1394 1741 1614 1810 plures;
1667 1741 1721 1795 in
1760 1740 2033 1812 Paralipo.

443 1841 641 1881 menon
690 1828 856 1884 libros
900 1839 1170 1900 quatuor;
1229 1832 1283 1886 in
1327 1831 1553 1888 Esdram
1585 1846 1610 1874 ε
1635 1843 1690 1890 et
1716 1835 2028 1890 Nehemiam

2140 640 2415 702 postremo
2458 631 2898 702 archiepiscopus
2922 631 3040 688 sine
3067 631 3468 690 intermissione
3494 649 3596 705 pro
3622 635 3727 693 Dei

2139 723 2307 794 gloria
2329 734 2384 778 et
2412 723 2650 779 fidelium
2674 723 2910 779 utilitate
2938 724 3175 779 maxima
3213 725 3510 782 insudavit.

2210 815 2331 870 Fuit
2357 815 2502 870 enim
2529 815 2613 871 vir
2632 831 2727 871 sua
2755 823 2912 871 aetate
2931 815 3324 874 Germanorum
3346 819 3587 874 omnium
3615 828 3718 877 stu-

2138 907 2499 973 diosissimus,
2525 914 2581 962 et
2623 907 2945 963 universalis
2982 908 3137 964 facile
3164 910 3414 982 princeps
3441 913 3726 984 doctrinae,

2137 1001 2225 1071 qui
2269 1001 2530 1071 sapientia
2583 1009 2638 1055 et
2669 1001 2972 1056 eruditione
3021 1001 3076 1056 in
3125 1017 3222 1056 sua
3272 1003 3490 1061 natione
3533 1021 3726 1064 omnes

2136 1095 2428 1164 superavit,
2457 1092 2694 1163 vicitque
2712 1095 3098 1164 praecedentes,
3127 1111 3226 1151 nec
3246 1096 3473 1154 similem
3512 1108 3636 1169 post
3664 1115 3726 1156 se

2137 1184 2346 1250 habuit,
2377 1185 2520 1241 inter
2546 1200 2826 1257 sequaces.
2857 1186 2940 1242 Ab
2970 1202 3034 1242 eo
3059 1203 3291 1258 namque
3318 1197 3579 1260 tempore,
3611 1207 3724 1262 quo

2136 1277 2515 1333 scholasticam
2546 1279 2690 1349 apud
2731 1277 2956 1333 Fuldam
2988 1279 3367 1336 claustralibus
3408 1282 3722 1353 palmstram

2136 1367 2388 1436 instituit,
2420 1385 2518 1441 per
2564 1385 2733 1427 annos
2777 1371 2946 1427 ferme
2994 1373 3439 1444 quadringentos,
3470 1375 3622 1430 multi
3666 1378 3721 1432 in

2132 1461 2318 1516 ordine
2347 1461 2520 1516 sancti
2570 1463 2742 1532 patris
2783 1462 3056 1518 Benedicti
3103 1477 3202 1533 per
3243 1472 3409 1520 totam
3445 1466 3722 1538 Europam

2133 1551 2382 1606 monachi
2405 1551 2703 1608 doctissimi
2747 1552 3078 1608 claruerunt.
3126 1553 3204 1609 De
3236 1554 3432 1624 quibus
3461 1555 3517 1609 in
3541 1556 3722 1624 primo

2131 1640 2268 1698 libro
2288 1643 2529 1700 virorum
2570 1643 2878 1710 illustrium,
2928 1625 3134 1700 ordinis
3183 1646 3355 1700 nostri
3407 1647 3718 1714 memorati,

2133 1733 2436 1804 complures
2490 1735 2808 1790 nominatim
2856 1735 3124 1802 recensui,
3169 1744 3224 1792 et
3258 1738 3420 1792 etiam
3452 1755 3556 1794 non
3585 1755 3722 1809 pau-

2133 1841 2224 1880 cos
2245 1825 2298 1879 in
2319 1825 2590 1880 volumine
2626 1826 2692 1882 de
2711 1827 3063 1897 scriptoribus
3101 1828 3480 1885 ecclesiasticis
3514 1831 3719 1885 dudum

440 1916 608 1972 libros
633 1927 782 1985 tres;
835 1919 891 1974 in
933 1921 1216 1976 historiam
1247 1922 1429 1979 Tobiae
1480 1924 1676 1980 librum
1721 1943 1888 1982 unum
1913 1943 1927 1992 ;
1973 1927 2028 1981 in
2056 1918 2104 1977 B
2131 1915 2408 1971 collocavi.
2444 1915 2522 1971 Eo
2552 1925 2792 1987 tempore
2812 1917 3160 1987 proverbium
3183 1918 3312 1974 illud
3336 1935 3522 1975 verum
3545 1921 3718 1975 exsti-

441 2009 723 2065 historiam
746 2010 927 2066 Judith
955 2013 1123 2069 libros
1151 2024 1352 2085 septem
1379 2033 1393 2081 ;
1433 2017 1491 2072 in
1528 2017 1811 2072 historiam
1836 2018 2028 2074 Esther

444 2099 646 2155 librum
683 2118 889 2169 unum;
942 2103 995 2158 in
1025 2106 1309 2161 historiam
1345 2106 1446 2162 Job
1493 2108 1661 2164 librOs
1699 2109 1921 2180 plures;
1969 2112 2028 2166 in

441 2197 611 2245 totum
643 2193 960 2248 Psalterium
988 2195 1153 2252 libros
1189 2197 1408 2267 plures;
1463 2199 1518 2253 in
1548 2198 1841 2256 Proverbia
1870 2201 2025 2258 Salo-

441 2282 620 2338 monis
651 2283 818 2339 libros
842 2285 1023 2355 plures
1049 2305 1062 2352 ;
1107 2289 1163 2348 in
1193 2289 1558 2346 Ecclesiasten
1607 2292 1774 2348 libros
1802 2295 1984 2364 plures
2010 2313 2025 2363 ;

439 2372 494 2427 in
523 2373 746 2430 Cantica
769 2376 1104 2433 canticor‘i‘m
1134 2379 1301 2436 libros
1339 2381 1548 2451 plures;
1599 2383 1653 2438 in
1695 2385 1894 2441 librum
1925 2387 2026 2442 Sa-

437 2464 656 2535 pientiae
683 2466 849 2522 libros
877 2476 1022 2534 tres;
1054 2467 1106 2522 in
1135 2469 1574 2527 Ecclesiasticum
1611 2473 1777 2530 libros
1798 2476 1983 2532 decem
2008 2495 2023 2546 ;

441 2558 496 2612 in
545 2558 738 2613 lsaiam
764 2561 1082 2630 prophetam
1127 2561 1295 2618 libros
1341 2564 1568 2635 viginti;
1599 2565 1653 2620 in
1683 2567 2025 2624 Ezechielem

439 2645 608 2704 libros
636 2650 824 2720 viginti
851 2668 864 2717 ;
899 2651 954 2705 in
984 2651 1260 2708 Danielem
1309 2656 1627 2724 prophetam
1670 2657 1840 2714 libros
1870 2668 2023 2726 tres;

440 2739 494 2794 in
531 2740 811 2796 duodecim
863 2743 1154 2812 prophetas
1202 2745 1443 2801 minores
1491 2745 1658 2802 libros
1700 2747 2023 2813 duodecim;

437 2830 493 2886 iu
516 2831 798 2886 historiam
825 2832 1258 2890 Machabteorum
1299 2834 1467 2890 libros
1501 2846 1652 2902 tres;
1684 2837 1740 2892 in
1785 2837 2029 2908 Evange-

437 2921 569 2976 lium
592 2923 826 2980 Matthaai
856 2925 1022 2982 libros
1041 2935 1197 2993 octo;
1232 2927 1285 2983 in
1308 2928 1660 2999 Evangelium
1682 2927 1841 2984 Luca:
1863 2929 2027 2985 libros

437 3022 548 3069 tres
573 3031 588 3080 ;
621 3015 676 3068 in
701 3016 1052 3086 Evangelium
1078 3018 1245 3074 Marci
1270 3020 1437 3076 libros
1458 3029 1691 3092 quatuor
1714 3038 1729 3088 ;
1762 3022 1817 3077 in
1847 3021 2027 3077 Evan-

436 3105 635 3176 gelium
661 3105 885 3163 Joannis
929 3109 1098 3165 libros
1126 3111 1344 3180 plures;
1378 3112 1446 3166 ad
1500 3112 1709 3166 Luxum
1740 3111 2026 3167 Servatum

436 3199 815 3269 presbyterqu
845 3201 900 3256 in
929 3217 1118 3260 omnes
1140 3203 1398 3273 epistolas
1434 3204 1587 3259 Pauli
1615 3205 1838 3276 apostoli
1864 3206 2029 3262 libros

2127 2007 2192 2060 tit
2219 2021 2328 2077 quo
2362 2007 2675 2063 dicebatur:
2712 2007 2944 2064 Scientia
2970 2006 3363 2080 Scripturarum
3407 2009 3462 2063 in
3494 2008 3717 2064 cucullis

2126 2095 2299 2150 latitat
2323 2099 2716 2152 monachorum.
2755 2097 3000 2153 Monachi
3023 2099 3166 2153 enim
3201 2106 3330 2154 tunc
3357 2098 3576 2155 fuerunt
3602 2107 3721 2153 stu-

2125 2187 2263 2242 diosi
2293 2196 2454 2258 amue
2483 2189 2804 2254 doctissimi,
2855 2189 2947 2260 qui
2977 2205 3086 2243 non
3120 2190 3294 2244 solum
3350 2190 3580 2255 Latinis,
3621 2191 3719 2245 sed

2127 2278 2290 2333 etiam
2313 2278 2517 2335 Graecis
2542 2280 2737 2336 litteris
2780 2283 2920 2352 apud
2949 2280 3252 2337 Germanos
3299 2291 3352 2337 et
3390 2281 3573 2337 Gallos
3603 2288 3722 2336 stu-

2126 2371 2276 2425 dium
2322 2371 2549 2442 diligens
2577 2373 2970 2444 impenderent.
3023 2372 3233 2429 Nostris
3257 2389 3386 2428 vero
3433 2374 3722 2430 monachis

2127 2470 2404 2530 postremo
2439 2463 2741 2532 voluptates
2782 2465 2965 2519 carnis
3001 2473 3056 2519 et
3084 2465 3194 2520 otia
3226 2465 3443 2521 lectioni
3475 2464 3724 2535 Scriptu-

2128 2567 2309 2607 rarum
2357 2553 2789 2622 praeferentibus,
2839 2554 3148 2610 Graecarum
3197 2557 3357 2611 etiam
3415 2556 3720 2612 litterarum

2127 2641 2353 2696 scicntia
2379 2643 2584 2711 pariter
2611 2645 2752 2714 apud
2777 2643 3076 2700 Germanos
3103 2652 3157 2699 et
3185 2644 3366 2699 Gallos
3393 2645 3606 2714 penitus
3632 2645 3727 2703 de-

2127 2733 2276 2789 fecit.
2322 2733 2768 2804 Supervenerunt
2811 2750 2949 2790 nova
2981 2735 3210 2789 fratrum
3237 2736 3482 2790 instituta
3518 2734 3726 2790 Mendi-

2128 2826 2386 2891 cantium,
2413 2835 2468 2881 et
2516 2843 2684 2882 novos
2735 2829 3036 2884 studiorum
3078 2831 3268 2884 modos
3294 2845 3418 2884 cum
3463 2828 3722 2884 familiari

2127 2919 2359 2989 quodam
2382 2927 2545 2989 atque
2571 2920 2860 2991 campestri
2883 2934 3076 2992 genere
3103 2920 3372 2976 scribendi
3399 2920 3719 2976 attulerunt.

2200 3010 2455 3065 Rabanus
2491 3020 2674 3067 autem
2722 3012 2930 3082 primus
2970 3013 3112 3067 inter
3154 3011 3493 3079 Germanos,
3529 3011 3724 3068 doctor

2128 3101 2512 3158 universaliter
2538 3104 2817 3170 eruditus,
2861 3105 3090 3160 scientia
3129 3105 3460 3174 profundus,
3501 3104 3724 3173 eloquio

2133 3195 2369 3250 disertus
2411 3203 2466 3249 et
2504 3195 2743 3261 solidus,
2783 3196 2893 3251 vita
2931 3197 3154 3252 emicuit
3191 3208 3245 3252 et
3273 3197 3718 3262 conversatione,

440 3295 553 3343 tres
581 3298 635 3343 et
661 3290 854 3362 viginti
880 3310 895 3358 ;
927 3294 980 3347 in
1003 3294 1170 3348 Actus
1208 3295 1575 3364 apostolorum
1606 3295 1774 3351 libros
1801 3295 1986 3366 plures
2012 3313 2027 3364 ;

2137 3287 2517 3352 doctissimus,
2575 3286 2862 3359 religiosus
2909 3295 3072 3358 atque
3119 3289 3538 3354 sanctissimus;
3590 3304 3723 3344 vere

437 3379 496 3433 in
542 3380 812 3450 Epistolas
859 3383 1161 3441 Canonicas
1212 3386 1378 3443 libros
1404 3394 1650 3457 septem;
1684 3388 1737 3442 in
1764 3389 2031 3461 Apocaly-

437 3471 563 3540 psin
612 3469 838 3528 Joannis
883 3473 1049 3530 libros
1099 3475 1317 3544 plures;
1372 3477 1436 3531 ad
1486 3475 1806 3549 Gregorium
1840 3493 2033 3548 papam

434 3575 691 3636 quartum
726 3568 791 3622 de
837 3568 1114 3624 Laudibus
1144 3579 1345 3626 sancta:
1388 3571 1579 3627 Crucis
1622 3574 1949 3629 laboriosum
1981 3584 2036 3630 et

438 3659 685 3715 mirabile
717 3676 872 3730 opus,
905 3661 1072 3718 libros
1123 3665 1296 3729 duos;
1348 3666 1414 3720 ad
1465 3665 1784 3724 llaimonem
1823 3670 2032 3738 episco-

436 3764 565 3820 pum
600 3750 1099 3809 Halberstatensem
1145 3755 1212 3810 de
1260 3755 1551 3823 Universo,
1612 3758 1780 3814 libros
1829 3759 2028 3830 viginti

444 3843 580 3899 duos
605 3861 620 3912 ;
664 3846 729 3901 de
758 3846 1059 3904 llniversali
1093 3858 1309 3917 natura,
1339 3851 1533 3907 librum
1561 3869 1726 3908 unum
1754 3871 1770 3920 ;
1798 3853 1864 3908 ad
1894 3853 2038 3908 Hail-

441 3930 639 3989 folsum
689 3947 944 4007 quartum
1004 3941 1248 3997 ecclesiae
1299 3942 1624 4014 Moguntina:
1673 3945 2038 4014 archiepisco-

435 4037 593 4093 pum,
627 4026 694 4080 de
731 4027 1099 4096 Institutione,
1131 4031 1242 4086 vita
1292 4041 1346 4087 et
1399 4033 1640 4089 moribus
1691 4034 2033 4102 clericorum,

441 4114 612 4170 libros
639 4124 786 4183 tres;
827 4119 894 4174 ad
943 4119 1285 4177 Heribertum
1321 4123 1634 4195 episcopum
1667 4125 1734 4180 de
1772 4125 2036 4192 Quaestio-

436 4205 595 4261 nibus
620 4223 888 4264 canonum
915 4210 1110 4266 librum
1140 4229 1305 4268 unum
1331 4231 1346 4281 ;
1394 4215 1461 4270 ad
1487 4214 1880 4286 Reginbaldum
1925 4216 2040 4287 epi-

443 4313 669 4368 scopum
700 4300 765 4356 de
799 4302 986 4357 eadem
1019 4305 1264 4370 materia,
1304 4304 1500 4361 librum
1539 4324 1746 4375 unum;
1784 4308 1849 4363 de
1866 4307 2038 4363 Bene-

440 4393 770 4451 dictionibus
794 4398 1252 4468 patriarcharum,
1281 4400 1477 4456 librum
1507 4418 1671 4456 unum
1697 4419 1711 4464 ;
1747 4400 1814 4458 de
1841 4401 2038 4459 divinis

436 4482 659 4550 Olliciis,
687 4487 853 4544 libros
871 4499 994 4546 octo
1020 4508 1034 4556 ;
1064 4492 1130 4547 de
1159 4490 1425 4563 Computo
1452 4494 1844 4560 ecclesiastico,
1871 4494 2039 4550 libros

436 4577 571 4633 duos
597 4595 611 4645 ;
636 4577 1075 4652 Praeparamenta
1104 4592 1314 4655 septem
1339 4586 1538 4641 artium
1561 4585 1883 4654 liberalium,
1908 4587 2040 4642 mul-

436 4678 485 4722 ta
504 4669 717 4738 juvenis
742 4671 1016 4729 volumina
1039 4674 1375 4743 composuit;
1406 4676 1845 4748 Epigrammaton
1870 4677 2041 4734 libros

436 4768 703 4827 quatuor;
759 4764 825 4817 de
865 4765 1086 4819 Metrica
1115 4766 1542 4837 Compositione,
1581 4769 1748 4826 libros
1783 4779 1937 4836 tres;
1971 4771 2040 4826 ad

436 4849 775 4906 Ludovicum
809 4853 1114 4909 Germania:
1145 4872 1327 4926 regem
1356 4858 1523 4913 libros
1547 4867 1602 4914 et
1631 4861 1889 4930 epistolas
1923 4861 2030 4916 edi-

438 4939 516 4995 dit
544 4941 830 5011 plurimas,
883 4943 952 4998 de
987 4945 1232 5000 materiis
1265 4946 1494 5003 diversis
1537 4958 1593 5003 et
1619 4951 1785 5006 variis
1829 4951 1931 5006 sibi
1969 4950 2037 5006 ab

435 5045 503 5086 eo
533 5034 846 5103 propositis.
898 5035 1172 5105 Epistolas
1197 5052 1431 5108 quoque,
1463 5055 1744 5098 sermones
1765 5051 1822 5098 et
1844 5043 2034 5097 home-

437 5127 538 5184 lias
563 5130 766 5200 plures,
803 5140 859 5186 et
878 5131 997 5188 sine
1025 5141 1175 5189 certo
1196 5149 1423 5190 numero
1449 5136 1682 5207 scripsit,
1717 5136 2038 5208 composuit,

436 5230 494 5280 et
538 5222 707 5290 dixit;
751 5241 977 5294 quorum
1034 5226 1366 5298 singulorum
1424 5245 1522 5300 per
1557 5230 1804 5286 ordinem
1859 5229 2040 5283 facere

435 5314 770 5370 mentionem
816 5317 978 5373 nimis
1024 5317 1164 5374 foret
1214 5320 1504 5377 lectoribus
1534 5321 1834 5377 taediosum.
1873 5318 2038 5372 Multa

438 5407 588 5463 enim
615 5417 670 5464 et
714 5409 820 5465 alia
849 5412 1135 5483 scripsisse
1165 5415 1430 5482 creditur,
1463 5430 1582 5484 quze
1629 5414 1682 5467 in
1713 5411 2038 5482 cognitionis

441 5504 646 5558 nostra:
667 5505 1029 5574 ergasterium
1059 5508 1289 5563 necdum
1317 5515 1702 5578 pervenerunt.
1747 5505 1873 5561 Haec
1913 5514 2040 5560 sunt

438 5588 655 5651 Rabani
697 5594 999 5654 doctissimi
1040 5608 1203 5670 atque
1264 5599 1593 5655 sanctissimi
1640 5598 2040 5668 archipraesulis

439 5687 720 5758 opuscula,
753 5705 874 5759 qua:
922 5706 1010 5746 me
1064 5691 1260 5762 legisse
1288 5690 1530 5754 memini,
1563 5705 1794 5760 quorum
1821 5689 2042 5744 editioni

438 5790 536 5850 per
563 5792 755 5845 annos,
787 5781 929 5838 sicut
953 5781 1205 5846 diximus,
1257 5789 1384 5839 octo
1407 5790 1463 5838 et
1511 5780 1733 5852 triginta
1757 5793 1781 5821 ι
1808 5781 2043 5852 primum

2136 3382 2357 3452 dignus,
2401 3391 2621 3453 gratus,
2664 3392 2719 3439 et
2764 3391 3018 3454 acceptus
3060 3385 3171 3440 Deo
3215 3386 3458 3456 pontifex
3505 3400 3724 3455 semper

2135 3477 2360 3530 exstitit.
2388 3476 2448 3530 In
2475 3477 2625 3545 cujus
2651 3478 2956 3533 ministerio
2981 3477 3068 3534 die
3092 3488 3148 3534 et
3174 3488 3330 3534 nocte
3355 3487 3461 3533 tam
3491 3477 3725 3534 sollicite

2138 3569 2404 3640 vigilavit.
2447 3569 2717 3640 Quidquid
2755 3570 2934 3626 facere
2977 3571 3042 3626 ad
3087 3573 3351 3627 honorem
3382 3573 3475 3627 Dei
3505 3572 3722 3641 potuit,

2139 3661 2284 3715 nullo
2321 3677 2560 3731 unquam
2602 3671 2844 3731 tempore
2867 3703 2881 3727 ,
2918 3662 3132 3717 nullave
3167 3663 3455 3718 occasione
3495 3669 3725 3732 praeter-

2138 3755 2304 3808 misit.
2334 3753 2522 3810 Plures
2546 3770 2643 3825 per
2667 3756 2944 3811 dioecesim
2969 3755 3339 3826 Moguntinam
3367 3755 3628 3810 ecclesias
3656 3755 3728 3810 de

2139 3863 2279 3902 novo
2311 3848 2609 3912 constituit,
2655 3856 2897 3904 vetustas
2923 3858 2978 3904 et
3020 3850 3268 3905 ruinosas
3313 3850 3476 3904 etiam
3522 3848 3725 3904 multas

2141 3941 2431 4010 reparavit.
2493 3939 2820 3995 Monasterio
2869 3939 3122 3996 Fuldensi
3173 3939 3340 3994 abbas
3386 3938 3722 4010 praesidens,

2139 4030 2467 4085 monasticas
2489 4031 2874 4101 prazposituras
2894 4031 3182 4086 nonnullas
3204 4030 3473 4095 condidit,
3498 4037 3553 4084 et
3575 4045 3725 4099 qua:-

2141 4123 2265 4176 dam
2297 4122 2543 4178 eteuobia
2582 4122 2900 4178 monialium
2928 4122 3010 4178 sui
3038 4121 3246 4178 ordinis
3281 4121 3334 4175 in
3373 4119 3570 4175 finibus
3607 4119 3720 4173 Bu-

2141 4215 2351 4270 chonici
2380 4215 2618 4270 nemoris
2655 4214 2918 4270 fundavit.
2951 4213 3058 4269 Sed
3085 4222 3142 4268 et
3168 4214 3273 4267 alia
3306 4220 3608 4268 memoratu
3637 4211 3724 4266 di-

2139 4321 2246 4377 gna
2280 4307 2512 4376 gessisse
2551 4305 2722 4361 multa
2761 4306 2980 4376 legitur,
3010 4304 3290 4361 miraculis
3315 4319 3529 4374 quoque
3554 4303 3727 4359 variis

2142 4414 2457 4456 coruscasse
2497 4408 2849 4456 memoratur.
2895 4400 2971 4454 De
3011 4400 3208 4470 quibus
3247 4413 3369 4454 cum
3410 4405 3618 4453 certum
3661 4412 3729 4452 ac

2141 4495 2487 4550 manifestum
2514 4509 2622 4549 non
2647 4501 2858 4549 constet
2883 4493 3037 4548 nobis
3061 4491 3304 4548 veritatis
3333 4489 3723 4554 testimonium,

2147 4586 2316 4641 satius
2343 4586 2594 4642 duximus
2619 4594 2798 4640 tacere
2825 4583 3268 4655 penitus,.quam
3297 4581 3501 4635 incerta
3529 4579 3725 4633 litteris

2065 4646 2119 4706 D
2146 4679 2546 4733 commendare.
2589 4675 2703 4732 Hoc
2729 4646 2858 4731 vero
2895 4646 3072 4744 quod,
3104 4646 3425 4743 Meginfrido
3454 4675 3692 4724 testante
3711 4708 3724 4733 ,

2143 4771 2492 4842 cognovimus
2520 4811 2535 4837 ,
2587 4769 2753 4823 etiam
2807 4767 2929 4839 styli
2981 4764 3155 4821 oflicio
3207 4761 3517 4833 posteritati
3569 4775 3721 4814 com-

2143 4862 2402 4915 mendare
2429 4875 2536 4914 non
2563 4859 2892 4914 dubitamus.
2931 4856 3187 4911 Rabanus
3223 4853 3425 4910 etenim
3465 4865 3724 4906 reveren-

2140 4955 2380 5010 tissimus
2419 4952 2652 5023 praesul;
2678 4961 2785 5006 tam
2829 4953 2883 5006 in
2922 4949 3137 5007 abbatia
3169 4947 3426 5004 Fuldensi
3462 4961 3624 5017 quam
3670 4945 3722 4998 in

2138 5044 2450 5115 pontiﬁcatu
2492 5043 2738 5098 ecclesia:
2776 5042 3133 5112 Moguntinae,
3179 5039 3380 5094 multas
3415 5037 3482 5092 ab
3516 5034 3727 5092 aemulis

2149 5136 2401 5206 injurias,
2447 5135 2846 5201 oblocutiones,
2893 5132 3299 5196 detractiones,
3342 5138 3399 5186 et
3439 5135 3727 5184 contume-

2146 5229 2278 5294 lias,
2305 5229 2470 5283 etiam
2499 5244 2529 5282 a
2561 5230 2673 5284 suis
2701 5228 2966 5300 propriis,
2995 5227 3111 5280 sine
3135 5222 3400 5280 demerito
3423 5219 3683 5276 sustinuit
3707 5234 3724 5283 ;

2146 5330 2202 5378 et
2252 5337 2395 5392 saepe
2443 5338 2615 5392 usque
2659 5323 2727 5377 ad
2771 5328 3005 5376 mortem
3047 5317 3386 5388 periclitatus
3432 5312 3552 5368 fuit.
3599 5312 3729 5379 Quae

2144 5414 2331 5468 omnia
2378 5428 2477 5484 pro
2525 5413 2621 5467 Dei
2664 5425 2848 5466 amore
2893 5408 3286 5481 patientissime
3329 5404 3627 5468 sustinuit,
3677 5413 3732 5457 et

2144 5505 2407 5576 quidquid
2437 5505 2654 5560 adversi
2681 5515 2869 5560 contra
2907 5517 3031 5558 eum
3068 5502 3297 5567 accidit,
3337 5499 3454 5558 suis
3489 5496 3730 5567 peccatis

2139 5597 2420 5652 humiliter
2446 5595 2721 5665 ascripsit.
2754 5595 2905 5651 Unde
2932 5611 3040 5652 non
3067 5593 3240 5652 solum
3267 5608 3328 5649 se
3350 5592 3647 5666 patientem
3677 5587 3732 5641 in

2144 5687 2389 5742 adversis
2449 5701 2664 5757 semper
2713 5687 2996 5753 exhibuit;
3047 5686 3140 5742 sed
3185 5685 3330 5756 quod
3379 5679 3600 5750 majoris
3645 5686 3733 5734 est

2147 5780 2360 5845 meriti,
2399 5788 2596 5835 cuncta
2631 5778 2732 5836 sibi
2775 5779 3050 5837 contraria
3090 5778 3254 5835 etiam
3287 5771 3592 5834 voluntarie
3632 5783 3732 5840 pro

514 5902 539 5932 ι
567 5890 682 5949 lmo
737 5893 1094 5965 quadraginta
1145 5909 1328 5962 unum,
1377 5901 1437 5949 ut
1483 5909 1552 5950 ex
1606 5901 1794 5950 nostro
1845 5891 2054 5950 calculo
2083 5899 2322 5950 constat.

1974 6049 2008 6067 ’τ
2024 6047 2042 6073 οξ
2088 6053 2102 6073 ,ι
2121 6060 2124 6065 .
