4016 6480
334 399 442 459 105

1719 386 2252 446 PROLEGOMENA.

3498 390 3606 451 106

322 510 596 573 eharitate
621 504 838 564 Domini
863 502 1134 561 toleravit.
1161 502 1452 559 Enimvero
1475 517 1600 561 cum
1625 510 1774 558 esset
1795 517 1915 556 om-
1940 507 1996 566 Α
2018 503 2387 568 ordinaverat,
2415 499 2745 572 Moguntiam
2771 502 3003 559 relatum
3028 512 3139 568 est,
3184 511 3241 560 et
3281 503 3336 559 in
3375 505 3606 563 ecclesia

321 605 477 662 nium
515 599 836 672 pontiﬁcum
862 613 960 652 suo
984 607 1226 667 tempore
1255 596 1726 651 mansuetissimus
1745 637 1759 663 ,
1787 611 1914 666 per-

322 702 607 758 secutores
633 701 689 746 et
714 687 938 744 aemulos
963 702 1093 742 suos
1131 701 1406 756 nunquam
1442 686 1660 742 vocavit
1693 686 1762 740 ad
1795 701 1914 757 poe-

321 805 485 854 nam,
527 800 630 842 nec
665 783 832 839 verbo
868 796 971 837 nec
1007 780 1150 836 facto
1190 779 1353 835 ullam
1395 780 1461 835 de
1504 779 1638 850 ipsis
1677 793 1918 849 unquam

320 880 513 956 petivit
556 876 876 934 vindictam.
924 872 1202 928 Fundatus
1259 871 1406 926 enim
1459 869 1655 926 divina:
1710 870 1918 940 glutino

323 971 608 1030 charitatis
646 983 811 1040 supra
860 965 1076 1021 ﬁrmam
1119 972 1333 1035 petram
1361 1004 1376 1030 ,
1422 962 1571 1018 nulla
1619 963 1921 1018 tentatione

322 1067 500 1139 potuit
539 1079 570 1120 a
607 1062 840 1119 Domino
878 1057 1157 1129 separari,
1194 1057 1340 1112 viam
1377 1055 1592 1112 timoris
1625 1062 1681 1110 et
1716 1054 1919 1110 amoris

322 1157 572 1223 Domini,
622 1169 786 1224 quam
829 1169 862 1208 a
901 1152 1110 1207 teneris
1148 1150 1396 1222 pueritiae
1449 1149 1605 1205 annis
1646 1157 1794 1206 recte
1833 1149 1916 1204 vi-

320 1249 502 1306 vendo
547 1245 828 1302 ambulare
874 1242 1085 1298 didicit.
1128 1241 1300 1296 Nemo
1345 1240 1499 1295 illum
1539 1239 1676 1294 vidit
1720 1246 1921 1310 praeter

315 1337 480 1409 justas
505 1335 737 1393 rationis
762 1332 1086 1388 modestiam
1114 1332 1196 1386 ira
1225 1339 1557 1387 commotum
1578 1371 1594 1397 ,
1626 1325 1792 1386 'nemo
1827 1344 1917 1384 re-

323 1427 471 1500 perit
514 1426 699 1481 animo
742 1423 1121 1494 perturbatum
1154 1439 1168 1488 ;
1222 1421 1320 1476 sed
1361 1422 1520 1476 bonae
1565 1418 1917 1475 conscientia:

325 1519 642 1578 testimonio
679 1516 868 1583 laetus,
906 1523 1093 1595 mente
1133 1529 1346 1584 semper
1381 1513 1484 1569 fuit
1521 1511 1817 1585 paciﬁcus,
1863 1519 1920 1567 et

323 1609 684 1681 sibimetipsi,
716 1624 838 1664 cum
879 1608 994 1663 Deo
1035 1607 1252 1672 unitus,
1301 1606 1451 1662 omni
1493 1613 1739 1676 tempore
1767 1611 1918 1658 tran-

325 1701 547 1774 quillus.
572 1699 879 1756 Permansit
900 1707 1159 1754 constans
1183 1697 1237 1752 in
1263 1698 1349 1753 his
1375 1697 1655 1752 exercitiis
1677 1695 1918 1766 pietatis,

324 1805 382 1854 et
419 1803 626 1867 quanto
662 1809 722 1850 se
759 1792 1078 1849 viciniorem
1119 1791 1282 1848 morti
1324 1791 1498 1847 sensit
1535 1789 1622 1844 vel
1649 1789 1914 1854 credidit,

326 1894 484 1943 tanto
511 1892 755 1941 mentem
777 1899 809 1940 a
833 1883 1050 1939 caducis
1075 1891 1131 1938 et
1161 1882 1316 1937 vanis
1342 1880 1531 1936 mundi
1566 1879 1761 1936 studiis
1797 1894 1915 1934 am—
1946 1879 1994 1940 B

328 1977 474 2049 plius
507 1977 804 2046 elongavit.
841 1973 1100 2044 Jejuniis,
1140 1973 1374 2042 vigiliis,
1415 1970 1786 2035 orationibus,
1834 1985 1921 2026 sa.

331 2071 448 2126 cris
495 2069 852 2141 eleemosynis
873 2108 889 2135 ,
936 2067 1450 2140 praedicationibus,
1497 2073 1552 2120 et
1594 2063 1714 2119 aliis
1763 2062 1922 2120 bonis

328 2159 620 2230 operibus,
659 2161 774 2215 sine
811 2158 1211 2215 intermissione
1248 2157 1351 2212 fuit
1389 2157 1663 2220 intentus,
1690 2165 1747 2210 et
1772 2153 1923 2209 omni

329 2256 577 2319 tempore
603 2249 661 2304 in
687 2247 902 2304 ofﬁcina
931 2248 1100 2304 divini
1137 2247 1340 2302 amoris
1367 2246 1577 2301 utiliter
1600 2251 1917 2315 occupatus.

401 2339 542 2395 Cum
568 2347 751 2395 autem
775 2348 984 2410 tempus
1025 2339 1094 2394 ab
1131 2347 1339 2394 aeterno
1377 2337 1617 2393 venisset
1655 2334 1921 2406 praeordi-

328 2438 520 2489 natum
537 2471 553 2498 ,
577 2445 685 2501 quo
708 2431 1021 2486 misericors
1043 2437 1100 2486 et
1125 2430 1413 2486 miserator
1434 2427 1694 2484 Dominus
1717 2424 1924 2480 famulo

329 2537 432 2581 suo
452 2537 554 2593 pro
575 2523 786 2578 meritis
807 2523 964 2578 bona:
984 2521 1280 2577 voluntatis
1303 2520 1608 2576 mercedem
1633 2517 1765 2573 dare
1785 2531 1926 2588 prae-

329 2614 626 2670 destinavit
663 2612 940 2670 felicitatis
980 2621 1230 2680 aeternae,
1267 2619 1554 2682 correptus
1590 2609 1744 2666 febre
1781 2608 1926 2664 lecto

329 2707 620 2775 decubuit,
660 2715 717 2762 et
750 2715 1035 2763 crescente
1061 2705 1253 2762 morbo
1274 2746 1288 2772 ,
1316 2703 1535 2761 tandem
1576 2703 1645 2759 ad
1677 2711 1924 2757 extrema

330 2801 599 2873 pervenit.
628 2799 732 2867 Qui
757 2799 966 2856 visione
989 2799 1344 2871 praemonitus
1391 2795 1637 2868 angelica
1672 2793 1925 2849 ultimum

332 2891 435 2947 sibi
460 2891 622 2963 hujus
645 2891 775 2946 vitae
799 2891 1127 2947 miserabilis
1152 2891 1359 2945 instare
1384 2895 1661 2944 certamen
1679 2926 1693 2953 ,
1718 2884 1926 2940 exitum

331 3000 492 3041 suum
514 2984 673 3041 hctus
698 2983 994 3040 Dominicis
1017 2980 1376 3038 sacramentis
1399 2978 1664 3044 munivit,
1695 2985 1750 3032 et
1771 2975 1926 3032 libris

329 3076 444 3133 suis
471 3077 672 3146 partim
703 3076 771 3132 ad
795 3075 1023 3131 Fuldam
1040 3116 1055 3142 ,
1083 3075 1398 3146 partimque
1423 3074 1490 3128 ad
1517 3070 1912 3127 monasterium

331 3167 510 3223 sancti
549 3167 780 3234 Albani,
827 3175 984 3222 extra
1026 3167 1230 3223 moenia
1277 3165 1520 3220 civitatis
1563 3162 1924 3234 Moguntina,

329 3258 562 3330 provide
591 3258 898 3314 distributis
923 3299 939 3324 ,
982 3259 1049 3314 ad
1084 3258 1406 3324 Dominum,
1435 3271 1597 3327 quem
1623 3264 1737 3311 toto
1762 3254 1928 3311 corde

332 3364 551 3421 semper
571 3363 876 3418 amaverat,
905 3351 1046 3406 inter
1067 3351 1331 3407 orationis
1351 3351 1519 3405 verba
1543 3349 1776 3405 feliciter
1796 3348 1929 3404 emi-

332 3441 542 3511 gravit,
571 3449 726 3498 sexto
751 3441 1116 3498 Kalendarum
1160 3439 1552 3497 Novembrium
1572 3481 1586 3505 ,
1634 3455 1776 3494 anno
1813 3439 1925 3494 Do-

332 3531 552 3586 miniea:
596 3533 898 3587 nativitatis
961 3531 1414 3602 octingentesimo
1475 3528 1926 3599 quinquagesimo

335 3630 529 3688 sexto,
572 3622 866 3678 indictione
901 3622 1271 3678 Romanorum
1310 3631 1536 3692 quarta,
1575 3622 1926 3692 pontificatus

335 3714 424 3770 sui
467 3726 614 3766 anno
648 3727 811 3768 nono.
852 3713 911 3767 In
949 3713 1103 3784 cujus
1141 3714 1372 3768 transitu
1412 3727 1573 3768 voces
1613 3713 1924 3769 canentium

337 3803 656 3874 angelorum
684 3804 882 3860 auditae
906 3813 1064 3872 sunt,
1089 3804 1387 3862 dicentium
1414 3823 1427 3860 :
1457 3804 1568 3861 Iste
1595 3815 1812 3860 sanctus
1837 3805 1924 3858 di-

337 3912 438 3968 gne
474 3895 532 3949 in
570 3896 879 3950 memoriam
915 3898 1134 3952 vertitur
1159 3897 1463 3964 hominum,
1489 3897 1579 3968 qui
1603 3897 1799 3967 gaudio
1828 3896 1930 3952 du-

341 3987 482 4040 citur
529 3985 878 4057 angelorum:
924 3989 1051 4060 quia
1094 3989 1150 4042 in
1193 3989 1292 4043 hac
1336 3989 1784 4061 peregrinatione,
1817 3997 1926 4046 etc.

341 4079 588 4136 Mortuus
625 4088 710 4136 est
750 4073 930 4138 autem
969 4083 1319 4141 beatissimus
1343 4084 1790 4156 archiepiscopus
1815 4085 1925 4142 Ra-

339 4170 517 4225 banus
554 4171 696 4240 apud
720 4170 1039 4229 Vinicellam
1057 4215 1072 4242 ,
1099 4175 1453 4232 habitationis
1480 4191 1591 4232 suae
1619 4177 1800 4232 vicum
1817 4217 1834 4244 ,
1860 4176 1931 4232 ad

339 4260 526 4318 littora
567 4260 765 4321 Rheni.
814 4262 981 4336 Cujus
1031 4281 1251 4322 sacrum
1302 4281 1528 4339 corpus,
1583 4267 1726 4324 sicut
1753 4268 1931 4338 ,vivus

2021 593 2197 648 sancti
2226 593 2454 664 martyri
2475 592 2670 648 Albani
2695 609 2818 649 cum
2843 595 3050 652 honore
3076 595 3366 666 sepultum.
3395 596 3472 652 De
3498 611 3608 668 quo

2023 697 2256 752 sequens
2294 683 2567 740 invenitur
2609 684 2975 756 epitaphium,
3022 701 3081 743 m
3122 687 3446 744 memoriam
3487 687 3608 760 ejus

2020 777 2286 849 scriptum
2317 795 2330 830 :

2145 887 2322 955 Lector
2341 890 2570 952 honeste,
2598 903 2756 942 meam
2778 891 2917 946 siTvis
2939 903 3240 953 cognoscere
3263 892 3410 944 vitam
3431 929 3450 955 ,

2206 952 2449 1014 Tempore
2474 955 2664 1004 mortali
2685 955 2879 1004 discere
2902 955 2975 1004 sic
2998 952 3199 1015 poteris.

2145 1014 2282 1076 Urbe
2292 1015 2497 1076 quidem
2517 1017 2715 1076 genitus
2730 1028 2857 1075 sum,
2893 1022 2947 1066 et
2972 1014 3113 1066 sacro
3134 1014 3268 1066 fonte
3287 1023 3488 1069 renatus

2210 1075 2264 1126 In
2289 1075 2461 1141 Fulda,
2490 1075 2598 1141 post
2621 1077 2727 1126 hec
2748 1078 2923 1138 dogma
2943 1089 3134 1141 sacrum
3157 1077 3328 1141 didici.

2145 1137 2252 1202 Quo
2279 1139 2541 1202 monachus
2564 1139 2716 1188 factus
2737 1137 2983 1202 seniorum
3003 1137 3139 1202 jussu
3161 1140 3430 1202 sequebar,

2211 1199 2385 1249 Norma
2407 1200 2521 1248 mihi
2547 1202 2660 1249 vita:
2693 1200 2864 1261 regula
2885 1199 3048 1251 sancta
3071 1201 3172 1250 fuit.

2147 1261 2246 1326 Sed
2266 1261 2384 1326 l_i_cet
2407 1263 2611 1326 incaute
2625 1263 2768 1326 hanc,
2793 1274 2886 1311 nec
2910 1262 3008 1313 ﬁxe
3033 1275 3232 1326 semper
3250 1262 3486 1314 haberem
3507 1300 3524 1326 ,

2211 1323 2343 1374 Cella
2364 1329 2528 1372 tamen
2553 1324 2769 1371 mihimet
2796 1326 2980 1374 mansio
2999 1323 3268 1384 grata'fnit.

2145 1384 2242 1448 Ast
2253 1385 2337 1435 ubi
2356 1385 2453 1446 jam
2475 1384 2645 1447 plures
2669 1385 2957 1448 transissent
2975 1388 3210 1448 temporis
3229 1389 3362 1446 anni,

2210 1445 2500 1504 Convenere
2525 1448 2616 1496 viri
2643 1453 2840 1496 vertere
2877 1446 2971 1496 tata
2994 1445 3089 1496 loci
3109 1485 3124 1507 ,

2146 1507 2241 1573 lle
2259 1509 2548 1573 abstraxere
2571 1507 2714 1558 domo
2733 1507 3021 1573 invalidum,
3037 1505 3248 1573 regique
3281 1505 3468 1571 tulere,

2209 1569 2480 1620 Poscentes
2496 1569 2631 1631 fungi
2664 1569 2880 1632 praesulis
2901 1569 3057 1620 ofﬁcio
3080 1584 3092 1618 :

2148 1631 2331 1696 ln_guo
2354 1645 2449 1682 nec
2469 1631 2855 1696 meritumgvitae,
2883 1645 2974 1682 nec
2990 1633 3168 1693 dogma
3193 1635 3446 1696 repertum
3465 1635 3564 1694 est,

2211 1692 2315 1745 Nec
2343 1697 2550 1756 pastoris
2567 1707 2689 1757 Opus
2709 1695 2822 1755 jure
2841 1692 3231 1757 'beneplacitum.

2148 1755 2414 1821 Prgmptus
2438 1763 2547 1821 erat
2569 1755 2776 1819 animus,
2801 1757 2896 1821 sed,
2918 1755 3112 1821 tardans
3129 1755 3297 1821 debile
3320 1767 3516 1821 corpus.

2214 1816 2336 1869 Feci
2354 1818 2484 1880 quod
2505 1826 2744 1880 poteram,
2761 1816 3002 1881 quodque
3028 1818 3165 1881 Deus
3189 1816 3416 1881 dederat.

2147 1877 2290 1941 Nunc
2312 1875 2436 1941 ergo
2462 1875 2519 1928 tc'
2538 1893 2600 1929 ex
2627 1875 2831 1940 tumulo,
2856 1875 3008 1930 fra'ter
3030 1879 3247 1941 dilecte,
3269 1875 3479 1941 iuvando

2209 1916 2478 1991 ἱῖὄωῖἑιέἶιὰ
2484 1916 2763 1992 ἕὲίῖιιὶέὲῖὄ
2768 1916 2948 1991 ’ἇῖέὶῖἱ
2952 1916 3464 2001 ἴτὲἑὶὖῖιξὺὸἶιίίῖιῖξ

2152 1999 2335 2066 Judicis
2349 2006 2518 2066 aeterni
2544 2016 2624 2052 me
2649 2011 2703 2066 ut
2721 2005 2874 2064 gratia
2894 1999 3051 2066 salvet
3070 2004 3122 2051 in
3144 2014 3302 2066 aevum
3325 2036 3342 2061 ,

2213 2063 2319 2111 Non
2344 2063 2570 2112 meritum
2595 2065 2853 2125 aspiciens,
2873 2064 2962 2113 sed
2987 2065 3184 2125 pietatis
3208 2071 3352 2124 opus.

2148 2122 2338 2186 RaAbani
2362 2137 2541 2186 nempe
2561 2122 2677 2174 milii
2699 2122 2895 2186 nomen,
2920 2122 3068 2175 lectio
3091 2122 3249 2175 dulcis

2212 2184 2402 2248 Divinae
2425 2184 2554 2246 legis
2572 2199 2772 2247 semper
2796 2184 2976 2248 ubique
3001 2185 3106 2236 fuit.

2150 2246 2400 2310 CuiiDeus
2415 2246 2725 2309 omnipotens
2751 2246 2936 2298 tribuas
2957 2248 3179 2298 cmlestia
3199 2258 3378 2310 regna,

2217 2309 2281 2360 Et
2300 2320 2467 2361 veram
2487 2311 2712 2372 requiem
2735 2322 2935 2372 semper
2955 2311 3006 2360 in
3028 2322 3144 2360 arce
3168 2309 3290 2374 poli.

2099 2433 2169 2488 Et
2193 2432 2296 2489 iste
2320 2433 2540 2502 quidem
2579 2432 2880 2489 beatissimi
2917 2432 3192 2504 pontiﬁcis
3217 2431 3435 2487 Rabani
3459 2429 3618 2498 ﬁnis,

2029 2524 2086 2580 in
2112 2524 2216 2580 hoc
2241 2524 2443 2580 mundo
2467 2524 2683 2580 vivendi
2709 2525 2936 2581 exstitit.
2963 2524 3129 2594 Cujus
3154 2532 3403 2582 sanctum
3423 2537 3624 2594 corpus

2031 2615 2190 2672 annis
2227 2615 2505 2672 sexcentis
2544 2616 2936 2687 quinquaginta
2975 2631 3170 2672 novem
3213 2616 3270 2671 in
3316 2621 3624 2672 memorato

2031 2707 2284 2764 ctenobio
2315 2707 2490 2763 sancti
2527 2708 2784 2779 martyris
2807 2707 3001 2762 Albani
3026 2706 3295 2778 sepultum
3312 2746 3328 2772 ,
3356 2705 3414 2761 in
3437 2717 3624 2761 sarco-

2031 2803 2209 2874 phago
2227 2800 2385 2871 juxta
2410 2817 2628 2858 murum
2654 2803 2808 2858 chori
2835 2802 3046 2858 elevato
3067 2800 3388 2873 permansit.
3414 2799 3499 2855 Ad
3525 2813 3624 2854 cu-

2029 2892 2118 2964 jus
2145 2909 2360 2964 quoque
2385 2893 2654 2949 tumulum
2690 2910 2721 2949 a
2743 2894 3014 2964 principio
3047 2909 3274 2965 magnus
3307 2891 3493 2964 populi
3523 2889 3628 2946 fuit

2034 3001 2367 3053 concursus,
2407 2996 2462 3042 et
2500 2986 2656 3058 plura
2693 2996 2994 3042 narrantur
3018 2987 3162 3062 facta
3198 2985 3501 3052 miracula;
3531 2983 3628 3054 qui

2034 3084 2216 3131 tamen
2259 3092 2514 3133 successu
2556 3079 2819 3148 temporis
2857 3079 3079 3133 omnino
3119 3077 3350 3145 defecit,
3380 3086 3436 3132 et
3459 3074 3631 3132 sacel‘

2033 3163 2147 3221 lum
2177 3166 2294 3236 ejus
2320 3167 2410 3220 diu
2438 3168 2556 3222 sine
2583 3168 2790 3222 honore
2814 3169 3135 3241 permansit.
3167 3167 3323 3224 Unde
3346 3165 3631 3237 providen-

1955 3226 2002 3289 δ’
2035 3258 2109 3312 tia
2137 3257 2234 3311 Dei
2259 3266 2455 3314 cuncta
2481 3258 2836 3329 gubernantis
2853 3301 2869 3326 ,
2898 3259 2966 3314 ad
2991 3259 3228 3314 nominis
3254 3258 3338 3314 sui
3363 3255 3626 3326 gloriam,

2035 3354 2091 3404 et
2133 3347 2321 3402 famuli
2369 3349 2449 3402 sui
2502 3356 2826 3418 perpetuum
2874 3349 3171 3414 honorem,
3219 3344 3629 3403 sanctissimum

2039 3454 2240 3509 corpus
2266 3437 2381 3506 ejus
2407 3439 2472 3493 de
2501 3439 2776 3516 Moguntiav
2796 3435 3096 3506 oridinavit,
3125 3447 3183 3494 et
3217 3437 3390 3494 voluit
3429 3437 3487 3492 in
3524 3433 3628 3490 Sa—

2035 3532 2254 3587 xoniam
2280 3530 2569 3588 transferri
2607 3546 2750 3590 anno
2785 3533 3073 3604 praesenti,
3117 3547 3227 3604 quo
3265 3533 3370 3588 hoc
3408 3527 3634 3599 scripsi-

2034 3639 2157 3679 mus
2175 3665 2188 3691 ,
2219 3623 2517 3680 Dominicze
2544 3624 2798 3680 videlicet
2824 3624 3125 3680 nativitatis
3151 3622 3441 3679 millesimo
3465 3619 3629 3691 quin-

2036 3716 2336 3788 gentesimo
2379 3717 2570 3788 quinto
2617 3717 2859 3784 decimo,
2911 3716 3209 3773 indictione
3259 3715 3632 3771 Romanorum

2034 3807 2218 3861 tertia.
2263 3806 2393 3874 Quae
2430 3808 2650 3878 quidem
2690 3807 2973 3864 translatio
2998 3822 3097 3878 per
3131 3822 3292 3877 quem
3314 3847 3328 3872 ,
3369 3805 3628 3876 qualiter,

2037 3896 2256 3966 quando
2277 3937 2292 3964 ,
2320 3905 2377 3952 et
2413 3912 2672 3968 quorsum
2709 3898 2782 3954 sit
2817 3896 2963 3953 facta
2992 3939 3007 3964 ,
3037 3895 3260 3968 speciali
3286 3902 3633 3968 syntagmate

2038 3987 2428 4059 descripsimus
2471 3992 2540 4046 ad
2585 3990 2800 4047 laudem
2854 4002 2910 4047 et
2954 3990 3181 4062 gloriam
3222 3989 3320 4046 Dei
3383 3988 3630 4059 omnipo-

2041 4081 2240 4148 tentis,
2290 4079 2500 4150 Patris,
2553 4091 2609 4139 et
2658 4081 2820 4149 Filii,
2873 4091 2928 4139 et
2979 4081 3215 4154 Spiritus
3263 4081 3481 4138 sancti:
3534 4080 3630 4152 qui

2042 4173 2188 4230 Deus
2222 4184 2338 4243 est,
2375 4176 2508 4232 vivit
2556 4183 2612 4232 et
2655 4184 2848 4250 regnat
2892 4191 3034 4234 unus
3063 4191 3163 4247 per
3203 4175 3390 4236 omnia
3430 4171 3630 4231 saecula

2041 4269 2384 4327 saeculorum.
2432 4271 2627 4326 Amen.

350 4383 3622 4416 mm

1359 4458 1722 4524 EIUSDEM
1766 4461 1988 4525 VlT/E
2028 4461 2582 4529 COMPENDIUM.

1785 4566 2165 4594 -η

415 4617 674 4694 {labantis
693 4617 748 4673 in
766 4615 937 4694 Fulda
957 4619 1221 4694 nascitgr,
1245 4619 1722 4694 patreRuthardo,
1748 4628 1930 4694 matre
1954 4623 2010 4684 D
2107 4625 2322 4682 Rabani
2374 4634 2736 4683 recensentur
2781 4639 2902 4694 quae
2948 4624 3170 4694 scripsit
3215 4630 3271 4679 et
3312 4622 3630 4694 lucubravit

345 4689 696 4760 Aldegunde,
725 4689 962 4760 secunda
1003 4689 1091 4744 die
1127 4689 1412 4745 Februarii
1451 4705 1594 4745 anno
1631 4690 1930 4748 Dominicai

344 4759 651 4830 nativitatis
671 4800 686 4826 ,
714 4759 836 4816 788.
873 4759 988 4812 Lib.
1025 4760 1216 4830 primo.

419 4829 677 4884 Rabanus
709 4831 771 4884 ﬁt
809 4830 1108 4885 monachus
1148 4845 1290 4885 anno
1318 4829 1533 4886 Domini
1573 4830 1707 4896 797,
1752 4831 1932 4889 mtatis

345 4916 458 4973 suae
485 4915 630 4973 anno
651 4917 796 4957 nono
827 4900 1030 4955 Fnldac.
1060 4899 1176 4954 Lib.
1206 4903 1396 4973 primo.

418 4970 677 5026 Rabanns
701 4973 1000 5027 monachus
1036 4970 1391 5028 causa’studii
1416 4972 1644 5028 Romam
1683 4974 1753 5029 ad
1777 4975 1929 5030 Albi-

345 5056 479 5096 num
495 5042 839 5112 magistrum,
855 5051 911 5097 et
934 5042 1316 5098 scholasticam
1344 5045 1736 5100 monachorum
1764 5046 1931 5102 mitti-

347 5121 458 5183 tur,
487 5127 634 5183 anno
660 5113 873 5183 Domini
898 5112 1022 5167 806.
1049 5112 1166 5167 Lib.
1193 5115 1383 5183 primo.

420 5181 700 5247 Rabanus,
726 5182 912 5237 Romae
936 5199 1032 5237 sex
1060 5181 1218 5239 annis
1244 5185 1299 5238 in
1326 5185 1506 5240 studio
1534 5186 1768 5250 exactis,
1800 5187 1929 5242 Ful-

348 5253 474 5306 dam
486 5254 792 5326 revertitur
816 5269 956 5326 anno
976 5253 1189 5309 Domini
1213 5255 1337 5326 812.
1361 5255 1476 5310 Lib.
1503 5257 1692 5326 primo.
1718 5257 1785 5312 Et
1807 5273 1931 5318 mox

348 5323 709 5378 scholasticus
734 5325 1123 5379 monachorum
1146 5325 1332 5379 Fuldae
1359 5323 1679 5381 instituitur.

421 5392 681 5469 Rabanus
713 5394 785 5469 _1it_
817 5396 986 5469 abbas
1027 5395 1402 5469 Fuldegnsis‘in
1443 5397 1633 5469 ordine
1670 5399 1925 5469 quintus,

349 5463 511 5519 annis
535 5463 728 5533 viginti
755 5463 961 5518 duobus
981 5506 995 5531 ,
1023 5482 1164 5521 anno
1189 5466 1402 5521 Domini
1429 5467 1533 5522 825
1552 5508 1566 5530 ,
1597 5463 1774 5523 aetatis
1800 5463 1929 5525 vero

351 5547 466 5608 sum
495 5534 775 5608 trigesimo
799 5542 972 5588 sexto.
1003 5535 1118 5590 Lib.
1146 5537 1374 5608 secundo
1402 5539 1456 5591 in
1487 5538 1764 5608 principio.

426 5603 714 5680 Rabanns
738 5603 914 5680 factus
965 5613 1080 5680 est‘
1098 5603 1534 5680 archiepiscopus
1578 5603 1936 5680 Moguntinus

354 5682 512 5727 sexto
539 5673 657 5750 Kal.
688 5673 847 5738 Julii,
877 5690 1020 5728 anno
1048 5675 1262 5750 Domini
1283 5673 1416 5744 '847,
1437 5673 1754 5750 letalissuze
1776 5681 1936 5750 quin-

356 5745 673 5816 quagesimo
697 5760 861 5810 nono,
884 5755 939 5798 ct
960 5748 1174 5814 praefuit
1200 5749 1356 5806 annis
1381 5763 1592 5806 novem.
1618 5748 1734 5806 Lib.
1763 5745 1934 5806 tertio.

433 5848 462 5875 ι
497 5835 882 5906 Reponendum
912 5835 1066 5890 1515.
1098 5836 1250 5895 Ευιτ.

604 5924 880 5997 PATROL.
936 5926 1125 5992 CV11.

2035 4698 2298 4767 opuscula
2317 4738 2331 4762 ,
2358 4712 2458 4767 per
2486 4713 2658 4752 annos
2696 4693 2922 4767 triginta
2957 4693 3151 4749 novem
3178 4693 3486 4750 continuos.
3514 4694 3629 4758 Eo-

2035 4767 2155 4820 dem
2184 4766 2318 4820 libro
2349 4766 2522 4820 tertio.

2107 4835 2364 4908 Babanus
2391 4837 2838 4908 archiepisc0pus
2865 4835 3155 4908 Moguntite
3181 4843 3370 4908 sextus
3397 4835 3451 4891 in
3477 4834 3628 4894 Vini-

2034 4907 2173 4964 cella
2220 4923 2273 4963 vr
2322 4907 2442 4962 Kal.
2486 4907 2810 4963 Novembris
2860 4907 3112 4974 moritur,
3153 4907 3500 4978 pontiﬁcatus
3544 4909 3629 4965 sui

2035 4994 2177 5034 anno
2200 4994 2368 5046 nono,
2399 4993 2588 5035 mense
2614 4988 2830 5050 quarto,
2857 4978 3034 5035 aetatis
3055 4992 3323 5050 vero_su_ae
3347 4978 3627 5050 sexagesi-

2041 5066 2130 5105 mo
2152 5057 2367 5117 octavo,
2395 5065 2581 5106 mense
2601 5046 2746 5106 nono
2767 5059 2824 5106 et
2843 5046 3236 5106 incarnationis
3257 5046 3472 5104 Domini
3487 5046 3624 5108 856.

2042 5120 2200 5174 Libro
2229 5123 2406 5176 tertio.

2113 5191 2322 5246 Rabani
2362 5207 2562 5263 corpus
2607 5193 2660 5247 in
2696 5192 2928 5249 ecclesia
2959 5190 3134 5263 ja_cui_t
3160 5190 3430 5263 sepultum
3468 5191 3628 5248 annis

2040 5263 2312 5335 sexcentis
2335 5260 2728 5335 quinquaginta
2754 5277 2967 5335 novem.
2994 5260 3060 5314 In
3077 5261 3189 5335 ﬁne
3214 5260 3305 5315 lib.
3334 5263 3494 5335 tertii.

2111 5333 2317 5387 Rabani
2334 5331 2532 5404 corpus
2554 5331 2609 5389 in
2625 5334 2694 5390 Sa
2702 5334 2916 5404 xoniam
2930 5346 3054 5404 eum
3076 5331 3278 5404 honore
3301 5331 3628 5404 transfertur

2039 5405 2094 5458 in
2120 5418 2308 5459 mense
2331 5402 2577 5475 Augusto
2596 5446 2611 5470 ,
2641 5419 2782 5460 anno
2809 5402 3023 5458 Domini
3049 5402 3336 5458 millesimo
3363 5402 3629 5475 quingen-

2042 5475 2236 5553 tesimo
2259 5477 2449 5553 quinto
2472 5477 2698 5553 decimo:
2898 5545 2910 5553 _
3189 5544 3202 5553 _
3251 5545 3281 5553 __
3479 5542 3491 5553 .
3558 5540 3595 5553 υ

2117 5540 2327 5618 Rabani
2366 5547 2615 5618 corporis
2652 5545 3008 5618 sive_ossium
3034 5544 3450 5618 translationem
3478 5542 3538 5618 i_n_
3558 5540 3627 5596 li-

2045 5616 2145 5671 bro
2184 5617 2404 5685 speciali
2441 5612 2730 5685 descripsit
2765 5613 3000 5670 Joannes
3042 5614 3427 5685 Trithemius,
3455 5612 3625 5685 abbas

2047 5681 2366 5741 monasterii
2393 5686 2566 5741 sancti
2590 5681 2771 5740 Jacobi
2815 5685 3041 5756 apostoli
3084 5685 3224 5754 apud
3269 5681 3621 5756 Herbipolim.

2048 5757 2200 5813 Finis
2227 5773 2350 5815 cum
2381 5756 2582 5812 auxilio
2610 5756 2703 5812 Dei
2729 5751 2991 5827 vigesimo
3019 5751 3383 5814 die—Octobris
3408 5751 3513 5807 915
3537 5761 3564 5792 α

3227 5929 3268 6013 a
