4016 6494
485 441 587 498 145

484 549 623 607 Nam
647 548 752 606 hoc
776 547 931 606 fenus
954 556 1104 605 tanto
1133 546 1358 618 girando
1383 546 1603 603 cardine
1631 547 1830 617 prodit,

478 641 785 701 Oibs'sciat
808 648 869 696 ut
896 640 1104 711 galeam
1135 640 1382 695 consultu
1407 637 1634 694 Caesaris
1659 646 1777 692 oret
1805 677 1820 702 ,

480 733 725 803 Augusto
747 745 880 801 pure
899 729 1038 785 feret
1057 730 1252 784 almam
1275 728 1400 783 hinc
1420 727 1577 783 laude
1600 741 1879 782 coronam.

478 821 614 876 Nam
641 821 842 891 optima
870 819 1118 875 dextram
1140 820 1315 874 virtus
1340 818 1521 873 divina
1539 827 1696 887 paret
1720 825 1837 872 arte
1861 858 1875 883 ,

1157 441 1215 495 Β.
1257 439 1508 496 ΒΑΒΑΝΙ
1547 438 1763 494 MAURl
1801 436 2022 492 ARCllll

2160 436 2467 494 uocum.
2510 419 2794 496 OPERUM
2830 439 3010 497 rans
3046 441 3086 495 l.

2093 551 2135 607 Α
2169 544 2297 612 Qum
2320 546 2555 602 formose
2578 547 2702 616 jura
2733 538 2987 604 tenebunt
3012 539 3115 604 tela
3142 549 3295 604 nefas
3317 551 3426 605 sint
3454 590 3470 614 ,

3637 434 3752 492 144

2159 636 2227 690 Et
2255 638 2444 692 sedare
2473 638 2564 707 qui
2595 645 2649 693 et
2676 645 2834 694 terra:
2860 640 3137 694 solidanda
3164 641 3492 710 proterviam
3520 680 3536 707 ,

2158 724 2333 792 Quam
2374 736 2458 783 est
2487 729 2690 784 solidus
2711 744 2967 799 permane
3008 730 3141 801 tegit
3170 732 3447 803 Augustus
3466 732 3637 800 ovile,

2158 816 2535 873 'l‘ransformat
2558 820 2709 875 orbis
2735 820 2936 876 Christi
2961 836 3085 877 cum
3109 821 3251 875 clara
3280 823 3500 888 tributa,

475 911 641 982 Stips,
659 911 841 977 lliesu,
858 918 949 969 tua
965 912 1159 980 detque
1187 909 1539 978 triumphum,
1569 908 1841 978 poscimus
1868 922 2057 963 omnes
2155 906 2283 963 Jure
2311 910 2520 966 colendi
2547 912 2671 966 dum
2700 927 2908 967 memor
2937 929 3089 983 teque
3115 916 3353 983 trophaea
3380 930 3581 984 parans
3606 916 3702 969 dat
3728 955 3750 982 ,

475 1002 586 1059 lam
614 1002 813 1057 almum
830 1001 974 1071 justo
988 1002 1209 1072 justitite
1230 1000 1373 1071 quod
1398 1007 1587 1071 regnet
1607 999 1805 1069 ubique
1834 1039 1849 1066 ,

474 1094 601 1152 ﬂare
631 1094 784 1150 silice
804 1095 991 1150 induat
1015 1101 1177 1165 atque
1203 1093 1371 1164 ligatu
1396 1093 1534 1163 giret
1561 1092 1735 1146 amico
1755 1132 1770 1154 ,

370 1182 375 1189 '
474 1180 610 1238 Dum
643 1182 798 1238 aﬁ‘ert
832 1181 1000 1238 lorica
1038 1183 1299 1253 placitum
1322 1182 1402 1239 sic
1432 1183 1545 1252 ipsa
1576 1190 1824 1252 paratum
1851 1221 1865 1245 ,

471 1278 729 1349 Optamus
749 1289 848 1332 nos
874 1290 1088 1344 semper
1112 1275 1368 1341 amicum,
1396 1289 1554 1345 quem
1586 1274 1674 1344 pie
1699 1272 1951 1327 Christus

470 1365 551 1421 Re
577 1372 801 1430 tutatur,
834 1380 998 1435 quam
1028 1364 1205 1419 nullus
1221 1364 1405 1435 jaculo
1433 1364 1652 1433 premit,
1684 1371 1769 1418 ast
1790 1363 1879 1417 fur

469 1455 595 1521 Fas,
627 1454 710 1510 vel
737 1455 791 1509 in
816 1455 908 1510 illo
935 1462 1179 1525 proterat
1216 1455 1389 1510 hostis
1415 1454 1641 1509 crimine
1667 1453 1787 1508 diro

469 1542 732 1599 Defensor
758 1542 893 1598 artis
916 1544 1010 1598 sed
1037 1541 1252 1597 ﬁrmum
1285 1550 1554 1598 monstrat
1576 1542 1867 1596 amandum

470 1634 571 1689 .lus
594 1642 790 1690 ornatu
829 1633 1011 1688 laneat
1039 1631 1270 1689 Cmsaris
1299 1634 1507 1687 obtinet
1533 1634 1808 1687 haustum.

456 1724 636 1780 .Omen
664 1724 830 1795 ﬁtque
848 1738 1028 1790 omne,
1054 1732 1312 1779 actutum
1344 1723 1628 1794 imperium
1659 1730 1841 1777 manet
1866 1726 2016 1776 urbe.

463 1817 544 1871 En
575 1829 742 1888 regna
769 1813 992 1871 Graium
1013 1830 1174 1871 omne
1198 1830 1295 1886 per
1321 1830 1495 1870 aevum
1522 1829 1746 1869 munera
1770 1812 2007 1876 donant,

462 1907 534 1962 Et
557 1907 722 1962 Persa
744 1906 857 1973 dat,
888 1907 1074 1977 sicque
1099 1905 1215 1977 ejus
1245 1906 1445 1962 sobolis
1471 1905 1612 1960 latus
1642 1905 1832 1959 ambit.

463 1996 609 2053 Gens
627 1997 778 2067 plebs
794 1996 917 2051 laata
936 2012 1175 2069 propago
1200 1997 1474 2052 succinam
1498 1997 1585 2067 pie
1611 1996 1776 2051 donat

462 2085 671 2141 Musam
698 2085 853 2155 juvat
894 2088 1061 2143 edens
1089 2096 1327 2153 maneat,
1352 2087 1455 2141 scit
1473 2095 1682 2141 scutum
1708 2095 1762 2141 et
1789 2099 1973 2141 amare

462 2177 625 2248 Spem
655 2177 804 2232 exsul
834 2184 1045 2249 sceptra
1072 2177 1304 2232 tenendo
1321 2217 1335 2241 ,
1361 2177 1485 2231 dum
1512 2175 1634 2230 ﬁdei
1658 2176 1751 2231 dat
1772 2177 1971 2245 ubique

456 2273 596 2331 Rem
616 2269 817 2329 haustu
837 2268 1010 2327 donec
1034 2267 1191 2327 srecla
1214 2282 1309 2325 sua
1332 2265 1550 2344 depellit
1584 2266 1651 2322 ab
1690 2274 1806 2322 arte
1829 2306 1842 2331 ,

2155 999 2284 1065 Quae
2327 1002 2430 1056 hoc
2467 1003 2576 1057 sint
2610 1017 2804 1057 nomen
2830 1004 3030 1074 ubique
3056 1020 3243 1059 means
3270 1006 3519 1060 devotum
3548 1005 3620 1060 ab
3646 1021 3753 1062 ore

2155 1089 2355 1160 Nempe
2379 1100 2544 1154 tonat,
2575 1102 2834 1165 urgetque
2855 1094 3020 1164 probe
3044 1104 3232 1165 pectus
3260 1095 3346 1151 diu
3370 1097 3542 1150 amari
3566 1137 3581 1160 ,

2155 1181 2237 1237 Sit
2269 1190 2470 1236 tremor
2492 1191 2683 1252 estque
2704 1185 2857 1238 bonae
2884 1185 3065 1239 divino
3092 1180 3319 1241 munere
3343 1185 3521 1253 famae,

2153 1273 2373 1328 Proﬁcit
2403 1274 2525 1328 inde
2546 1275 2679 1328 orbe
2708 1276 2982 1330 madidum
3008 1273 3203 1330 fretum
3228 1275 3523 1346 illicitaqne

2153 1362 2242 1416 Sic
2271 1362 2435 1416 abicit
2474 1371 2691 1432 portum
2713 1405 2728 1429 ,
2755 1379 2920 1418 cruce
2949 1364 3040 1418 dat
3059 1364 3242 1419 Jesum
3269 1366 3622 1435 sequiturque

2151 1453 2304 1507 Hunc
2319 1454 2411 1509 tibi
2426 1455 2571 1509 enim
2587 1455 2712 1510 inde
2726 1456 2968 1520 datum,o
2984 1471 3200 1526 semper
3210 1466 3496 1527 castusque
3509 1457 3752 1527 piusque

2149 1543 2350 1608 Caesar,
2374 1544 2522 1616 large
2549 1547 2709 1600 modo
2740 1546 2857 1601 visu
2887 1555 2942 1601 tu
2968 1555 3145 1602 castra
3178 1547 3382 1603 inimici
3411 1557 3494 1603 ast

2152 1635 2347 1690 Terres
2376 1650 2633 1706 spemque
2661 1636 2823 1690 timor
2840 1637 2981 1691 altus
2999 1637 3218 1692 inimica
3244 1638 3435 1708 fugans
3460 1639 3553 1693 dat
3577 1679 3591 1703 ,

2149 1723 2227 1778 Tu
2248 1724 2368 1794 pius
2392 1733 2447 1777 et
2471 1732 2656 1794 gratus
2679 1725 2905 1779 nimium
2924 1740 3153 1795 pronum
3182 1737 3335 1797 rogat
3357 1728 3470 1783 bare
3493 1743 3632 1797 gens

2147 1812 2230 1867 Ad
2257 1813 2474 1867 veniam
2495 1814 2572 1867 ire
2603 1814 2818 1868 animus
2842 1814 2998 1868 nobis
3023 1813 3254 1881 adjussa
3279 1816 3522 1883 parentis
3548 1834 3563 1869 :

2073 1897 2125 1955 B
2149 1901 2456 1973 Conscripsi
2486 1905 2685 1959 dudum
2712 1920 2836 1958 nam
2866 1904 3064 1959 Christi
3095 1905 3252 1960 laude
3281 1905 3519 1960 libellum

2149 1995 2407 2050 Versibus
2441 2003 2495 2048 et
2526 2010 2705 2065 prosa,
2733 1995 2828 2049 tibi
2854 2010 3011 2065 quem
3043 2012 3202 2059 nunc,
3233 1996 3586 2067 induperator
3610 2041 3629 2066 ,

2148 2086 2346 2152 Oil'ero,
2363 2096 2570 2151 sancte,
2603 2086 2798 2151 libens,
2819 2086 2969 2155 Cujus
2991 2087 3248 2156 praecedit
3272 2088 3449 2157 imago

2148 2177 2310 2233 Stans
2335 2187 2539 2233 armata
2565 2177 2668 2234 ﬁde
2694 2178 2952 2235 victorem
2984 2186 3247 2234 monstrat
3271 2181 3487 2248 ubique.

1638 2447 2153 2516 DECLARATIO
2211 2450 2552 2513 FIGUR/E.

1982 2591 2179 2607 ﬂ

524 2680 574 2737 0
598 2678 813 2735 Christe
840 2677 1105 2745 salvator,
1135 2690 1232 2732 rex
1274 2689 1459 2745 regum
1481 2682 1538 2730 et
1563 2672 1825 2729 Dominus
1854 2670 2031 2726 domi-

2136 2675 2339 2732 actum,
2359 2666 2594 2736 hincque
2614 2667 2731 2738 ejus
2756 2666 3037 2737 imperium
3068 2674 3211 2722 terra
3238 2667 3446 2723 scilicet
3465 2676 3520 2724 et
3536 2669 3735 2742 pelago

457 2784 649 2826 norum
674 2809 689 2834 ,
721 2767 814 2839 qui
858 2767 1116 2822 mundum
1144 2765 1362 2836 propria
1387 2764 1589 2819 ditione
1628 2763 1899 2833 gubernas
1919 2800 1934 2825 ,
1980 2767 2038 2816 et
2139 2766 2312 2813 tutum
2341 2766 2578 2812 maneat.
2611 2757 2744 2811 Nam
2763 2766 2971 2829 gentes,
3001 2757 3313 2813 Grmcorum
3339 2761 3480 2817 dona
3524 2764 3734 2830 pretio-

456 2868 733 2930 sceptrum
763 2856 1173 2927 incorruptibile
1203 2854 1432 2911 tenendo
1461 2852 1584 2923 jure
1611 2852 1833 2924 perenni
1872 2865 2036 2920 super

455 2949 634 3004 omnia
658 2962 885 3017 regnas:
912 2954 970 3001 tu
985 2946 1210 3002 crimina
1234 2944 1400 2999 multa
1423 2950 1708 3016 parentum
1727 2950 2032 2996 nostrorum

2139 2848 2356 2903 sissima
2398 2847 2474 2902 illi
2505 2847 2775 2912 deferunt,
2806 2849 3056 2903 similiter
3096 2857 3153 2903 et
3199 2865 3365 2921 regna
3395 2850 3728 2919 Persarum,

2134 2955 2237 2995 nec
2262 2954 2370 2994 non
2405 2947 2459 2993 et
2489 2947 2699 2994 cmterae
2724 2948 2913 3010 gentes
2939 2939 3109 3008 ipsius
3132 2940 3297 2993 simul
3316 2938 3535 3011 ejusque
3557 2942 3734 3012 prolis

453 3040 509 3094 in
559 3053 723 3094 cruce
755 3036 944 3092 delesti
990 3054 1003 3090 :
1037 3038 1251 3106 quando
1294 3035 1530 3090 humano
1579 3032 1763 3105 generi
1808 3030 2034 3101 justitia’,
2132 3030 2276 3085 latus
2301 3030 2499 3084 tuendo
2529 3029 2891 3098 frequentant,
2919 3030 3152 3083 maxime
3176 3045 3308 3100 gens
3328 3029 3634 3085 Germania:
3670 3040 3733 3087 et

450 3130 603 3185 frena
624 3128 973 3194 constituisti,
993 3134 1155 3198 atque
1178 3127 1283 3181 tuis
1302 3125 1548 3182 ﬁdelibus
1570 3127 1623 3179 in
1647 3124 1798 3180 caelis
1815 3119 2030 3177 beatam
2128 3120 2364 3190 populus
2394 3120 2725 3174 Francorum
2754 3119 2843 3190 (de
2871 3120 3067 3189 quibus
3095 3121 3213 3191 ejus
3245 3122 3440 3176 nobilis
3468 3124 3729 3192 prosapia

448 3220 617 3274 vitam
654 3232 906 3289 sperare,
945 3216 1311 3286 velociterque
1356 3215 1583 3285 adipisci
1612 3227 1771 3285 posse
1813 3212 2027 3268 dedisti.
2058 3212 2102 3272 C
2133 3210 2396 3281 originem
2449 3208 2634 3280 traxit)
2683 3209 2735 3262 in
2779 3208 2899 3278 ejus
2934 3209 3181 3265 laudibus
3219 3212 3520 3278 concinuit,
3550 3214 3727 3269 vitam

448 3311 592 3382 Ergo
618 3311 694 3365 tui
724 3309 963 3365 muneris
984 3316 1068 3364 est
1095 3306 1386 3379 largissimi
1415 3307 1693 3378 patrisque
1717 3305 1790 3360 tui
1822 3304 2032 3360 scilicet

451 3398 837 3468 potentissimi,
867 3397 1011 3467 quod
1036 3410 1234 3452 nomen
1263 3395 1397 3451 illud
1426 3402 1575 3450 tuum
1607 3392 1876 3449 ineffabile
1910 3407 2030 3447 om-

450 3489 716 3557 nibusque
764 3486 976 3541 saeculis
1026 3473 1228 3540 dudum
1278 3483 1553 3550 terribile,
1602 3498 1745 3538 nunc
1801 3480 2031 3553 piissimi

450 3575 712 3646 principis
736 3575 941 3630 vertice
959 3581 1202 3644 gestatur
1228 3575 1457 3629 honesta
1486 3571 1764 3643 religione,
1798 3585 1918 3641 quae
1960 3570 2030 3624 ab

452 3665 702 3721 omnibus
724 3672 1017 3720 veneratur
1044 3662 1416 3720 celeberrima.
1450 3662 1587 3716 Hinc
1612 3675 1825 3731 quoque
1849 3668 2032 3743 osten-

451 3757 758 3827 ditur'quod
787 3754 904 3826 ejus
927 3757 1249 3813 auctoritate
1301 3763 1464 3825 atque
1492 3753 1825 3817 defensione,
1855 3766 2028 3822 augu-

448 3860 595 3905 stum
638 3850 923 3922 imperium
974 3849 1203 3904 ﬁrmiter
1238 3856 1480 3914 tenetur,
1535 3855 1589 3902 et
1625 3846 1820 3916 cuique
1864 3859 2029 3901 avaro

451 3940 801 4011 religionique
830 3937 1149 3995 Christiana;
1193 3937 1490 4003 contrario,
1526 3951 1631 4006 per
1652 3935 1855 4005 justum
1880 3933 2026 4003 judi-

448 4030 593 4085 cium
612 4037 862 4099 potestas
910 4028 1176 4094 aufertur,
1205 4035 1265 4081 ut
1304 4025 1545 4097 religiosi
1591 4025 1851 4096 principis
1892 4031 2027 4078 nutu

449 4128 598 4174 totus
625 4119 772 4173 orbis
794 4126 1032 4190 regatur.
1074 4116 1208 4172 Nam
1232 4115 1448 4187 largitio
1469 4113 1800 4185 amplissima
1835 4128 2027 4167 mune-

445 4226 567 4264 rum
598 4210 739 4265 illius
767 4211 872 4265 hoc
892 4209 1091 4278 ubique
1113 4208 1321 4279 prodit,
1362 4206 1430 4261 ad
1476 4196 1689 4260 laudem
1730 4202 2027 4259 venerandi

448 4299 793 4369 imperatoris
839 4306 1101 4353 terrarum
1130 4296 1355 4368 populos
1382 4309 1712 4366 provocans,
1757 4301 2025 4364 quatenus

447 4390 721 4446 communi
762 4389 987 4446 consilio
1015 4388 1136 4459 ejus
1176 4387 1544 4445 defensionem
1589 4402 1779 4442 omnes
1820 4386 2026 4456 pariter

447 4488 710 4551 quaerant.
736 4479 1123 4549 Quod‘quidem
1154 4493 1252 4535 nos
1273 4478 1352 4535 tui
1373 4475 1582 4544 famuli,
1606 4475 1842 4542 Christe,
1873 4476 2022 4531 mitis

443 4571 700 4637 salvator,
750 4572 1016 4642 supplices
1042 4570 1298 4642 petimus,
1349 4575 1614 4639 quatenus
1641 4582 1740 4637 per
1763 4566 2015 4622 vexillum
2044 4556 2098 4615 D

444 4672 649 4721 sanctae
682 4666 879 4730 crucis,
915 4672 1004 4720 tua
1032 4663 1397 4720 sacratissima
1426 4662 1599 4717 virtus
1639 4662 1809 4732 ipsius
1833 4662 2023 4717 dexte-

445 4774 563 4814 ram
605 4759 784 4813 divina
823 4759 1028 4812 imbuat
1062 4765 1222 4822 arte,
1263 4765 1426 4825 atque
1469 4754 1799 4825 triumphum
1821 4752 2022 4821 ubique

446 4846 688 4904 conferat
729 4844 969 4915 justitim.
1017 4842 1141 4898 Hrcc
1187 4857 1403 4913 quoque
1450 4843 1600 4897 illum
1626 4841 1848 4897 thorace
1893 4840 2020 4896 fidei

445 4937 730 4993 adamante
774 4932 992 4987 duriore
1035 4932 1250 4998 induit,
1294 4947 1416 5001 quae
1442 4931 1650 4986 scilicet
1679 4939 1733 4986 et
1770 4938 2019 4986 ornatum

444 5025 887 5082 decentissimum
907 5031 964 5078 et
987 5021 1383 5078 munimentum
1405 5020 1614 5075 confert
1642 5019 2016 5077 fortissimum.

450 5114 603 5171 Unde
630 5128 850 5171 necesse
877 5121 964 5170 est
998 5121 1059 5168 ut
1097 5128 1195 5169 nos
1222 5112 1427 5183 pariter
1463 5127 1588 5169 cum
1634 5114 1782 5169 omni
1824 5112 2019 5184 populo

446 5205 757 5263 Christiano
808 5203 924 5275 ejus
966 5202 1219 5258 amicitia:
1260 5202 1487 5274 gratiam
1516 5211 1807 5273 optemus:
1856 5216 2018 5271 quem

444 5294 705 5355 Dominus
741 5295 986 5351 Christus
1032 5295 1106 5350 ita
1135 5302 1420 5365 protegens
1453 5294 1689 5349 custodit
1738 5302 1798 5348 ut
1841 5291 2018 5346 nullus

448 5386 711 5445 insidians
737 5401 859 5441 eum
887 5385 1070 5455 aliquo
1092 5385 1253 5442 modo
1276 5400 1472 5441 nocere
1493 5387 1683 5455 possit,
1711 5385 1795 5440 vel
1818 5384 2018 5439 famam

447 5476 566 5547 ejus
615 5476 966 5548 justissimam
1016 5474 1194 5545 aliquo
1250 5475 1478 5530 crimine
1538 5475 1852 5538 maculare;
1922 5474 2018 5529 sed

448 5548 699 5621 defensor
741 5565 1108 5634 omnipotens,
1161 5563 1372 5633 adjutor
1424 5564 1551 5618 boni
1603 5563 1763 5618 studii
1794 5561 1910 5630 ejus
1963 5571 2020 5617 et

446 5654 604 5714 bonae
648 5655 966 5722 voluntatis,
1012 5656 1372 5710 constantiam
1416 5662 1472 5709 et
1520 5667 1663 5708 vera:
1700 5653 2019 5707 innocentiae

450 5743 679 5803 formam
725 5744 778 5799 in
822 5761 886 5800 eo
931 5745 1087 5801 nobis
1125 5759 1335 5814 semper
1374 5741 1685 5797 imitabilem
1732 5743 2013 5811 proponit,

452 5837 668 5911 vultque
688 5845 743 5896 ut
763 5836 1077 5895 nobilissimi
1100 5833 1328 5892 Caesaris
1348 5846 1567 5890 onmem
1592 5831 1802 5890 felicem
1819 5832 2019 5894 habeat

1286 6024 1316 6040 η

2133 3299 2209 3354 illi
2262 3308 2317 3354 et
2370 3299 2789 3369 prosperitatem
2840 3300 3152 3354 continuam
3209 3309 3492 3371 exeptans.
3553 3302 3727 3359 Exsul

2131 3403 2347 3460 quoque
2380 3389 2687 3458 quicunque
2717 3389 2911 3458 priscis
2935 3391 3266 3460 temporibus
3289 3408 3317 3445 a
3345 3392 3473 3447 sede
3498 3394 3727 3462 propria

2130 3480 2450 3546 aberravit,
2507 3480 2625 3551 ejus
2677 3481 2980 3549 triumphos
3025 3483 3256 3537 amando
3310 3497 3436 3536 mox
3484 3483 3726 3538 reditum

2128 3574 2369 3631 velocem
2412 3582 2623 3644 sperat,
2662 3574 2788 3642 quia
2835 3582 3046 3641 sceptra
3075 3573 3306 3628 tenendo
3336 3574 3459 3627 ﬁdei
3491 3576 3723 3629 verbum

2129 3666 2338 3736 spargit
2364 3665 2580 3734 ubique,
2610 3665 2779 3719 donec
2804 3664 3058 3734 populum
3095 3679 3251 3719 suum
3280 3680 3311 3719 a
3351 3673 3566 3719 vetusto
3596 3680 3725 3720 sce-

2128 3755 2300 3811 lerum
2329 3772 2427 3810 usu
2457 3765 2668 3826 purget,
2707 3756 2799 3824 qui
2836 3754 3060 3823 juvante
3089 3754 3306 3809 Christo
3333 3754 3565 3809 ﬁrmiter
3595 3756 3722 3811 fidei

2130 3845 2411 3901 catholicae
2432 3845 2556 3914 jura
2589 3845 2794 3899 tenebit
2822 3862 2834 3897 :
2880 3860 2947 3899 ne
2973 3843 3173 3898 frustra
3203 3845 3352 3899 verbi
3370 3843 3555 3912 jacula
3587 3861 3722 3915 pro-

2128 3932 2290 4001 ferat,
2312 3935 2409 3989 sed
2436 3934 2544 3989 sint
2581 3950 2729 3987 arma
2758 3934 2999 4003 potentia
3024 3933 3136 3988 Deo
3164 3934 3217 3987 in
3249 3948 3410 3988 omne
3446 3949 3585 4004 opus
3616 3936 3720 3990 bo-

2129 4040 2279 4090 num,
2313 4034 2368 4078 et
2392 4023 2593 4079 Christi
2639 4023 2743 4077 lide
2783 4023 3031 4077 roborata
3056 4025 3235 4079 carnis
3259 4025 3590 4093 proterviam
3623 4027 3725 4080 do~

2128 4123 2300 4170 ment.
2344 4112 2387 4169 Ο
2411 4129 2570 4183 quam
2600 4112 2804 4168 solidus
2834 4112 2940 4168 ﬁde
2983 4120 3038 4168 et
3079 4113 3287 4168 stabilis
3315 4113 3369 4167 in
3405 4113 3723 4171 Christiana

2129 4207 2387 4278 religione
2422 4214 2633 4269 manet,
2685 4204 2778 4273 qui
2814 4219 2943 4259 oves
2979 4204 3082 4259 sibi
3137 4204 3544 4259 commendatus
3592 4205 3724 4260 dili-

2128 4306 2317 4368 genter
2364 4296 2512 4351 omni
2567 4295 2701 4350 hora
2745 4295 3019 4360 custodit,
3076 4304 3132 4349 et
3172 4310 3401 4365 pensum
3444 4295 3719 4352 Dominici

2127 4388 2334 4443 servitii
2360 4387 2674 4457 cultumque
2702 4386 2940 4441 divinum
2972 4393 3190 4440 strenue
3216 4387 3285 4441 ab
3316 4387 3568 4441 omnibus
3608 4388 3717 4444 sibi

2125 4478 2621 4549 obtemperantibus
2642 4478 2867 4547 expetit,
2890 4477 3019 4531 dum
3041 4477 3260 4548 superni
3287 4478 3431 4548 regis
3451 4478 3714 4534 vexillum

2123 4570 2331 4624 cunctis
2345 4568 2709 4623 venerandum
2731 4583 2852 4624 esse
2867 4569 3126 4632 ostendit,
3146 4577 3202 4622 et
3222 4569 3291 4624 ad
3305 4569 3713 4637 praedicandum

2125 4660 2326 4716 Christi
2352 4659 2699 4731 Evangelium
2723 4660 2923 4729 ubique
2949 4659 3197 4715 doctores
3222 4674 3351 4715 suos
3377 4660 3582 4730 dirigit,
3614 4662 3712 4729 qui

2124 4756 2439 4814 duricordes
2493 4754 2833 4812 sermonibus
2872 4755 2983 4809 suis
3014 4753 3287 4820 molliant,
3334 4761 3390 4808 et
3416 4754 3483 4808 ad
3529 4756 3714 4824 perci-

2121 4848 2378 4916 piendum
2403 4847 2602 4900 bonum
2643 4845 2863 4900 odorem
2894 4845 3153 4899 virtutum
3185 4844 3366 4898 divina
3390 4844 3564 4914 gratia
3590 4843 3714 4913 Opi—

2121 4936 2327 4993 tulante
2349 4934 2681 5004 producant,
2718 4941 2780 4988 ut
2816 4934 2977 4988 luxus
3019 4933 3200 4989 saeculi
3230 4942 3518 5004 spernant,
3566 4941 3624 4987 et
3648 4934 3710 4988 in

2120 5025 2337 5080 Christo
2358 5038 2507 5093 spem
2538 5021 2863 5077 collocantes
2896 5022 3071 5092 ipsius.
3088 5023 3431 5092 passionibus
3458 5037 3709 5077 commu-

2118 5114 2302 5169 nicare
2315 5119 2584 5182 appetant.
2610 5111 2750 5167 Ecce
2773 5112 2890 5178 tibi,
2911 5127 2943 5167 ο
2964 5112 3259 5182 imperator
3280 5110 3705 5166 clementissime

2118 5213 2280 5273 atque
2303 5204 2661 5269 sanctissime,
2690 5219 2928 5275 praesens
2952 5204 3119 5260 oil'ero
3143 5220 3338 5283 munus
3361 5204 3510 5260 omni
3536 5205 3704 5259 devo-

2120 5296 2266 5350 tione
2307 5294 2610 5364 subjectus,
2662 5297 2755 5365 qui
2804 5297 3063 5351 terribilis
3109 5305 3294 5352 exstas
3331 5295 3696 5360 adversariis,

2112 5384 2458 5439 inimicorum
2484 5393 2630 5452 terga
2657 5400 3006 5454 persequens,
3033 5395 3087 5440 et
3115 5386 3359 5455 placidus
3381 5400 3441 5440 es
3464 5385 3698 5450 devotis,

2117 5474 2411 5531 clementer
2435 5475 2717 5532 conversis
2755 5477 2964 5530 veniam
3007 5478 3268 5533 tribuens.
3300 5476 3487 5533 Omnis
3524 5492 3697 5545 gens,

2118 5566 2293 5619 omnis
2315 5566 2461 5619 natio
2486 5572 2634 5617 tuam
2660 5563 2997 5621 voluntatem
3026 5565 3207 5621 facere
3226 5566 3458 5634 expetit;
3486 5578 3699 5633 nosque

2116 5654 2196 5708 tui
2222 5656 2403 5710 miseri
2438 5654 2621 5709 famuli
2647 5654 2989 5712 clementiam
3019 5666 3164 5712 tuam
3195 5657 3383 5727 pronis
3415 5654 3695 5724 obsequiis

2117 5746 2264 5801 adire
2283 5754 2548 5814 optamus,
2572 5746 2795 5817 ejusque
2814 5748 2953 5804 votis
2972 5749 3347 5817 obtemperare
3366 5747 3420 5801 in
3440 5745 3694 5800 omnibus

2118 5833 2500 5893 desideramus.
2520 5833 2653 5891 Nam
2675 5834 2935 5904 libellum,
2956 5851 3117 5907 quem
3132 5837 3185 5893 in
3205 5836 3463 5892 honorem
3488 5840 3691 5891 sanctae
