4016 6474
284 374 388 453 ηδ

277 592 562 653 serenitati
583 589 752 647 oll'ero
765 586 1008 657 supplex,
1026 584 1340 655 deprecans,
1356 590 1415 638 ut
1435 582 1526 653 qui
1544 591 1694 638 scuto
1717 582 1859 649 ﬁdei,

280 685 453 743 lorica
488 680 713 753 justitire
757 686 812 733 et
838 675 989 748 galea
1024 674 1214 730 salutis
1244 674 1500 729 decenter
1523 688 1584 728 es
1609 680 1863 739 ornatus,

279 794 385 835 nos
432 776 532 834 sub
576 782 668 829 tua
702 768 1016 827 defensione
1055 766 1273 822 Christo
1316 765 1613 820 militantes
1652 765 1864 820 munire

282 869 543 941 digneris,
573 875 735 936 atque
756 863 826 918 ad
843 870 1057 932 portum
1083 858 1274 914 salutis
1294 866 1510 913 aeterna:
1533 857 1586 912 in
1608 872 1865 928 augmen-

280 969 397 1017 tum
413 957 755 1030 praemiorum
775 961 988 1008 tuorum
1004 948 1232 1005 Domino
1248 947 1531 1017 adjuvante
1547 946 1861 1017 perducere.

352 1050 605 1107 Continet
631 1054 813 1102 autem
840 1056 1083 1114 praesens
1109 1041 1285 1110 imago
1313 1039 1645 1095 serenissimi
1692 1038 1863 1107 impc-

281 1141 482 1198 ratoris
515 1137 771 1194 Ludovici
813 1133 1122 1206 quindecim
1164 1146 1355 1186 versus
1386 1138 1560 1187 metro
1601 1126 1865 1199 dactylico

280 1238 599 1288 tetrametro
631 1227 966 1297 conscriptos
989 1225 1092 1279 hoc
1116 1222 1275 1277 modo
1312 1238 1325 1274 :

465 1323 619 1374 Hiesu
646 1321 860 1380 Christe,
879 1316 1223 1380 tuumgvertice
1242 1315 1431 1372 signum

466 1384 684 1457 augusto
708 1375 895 1457 galeam
920 1375 1136 1457 uenient
1152 1375 1343 1457 alutam,

467 1437 696 1495 Invictum
709 1437 777 1492 “et
799 1442 940 1490 faciat
961 1442 1141 1500 optima
1163 1437 1408 1500 dextram.

466 1504 651 1563 Virtus,
670 1504 696 1553 J
703 1517 809 1559 esu,
841 1511 925 1563 tua,
940 1498 1120 1561 detque
1146 1498 1464 1560 triumphum,

468 1565 608 1628 Justo
627 1562 826 1628 justi=ize
849 1562 1036 1628 induat,
1070 1567 1217 1628 atque

468 1622 643 1678 Lorica
660 1637 858 1687 semper
885 1624 1110 1687 placitum
1135 1622 1357 1687 amicum.

471 1689 621 1746 Quam
645 1681 805 1736 nullus
824 1681 982 1748 jaéulo
1008 1689 1221 1748 proterat
1247 1681 1415 1744 hostis,

470 1744 570 1800 Sed
594 1750 778 1797 ﬁrmum
805 1744 997 1795 maneat
1016 1744 1220 1795 Czesaris
1242 1755 1387 1790 omne

469 1810 540 1861 Ac
560 1818 693 1859 tuum
719 1809 979 1869 imperium
1003 1817 1147 1869 pmne
1172 1816 1259 1864 per
1279 1816 1455 1852 terum.

471 1872 650 1934 Sicque
674 1873 779 1933 ejus
789 1866 981 1920 sobolis
1003 1866 1113 1918 laeta
1134 1877 1347 1928 pr0pago

1458 377 1547 433 DE
1584 378 1930 437 LAUDIBUS
1967 381 2025 438 S.
2063 379 2332 437 CRUCIS.

281 504 466 564 crucis
485 500 686 559 dudum
707 511 871 570 prosa
897 500 1181 564 metroque
1206 492 1511 563 composui,
1562 508 1705 549 nunc
1758 503 1862 548 tute
1888 498 1941 556 Α

1897 1847 1945 1907 Β

3438 382 3543 442 μδ

2152 494 2427 544 Succedens
2449 497 2641 543 maneat
2674 499 2863 554 sceptra
2887 491 3100 541 tenendo
3118 529 3134 554 ,

2149 555 2318 605 Donec
2336 554 2476 604 saecla
2498 568 2582 604 sua
2597 557 2703 613 jura
2727 555 2985 613 tenebunt,

2149 616 2209 666 Et
2232 622 2380 665 terrae
2398 616 2581 664 solidus
2602 621 2855 675 permanet
2878 616 3009 677 orbis
3023 646 3039 671 ,

2150 677 2359 740 Christe,
2387 678 2498 740 dum
2524 683 2757 725 memoret
2785 677 3188 740 uomengubique,

2146 738 2207 790 Et
2229 740 2436 788 verbum
2462 737 2655 788 Domini
2680 737 2911 800 praedicet
2932 738 3080 787 ultro.

2033 823 2092 877 In
2155 822 2360 878 circulo
2413 831 2593 878 autem
2636 822 2727 892 qui
2784 831 2944 892 caput
2988 822 3157 894 cingit
3197 821 3304 878 duo
3359 806 3549 880 versus

1966 913 2178 969 adonici
2208 912 2368 969 metri
2397 914 2741 968 continentur
2771 912 2857 968 isti
2882 927 2899 967 :

2272 1003 2366 1058 'I’u,
2389 1002 2721 1065 Hludovicum,

2265 1065 2475 1126 Christe,
2500 1077 2690 1114 corona.

2037 1144 2182 1200 Crux
2210 1160 2337 1201 vero
2363 1161 2525 1215 quam
2555 1146 2774 1203 dextera
2807 1157 3015 1217 gestat,
3062 1151 3161 1206 hos
3189 1155 3338 1205 tenet
3365 1162 3552 1203 versus

1968 1235 2125 1291 metri
2158 1234 2480 1306 Asclepiadii
2514 1254 2525 1289 :

2154 1323 2209 1389 lu
2231 1336 2395 1389 cruce,
2416 1324 2627 1387 Christe,
2653 1332 2736 1374 tua
2755 1327 2951 1377 victoria
2976 1341 3090 1378 vera
3115 1327 3344 1389 salusque

2153 1388 2324 1436 Omnia
2344 1387 2439 1436 rite
2464 1389 2614 1447 regis.

2039 1469 2265 1527 Scutum
2293 1485 2423 1527 vero
2462 1470 2608 1541 quod
2637 1471 2855 1528 sinistra
2883 1481 3059 1538 tenet,
3114 1473 3353 1542 elegiaco
3382 1482 3563 1530 metro.

1969 1561 2335 1631 conscriptum
2364 1568 2448 1616 est
2478 1562 2581 1617 hoc
2610 1562 2771 1617 modo
2802 1581 2814 1614 :

2156 1653 2276 1717 Nam
2304 1661 2492 1717 scutum
2516 1653 2627 1703 fidei
2650 1653 2853 1717 depellit
2874 1654 2969 1705 tela
2995 1654 3223 1717 nefanda,

2222 1716 2443 1776 Protegit
2465 1715 2740 1777 Augustum
2764 1716 2891 1765 clara
2918 1724 3101 1774 trupma
3125 1715 3298 1777 parans

2160 1777 2398 1828 Devotum
2424 1785 2594 1837 pertus
2617 1776 2774 1825 divino
2796 1790 3001 1826 munere
3025 1776 3202 1825 fretum

2222 1838 2430 1887 lllmsum
2451 1849 2649 1901 semper
2671 1847 2826 1888 castra
2847 1841 3036 1888 inimica
3056 1840 3207 1902 fugat.

1521 2005 1809 2071 INCIPIT
1850 2006 2290 2069 ΡΒΟΕΟῧΠο.

360 2199 621 2256 Hortatur
644 2211 742 2254 nos
772 2194 859 2252 lex
889 2192 1068 2251 divina
1117 2192 1184 2249 ad
1233 2188 1581 2250 deferendum
1634 2189 1864 2252 Domino

286 2274 453 2336 dona,
498 2285 598 2325 nec
623 2268 822 2336 excipit
848 2267 1111 2335 aliquem,
1142 2265 1245 2337 sed
1276 2265 1625 2337 abomnibus
1652 2275 1865 2337 sponta-

285 2334 447 2397 neam
471 2340 667 2410 expetit
690 2334 1031 2410 oblationem,
1052 2351 1175 2410 cum
1191 2334 1363 2410 _Moys_i
1387 2335 1647 2410 Dominus
1666 2334 1868 2410 praue:

286 2413 370 2482 pit
397 2411 483 2482 ita,
498 2404 682 2482 dicens
725 2424 740 2461 :
770 2405 1016 2482 Loquere
1027 2405 1151 2474 ﬁliis
1182 2404 1372 2482 Isruel,
1401 2415 1469 2482 ut.
1504 2404 1693 2459 tollant
1738 2406 1866 2482 milii

284 2474 548 2551 primitias
567 2474 1083 2551 ,ῌᾳ-ῡλοηιῃίίήοηιξηε
1108 2475 1196 2551 qui
1225 2475 1376 2551 u/[ert
1413 2474 1682 2551 ultroneus
1729 2477 1868 2551 acci—

284 2545 438 2621 pietis
459 2565 567 2603 eas.
590 2548 692 2604 Ubi
714 2546 892 2601 nullus
914 2545 1250 2621 excusationi
1280 2547 1428 2599 locus
1448 2545 1628 2621 datur,
1652 2546 1866 2621 quando

285 2615 535 2673 voluntas
564 2625 809 2688 prompta
832 2616 1099 2688 quaeritur
1125 2624 1182 2669 et
1209 2630 1348 2688 _non_
1369 2615 1664 2688 necessitas
1699 2616 1869 2688 impo-

286 2689 459 2754 nitur,
486 2684 582 2743 sed
602 2684 1021 2755 uniuscujusque
1041 2684 1258 2754 proprio
1274 2685 1501 2739 arbitrio
1525 2684 1864 2755 relinquitur.

286 2758 445 2814 Unde
472 2758 587 2828 ipse
614 2758 729 2813 haec
755 2757 959 2828 legens,
991 2755 1234 2828 auimum
1250 2756 1502 2809 devotum
1528 2755 1866 2828 impendens,

275 2824 578 2884 .oﬂ'erebam
602 2829 700 2883 has
722 2824 1008 2896 primitias,
1037 2824 1090 2878 in
1117 2824 1326 2896 laudem
1348 2834 1548 2896 sanctae
1568 2826 1745 2880 crucis
1771 2841 1867 2896 ex—

393 2913 500 2962 sas,
525 2914 645 2968 quae
658 2894 909 2968 columna
926 2902 1008 2949 est
1033 2894 1268 2968 cgelestis
1280 2894 1489 2968 aediﬁcii
1501 2936 1521 2968 ,_
1534 2896 1707 2968 inqua
1720 2895 1871 2950 vide-

310 2969 418 3024 icet
437 2963 747 3022 constructa
758 2974 840 3020 est
850 2965 1040 3020 domus
1051 2963 1271 3030 Christi,
1291 2964 1393 3034 ipsi
1411 2963 1637 3019 arbitrio
1659 2964 1873 3021 interno

327 3038 381 3091 ui
420 3051 508 3118 me
530 3036 919 3118 conspicitnon
942 3035 1174 3118 superba
1215 3035 1669 3118 intentionensed‘
1682 3034 1872 3118 humili

284 3051 381 3164 gul
420 3051 508 3117 me
530 3051 919 3118 conspicitnon
942 3051 1174 3115 superna
1215 3051 1659 3116 intentionenseu
1682 3051 1872 3091 numiu

359 3114 568 3161 vouone
589 3106 848 3176 quidquid
863 3120 957 3176 sua
986 3110 1154 3176 gratia
1170 3118 1407 3176 possum,
1430 3120 1488 3176 in
1511 3120 1626 3173 ejus
1653 3103 1873 3176 laudem

284 3177 476 3232 volens
494 3174 765 3241 conferre;
792 3175 881 3245 qui
899 3174 1009 3229 non
1032 3176 1324 3245 secundum
1341 3175 1527 3229 faciem
1540 3215 1553 3240 ,
1570 3174 1663 3229 sed
1676 3189 1874 3229 secun-

285 3246 415 3300 dum
430 3261 528 3301 cor
550 3244 824 3317 judicans,
849 3261 953 3317 non
976 3244 1205 3317 restituat
1228 3245 1583 3317 quantitatem
1606 3245 1869 3311 muneris,

284 3317 382 3371 sed
395 3313 579 3386 quanti
587 3326 749 3372 tatem
761 3315 1078 3386 devotionis.
1096 3313 1203 3368 Nec
1214 3314 1356 3368 enim
1369 3315 1603 3370 arbitror
1616 3330 1701 3386 me
1712 3330 1873 3384 posse

284 3385 492 3454 aliquid
525 3394 725 3441 sancta:
761 3386 910 3440 cruci
947 3385 1159 3439 decoris
1187 3385 1452 3449 conl'erre,
1472 3400 1596 3454 quae
1623 3385 1871 3441 claritate

284 3453 393 3510 sua
414 3465 609 3511 cuncta
654 3454 944 3520 clariﬁcat;
987 3455 1082 3525 sed
1111 3454 1410 3525 claritatem
1436 3453 1553 3523 ejus
1587 3464 1643 3510 et
1673 3456 1871 3525 majes-

285 3533 455 3580 tatem
499 3534 849 3595 perpetuam,
892 3524 1144 3595 laudibus
1185 3524 1597 3595 quibuscunque
1624 3524 1865 3594 possum,

285 3593 570 3665 conservis
597 3593 1015 3665 iueisprazdico,
1062 3601 1121 3645 ut
1151 3594 1345 3665 saepius
1376 3608 1497 3649 eam
1524 3593 1781 3665 legentes
1806 3609 1871 3650 ac

284 3664 478 3720 sedulo
516 3663 1209 3734 conspicientes,_uostram
1244 3663 1297 3717 in
1339 3678 1402 3718 ea
1445 3663 1869 3734 redemptionem

281 3734 506 3789 assidue
525 3735 841 3803 cogitemus,
858 3732 1306 3800 Redemptoriquc
1328 3744 1513 3788 nostro
1529 3732 1870 3790 incessanter

284 3804 493 3874 gratias
522 3818 762 3874 agamus.
795 3803 895 3869 Qui
937 3816 1058 3856 cum
1098 3803 1295 3875 nullius
1333 3812 1544 3875 egeret,
1588 3806 1872 3873 sempiter-

286 3872 528 3942 numque
561 3872 794 3942 regnum
828 3887 932 3926 una
981 3886 1104 3925 cum
1151 3872 1311 3927 Patre
1357 3872 1411 3929 et
1439 3873 1645 3942 Spiritu
1684 3872 1870 3931 sancto

285 3943 515 4013 haberet
562 3960 575 3995 :
609 3942 1273 4013 Sentetipsumkeatinanivit
1302 3944 1528 4013 {omnem
1557 3945 1690 3998 servi
1731 3946 1870 3998 acci-

287 3960 515 3998 naneret
562 3960 575 3995 :
609 3960 797 3997 oemeu
836 3960 951 3995 sum
987 3960 1273 3996 eaanamvu
1302 3960 1528 4013 [omnem
1557 3960 1689 3998 servi
1731 3962 1869 3998 acc:—

287 4014 460 4084 piens,
482 4012 654 4084 {actus
678 3960 915 4084 ouedii’eus
940 4010 1091 4064 Patri
1113 4028 1272 4081 usque
1293 4014 1362 4066 ad
1382 4023 1621 4080 mortem,
1650 4024 1869 4084 mortem

287 4081 467 4161 autem
485 4081 676 4161 crucis.
702 4081 879 4161 Semel
897 4095 1111 4161 quoque
1133 4097 1231 4151 pro
1251 4084 1487 4161 peccatis
1505 4083 1705 4161 nostris
1720 4098 1867 4161 mor-

288 4160 417 4206 tuus
436 4160 519 4206 est
535 4150 711 4221 justus
734 4167 832 4220 pro
854 4150 1089 4220 injustis,
1114 4150 1175 4204 ut
1198 4150 1298 4207 nos
1321 4152 1540 4208 offerret
1565 4154 1695 4218 Deo,
1726 4152 1870 4209 face-

288 4229 482 4289 retque
534 4236 635 4277 nos
674 4236 899 4292 regnum
945 4231 999 4277 et
1025 4222 1334 4277 sacerdotes
1362 4223 1473 4277 Deo
1498 4222 1667 4292 Patri.
1722 4224 1870 4291 Qua-

285 4298 512 4360 propter
563 4307 713 4362 rogo,
744 4291 809 4345 ut
854 4292 1158 4361 quicunque
1219 4301 1425 4348 textum
1454 4291 1645 4362 hujus
1688 4294 1869 4361 operis

286 4360 665 4431 perspexerit,
699 4378 803 4416 non
852 4360 1033 4416 statim
1080 4371 1301 4431 pr0ptcr
1328 4360 1565 4417 artiﬁcis
1601 4360 1866 4418 vilitatem

290 4431 598 4503 spernendo
621 4431 857 4497 abjiciat,
902 4433 1015 4495 sed,
1058 4434 1103 4489 si
1134 4432 1263 4487 velit
1289 4442 1339 4487 et
1370 4432 1563 4502 possit,
1606 4432 1781 4503 legat,
1813 4441 1869 4489 et

292 4499 451 4572 oculo
493 4502 802 4572 santeglidei
850 4503 1106 4559 intuendo
1151 4509 1311 4572 atque
1349 4499 1447 4572 per
1486 4499 1868 4558 auctoritatem

293 4570 601 4642 divinarum
651 4569 1048 4642 Scripturarum
1103 4569 1481 4640 dijudicando,
1524 4574 1666 4642 quod
1721 4573 1775 4628 in
1802 4588 1868 4630 eo

291 4639 560 4712 catholice
590 4649 645 4707 ει
684 4639 829 4697 recte
867 4644 1128 4711 repererit
1155 4639 1484 4712 disputatum
1504 4683 1520 4708 ,
1540 4639 1612 4697 _ci
1640 4644 1744 4698 hoc
1772 4644 1869 4697 tri-

292 4708 427 4764 buat
452 4724 484 4765 a
516 4725 621 4779 quo
647 4721 730 4768 est
766 4708 1185 4778 omne'bonum;
1231 4708 1278 4767 si
1306 4711 1435 4780 quid
1479 4721 1658 4767 autem
1688 4713 1868 4769 minus

293 4788 446 4835 recte
459 4789 639 4853 atque,
657 4782 1049 4853 inconsiderate
1070 4782 1338 4837 invenerit
1359 4781 1628 4850 prolatum
1647 4824 1661 4848 ,
1694 4784 1869 4853 magis

292 4863 430 4921 mea:
456 4849 737 4920 imperitiae
765 4866 925 4921 quam
955 4853 1173 4907 malitia:
1201 4849 1439 4921 deputet,
1464 4853 1556 4921 qui
1591 4849 1869 4909 catholicae

294 4919 421 4992 ﬁdei
439 4919 705 4992 quantum
733 4919 952 4992 possum
988 4919 1363 4978 rectitudinem
1387 4919 1600 4992 semper
1621 4924 1869 4982 desidero

294 4997 353 5045 et
379 4990 649 5063 inhianter
676 4990 853 5063 diéco,
899 4991 1120 5063 ejusque
1159 4993 1283 5063 jura
1331 4990 1592 5063 quantum
1634 5008 1869 5063 superna

295 5059 474 5129 gratia
517 5062 763 5131 concedit
808 5059 1365 5118 servare—contendo.
1389 5061 1566 5131 Atque
1619 5059 1743 5119 ideo
1779 5064 1867 5119 cui

295 5143 514 5185 errasse
533 5130 720 5204 videor
739 5132 1013 5204 humiliter
1035 5148 1262 5204 suggero
1280 5173 1295 5198 ,
1323 5139 1382 5186 ut
1407 5130 1493 5187 vel
1517 5133 1640 5187 viva
1664 5148 1796 5189 voce
1820 5134 1868 5189 si

293 5212 534 5272 praesens
552 5201 673 5272 sim,
696 5201 778 5256 vel
794 5218 889 5272 per
911 5201 1171 5272 scripta—si
1188 5203 1403 5268 absens,
1427 5217 1669 5258 errorem
1688 5219 1867 5259 meum

295 5268 429 5344 mihi
462 5269 731 5344 intimare
757 5268 863 5327 non
911 5268 1107 5328 tardet.
1142 5272 1237 5328 Sin
1275 5280 1705 5344 autemgpmpter
1750 5274 1868 5328 lon-

294 5338 654 5418 ginquitatem
699 5351 964 5396 terrarum
986 5383 1000 5408 ,
1053 5358 1145 5418 seu
1176 5350 1395 5418 propter
1422 5338 1603 5396 aliam'
1630 5343 1867 5418 aliquam

294 5409 779 5488 inipossibilitatem
805 5421 1054 5488 neutrum
1086 5409 1290 5488 horum
1305 5412 1485 5488 facere
1508 5409 1868 5488 possitfsive

296 5481 463 5532 etiam
486 5495 572 5534 me
594 5496 624 5534 a
646 5482 897 5549 praasenti
928 5482 1035 5552 vita
1063 5482 1368 5537 constiterit
1394 5481 1716 5547 excessisse,
1748 5497 1870 5552 pre-

297 5561 396 5603 cor
428 5556 487 5604 ttt
511 5564 613 5621 pro
652 5559 801 5606 reatu
832 5564 950 5606 meo
978 5551 1452 5609 clementissimum
1494 5552 1729 5624 judicem
1753 5551 1864 5609 de:

1972 2200 2243 2267 precetur,
2287 2198 2554 2267 quatenus
2579 2191 2900 2267 ipse,‘quem
2936 2192 3189 2267 humanae
3228 2189 3576 2247 inﬁrmitatis

1971 2262 2107 2320 nihil
2162 2262 2329 2329 latet,
2377 2262 2738 2318 erroris’mei
2784 2263 2996 2317 vincula
3027 2262 3311 2326 dissolvat,
3350 2270 3406 2316 et
3449 2278 3561 2318 sua:

1972 2335 2312 2391 remissionis
2342 2333 2516 2404 gratia
2557 2340 2901 2404 peccatorum
2949 2333 3080 2404 mihi
3123 2333 3337 2404 veniam
3374 2331 3556 2386 donet.

1974 2404 2196 2475 Hocque
2234 2401 2375 2459 idem
2434 2401 2800 2475 mequandiu
2841 2403 3027 2475 vixero
3068 2403 3123 2457 in
3168 2401 3270 2457 hoc
3330 2416 3559 2475 corpore

1974 2472 2222 2554 acturum
2270 2482 2495 2554 exopto,
2529 2473 2582 2528 id
2620 2479 2733 2536 est,
2781 2488 2880 2554 pro
2910 2473 3059 2554 _meis
3107 2480 3284 2554 etpro
3328 2472 3557 2553 aliorum

1972 2547 2247 2602 erratibus
2292 2542 2531 2613 quotidie
2560 2557 2753 2613 preces
2792 2542 3049 2608 fundere,
3081 2550 3139 2597 ut
3179 2542 3294 2611 ipse
3319 2542 3438 2613 pius
3463 2557 3561 2597 sua

1974 2616 2155 2687 gratia
2181 2623 2237 2687 et
2268 2611 2517 2687 errantes
2543 2611 2811 2681 corrigat,
2850 2622 2905 2668 et
2933 2622 3238 2687 erratoru_m
3274 2611 3558 2682 indulgen-

1977 2682 2106 2741 tiam
2137 2684 2357 2740 tribuat.
2405 2684 2481 2739 De
2510 2691 2710 2739 caetero
2738 2691 2919 2738 autem
2956 2698 3150 2739 moneo
3177 2682 3458 2748 lectorem,
3502 2690 3565 2735 ut

1976 2755 2137 2827 hujus
2167 2753 2581 2825 conscriptionis
2608 2752 2854 2827 ordinem
2880 2761 3078 2816 teneat,
3111 2762 3165 2827 et
3187 2753 3387 2827 figuras
3412 2752 3466 2806 in
3496 2768 3574 2807 eo.

1977 2822 2152 2882 [ηιξκιε
2190 2822 2410 2904 seruare
2456 2839 2578 2904 non
2607 2823 2867 2904 negligat,
2898 2839 2967 2878 ne
2993 2823 3173 2904 operis
3198 2822 3563 2904 pretium-pc-

1900 2920 1946 2984 c
1977 2904 2197 2984 rerum
2223 2892 3572 2984 “aliisaleeiaﬁieteaeﬂetr-{salias

1977 2967 2170 3037 possit,
2206 2961 2630 3037 uniuscujusque
2677 2963 2865 3037 figura;
2913 2964 3183 3037 rationem
3213 2962 3268 3017 in
3311 2962 3563 3037 sequenti

1975 3032 2080 3093 sibi
2106 3036 2299 3108 pagina
2324 3034 2572 3108 prosaico
2598 3032 2737 3108 stylo
2766 3032 3018 3108 intimare
3038 3032 3316 3098 curabant,
3347 3033 3564 3108 subter-

1974 3102 2202 3162 necténs
2222 3102 2615 3175 expositionem
2639 3102 2756 3172 ejus
2780 3103 2962 3170 simul,
2995 3111 3050 3158 et
3073 3118 3266 3159 versus
3289 3104 3382 3173 qui
3413 3103 3468 3158 in
3494 3117 3560 3159 ea

1973 3176 2271 3246 conscripti
2293 3173 2443 3246 sunt.
2475 3173 2533 3229 Si
2570 3188 2731 3244 quem
2760 3182 2940 3246 autem
2969 3183 3179 3239 movet,
3213 3188 3346 3246 cum
3373 3175 3565 3246 auius-

1973 3242 2246 3321 eujusqu'e
2263 3245 2493 3316 paginae,
2516 3242 2711 3321 Xersus
2740 3242 2979 3321 ejusdem
3016 3244 3227 3300 numeri
3251 3244 3565 3321 describere

1973 3312 2458 3381 decrevei'ifn,‘cur
2483 3315 2695 3384 aliquas
2715 3323 2873 3369 notas
2899 3315 3014 3369 sive
3036 3325 3267 3384 punetos
3292 3315 3371 3369 eis
3394 3314 3563 3369 inter-

1973 3388 2254 3458 seruerim,
2281 3393 2538 3458 agnoscat
2560 3399 2644 3458 me
2660 3384 2763 3458 hoc
2792 3399 2898 3440 non
2922 3393 3030 3438 tam
3049 3384 3376 3458 necessitate
3390 3400 3559 3458 quam

1970 3454 2247 3512 voluntate
2274 3454 2496 3519 fecisse,
2522 3462 2583 3509 ut
2603 3454 2831 3510 lucidior
2854 3469 3046 3509 sensus
3074 3463 3130 3509 et
3157 3454 3359 3510 locutio
3391 3454 3447 3509 in
3477 3455 3561 3511 eis

1972 3525 2262 3582 ﬁeret.Nec
2275 3526 2378 3580 hoc
2387 3525 2607 3595 quidem
2621 3524 2777 3595 vulgo
2789 3540 2855 3579 ne
2868 3525 3180 3594 frequenter
3193 3525 3315 3595 feci,
3331 3540 3432 3580 nec
3445 3524 3565 3580 sine

1971 3598 2291 3667 auctoritate
2327 3593 2616 3667 majorum.
2652 3593 2786 3649 Nam
2816 3610 2922 3650 non
2952 3593 3211 3667 recordor
3231 3594 3441 3667 alicubi
3471 3610 3562 3651 me

1969 3665 2165 3723 fecisse
2200 3666 2256 3721 in
2281 3664 2425 3736 ipsis
2441 3664 2689 3721 versibus
2732 3665 3125 3736 punctos,_nisi
3151 3665 3563 3736 ubiﬂquwpro-

1969 3753 2168 3793 nomen
2195 3737 2282 3791 vel
2302 3733 2414 3808 'un
2442 3733 2749 3808 conjunctio
2780 3733 2899 3808 fuit,
2933 3734 3018 3808 vel
3042 3752 3105 3808 ua
3140 3733 3316 3808 tinalis
3352 3733 3562 3808 syllaba

1970 3807 2248 3872 dictionis,
2274 3804 2418 3876 quod
2444 3804 2589 3876 idem
2616 3814 2672 3861 et
2704 3805 3037 3876 Porphyrius
3064 3804 3193 3876 fecit
3211 3845 3227 3869 ,
3258 3804 3558 3860 secundum

1969 3876 2123 3944 cujus
2174 3873 2453 3944 exemplar
2480 3874 2712 3945 litteras
2752 3873 3011 3945 spargere
3056 3874 3250 3945 didici,
3297 3883 3351 3930 et
3379 3890 3479 3945 pro
3505 3891 3559 3945 m

1969 3946 2153 4032 “""Ea
2196 3944 2758 4032 ³¹ί⁰Αίῖ¹ἒξρνί¹ζὲξ¹ῨΞ¹¹ξ¹ννκ
2782 3959 2961 4032 ἓυυυῗ.
2998 3944 3408 4032 salsasque!"
3454 3944 3562 4032 Si!“

1967 4017 2230 4097 vocalem.
2252 4015 2458 4097 notavi.
2506 4013 2635 4097 [feci
2663 4029 2887 4097 quoque
2912 4022 2967 4097 et
2997 4014 3367 4097 synaloepham
3389 4054 3405 4081 ,
3455 4013 3558 4071 ali-

1969 4087 2188 4157 quando
2216 4086 2272 4141 in
2296 4085 2499 4157 scriptu
2526 4085 2579 4140 in
2601 4084 2920 4157 opportunis
2941 4084 3073 4157 locis
3094 4085 3556 4157 synaltepharum‘,

2011 4157 2116 4213 uod
2142 4169 2197 4212 et
2224 4157 2379 4211 Titus
2410 4154 2695 4211 Lucretius
2724 4171 2833 4211 non
2865 4169 2994 4211 raro
3016 4154 3214 4213 fecisse
3259 4154 3555 4213 invenitur.

2049 4242 2263 4299 quoque
2308 4227 2468 4299 inter
2490 4244 2523 4297 q
2550 4234 2606 4299 et
2642 4226 2876 4299 aliquam
2902 4226 3163 4299 vocalem
3195 4226 3431 4299 positam
3459 4226 3557 4281 ali-

1971 4296 2189 4366 quando
2212 4297 2473 4367 intercepi
2490 4296 2509 4363 ;“
2536 4296 2785 4352 similiter
2810 4304 2863 4352 et
2889 4296 2922 4350 It
2954 4312 3062 4367 non
3092 4296 3272 4354 littéra
3301 4297 3399 4354 sed
3429 4304 3557 4354 uota

1971 4365 2316 4437 aspirationis
2363 4365 2483 4423 esse
2541 4366 2899 4422 convincitur.
2956 4365 3013 4422 Si
3064 4376 3244 4424 autem
3313 4367 3559 4423 metricis

1974 4437 2226 4510 omnibus
2252 4477 2267 4502 ,
2320 4437 2412 4506 qui
2463 4437 2799 4493 solummodo
2836 4437 2998 4510 metri
3040 4453 3207 4510 genus
3260 4445 3317 4493 et
3355 4439 3555 4508 pedum

1970 4507 2208 4580 regulam
2232 4515 2454 4580 servant
2471 4515 2712 4576 potestas
2738 4521 2845 4562 non
2870 4507 3096 4563 minima
3126 4510 3285 4564 datur
3315 4507 3412 4580 per
3436 4523 3553 4563 me-

1970 4577 2264 4646 taplasmos
2292 4584 2349 4648 et
2380 4578 2661 4648 schemata
2702 4585 2865 4647 atque
2896 4586 3104 4648 tropos,
3131 4588 3187 4634 et
3213 4577 3408 4636 caetera
3434 4593 3556 4648 qua:

1968 4648 2143 4716 poetis
2171 4646 2635 4702 abundantissima
2661 4662 2690 4700 a
2720 4646 3090 4716 grammaticis
3117 4662 3377 4702 concessa
3403 4646 3550 4711 sunt,

1969 4732 2069 4772 cur
2089 4733 2195 4771 non
2222 4717 2392 4770 mihi?
2419 4716 2509 4784 qui
2526 4731 2634 4771 non
2656 4716 2828 4786 solum
2851 4730 3048 4786 genera
3076 4727 3223 4772 certa
3253 4724 3553 4772 metrorum

1969 4796 2024 4857 et
2075 4786 2241 4855 pedes
2290 4786 2579 4857 legitimos,
2627 4786 2723 4841 sed
2746 4785 2911 4857 etiam
2955 4787 3153 4843 seriem
3180 4795 3237 4843 et
3262 4800 3551 4842 numerum

1968 4854 2275 4929 litterarum
2303 4854 2365 4911 et
2386 4854 2682 4929 ﬁgurarum
2715 4855 2936 4929 modum
2980 4857 3291 4929 diligentius
3332 4872 3554 4912 servare

1969 4926 2175 5010 curavi.
2216 4927 2355 4982 Ante
2382 4925 2575 5010 umnia
2595 4925 3068 5010 quoque'o‘bsecro
3083 4925 3553 5010 'uuumqucmque

1968 4998 2061 5068 qui
2085 4998 2187 5052 hoc
2216 5012 2350 5066 opus
2377 4996 2602 5068 legerit,
2633 5011 2701 5051 ne
2728 4996 2942 5052 invidiae
2969 4998 3201 5052 stimulis
3228 5004 3418 5068 contra
3458 5011 3550 5068 me

1969 5066 2254 5132 excitetur,
2286 5076 2346 5121 ut
2375 5066 2617 5138 laborem
2645 5082 2826 5138 meum
2854 5068 3121 5138 dissipare
3148 5066 3552 5138 contendat,'_ne

1970 5138 2095 5193 dum
2119 5139 2221 5193 hoc
2247 5137 2392 5206 quod
2416 5152 2517 5207 ego
2545 5138 2613 5192 ad
2644 5137 2857 5193 laudem
2892 5135 3003 5192 Dei'
3016 5151 3211 5207 parare
3236 5136 3432 5207 sategi,
3461 5135 3551 5191 ille

1969 5207 2148 5263 delere
2176 5207 2420 5273 studeat,
2450 5206 2505 5261 et
2533 5207 2637 5262 sibi
2682 5207 2856 5276 magis
2897 5220 3095 5262 nocere
3137 5206 3543 5276 studeat’quam

1969 5277 2133 5342 mihi;
2160 5285 2215 5331 et
2259 5277 2385 5331 dum
2416 5285 2616 5331 sancta:
2645 5277 2823 5331 crucis
2852 5276 3203 5346 gloriampcr
3231 5290 3406 5331 meam
3424 5276 3542 5346 _lm-

1969 5346 2253 5401 militatem
2279 5345 2467 5400 audire
2488 5362 2597 5417 non
2629 5344 2889 5417 sustinet,
2918 5344 3162 5417 (δι’υοὶίίὶί
3192 5346 3338 5417 regis
3377 5344 3550 5401 οπω-

1969 5431 2084 5471 sam
2133 5417 2414 5472 incurrens
2458 5415 2844 5486 redemptionis
2870 5415 3102 5486 gratiam
3140 5415 3277 5488 quat
3295 5417 3352 5473 in
3380 5428 3547 5474 cruce

1968 5494 2053 5543 est
2088 5502 2194 5547 non
2220 5494 2596 5557 consequatur.
