4016 6466
485 362 594 425 “7

1119 362 1180 415 Β.
1221 357 1472 414 RABANI
1507 356 1724 412 MAURI
1759 355 2078 413 ARCIIIEP.
2118 353 2426 412 MOGUNT.
2467 351 2749 410 OPERUM
2783 351 2963 409 PARS
2999 350 3041 406 l.

1834 534 2036 596 PRJE
2061 531 2381 595 FATIO.

838 687 3362 760 Musaeitustudiogaudensnuncdicerenumen

835 776 3356 854 Nostracupitparitercarmineetalloquiis

836 865 3356 946 Donapatrissummtqaelargusreddiditorhi

830 959 3368 1038 Regisetaltithronisanctatrophaeasimul

833 1049 3115 1124 Quaecruxestsacracrucil‘ixinuminepl
3174 1065 3365 1108 ena

826 1141 3200 1220 Omnibusaptabonisstirpsvenerandasat
3258 1142 3276 1196 i
3335 1157 3366 1199 s

827 1230 3364 1311 liancegopauperegenusinopsenoreloqella

827 1322 3364 1402 Temptaulhicl'amnlussonsdareethocoriar

822 1416 3266 1490 Necmefaetapiantquoddignummuneretant
3323 1430 3362 1472 ο

822 1507 3366 1578 Meforeadlioccredamsicquoqementeprobum

822 1596 3366 1672 Sedmihilargadeibonitasspesmaximavoti

823 1689 3369 1764 Estquaemepromptumlausdabatexhilarans

821 1779 3363 1854 Pauperisetviduaenonspreuitraraminuta

819 1868 3367 1944 Sedtulitipsaprobansarbiteromnitenens

813 1958 3369 2036 Atqueorbcdominansqisancitsolusetvnus

818 2048 3364 2111 Cunctavenustabonahanclaudebeauitamor

817 2144 1487 2201 Mandatumve
1543 2139 3365 2213 tercnempeestetlegequibusqe

3612 348 3726 404 H8

813 2228 2834 2304 Munerautaptadarenttemplaadhon
2881 2231 3201 2286 estad
3256 2233 3365 2288 ei

815 2321 3282 2395 Parsdeditargentumparsaurimuneraclar

815 2338 3261 2395 Par-saeuitargentumparsaurimuneracta1

813 2411 3261 2486 Parstribuitgemmasparsqoqetinctadedi

809 2501 3196 2578 Lignaoleumqidampigmentaquecaradede

812 2592 3109 2668 Multaq;magnadomnsmonstratvbiqnemic
3162 2611 3194 2650 a

809 2687 3275 2760 Astaliisetastulerantpilosqueeapraru

811 2869 1762 2942 Quapropterrogi
1820 2866 3198 2924 tonummatumdiuesvtist

809 2957 3194 3033 Viliacumportemhiucspernerenolliton

811 3046 3262 3128 lpselicetgazasinmensasconferatampli

815 3137 3188 3216 Agminibusfultustemplaoneraudadeihi

805 3227 3179 3306 nisegononmotusconturbornamimpievul

805 3316 3042 3394 Sedgratulansspeeuloreresceredona
3099 3321 3190 3378 si

3332 2516 3370 2557 Θ

3305 2703 3362 2743 m

809 2776 3362 2852 Necfuerantspretibidonaferendodeohaec

3332 2883 3367 2924 e

3332 2973 3368 3016 3

3327 3155 3362 3199 (ξ

812 3413 840 3471 ι
901 3408 3364 3485 liequoqueexosavtbabeatmeamnnerauolo

821 3498 3369 3574 Sedmagisessesciatqualiacumquedeihaec

811 3588 3365 3665 Exprobratipsedeoqidespicitaceregenum

817 3673 3281 3752 C'uiusegenushieestcuiusetomnishomoes
3344 3692 3368 3741 t

809 3769 2544 3846 Elqantumtribuotribuitmihi
2606 3770 3368 3830 iesusamator

819 3860 3367 3935 Sintsuafactapiehiccunotaquehlcrapiat

463 4059 611 4106 elusa
635 4041 746 4100 cita
772 4041 953 4099 studio
982 4039 1225 4114 gaudens
1246 4055 1392 4097 nune
1420 4040 1600 4098 dicere
1626 4055 1828 4098 numen

526 4133 724 4189 Nostra
754 4130 923 4201 cupit,
950 4129 1157 4200 pariter
1179 4129 1426 4187 carmine
1444 4137 1501 4186 et
1522 4129 1817 4201 alloquiis:

461 4225 612 4282 Dona
639 4220 815 4294 patris
837 4218 1059 4285 summi,
1087 4233 1208 4290 quae
1233 4219 1416 4292 largus
1446 4219 1683 4276 reddidit
1703 4218 1856 4283 orbi.

529 4309 1000 4386 Regisgltithroui
1027 4317 1215 4365 sancta
1244 4310 1483 4381 tropbaaa
1511 4309 1690 4365 simul.

463 4405 593 4475 Quae
624 4399 756 4460 crit‘x
788 4409 874 4458 est
897 4415 1052 4456 sacra
1081 4399 1328 4456 cruciﬁxi
1351 4399 1574 4454 numine
1598 4399 1789 4469 plena,

530 4492 794 4552 Omnibus
823 4499 947 4562 apta
973 4489 1156 4556 bonis,
1179 4489 1345 4559 stirps
1369 4490 1678 4545 veneranda
1705 4489 1856 4545 satis.

461 4583 615 4642 Hanc
635 4597 735 4656 ego
762 4595 988 4654 pauper,
1012 4593 1214 4650 egenus
1235 4579 1410 4648 inops,
1437 4593 1507 4635 eu
1531 4593 1649 4645 ore,
1697 4577 1928 4648 loquella

533 4672 817 4745 Temptavi
847 4671 937 4728 hic
959 4668 1194 4725 famulus
1220 4684 1348 4725 sons
1377 4668 1510 4725 dare
1531 4676 1587 4724 et
1628 4668 1732 4725 hoc
1761 4669 1929 4735 oriar,

463 4763 576 4832 Nec
600 4779 690 4819 me
714 4762 855 4816 facta
884 4761 1036 4831 piant
1062 4759 1206 4831 quod
1226 4758 1445 4832 dignum
1467 4774 1689 4815 munere
1715 4767 1866 4814 tanto

534 4827 617 4942 lle
641 4857 758 4913 fore
778 4858 846 4912 ad
862 4827 967 4912 lioe
989 4827 1229 4922 credam,
1251 4827 1332 4912 sic
1351 4870 1564 4926 quoque
1586 4865 1767 4911 mente
1786 4855 2034 4925 probum;

467 4948 577 5004 Sed
604 4947 736 5003 mihi
764 4946 910 5019 larga
936 4945 1032 5001 Dei
1054 4945 1268 5002 bonitas
1292 4961 1418 5016 spes
1451 4946 1686 5001 maxima
1715 4946 1827 5001 voti

537 5037 636 5093 Est
655 5077 671 5103 ,
704 5051 826 5108 quae
849 5050 935 5092 me
967 5044 1275 5107 promptum
1297 5035 1418 5092 laus
1445 5036 1610 5092 dabat
1635 5036 1967 5095 exhilaraus.

468 5125 728 5197 Pauperis
753 5133 809 5182 et
829 5125 1002 5181 vidua:
1028 5141 1134 5181 non
1159 5126 1362 5197 sprevit
1382 5140 1508 5181 rara
1531 5126 1739 5182 minuta

541 5215 651 5273 Sed
680 5216 821 5284 tulit,
848 5216 966 5289 ipsa
993 5218 1231 5288 probans
1258 5216 1463 5273 arbiter
1490 5218 1830 5276 omnitenens
1849 5259 1868 5287 ,

469 5306 648 5377 Atque
677 5307 810 5363 orbe
842 5307 1128 5364 dominans
1149 5307 1242 5376 qui
1261 5307 1436 5363 sancit
1455 5307 1602 5364 solus
1629 5317 1685 5365 et
1713 5326 1872 5377 unus,

537 5394 747 5452 Cuncta
771 5403 997 5452 venusta
1021 5395 1162 5451 bona
1183 5397 1324 5452 hanc
1347 5397 1506 5454 laude
1523 5398 1706 5456 beavit
1726 5415 1897 5456 amor.

470 5482 780 5541 Mandatum
805 5492 986 5541 vetere
1013 5499 1205 5555 nempe
1228 5494 1313 5542 est
1345 5495 1400 5543 et
1421 5488 1540 5560 lege
1563 5491 1866 5561 quibusque

539 5572 759 5634 Munera
783 5583 845 5632 ut
870 5581 997 5646 apta
1028 5574 1218 5634 darent
1247 5578 1442 5650 templa
1464 5578 1534 5634 ad
1561 5567 1794 5636 honesta
1797 5570 1800 5572 ⁷
1812 5573 1931 5638 Dei.

2063 4044 2119 4104 Α
2140 4038 2275 4096 Pars
2295 4037 2441 4095 dedit
2460 4047 2771 4112 argentum,
2803 4052 2934 4113 pars
2956 4039 3076 4094 auri
3106 4054 3331 4096 munera
3359 4040 3538 4109 clara;

2209 4131 2344 4191 Pars
2372 4131 2559 4187 tribuit
2585 4147 2826 4203 gemmas
2851 4149 2865 4187 :
2890 4145 3019 4202 pars
3046 4146 3261 4208 quoque
3287 4133 3454 4188 tincta
3497 4135 3648 4191 dedit

2138 4221 2338 4294 Ligna;
2370 4222 2550 4277 oleum
2579 4221 2826 4293 quidam,
2845 4208 3229 4302 pigmentaque
3249 4237 3372 4277 cara
3401 4223 3598 4279 dedere
3627 4240 3645 4279 :

2210 4312 2483 4384 Multaque
2515 4309 2712 4382 magna
2743 4312 2935 4368 domus
2959 4321 3228 4368 monstrat
3253 4313 3454 4384 ubique
3483 4314 3722 4374 micans.

2137 4403 2238 4461 Ast
2269 4404 2357 4458 alii
2384 4388 2528 4460 set-as
2554 4403 2810 4470 tulerant,
2838 4403 3082 4474 pilosque
3111 4418 3397 4474 caprarum
3427 4421 3440 4458 :

2208 4493 2320 4550 Nec
2341 4492 2554 4548 fuerant
2572 4494 2740 4564 spreti
2765 4494 2824 4549 hi
2857 4493 2993 4549 dona
3023 4492 3248 4549 ferendo
3274 4495 3384 4549 Deo
3411 4495 3545 4550 iure.

2141 4583 2477 4654 Quapropter
2504 4582 2677 4655 rogito
2705 4590 3041 4638 nummatum
3067 4582 3218 4636 dives
3243 4590 3303 4636 ut
3327 4581 3468 4646 istic,

2211 4673 2349 4729 Vilia
2377 4689 2500 4729 cum
2529 4682 2759 4744 portem,
2787 4673 2915 4728 hinc
2949 4685 3205 4742 spernere
3239 4671 3393 4726 nollit
3414 4686 3552 4727 onus
3589 4688 3609 4725 ε

2139 4764 2260 4837 Ipse
2288 4764 2414 4820 licet
2442 4779 2603 4834 gazas
2632 4762 2924 4853 immensas
2949 4761 3193 4817 conferat
3216 4760 3413 4830 amplis
3577 4768 3684 4840 an“,

2210 4857 2528 4928 Agminibus
2555 4851 2742 4922 fultus,
2773 4853 2970 4926 templa
2995 4852 3270 4908 oneranda
3304 4852 3400 4908 Dei
3435 4851 3582 4906 hinc.

2141 4948 2239 5005 His
2263 4963 2363 5020 ego
2389 4963 2496 5004 non
2525 4955 2702 5004 motus
2737 4946 3029 5004 conturbor
3066 4961 3193 5001 nam
3237 4945 3401 5015 impie
3427 4945 3611 5012 vultu;

2213 5037 2320 5094 Sed
2349 5038 2628 5110 gratulans
2662 5037 2909 5110 speculor
2933 5051 3184 5095 crescere
3208 5037 3348 5093 dona
3379 5037 3503 5092 sibi.

2140 5127 2234 5184 Ille
2255 5143 2471 5200 quoque
2493 5143 2659 5185 exosa
2687 5138 2747 5184 ut
2769 5130 2967 5185 habeat
2987 5144 3105 5185 mea
3134 5143 3359 5185 munera
3395 5127 3552 5195 nolo;

2215 5220 2322 5277 Sed
2350 5223 2524 5292 magis
2550 5237 2668 5279 esse
2692 5222 2830 5278 sciat
2850 5222 3246 5294 qualiacunque
3273 5222 3366 5278 Dei
3385 5221 3501 5276 haec
3523 5260 3540 5286 ,
3587 5240 3688 5270 επακ

2143 5312 2448 5382 Exprobrat
2480 5313 2593 5384 ipse
2621 5313 2734 5369 Deo
2759 5313 2851 5384 qui
2876 5313 3108 5384 despicit
3132 5327 3258 5368 acer
3281 5323 3541 5383 egenum;

2066 5386 2116 5447 Β
2212 5401 2376 5472 Cujus
2403 5417 2606 5474 egenus
2631 5403 2721 5458 hic
2746 5397 2851 5469 est,
2878 5402 3030 5473 cujus
3051 5411 3105 5458 et
3135 5404 3312 5459 omnis
3339 5403 3499 5457 homo
3520 5408 3607 5457 est

2147 5490 2226 5546 En
2251 5500 2513 5578 quantum
2540 5493 2719 5548 tribuo
2749 5493 2940 5549 tribuit
2964 5493 3098 5550 mibi
3138 5493 3294 5550 Jesus
3319 5500 3545 5556 amator,

2218 5581 2340 5639 Sint
2364 5598 2459 5639 sua
2479 5582 2621 5638 facta
2650 5583 2738 5654 pie
2765 5584 2856 5642 hic
2883 5593 3185 5658 cunctaque
3207 5585 3296 5642 hic
3315 5583 3510 5656 rapiat.

1489 5711 1640 5770 Finis
1675 5713 2030 5786 Pra'fationis.
2064 5716 2309 5790 Sequitur
2338 5715 2466 5772 liber
2485 5715 2715 5788 primus.
