4016 6498
472 385 570 443 Mt

1137 391 1199 446 B.
1240 390 1493 448 RABANI
1533 391 1751 448 MAURI
1787 392 2103 451 ARCHIEP.
2143 394 2447 454 MOGUNT.
2489 397 2772 457 OPERUM
2809 398 2990 457 PARS
3026 398 3069 454 Ι.

3613 403 3722 460 159

467 503 603 561 Nam
647 503 790 561 hunc
817 505 1104 574 scriptura.
1146 502 1216 559 Et
1250 519 1350 562 oro
1387 504 1619 562 altorum
1655 505 1889 567 culmine
1914 506 2038 563 Hie-
2065 510 2116 570 Α
2143 509 2544 580 Summipotcns
2572 520 2782 580 auctor,
2808 515 2901 584 qui
2929 516 3168 571 continet
3192 514 3373 570 omnia
3406 524 3607 572 rector.

1802 596 1966 668 [sum,

465 677 535 738 Et
553 682 760 754 probo:
792 684 934 754 quod
954 699 1071 751 rex,
1101 692 1187 741 ast
1212 685 1396 742 Iudaea
1421 686 1637 742 inventa
1664 685 1929 742 malorum
1953 696 2040 744 est

464 777 597 846 Quae
616 778 811 834 occidit
838 794 1037 851 regem,
1063 779 1109 834 is
1139 779 1296 834 vivax
1324 787 1503 834 tamen
1533 788 1691 849 atque
1720 788 1968 849 potenter

464 865 591 923 Tela
621 869 764 939 rupit
799 869 903 924 vah
936 870 1151 934 martia,
1179 868 1351 925 Esaiae
1382 867 1632 939 dogmata
1670 869 1963 939 complens.

2140 597 2223 654 Ad
2262 614 2424 669 quem
2474 602 2707 658 mundus
2752 604 3019 674 pertinet,
3067 612 3249 673 astra,
3294 621 3359 663 ac
3403 615 3633 677 pontus,
3663 615 3725 664 et

3451 700 3646 755 :ether.

2262 716 2267 721 ‘
3451 700 3646 755 :ether.

2139 780 2497 852 Nostramque
2523 791 2717 839 natura
2741 795 2861 840 arta
2890 794 3051 855 atque
3079 787 3280 846 sociata
3310 698 3517 844 crea[nti
3540 799 3649 846 est.

2136 867 2272 925 Nam
2298 881 2573 927 auctorem
2599 873 2714 928 haec
2742 873 2890 927 illum
2912 872 3111 945 (palmo
3133 876 3224 944 qui
3258 876 3458 933 claudit
3481 886 3539 933 et
3563 879 3728 954 arva)

463 955 703 1018 Primum
745 976 846 1017 nos
884 960 1054 1017 simus
1101 960 1341 1027 alacres,
1392 960 1586 1015 tuhitet
1625 960 1765 1015 male
1806 961 2037 1031 quisque
2137 960 2351 1033 Obtegit
2371 964 2610 1019 humano
2638 973 2732 1020 aut
2760 964 2963 1020 claudit
2990 966 3131 1033 visu,
3165 980 3294 1022 ecce
3320 975 3621 1037 potentem.

1816 1054 1964 1125 [hinc

457 1139 748 1200 [Eternum
776 1143 1061 1201 Dominum
1088 1152 1249 1211 tacet,
1273 1160 1307 1201 ο
1334 1152 1522 1200 auctor
1549 1153 1767 1200 sanctus
1785 1144 1877 1200 hic
1903 1144 2035 1201 orbe

1859 1238 1965 1313 [est

456 1321 619 1382 Tradi
645 1330 841 1382 summi
864 1336 1059 1384 cuncta
1085 1328 1296 1395 decent,
1320 1331 1446 1399 quia
1474 1330 1734 1401 sanguine
1760 1330 2032 1399 demptam

455 1410 687 1473 Dextera
714 1416 950 1486 deripuit
970 1418 1204 1487 praedam
1243 1420 1433 1489 proba,
1457 1427 1665 1484 sancta,
1686 1419 1973 1487 profundo,

452 1506 514 1562 In
541 1522 703 1563 cruce
730 1509 810 1563 sic
838 1509 1045 1579 positus
1074 1510 1294 1565 dederat
1324 1512 1465 1567 Deus
1493 1527 1618 1567 arce
1641 1528 1923 1569 coronam.

452 1595 785 1668 Principium
815 1598 905 1653 hic
933 1598 1097 1666 Deus,
1127 1600 1461 1664 Emmanuel,
1488 1617 1551 1657 ac
1577 1602 1723 1668 ﬁnis,
1748 1604 1900 1672 origo
1923 1610 2027 1658 est.

449 1685 594 1754 Lux,
621 1694 676 1743 et
702 1687 881 1760 imago
915 1688 1111 1754 Patris,
1141 1705 1223 1754 os,
1254 1691 1525 1760 splendor,
1552 1693 1744 1763 gloria,
1786 1691 2032 1749 Christus

448 1774 780 1834 Homousion
821 1778 1000 1847 Patri,
1035 1780 1147 1847 sol,
1191 1781 1442 1847 verbum,
1493 1797 1562 1838 ex
1600 1781 1803 1840 lumine
1849 1784 2028 1840 lumen

2133 1054 2254 1124 Ipse
2298 1063 2478 1109 tamen
2521 1065 2770 1111 ostensus
2796 1057 2996 1126 ubique
3021 1072 3120 1113 suo
3143 1066 3228 1114 est
3251 1074 3414 1130 opere
3441 1061 3560 1116 orbi
3590 1061 3729 1118 huic

2133 1143 2387 1215 Angelus,
2419 1145 2546 1200 huic
2573 1160 2822 1216 sponsus,
2851 1146 2955 1202 iste
2978 1155 3061 1202 est
3085 1147 3300 1203 devotio
3324 1148 3468 1219 plebi
3495 1158 3554 1206 et

2132 1236 2309 1308 Atque
2336 1238 2537 1293 docens
2564 1238 2849 1308 sapientia,
2878 1238 3135 1308 paciﬁcus
3167 1254 3383 1310 quoque
3411 1250 3621 1307 custos,

2132 1329 2299 1395 Fons,
2328 1329 2621 1389 brachium.
2641 1338 2695 1385 et
2719 1330 2896 1400 panis,
2923 1324 3211 1400 divinaque
3234 1338 3412 1399 petra,
3436 1332 3723 1401 magister.

2135 1418 2324 1485 Stella,
2345 1419 2548 1486 oriens,
2579 1420 2669 1489 qui
2702 1429 2758 1476 et
2784 1435 2915 1475 cura
2939 1428 3152 1491 potens,
3181 1420 3387 1475 intenta
3411 1421 3647 1476 medela.

2132 1511 2312 1568 Clavis
2341 1520 2396 1567 et
2421 1512 2512 1567 hic
2535 1512 2727 1577 David,
2756 1512 2879 1566 beta
2908 1512 3016 1576 via,
3047 1518 3102 1565 et
3128 1526 3299 1582 agnus
3324 1511 3610 1566 honestus.

2133 1600 2371 1672 Serpens
2392 1601 2754 1666 sanctiﬁcans,
2784 1600 3005 1657 illustris
3026 1600 3086 1654 ﬁt
3108 1600 3385 1655 mediator
3410 1618 3425 1654 :

2131 1693 2347 1750 Vermis
2362 1695 2523 1749 homo
2542 1693 2717 1763 isque,
2737 1692 2963 1747 retraxit
2983 1692 3051 1748 ab
3070 1691 3228 1747 hoste
3251 1689 3327 1762 (et
3345 1689 3477 1763 vita)
3502 1691 3721 1761 rapina.

2132 1790 2285 1846 Mons
2308 1788 2510 1858 aquila,
2530 1786 2858 1857 paraclytus,
2887 1787 2966 1842 sic
2992 1785 3099 1852 leo,
3124 1793 3327 1855 pastor,
3352 1791 3407 1839 et
3435 1784 3646 1839 haedus.

1808 1876 1953 1950 [cum
2053 1870 2101 1930 Β
2128 1883 2584 1943 Fundamentum,
2611 1878 2750 1945 ovis,
2792 1893 2857 1934 ac
2902 1878 3132 1933 reddens
3159 1877 3247 1946 pie
3281 1883 3404 1930 vota
3438 1876 3720 1931 sacerdos.

446 1963 626 2037 Eque
656 1981 849 2023 manus
884 1969 1114 2036 Domini,
1146 1985 1241 2027 seu
1286 1972 1478 2039 virtus,
1515 1972 1729 2042 duxque
1761 1974 2022 2043 propheta

1821 2063 1947 2135 [est,

445 2144 620 2212 Quem
648 2147 935 2220 unigenam
967 2148 1140 2219 juste,
1170 2167 1329 2222 quem
1370 2153 1723 2225 primigenam
1752 2170 1849 2209 ore
1888 2154 2025 2210 fate-

1762 2243 1909 2315 [mur
1935 2260 1950 2299 :

443 2326 721 2386 Nazareus
748 2346 869 2386 cum
892 2325 1122 2390 'ofl‘ensio
1151 2334 1239 2401 ﬁt,
1277 2349 1342 2390 ae
1367 2333 1679 2390 scandalum
1709 2335 1928 2406 iniquis,

442 2417 702 2491 Angelus,
731 2430 893 2492 atque
920 2425 1074 2494 lapis,
1101 2440 1364 2481 scansuro
1392 2426 1518 2480 hinc
1538 2424 1703 2494 janua
1730 2425 1952 2481 mundo.

442 2508 634 2565 lnduta
667 2527 735 2567 en
767 2513 966 2570 veritas
992 2525 1162 2583 veste,
1191 2517 1320 2588 quid
1341 2517 1589 2588 dogmate
1612 2515 1860 2573 Christus

442 2597 652 2656 lndicet
671 2616 936 2673 exponam
965 2622 979 2659 :
1013 2605 1184 2677 legem
1204 2621 1373 2681 parva
1396 2608 1511 2662 haec
1532 2620 1745 2676 quoque
1771 2605 1938 2661 vestis
1996 2654 2002 2659 .

447 2688 750 2763 Signiﬁcat,
775 2711 1007 2768 namque
1035 2698 1124 2754 hic
1148 2701 1344 2773 tegitur
1364 2700 1417 2756 in
1444 2708 1745 2775 grammate
1770 2714 1897 2755 raro

2128 1973 2318 2029 Melchi
2344 1969 2615 2042 pontiﬁcis
2640 1970 2838 2024 sadech
2868 1968 3053 2023 vinum
3074 1981 3288 2037 quoque
3317 1980 3531 2035 panem,
3557 1975 3618 2020 et

2125 2064 2229 2132 Qui
2256 2062 2480 2127 vitulus,
2508 2061 2670 2126 aries,
2700 2074 2863 2114 carne
2887 2058 2953 2113 de
2974 2072 3080 2128 qua
3107 2064 3193 2112 est
3221 2070 3379 2111 saera
3406 2055 3627 2111 vinctus

2127 2158 2382 2221 Victima,
2406 2163 2667 2225 patreque
2688 2168 2809 2209 cum
2831 2134 2970 2208 bene
2990 2151 3061 2205 sit
3081 2157 3232 2205 satus
3252 2149 3455 2219 absque
3474 2147 3687 2202 caduco
3700 2163 3721 2202 :

2126 2248 2228 2316 Qui
2257 2248 2453 2303 damna
2479 2246 2649 2301 sensit
2673 2252 2729 2299 et
2752 2244 2947 2315 lignea,
2974 2240 3069 2311 qui
3089 2239 3341 2296 omnibus
3366 2245 3490 2293 ante
3518 2244 3626 2291 est.

2128 2342 2231 2410 Qui
2260 2349 2409 2396 astra
2441 2348 2527 2395 est
2557 2338 2782 2410 syderea
2807 2335 2998 2391 aditus
3025 2333 3208 2389 omnia
3237 2331 3524 2386 luciferum
3563 2336 3720 2383 ante.

2130 2433 2349 2504 Virgine
2376 2431 2468 2486 hic
2491 2437 2577 2485 est
2600 2436 2758 2483 natus
2784 2434 2976 2491 matre,
3002 2434 3133 2479 tunc
3166 2432 3407 2492 tempore
3436 2421 3489 2475 in
3522 2428 3648 2474 arto

2130 2526 2306 2594 Atque
2330 2523 2603 2578 hominem
2631 2528 2691 2574 ut
2719 2526 2986 2583 servaret,
3013 2516 3081 2571 ad
3104 2529 3253 2570 aram
3279 2512 3370 2568 hic
3387 2511 3568 2567 crucis
3590 2509 3719 2573 ivit,

2131 2614 2235 2682 Qui
2257 2620 2342 2670 est
2365 2620 2514 2668 sator
2539 2619 2793 2678 aeternus,
2817 2607 3067 2665 Christus
3088 2604 3405 2663 benedictus
3432 2604 3485 2658 in
3514 2617 3715 2658 aevum.

1579 2882 2098 2948 DECLARATIO
2151 2879 2499 2944 FIGURAE.

510 3064 653 3123 Ecce
676 3066 853 3138 imago
890 3066 1190 3124 Salvatoris
1216 3068 1583 3124 membrorum
1613 3040 1834 3122 suorum
1867 3064 2018 3134 posi-

2132 3064 2401 3115 stamento
2429 3053 2784 3125 ungebantur,
2816 3056 2872 3106 et
2900 3049 3021 3105 ideo
3051 3047 3300 3104 Christus
3324 3045 3507 3101 unctio
3532 3046 3719 3116 appel-

438 3156 592 3214 tione
624 3135 908 3215 consecrat
960 3158 1118 3215 nobis
1162 3157 1601 3223 saluberrimam,
1654 3155 2018 3212 dulcissimam
2047 3135 2092 3198 C
2124 3153 2284 3214 latur,
2314 3147 2406 3217 qui
2432 3160 2530 3201 rex
2575 3150 2627 3198 et
2652 3141 2907 3197 sacerdos
2932 3146 3017 3195 est
3046 3158 3059 3193 :
3093 3138 3221 3208 quia
3247 3152 3357 3192 non
3391 3135 3510 3191 oleo
3540 3144 3716 3190 mate-
3760 3164 3764 3167 -

438 3255 498 3306 et
523 3249 949 3306 amantissimam
982 3257 1184 3306 sanctae
1211 3248 1389 3304 erucis
1431 3248 1683 3313 formam,
1712 3253 1774 3300 ut
1811 3246 1866 3300 in
1907 3242 2024 3312 ejus

437 3340 661 3396 nomine
701 3341 986 3397 credentes
1011 3348 1067 3396 et
1094 3340 1213 3412 ejus
1249 3339 1521 3395 mandatis
1562 3338 1894 3403 obedientes,
1926 3351 2024 3406 per

439 3427 560 3498 ejus
578 3430 883 3499 passionem
904 3445 1054 3499 spem
1077 3429 1201 3484 vita:
1221 3436 1435 3484 aeternae
1456 3428 1783 3493 habeamus;
1811 3437 1871 3481 ut
1891 3440 2023 3496 quo—

440 3518 763 3589 tiescunque
800 3533 1017 3574 crucem
1045 3519 1389 3589 aspiciamus,
1436 3519 1604 3589 ipsius
1649 3518 2019 3583 recordemur,

441 3608 537 3678 qui
562 3622 663 3677 pro
692 3608 933 3663 nobisin
972 3624 1035 3664 ea
1080 3624 1271 3679 passus
1307 3617 1411 3673 est,
1453 3619 1514 3664 ut
1555 3610 1790 3678 eriperet
1817 3623 1916 3663 nos
1956 3608 2023 3664 de

437 3704 713 3767 potestate
755 3698 1122 3765 tenebrarum,
1160 3699 1460 3770 deglutiens
1500 3700 1718 3768 quidem
1766 3707 2020 3766 mortem,

439 3796 504 3844 ut
533 3788 658 3843 vitae
691 3797 907 3845 aeternae
952 3789 1194 3845 haeredes
1236 3787 1592 3854 cfﬁceremur,
1642 3787 1915 3859 profectus
1966 3788 2022 3842 in

441 3879 639 3937 malum
669 3880 897 3937 subditis
925 3880 1025 3936 sibi
1065 3880 1271 3953 angelis
1303 3888 1358 3936 et
1383 3880 1742 3951 potestatibus
1769 3886 1825 3934 et
1857 3879 2024 3932 virtu-

436 3970 616 4038 tibus;
644 3979 810 4041 utque
851 3972 1227 4042 recogitemus,
1264 3972 1409 4042 quod
1435 3986 1543 4026 non
1566 3970 1903 4041 corruptibili
1935 3985 2023 4023 ar—

441 4070 603 4135 gento
631 4063 716 4120 vel
740 4079 874 4119 auro
905 4065 1165 4135 redempti
1186 4080 1372 4120 sumus
1412 4066 1477 4121 de
1515 4080 1653 4119 vana
1683 4073 1867 4119 nostra
1893 4078 2023 4118 eon-

439 4154 747 4211 versatione
773 4163 1011 4225 paternae
1037 4156 1363 4223 traditionis,
1386 4156 1478 4211 sed
1500 4154 1737 4225 pretioso
1762 4153 2023 4224 sanguine

441 4244 598 4314 quasi
633 4244 757 4315 agni
786 4244 1195 4299 incontaminati
1241 4251 1296 4299 et
1334 4243 1665 4298 immaculati
1701 4240 1926 4305 Christi,
1961 4246 2022 4294 ut

440 4333 613 4390 simus
642 4333 815 4389 sancti
840 4332 1174 4389 immaculati
1200 4333 1254 4387 in
1283 4341 1573 4403 conSpectu
1604 4332 1736 4401 ejus,
1767 4330 1822 4384 in
1845 4328 2021 4384 chari-

440 4432 579 4491 tate,
605 4432 667 4479 ut
693 4439 790 4495 per
817 4424 922 4481 hoc
938 4423 1243 4479 efﬁciamur
1262 4423 1457 4478 divinae
1483 4429 1692 4476 naturae
1719 4427 2016 4484 consortes,

2127 3239 2265 3303 riali,
2299 3238 2392 3293 sed
2420 3235 2541 3291 oleo
2568 3232 2786 3297 lzetitiae,
2817 3232 2921 3286 hoc
2944 3238 3046 3295 est,
3071 3228 3276 3298 Spiritu
3301 3234 3488 3281 sancto
3514 3232 3720 3280 unctus

2124 3340 2209 3387 est
2253 3345 2367 3400 pra:
2394 3327 2644 3384 omnibus
2691 3320 3049 3393 participibus
3099 3319 3230 3375 suis.
3280 3317 3531 3374 Christus
3582 3329 3718 3370 vero

2125 3422 2389 3479 Hebraice
2429 3417 2653 3477 Messias
2683 3415 2902 3471 dicitur.
2954 3411 3148 3465 Hiesus
3195 3408 3498 3471 Hebraeum,
3525 3406 3718 3460 Graece

2124 3513 2318 3578 sother,
2360 3509 2551 3563 Latine
2600 3504 2849 3560 salutaris
2892 3500 2979 3556 vel
3027 3498 3256 3554 salvator
3299 3497 3716 3563 interpretatur,

2122 3619 2220 3675 pro
2248 3617 2313 3657 eo
2336 3600 2478 3670 quod
2504 3596 2712 3653 cunctis
2733 3592 2980 3665 gentibus
3015 3586 3260 3645 salutifer
3280 3586 3450 3641 venit.
3488 3584 3713 3638 Emma-

2124 3674 2247 3750 nuel
2298 3708 2363 3748 ex
2401 3690 2628 3745 Hebraeo
2673 3687 2726 3741 in
2776 3682 3045 3745 Latinum,
3091 3677 3388 3749 signiﬁcat,
3439 3674 3714 3728 nobiscum

2122 3785 2288 3850 Deus,
2322 3782 2530 3838 scilicet
2574 3777 2716 3848 quod
2755 3789 2851 3844 per
2880 3771 3144 3843 virginem
3177 3775 3334 3822 natus
3369 3764 3513 3818 Deus
3539 3762 3715 3817 homi—

2122 3876 2282 3932 nibus
2330 3874 2385 3929 in
2439 3884 2600 3926 carne
2635 3865 2850 3922 mortali
2880 3859 3147 3931 apparuit.
3176 3857 3319 3911 Deus
3353 3853 3554 3909 dicitur
3582 3866 3714 3925 pro-

2116 3975 2243 4039 pter
2271 3964 2473 4020 unitam
2508 3974 2631 4015 cum
2670 3956 2830 4011 Patre
2858 3948 3233 4030 substantiam.
3281 3941 3557 4039 Dominus.
3583 3953 3715 4008 pro-

2121 4031 2242 4129 pter
2291 4053 2616 4110 servientem
2647 4054 2974 4108 creaturam,
3021 4041 3165 4095 Deus
3214 4044 3395 4092 autem
3441 4040 3499 4087 et
3543 4031 3711 4085 homo

2122 4149 2245 4220 quia
2272 4145 2495 4202 verbum
2523 4149 2581 4197 et
2607 4153 2754 4195 caro.
2793 4132 3108 4205 Unigenitus
3137 4136 3317 4183 autem
3354 4129 3583 4220 vocatur
3610 4134 3711 4190 per

2122 4213 2420 4296 divinitatis
2434 4231 2831 4294 excellentiam,
2847 4225 2984 4296 quia'
3000 4223 3115 4278 sine
3135 4217 3414 4274 fratribus.
3429 4213 3708 4281 Primoge-

2120 4331 2286 4396 nitus,
2309 4342 2406 4399 per
2430 4322 2824 4394 susceptionem
2851 4313 3107 4377 hominis,
3137 4311 3192 4365 in
3212 4322 3321 4379 qua
3342 4320 3447 4399 per
3462 4301 3708 4371 adoptio-

2121 4437 2245 4477 nem
2273 4395 2461 4491 gratiaa
2493 4416 2696 4472 habere
2719 4410 2917 4465 fratres
2939 4406 3190 4476 dignatus
3210 4407 3316 4462 est,
3341 4395 3534 4491 quibus
3564 4402 3711 4448 esset

442 4484 712 4585 fugientes
738 4515 856 4588 ejus
877 4515 968 4586 qui
1001 4516 1054 4571 in
1085 4514 1286 4570 mundo
1309 4521 1393 4570 est
1417 4510 1865 4582 concupiscentiae
1894 4524 2015 4566 cor—
2042 4491 2096 4550 D
2121 4484 2527 4584 primdgenitus.
2561 4500 2889 4560 Homousion
2922 4495 3075 4551 Patri
3104 4494 3184 4588 ab
3223 4489 3431 4588 unitate
3455 4484 3712 4588 substan-

441 4608 765 4679 ruptionem.
796 4607 935 4664 Sunt
971 4608 1168 4678 quippe
1210 4614 1266 4662 et
1312 4605 1366 4661 in
1414 4605 1530 4676 ipsa
1576 4603 1767 4675 pagina
1798 4601 2016 4657 nomina

440 4698 681 4771 ejusdem
718 4700 1096 4772 Redemptoris
1127 4698 1297 4755 nostri
1328 4697 1576 4754 versibus
1608 4695 2014 4766 comprehensa,

441 4790 687 4864 quaedam
711 4805 777 4846 ex
806 4791 1104 4847 divinitatis
1127 4791 1244 4861 ejus
1268 4790 1592 4854 substantia,
1618 4788 1862 4857 quaedam
1886 4801 2019 4842 vero

443 4895 513 4940 ex
533 4881 933 4953 dispensatione
957 4890 1219 4950 susceptae
1241 4880 1594 4934 humanitatis
1620 4889 1891 4946 assumpta
1916 4891 1931 4930 :
1957 4885 2019 4933 ut

441 4973 839 5040 (atenderetur,
869 4970 1013 5041 quod
1045 4970 1187 5025 idem
1214 4970 1477 5024 mediator
1512 4968 1607 5023 Dei
1636 4978 1691 5023 et
1717 4968 2015 5034 hominum,

445 5073 503 5120 et
524 5063 674 5119 Patri
688 5071 772 5119 est
793 5064 848 5119 in
872 5063 1070 5119 deitate
1092 5058 1565 5116 consubstantialis
1588 5067 1750 5128 atque
1774 5072 2019 5127 coaequa-

443 5156 533 5221 lis,
573 5163 630 5210 et
663 5154 825 5211 matri
870 5154 925 5209 in
974 5151 1310 5209 humanitate
1353 5158 1600 5219 suscepta
1653 5148 2019 5204 eonnaturalis

445 5252 610 5312 atque
635 5241 953 5307 consimilis,
979 5241 1105 5312 quia
1133 5252 1349 5296 omnem
1368 5248 1617 5293 naturam
1640 5247 1881 5294 nostram
1904 5237 2020 5307 ipse

443 5334 683 5408 perfecte
728 5334 962 5405 suscepit
1005 5333 1210 5404 absque
1256 5339 1497 5403 peccato.
1545 5331 1787 5399 Qualitas
1837 5338 2018 5386 autem

444 5441 634 5483 eorum
667 5425 825 5504 facile
856 5438 954 5496 per
988 5424 1251 5482 rationem
1291 5422 1671 5479 subternexam
1711 5428 1889 5492 potest
1930 5434 2019 5476 eo-

445 5519 634 5594 gnosci
652 5526 835 5575 utrum
874 5520 942 5575 ad
968 5519 1202 5575 divinam
1226 5517 1312 5573 vel
1338 5517 1406 5572 ad
1432 5516 1724 5571 humanam
1752 5514 1869 5584 ejus
1896 5526 2020 5582 per-

446 5614 653 5669 tineant
681 5618 949 5667 naturam.
981 5609 1229 5665 Christus
1271 5622 1505 5676 namque
1544 5605 1731 5661 Graece
1780 5617 1811 5656 a
1848 5601 2020 5657 chris-

445 5710 593 5760 mate
616 5712 700 5771 est
723 5701 1041 5775 appellatus,
1064 5701 1167 5756 hoc
1186 5706 1289 5767 est,
1312 5704 1524 5753 unctus.
1549 5693 1867 5750 Sacerdotes
1890 5704 2019 5757 ergo

442 5806 505 5877 et
534 5811 687 5870 reges
724 5795 864 5868 apud
891 5792 1103 5852 Judzeos
1140 5802 1294 5851 sacra
1340 5787 1591 5846 unctione
1618 5784 1674 5842 in
1699 5779 1879 5839 Veteri
1910 5778 2015 5836 Te-

2118 4577 2205 4659 tire
2223 4577 2538 4675 appellatur,
2555 4593 2855 4653 substantia
2874 4591 3017 4645 enim
3038 4587 3122 4675 vel
3140 4582 3372 4675 essentia
3387 4578 3574 4634 Grazce
3587 4577 3711 4675 usis

2118 4667 2333 4747 dicitur.
2366 4686 2658 4755 Omoynum
2676 4720 2690 4746 ,
2711 4686 2997 4745 utrumque
3017 4671 3162 4727 enim
3181 4667 3525 4737 conjunctum
3546 4668 3711 4716 sonat

2116 4799 2224 4840 una
2249 4776 2567 4837 substantia.
2596 4769 2944 4839 Principium,
2961 4779 3026 4820 eo
3046 4760 3189 4833 quod
3211 4759 3279 4814 ab
3302 4758 3418 4828 ipso
3442 4761 3566 4809 sunt
3594 4766 3709 4808 om-

2117 4876 2228 4941 nia,
2250 4881 2306 4929 et
2326 4871 2451 4943 quia
2470 4875 2595 4923 ante
2612 4879 2735 4920 eum
2756 4858 2889 4916 nihil
2900 4865 3000 4912 est.
3017 4853 3187 4918 Finis,
3204 4851 3329 4921 quia
3349 4848 3600 4943 dignatus
3619 4852 3707 4943 est

2118 4969 2174 5025 in
2213 4933 2320 5021 ﬁne
2342 4933 2657 5019 saeculorum
2683 4951 2960 5011 humiliter
2985 4948 3038 5002 in
3080 4958 3243 5000 carne
3270 4938 3419 4996 nasci
3444 4945 3499 4991 et
3527 4933 3701 4998 mori;

2117 5058 2204 5114 vel
2251 5054 2381 5125 quia
2424 5046 2683 5121 quidquid
2733 5043 2945 5114 agimus
2988 5034 3251 5125 adgillum
3299 5025 3609 5125 referimus,
3647 5029 3708 5077 et

2119 5160 2243 5204 eum
2268 5117 2364 5197 -ad
2407 5117 2532 5196 eum
2572 5117 2995 5207 pervenerimus,
3038 5123 3177 5178 ultra
3220 5117 3364 5189 quod
3390 5125 3703 5210 quaeramus
3748 5156 3751 5159 .

2118 5252 2227 5293 non
2276 5204 2681 5289 habemusIOs
2727 5221 2823 5276 Dei
2864 5226 2972 5283 est,
3009 5213 3137 5284 quia
3174 5209 3398 5265 verbum
3437 5210 3520 5258 est
3556 5204 3698 5269 ejus.
3736 5204 3747 5223 '

2118 5326 2257 5382 Nam
2286 5322 2429 5378 sicut
2450 5331 2551 5390 pro
2580 5312 2782 5378 verbis,
2826 5323 2947 5379 qua:
2978 5319 3072 5377 per
3107 5302 3344 5371 linguam
3362 5295 3525 5390 fiunt
3553 5304 3702 5390 saepe

2119 5380 2347 5474 dicimus
2369 5380 2470 5466 illa.
2486 5406 2571 5464 vel
2593 5405 2685 5461 illa
2711 5403 2916 5472 lingua,
2945 5397 3019 5452 ita
3048 5408 3145 5465 pro
3167 5392 3332 5447 verbo
3361 5384 3454 5441 Dei
3477 5380 3702 5474 ponitur

2119 5470 2361 5576 os,ﬁquia
2390 5514 2509 5557 mos
2544 5505 2627 5552 est
2663 5501 2723 5550 ut
2752 5470 2848 5548 ore
2894 5488 3055 5543 verba
3104 5485 3422 5576 formentur.
3454 5470 3701 5529 Verbum

2119 5566 2299 5652 autem
2324 5592 2445 5647 ideo
2469 5587 2684 5650 dicitur,
2710 5581 2834 5651 quia
2877 5592 2975 5649 per
3001 5589 3125 5631 eum
3156 5572 3339 5627 omnia
3364 5566 3527 5621 Pater
3558 5574 3697 5652 con-

2290 5684 2403 5738 sive
2421 5677 2602 5750 jussit.
2628 5648 2860 5736 Veritas,
2880 5648 3012 5738 quia
3041 5679 3148 5719 non
3179 5660 3334 5725 fallit,
3365 5655 3462 5750 sed
3503 5648 3701 5750 tribuit

2121 5774 2264 5849 quod
2284 5743 2567 5846 promittit.
2595 5763 2738 5835 Vita,
2768 5761 2895 5834 quia
2920 5756 3103 5817 omnia
3123 5752 3380 5813 viviﬁcat.
3408 5748 3589 5817 Imago
3619 5743 3700 5799 dic
