4016 6494
280 387 386 444 153

1297 390 1386 445 DE
1424 387 1761 448 LAUDIBUS
1796 390 1854 447 s.
1891 391 2157 450 CRUCIS.
2194 425 2267 439 --
2301 395 2429 452 LIB.
2464 397 2505 453 ι.

3408 399 3509 457 154

279 505 423 562 citur
468 512 685 591 propter
717 518 902 575 parem
945 505 1348 562 similitudinem
1386 508 1581 564 Patris.
1622 510 1837 581 Figura,
1864 515 1915 573 Α
1940 527 2040 582 pro
2069 514 2222 571 nobis
2249 524 2334 572 est
2369 517 2693 581 immolatus.
2721 516 2850 582 Leo,
2877 534 2975 588 pro
3004 533 3169 591 regno
3209 528 3263 575 et
3299 520 3506 576 fortitu-

279 596 406 665 quia
434 586 732 665 suscipiens
756 595 983 652 formam
1008 599 1173 664 servi,
1199 614 1295 669 per
1318 614 1540 669 operum
1559 600 1842 656 virtutum-

279 699 386 754 que
409 685 831 753 similitudinem,
860 686 1040 744 Patris
1066 689 1121 743 in
1149 705 1207 744 se
1232 690 1518 760 imaginem
1541 700 1702 761 atque
1739 693 1841 747 im-

279 790 523 829 mensam
566 776 986 844 magnitudinem
1026 778 1343 849 designavit.
1382 778 1570 834 Manus
1608 781 1700 835 Dei
1739 791 1841 847 est,

279 864 424 933 quod
458 865 637 918 omnia
666 880 764 934 per
800 866 970 935 ipsum
1004 866 1147 923 facta
1177 878 1318 923 sunt.
1349 868 1486 926 Hinc
1518 882 1572 926 et
1597 873 1841 939 dextera,

240 961 501 1022 ‘propter
547 952 792 1008 effectum
842 956 1020 1023 operis
1068 957 1232 1012 totius
1274 968 1535 1015 creaturae
1582 976 1702 1030 qua:
1750 975 1846 1031 per

280 1041 455 1109 ipsum
491 1042 718 1098 formata
747 1052 849 1100 est.
881 1046 1187 1114 Brachium,
1227 1051 1371 1119 quod
1412 1052 1479 1105 ab
1518 1052 1633 1120 ipso
1666 1054 1844 1107 omnia

278 1133 644 1189 continentur.
671 1135 876 1202 Virtus,
904 1138 1044 1206 quod
1076 1153 1289 1194 omnem
1316 1139 1491 1194 Patris
1525 1148 1845 1209 potestatem

277 1224 335 1279 in
362 1227 647 1297 semetipso
669 1229 883 1295 habeat,
905 1239 959 1284 et
976 1232 1154 1285 omnia
1174 1240 1369 1301 potest.
1393 1232 1683 1303 Sapientia,
1702 1234 1844 1303 quod

277 1312 396 1380 ipse
420 1315 620 1370 revelet
644 1318 899 1387 mysteria
933 1320 1173 1375 scientia:
1215 1329 1271 1375 et
1304 1336 1504 1377 arcana
1549 1322 1843 1392 sapientia.

279 1401 560 1471 Splendor,
589 1415 807 1476 prepter
833 1410 976 1478 quod
1018 1409 1346 1466 manifestat.
1378 1412 1601 1478 Lumen,
1628 1414 1753 1483 quia
1783 1414 1849 1468 il-

236 1491 255 1510 ’
276 1488 520 1546 luminat.
551 1492 684 1560 Lux,
707 1496 830 1564 quia
857 1498 921 1552 ad
951 1499 1205 1554 virtutem
1239 1502 1701 1571 contemplandam
1725 1519 1847 1559 cor-

274 1580 361 1635 dis
389 1582 569 1638 oculos
595 1594 819 1640 reserat.
848 1585 960 1653 Sol,
982 1588 1109 1658 quia
1137 1590 1453 1647 illustrator.
1477 1592 1687 1660 Oriens,
1718 1595 1844 1665 quia

274 1670 491 1728 luminis
516 1673 654 1739 fons,
680 1685 736 1730 et
759 1678 901 1747 quod
929 1680 1059 1735 oriri
1085 1697 1184 1737 nos
1212 1681 1377 1739 faciat
1406 1686 1473 1740 ad
1499 1685 1666 1740 vitam
1688 1693 1847 1741 aeter-

274 1777 421 1816 nam.
477 1764 635 1831 Fons,
666 1768 791 1837 quia
839 1785 1018 1825 rerum
1062 1774 1213 1845 origo
1243 1784 1345 1841 est,
1387 1777 1472 1832 vel
1512 1778 1637 1847 quia
1684 1778 1847 1834 satiat

273 1850 540 1941 sitientes.
568 1854 687 1924 Ipse
714 1872 925 1928 quoque
965 1860 1011 1914 A
1044 1869 1099 1917 et
1132 1870 1200 1928 Ω,
1229 1864 1353 1932 quia
1379 1864 1588 1941 initium
1617 1876 1673 1923 et
1699 1867 1839 1924 ﬁnis.
1870 1862 1917 1921 B

272 1938 606 2010 Paracletus,
635 1945 686 2000 id
725 1955 829 2014 est,
858 1949 1168 2017 advocatus,
1199 1954 1325 2023 quia
1365 1938 1463 2024 pro
1491 1938 1644 2012 nobis
1677 1957 1844 2014 inter-

271 2030 422 2084 cedit
450 2034 590 2102 apud
617 2034 850 2103 Patrem,
873 2046 926 2093 et
950 2038 1018 2094 ad
1042 2041 1230 2112 culpas
1256 2051 1466 2100 nostras
1495 2049 1846 2103 removendas

272 2136 463 2176 curam
489 2125 644 2194 gerit.
673 2125 927 2198 Sponsus,
960 2132 1085 2201 quia
1125 2133 1191 2189 de
1230 2134 1369 2190 ctelo
1394 2136 1724 2194 descendens
1751 2139 1846 2194 ad-

270 2210 432 2266 haesit
458 2213 732 2283 Ecclesiae,
760 2227 821 2273 ut
841 2229 1023 2276 essent
1047 2223 1152 2277 duo
1177 2224 1232 2278 in
1268 2240 1432 2281 carne
1456 2241 1583 2280 una.
1611 2226 1847 2300 Angelus

272 2301 490 2369 dicitur,
517 2314 737 2377 propter
767 2313 1227 2370 annuntiationem
1265 2325 1504 2386 paterna:
1529 2333 1593 2374 ac
1624 2334 1733 2374 sua:
1752 2335 1847 2375 vo-

272 2389 514 2458 luntatis,
546 2399 686 2452 unde
705 2406 761 2452 et
781 2401 920 2470 apud
945 2405 1263 2474 prophetam
1305 2409 1482 2479 magni
1510 2410 1713 2465 consilii
1745 2427 1845 2464 an-

272 2481 418 2550 gelus
473 2482 687 2553 legitur,
725 2487 853 2544 dum
908 2491 981 2547 sit
1030 2492 1173 2550 Deus
1223 2505 1277 2551 et
1312 2498 1581 2566 Dominus,
1624 2501 1845 2572 angelo—

271 2587 416 2626 rum.
446 2573 640 2631 Missus
666 2577 880 2645 dicitur,
921 2581 1049 2651 quia
1078 2582 1301 2640 Verbum
1346 2604 1469 2641 caro
1511 2587 1708 2657 factum
1749 2598 1843 2645 est.

270 2658 448 2750 Ilomo
478 2662 695 2731 dicitur,
742 2668 867 2737 quia
906 2671 1217 2730 incarnatus
1251 2684 1355 2731 est.
1391 2676 1671 2743 Mediator,
1719 2681 1841 2750 quia

271 2749 344 2804 de
369 2760 541 2807 morte
567 2753 633 2808 ad
663 2755 826 2811 vitam
854 2774 951 2815 nos
977 2763 1243 2832 perduxit.
1274 2764 1560 2836 Propheta,
1587 2749 1844 2838 quodifu-

272 2847 397 2893 tura
424 2843 698 2899 revelavit.
728 2845 1014 2918 Sacerdos,
1041 2855 1184 2923 quod
1209 2870 1309 2925 pro
1339 2857 1495 2913 nobis
1524 2858 1757 2915 hostiam
1788 2875 1848 2916 se

269 2932 484 2988 obtulit.
511 2935 721 3005 Pastor,
765 2942 890 3010 quia
935 2954 1117 3000 custos
1142 2956 1244 3002 est.
1275 2947 1546 3020 Magister,
1583 2951 1727 3022 quod
1763 2966 1848 3007 os-

271 3030 477 3078 tensor.
503 3024 809 3084 Nazarenus
837 3045 965 3088 vero
1002 3049 1033 3088 a
1077 3034 1214 3090 loco.
1244 3036 1534 3106 Nazareus,
1565 3055 1596 3095 a
1631 3042 1843 3109 merito,

270 3110 327 3167 id
355 3120 457 3178 est,
483 3125 695 3171 sanctus
716 3119 828 3174 sive
844 3122 1089 3189 mundus,
1114 3126 1239 3194 quia
1263 3136 1543 3196 peccatum
1562 3145 1671 3185 non
1696 3129 1841 3186 fecit.

273 3200 555 3272 Siquidem
581 3214 636 3260 et
664 3208 783 3263 aliis
822 3210 1164 3270 inferioribus
1208 3216 1368 3272 rebus
1411 3220 1686 3275 nominum
1726 3236 1846 3290 spe-
1874 3205 1919 3268 (Ι

269 3293 387 3383 cies
433 3293 500 3348 ad
549 3311 609 3352 se
651 3299 819 3354 trahit
854 3300 1120 3368 Christus,
1152 3314 1214 3359 ut
1251 3305 1461 3363 facilius
1500 3310 1845 3383 intelligatur.

270 3379 483 3437 Dicitur
524 3394 702 3442 autem
741 3391 914 3459 panis,
946 3393 1069 3461 quia
1107 3411 1254 3450 caro.
1288 3397 1448 3462 Vitis,
1477 3400 1601 3468 quia
1630 3379 1695 3455 er
1725 3418 1851 3458 san-

270 3474 435 3542 guine
461 3475 631 3546 ipsius
650 3480 909 3551 redempti
933 3499 1138 3541 sumus.
1164 3487 1308 3554 Flos,
1335 3489 1460 3558 quia
1482 3489 1704 3547 electus.
1728 3495 1845 3561 Via,

269 3564 402 3632 quia
445 3580 544 3635 per
584 3567 758 3637 ipsum
786 3572 855 3626 ad
889 3571 1058 3628 Deum
1095 3576 1255 3631 imus.
1303 3577 1532 3644 Ostium,
1576 3583 1702 3651 quia
1751 3599 1851 3653 per

268 3654 449 3725 ipsum
478 3658 547 3713 ad
567 3659 734 3714 Deum
757 3662 1102 3734 ingredimur.
1128 3668 1300 3736 Mons,
1322 3672 1445 3740 quia
1470 3673 1641 3729 fortis.
1665 3675 1845 3744 Petra,

268 3748 400 3817 quia
429 3748 661 3805 ﬁrmitas
692 3760 776 3807 est
806 3755 1156 3812 credentium.
1202 3760 1359 3830 Lapis
1398 3763 1691 3834 angularis,
1723 3768 1850 3836 quia

270 3837 410 3892 duos
432 3839 669 3906 parietes
702 3855 733 3896 e
768 3842 1002 3911 diverso,
1038 3846 1093 3901 id
1118 3857 1220 3914 est,
1251 3851 1318 3905 de
1351 3852 1759 3910 circumcisione
1793 3864 1850 3911 et

268 3929 536 3996 praeputio
564 3929 618 3984 in
635 3946 798 3986 unam
819 3933 1080 3992 fabricam
1099 3938 1352 3996 Ecclesiae
1369 3943 1575 4015 jungit;
1600 3946 1682 4001 vel
1706 3949 1849 4017 quod

270 4030 464 4085 pacem
496 4019 697 4091 angelis
723 4030 778 4077 et
811 4025 1119 4083 hominibus
1147 4028 1296 4085 facit.
1326 4032 1487 4103 Lapis
1515 4034 1845 4104 offensionis,

272 4108 419 4174 quod
448 4111 668 4168 veniens
709 4112 927 4171 humilis
952 4117 1289 4177 offenderunt
1323 4123 1376 4178 in
1411 4140 1534 4180 eum
1563 4126 1845 4194 increduli,

271 4204 332 4251 et
360 4197 537 4254 factus
570 4211 653 4257 est
690 4212 845 4273 petra
889 4209 1146 4264 seandali.
1190 4210 1616 4270 Fundamentum
1665 4226 1848 4273 autem

273 4286 398 4343 ideo
431 4299 678 4358 vocatur,
706 4296 832 4364 quia
860 4297 993 4353 ﬁdes
1021 4300 1076 4353 in
1113 4316 1178 4357 eo
1207 4301 1428 4359 fundata
1468 4313 1573 4372 est,
1613 4306 1696 4363 vel
1723 4308 1848 4378 quia

274 4392 441 4467 supra
477 4394 598 4434 eum
634 4384 898 4441 catholica
923 4387 1164 4446 Ecclesia
1194 4403 1502 4450 constructa
1538 4405 1639 4451 est.
1667 4398 1849 4467 Agnus

277 4465 494 4533 dieitur,
522 4479 740 4540 propter
765 4474 1148 4534 innocentiam.
1178 4481 1324 4548 Ovis,
1352 4494 1570 4555 pr0pter
1596 4465 1849 4543 mansue-

1944 606 2087 660 dine.
2116 605 2371 677 Serpens,
2399 624 2496 678 pro
2520 618 2692 664 morte
2724 618 2778 666 et
2804 611 3083 680 sapientia.
3113 612 3324 668 Vermis
3347 614 3508 680 idem,

1942 694 2066 762 quia
2100 696 2410 751 resurrexit.
2453 696 2667 766 Aquila,
2694 708 2913 769 prepter
2937 701 3077 770 quod
3113 710 3234 769 post
3262 717 3509 758 resurre-

1943 782 2172 837 ctionem
2213 783 2279 837 ad
2318 793 2461 839 astra
2496 789 2770 843 remeavit.
2822 789 2933 845 Nec
2981 791 3174 845 mirum
3225 792 3271 845 si
3315 792 3510 848 vilibus

1943 874 2420 944 significationibus
2448 876 2723 946 ﬁguretur,
2752 881 2843 950 qui
2869 896 2990 935 cum
3016 883 3086 936 sit
3112 882 3256 936 Patri
3288 892 3510 937 coaeter—

1943 978 2044 1018 nus
2069 973 2194 1019 ante
2221 965 2414 1020 saecula
2443 966 2628 1033 Filius,
2660 978 2866 1024 natura:
2891 978 3088 1026 nostrae
3116 971 3373 1026 vilitatem
3403 987 3509 1025 non

1943 1071 2218 1123 spernens,
2253 1068 2409 1112 natus
2446 1066 2529 1113 est
2563 1059 2614 1113 in
2658 1069 2895 1130 tempore
2920 1063 3154 1117 hominis
3183 1063 3341 1118 ﬁlius.
3382 1062 3510 1117 Ver-

1944 1146 2064 1201 bum
2088 1149 2231 1203 enim
2256 1166 2377 1204 caro
2403 1151 2597 1221 factum
2618 1162 2712 1216 est,
2740 1162 2788 1207 et
2817 1154 3062 1209 habitavit
3090 1155 3145 1209 in
3166 1155 3332 1209 nobis.

2014 1236 2153 1293 Sunt
2194 1255 2322 1311 ergo
2367 1257 2554 1297 versus
2601 1244 2852 1312 quinque,
2882 1245 2974 1314 qui
3019 1246 3070 1299 in
3107 1245 3247 1300 linea
3291 1246 3507 1300 humani

1944 1330 2184 1398 corporis
2203 1332 2435 1399 speciem
2462 1333 2759 1388 forinsecus
2794 1334 3189 1390 circumdantes
3218 1335 3509 1403 conscripti

1942 1426 2087 1485 sunt,
2113 1435 2339 1488 quorum
2368 1422 2570 1491 primus
2612 1424 2799 1493 incipit
2834 1439 2864 1478 a
2906 1424 3083 1479 medio
3108 1423 3274 1494 digito
3308 1424 3510 1478 dextra:

1942 1524 2157 1573 manus,
2196 1518 2253 1565 et
2278 1510 2434 1566 sicin
2466 1513 2692 1568 indicem
2724 1515 2938 1579 transit,
2968 1525 3149 1584 postea
3180 1515 3233 1568 in
3263 1514 3508 1584 pollicem

1943 1614 2004 1656 se
2045 1601 2255 1672 erigens
2298 1610 2353 1658 et
2391 1619 2488 1674 per
2521 1607 2800 1662 brachium
2831 1608 3078 1662 dextrum
3106 1607 3422 1672 ascendens,
3458 1607 3512 1661 in

1941 1693 2146 1748 vertice
2167 1694 2361 1764 capitis
2389 1694 2589 1750 ﬁnitur.
2622 1696 2724 1763 Qui
2754 1697 2876 1752 talis
2899 1707 2983 1752 est
3006 1715 3021 1751 :

2123 1805 2310 1856 Dextra
2332 1805 2422 1858 Dei
2445 1810 2617 1858 summi
2640 1816 2810 1860 cuneta
2835 1813 3020 1861 creavit
3039 1811 3236 1862 Hiesus.

1947 1908 2226 1966 Secundus
2249 1926 2279 1966 a
2316 1913 2490 1981 capite
2519 1914 2847 1969 descendens
2867 1900 3113 1969 similiter
3141 1914 3196 1968 in
3222 1914 3398 1968 medio
3423 1914 3510 1968 di-

1944 2000 2054 2071 gito
2091 2001 2324 2056 sinistrte
2356 2016 2545 2057 manus
2574 2002 2757 2057 ﬁnitur
2782 2002 2883 2057 iste
2909 2019 2925 2057 :

2121 2112 2341 2165 Christus
2366 2111 2544 2160 laxabit
2568 2123 2598 2161 e
2620 2112 2859 2174 sanguine
2881 2110 3046 2160 debita
3069 2110 3267 2159 mundo.

1945 2216 2163 2275 Tertius
2188 2231 2216 2270 a
2243 2223 2435 2286 quarto
2469 2212 2636 2285 digito
2674 2212 2874 2267 dextrae
2908 2227 3124 2277 manus,
3177 2212 3265 2280 qui
3306 2211 3515 2266 medius

1944 2314 2189 2369 vocatur,
2217 2304 2503 2375 incipiens,
2528 2312 2582 2358 et
2606 2317 2703 2372 per
2732 2301 3086 2356 auricularem
3123 2302 3369 2355 dextrum
3391 2302 3514 2355 bra-

1945 2397 2125 2452 chium
2150 2395 2336 2450 subtus
2362 2392 2578 2454 ducens,
2604 2392 2659 2446 in
2689 2392 2857 2446 latere
2877 2392 3066 2445 dextro
3093 2405 3261 2460 usque
3287 2391 3354 2443 ad
3381 2405 3514 2444 ven-

1946 2494 2085 2542 trem
2119 2484 2354 2539 medium
2384 2482 2731 2547 descendens,
2771 2495 3063 2552 rursusque
3093 2495 3123 2535 a
3150 2480 3337 2535 dextro
3374 2494 3512 2548 genu

1947 2576 2001 2632 iu
2024 2575 2256 2631 radicem
2283 2573 2434 2644 pedis
2462 2573 2677 2628 desinit.
2703 2572 2782 2627 Ita
2806 2590 2819 2626 :

2129 2687 2185 2737 In
2207 2699 2353 2738 cruce
2377 2687 2449 2738 sic
2474 2686 2659 2748 positus
2675 2684 2935 2736 desolvens
2958 2683 3109 2735 vincla
3131 2684 3342 2746 tyranni.

1947 2791 2179 2860 Quartus
2204 2791 2258 2846 in
2285 2790 2466 2845 radice
2493 2789 2644 2860 pedis
2665 2788 2838 2843 dextri
2863 2787 3099 2843 exterius
3125 2785 3403 2854 incipiens,
3430 2783 3511 2835 in-

1946 2890 2029 2936 ter
2053 2880 2226 2935 media
2256 2893 2416 2934 crura
2461 2877 2756 2932 ascendens
2796 2876 2863 2930 ad
2899 2875 3133 2930 radicem
3168 2888 3338 2943 usque
3365 2871 3514 2942 pedis

1947 2969 2151 3027 sinistri
2181 2968 2419 3024 exterius
2438 2967 2701 3037 pervenit.
2726 2965 2806 3020 Ita
2833 2983 2847 3019 :

2133 3081 2360 3132 Etet-nus
2394 3080 2626 3131 Dominus
2645 3079 2848 3130 deduxit
2866 3078 2924 3128 ad
2943 3085 3073 3130 astra
3091 3077 3280 3128 beatos.

1950 3187 2181 3255 Quintus
2225 3186 2352 3240 item
2395 3199 2426 3238 a
2446 3182 2646 3273 oradice
2681 3181 2831 3252 pedis
2856 3179 3059 3235 sinistri
3084 3178 3320 3233 exterius
3347 3190 3518 3244 usque

1951 3277 2018 3332 ad
2046 3290 2219 3347 genua
2247 3267 2561 3337 ascendens,
2598 3280 2652 3327 et
2690 3287 2722 3326 a
2750 3278 2938 3326 ventre
2970 3269 3144 3324 medio
3173 3267 3435 3337 perlatus
3463 3274 3518 3318 et
3616 3276 3637 3281 ι

1949 3367 2232 3422 brachium
2270 3364 2547 3419 sinistrum
2573 3375 2743 3430 usque
2786 3359 2852 3414 ad
2881 3357 3112 3412 medium
3142 3356 3364 3427 digitum
3391 3369 3515 3425 per-

1951 3456 2126 3526 tingit.
2151 3455 2228 3509 lta
2255 3471 2269 3507 :

2134 3567 2295 3629 Atque
2318 3563 2614 3616 salutiferam
2634 3561 2840 3613 dederat
2860 3560 2995 3611 Deus
3018 3570 3130 3609 arce
3154 3570 3395 3609 coronam.

1948 3668 2005 3723 ln
2029 3674 2177 3722 veste
2202 3665 2416 3735 quidem
2446 3661 2646 3718 femora
2676 3660 3062 3726 circumdante,
3087 3665 3212 3713 sunt
3240 3670 3429 3711 versus
3462 3654 3517 3709 hi

1949 3757 2054 3813 duo
2085 3755 2304 3827 elegiaei
2337 3774 2350 3808 :

2129 3865 2286 3917 Veste
2308 3865 2504 3927 quidem
2528 3876 2668 3927 parva
2693 3864 2769 3914 hic
2790 3865 2981 3927 tegitur
2993 3864 3073 3924 qui
3097 3863 3314 3910 continet
3333 3867 3479 3920 astra,

2191 3924 2352 3989 Atque
2375 3924 2704 4001 solum‘palmo
2735 3924 2914 3975 claudit
2935 3924 3117 3984 ubique
3138 3934 3243 3971 suo.

1947 4031 2006 4087 In
2049 4029 2268 4086 ctesarie
2309 4043 2437 4084 vero
2472 4028 2663 4097 capitis
2702 4026 2819 4097 ejus
2864 4025 3123 4094 scriptum
3151 4030 3273 4077 est:
3299 4020 3407 4075 Iste
3441 4014 3537 4073 est

1950 4139 2041 4176 rea:
2057 4121 2301 4190 justitiaz.
2341 4119 2399 4174 ln
2437 4119 2586 4174 vultu
2628 4133 2842 4189 quoque
2882 4125 2937 4171 et
2983 4124 3185 4179 mento,
3219 4114 3429 4184 papillis
3464 4120 3521 4167 et

1949 4212 2204 4268 umbilico
2227 4212 2531 4267 continetur
2557 4211 2695 4266 istud
2726 4228 2739 4263 :
2774 4208 2918 4263 Ordo
2939 4208 3119 4278 justus
3147 4206 3276 4261 Deo.
3321 4205 3378 4260 In
3422 4219 3517 4259 eo-

1948 4318 2082 4358 rona
2109 4309 2289 4355 autem
2317 4308 2476 4371 caput
2497 4302 2763 4369 cingente,
2791 4296 2931 4353 istud
2955 4314 2969 4351 :
2997 4296 3110 4351 Rex
3132 4310 3307 4366 regum
3329 4304 3376 4348 et
3412 4292 3515 4346 Do-

1949 4395 2120 4447 minus
2139 4392 2487 4446 dominorum.
2509 4391 2567 4445 In
2596 4406 2758 4446 cruce
2782 4403 3013 4459 namque
3041 4402 3159 4458 quae
3183 4387 3335 4456 juxta
3357 4390 3520 4452 caput

1951 4481 2065 4551 ejus
2089 4483 2263 4553 posita
2298 4489 2383 4536 est
2425 4489 2549 4535 sunt
2579 4488 2689 4535 tres
2717 4481 2927 4545 litterae,
2972 4480 3075 4533 hoc
3105 4485 3209 4543 est,
3254 4476 3322 4541 A,
3364 4474 3436 4540 Μ,
3468 4482 3521 4528 et

280 4556 730 4629 tudinem.Aries,
750 4575 969 4636 propter
991 4546 1370 4642 principatum:
1394 4546 1605 4642 Haedus,
1630 4587 1851 4649 propter
1873 4546 1926 4604 D
1949 4546 2015 4638 si,
2062 4546 2203 4642 q—uod
2234 4570 2498 4641 signiﬁcat
2530 4571 2739 4625 initium
2780 4579 2836 4625 et
2874 4568 3106 4625 medium
3145 4576 3200 4623 et
3245 4565 3407 4620 ﬁnem
3454 4563 3520 4618 ab

279 4645 691 4709 similitudinem
724 4657 905 4713 carnis
952 4664 1177 4730 peccati.
1214 4664 1441 4728 Vitulus,
1471 4682 1568 4737 pro
1608 4645 1673 4723 e—o
1713 4645 1856 4738 quod
1952 4663 2068 4731 ipso
2095 4661 2276 4716 omnia
2313 4660 2709 4730 comprehendi.
3344 4674 3349 4679 '
