4016 6490
273 415 370 475 161

1269 397 1358 455 DE
1394 392 1739 453 LAUDIBUS
1776 390 1836 447 S.
1877 388 2148 449 CRUClS.
2187 420 2257 433 —
2292 389 2422 447 LIB.
2462 391 2502 446 1.

3416 387 3522 445 ΠΒ

1417 504 1934 570 DECLARATIO
1978 505 2322 567 FIGUIUE.

340 705 532 764 nemo
579 701 778 774 quippe
824 704 1134 754 sanctorum
1175 693 1485 765 angelorum
1533 693 1749 749 ordines
1789 698 1845 748 et
1869 697 1919 757 Α
1945 701 2000 749 et
2043 691 2428 764 archangelos;
2476 692 2529 748 in
2574 693 2798 749 brachio
2845 696 3033 751 dextro
3075 696 3227 764 duos,
3265 697 3367 754 hoc
3412 706 3522 767 est,

267 796 507 856 cmlestis
535 792 739 849 militiae
758 787 1047 849 exercitus,
1078 784 1295 840 nomine
1318 791 1373 837 et
1397 797 1620 837 numero
1647 790 1846 837 sanctae

267 890 417 947 cruci
430 886 778 949 concordant,
791 891 852 937 ut
860 881 1043 935 aeterni
1062 878 1223 949 Regis
1234 876 1509 931 victoriam
1522 874 1842 938 collaudent,

267 994 328 1040 et
362 977 788 1052 magnitudinem
834 972 1031 1026 lmtitia:
1063 983 1174 1025 sua:
1204 970 1428 1022 honesto
1450 964 1626 1020 ollicio
1654 964 1846 1034 pracdi-

267 1083 395 1128 cem
420 1089 435 1126 :
460 1084 583 1126 cum
604 1082 710 1122 non
733 1064 905 1120 solum
929 1062 981 1116 in
1016 1062 1147 1115 hora
1179 1058 1475 1112 nativitatis
1505 1056 1703 1111 Christi
1732 1056 1846 1109 lau-

267 1162 450 1224 dasse,
480 1166 537 1214 et
555 1165 678 1227 post
707 1154 760 1208 in
789 1152 1005 1207 deserto
1031 1149 1106 1202 illi
1136 1148 1469 1202 ministrasse
1495 1160 1649 1202 sacer
1672 1146 1847 1199 Evan-

267 1249 391 1321 gelii
426 1255 604 1303 textus
632 1246 1051 1305 commemoret,
1090 1252 1279 1293 verum
1315 1236 1478 1291 etiam
1514 1235 1569 1289 in
1609 1242 1847 1302 tempore

264 1335 537 1407 passionis
577 1342 633 1389 et
676 1328 1087 1387 resurrectionis
1134 1327 1283 1396 ejus,
1343 1326 1522 1380 debito
1570 1324 1619 1379 ei
1673 1322 1846 1378 ollicio

268 1428 416 1495 ipsos
456 1423 673 1477 atl'uisse
720 1418 1005 1474 manifeste
1055 1425 1276 1482 narret;
1338 1416 1679 1485 maximeque
1729 1415 1847 1470 illos

267 1513 418 1569 credi
443 1518 653 1582 oportet
682 1510 840 1578 hujus
866 1508 943 1563 rei
969 1522 1087 1562 esse
1115 1508 1354 1570 devotos,
1389 1506 1516 1576 quia
1543 1514 1743 1576 quanto
1763 1506 1846 1560 di-

267 1604 428 1673 gnius
461 1604 514 1657 in
555 1599 672 1669 ejus
715 1599 907 1653 militia
947 1598 1219 1663 militant,
1267 1605 1418 1651 tanto
1458 1596 1704 1651 devotius
1731 1594 1848 1665 ejus

267 1694 598 1763 triumphum
628 1690 868 1745 laudant.
917 1687 1117 1743 Novem
1144 1701 1272 1758 ergo
1294 1696 1420 1742 sunt
1450 1687 1666 1741 ordines
1688 1699 1850 1754 ange-

264 1785 476 1848 lorum,
503 1764 564 1837 ut
589 1791 775 1837 sancta
826 1779 1105 1848 Scriptura
1147 1778 1303 1832 nobis
1344 1776 1849 1832 commendatzhoc

264 1882 370 1939 est,
394 1872 605 1945 Angeli,
634 1869 979 1939 Arcbangeli,
1008 1869 1265 1934 Virtutes,
1295 1868 1654 1938 Principatus,
1686 1868 1847 1924 Pote-

264 1977 460 2033 states,
505 1964 929 2031 Dominationes,
976 1963 1197 2029 Throni,
1242 1962 1556 2028 Cherubim,
1592 1973 1647 2018 et
1690 1964 1850 2019 Sera-

1944 788 2171 842 virtutes
2199 796 2253 842 et
2273 795 2595 854 potestates;
2622 788 2924 843 in‘brachio
2963 790 3183 845 sinistro
3208 791 3334 845 item
3363 778 3519 857 duos,

1946 878 1999 931 id
2028 885 2130 942 est,
2154 877 2485 947 principatus
2512 884 2565 931 et
2585 878 3008 943 dominationes;
3042 881 3094 934 in
3126 882 3303 937 medio
3331 898 3519 948 unum,

1946 967 2001 1021 id
2040 974 2142 1032 est,
2189 967 2436 1031 thronos;
2481 968 2534 1020 in
2577 968 2840 1035 superiori
2884 981 3036 1038 parte
3074 970 3203 1025 item
3239 973 3392 1038 duos,
3420 958 3522 1028 hcc

1946 1065 2030 1111 est
2054 1097 2069 1122 ,
2116 1048 2394 1111 cherubim
2440 1063 2495 1110 et
2549 1057 2837 1126 seraphim.
2909 1058 3040 1124 Quae
3084 1061 3248 1115 etiam
3302 1062 3523 1119 nomina

1947 1148 2016 1203 ad
2060 1148 2272 1204 Domini
2317 1149 2484 1204 nostri
2531 1149 2657 1204 Jesu
2706 1150 2907 1205 Christi
2952 1152 3175 1220 gloriam
3219 1154 3522 1223 praedican-

1948 1242 2069 1297 dam
2105 1242 2238 1297 satis
2282 1241 2644 1308 conveniunt,
2694 1241 2918 1311 ejusque
2964 1244 3417 1312 magniﬁcentiam
3468 1252 3526 1298 et

1947 1332 2242 1401 potentiam
2290 1331 2614 1385 narrandam
2661 1330 2915 1385 decenter
2957 1340 3284 1400 competunt.
3351 1333 3521 1399 Quem

1948 1423 2093 1476 enim
2144 1422 2318 1491 angeli
2362 1429 2418 1475 et
2464 1420 2773 1492 archangeli
2822 1422 2877 1476 in
2923 1421 3107 1475 intima
3144 1431 3299 1491 parte
3345 1424 3525 1478 crucis

1948 1512 2109 1582 positi
2161 1511 2515 1578 denuntiant,
2558 1512 2661 1567 nisi
2708 1527 2830 1567 eum
2878 1512 2970 1581 qui
3018 1513 3083 1567 de
3131 1513 3270 1569 cmlo
3315 1514 3370 1568 in
3412 1521 3523 1569 ter-

1951 1617 2067 1656 ram
2111 1601 2426 1666 descendit,
2476 1602 2655 1670 magni
2703 1602 2954 1657 videlicet
2986 1602 3196 1657 consilii
3243 1603 3523 1673 angelum,

1952 1693 2020 1747 ad
2064 1692 2487 1747 annuntiandum
2511 1692 2806 1747 mansuetis
2840 1693 3084 1757 missum,
3117 1701 3175 1747 ut
3203 1692 3393 1748 fortior
3418 1693 3528 1747 l'or-

1952 1794 2061 1840 tcm
2106 1784 2397 1854 alligaret,
2443 1784 2665 1855 ejusque
2714 1799 2843 1839 vasa
2900 1784 3207 1853 diriperet?
3254 1785 3323 1839 Et
3367 1799 3528 1854 quem

1951 1876 2117 1930 alium
2167 1875 2416 1940 virtutes,
2455 1881 2769 1943 potestates,
2811 1873 3144 1944 principatus
3188 1883 3245 1929 et
3284 1874 3531 1929 domina-

1953 1971 2129 2026 tiones
2175 1968 2473 2040 prtedicant
2526 1968 2579 2021 in
2639 1966 2875 2022 brachiis
2936 1966 3114 2022 crucis
3162 1966 3378 2036 positi?
3423 1965 3531 2021 nisi

262 2057 440 2126 Phim-
504 2055 610 2112 scd
653 2056 722 2110 ad
760 2055 873 2110 hinc
905 2053 1221 2124 exponenda
1252 2053 1398 2108 δθίιιί
1428 2051 1671 2124 Gregorii
1700 2067 1850 2131 ρτιρεε
1878 2058 1924 2117 Β
1952 2074 2075 2114 eum
2105 2058 2171 2113 de
2215 2071 2322 2126 quo
2356 2056 2617 2124 scriptum
2648 2064 2732 2110 est
2757 2074 2770 2109 :
2795 2055 3022 2109 Dextera
3043 2054 3254 2109 Domini
3278 2055 3397 2124 fecit
3426 2056 3531 2109 vir-

264 2146 435 2201 verba
465 2160 728 2216 ponamus
754 2163 767 2199 :
797 2144 929 2200 Esse
956 2158 1188 2213 namque
1214 2143 1431 2212 angelos
1460 2151 1515 2197 et
1550 2143 1848 2214 archange-

264 2234 370 2295 los.
394 2250 532 2304 pene
554 2250 743 2290 omnes
766 2234 907 2289 sacri
930 2234 1128 2304 eloquii
1152 2234 1358 2305 paginae
1382 2240 1666 2288 testantur.
1711 2232 1851 2290 Che-

265 2325 444 2379 rubim
484 2340 696 2394 quoque
732 2334 789 2379 et
811 2324 1082 2394 seraphim
1107 2338 1268 2393 saepe,
1300 2333 1358 2377 ut
1381 2331 1565 2378 notum
1592 2330 1695 2388 est,
1726 2322 1850 2378 libri

265 2415 655 2486 prophetarum
698 2414 1006 2483 loquuntur.
1064 2412 1305 2480 Quatuor
1349 2426 1561 2483 quoque
1598 2413 1851 2469 ordinum

267 2504 485 2559 nomina
526 2502 720 2558 Paulus
757 2501 1028 2574 apostolus
1057 2502 1122 2556 ad
1158 2502 1419 2572 Ephesios
1457 2509 1739 2557 enumerat
1765 2501 1851 2556 di-

267 2609 402 2649 cens
432 2612 445 2648 :
476 2593 651 2664 Supra
693 2610 892 2648 omnem
930 2590 1294 2662 Principatum
1341 2600 1391 2645 et
1440 2589 1759 2645 Potestatem
1801 2598 1850 2643 et

282 2686 533 2741 Virtutem
550 2696 596 2740 et
614 2686 1051 2740 nominationem.
1076 2684 1176 2752 Qui
1207 2698 1396 2739 rursus
1416 2684 1482 2738 ad
1507 2682 1853 2738 Colossenses

270 2776 516 2831 scribens
560 2776 681 2829 ait:
716 2774 835 2830 Sive
882 2773 1097 2841 Throni,
1151 2775 1255 2828 sive
1305 2773 1719 2836 Dominationes,
1750 2773 1855 2827 sive

273 2866 627 2937 Principatus,
654 2868 759 2922 sive
782 2865 1088 2920 Potestates.
1114 2865 1516 2921 Dominationes
1536 2879 1685 2930 vero,
1706 2865 1856 2935 prin-

271 2960 485 3028 cipatus
513 2973 577 3014 ac
604 2966 898 3029 potestates
927 2958 1040 3028 jam
1085 2957 1152 3011 ad
1201 2958 1460 3027 Ephesios
1503 2958 1729 3027 loquens
1765 2957 1858 3012 de-

272 3049 591 3118 scripserat,
640 3048 735 3104 sed
786 3063 850 3103 ea
893 3062 1106 3118 quoque
1155 3046 1566 3102 Colossensibus
1611 3048 1857 3102 dicturus

271 3143 536 3214 prmmisit
578 3143 837 3209 thronos,
884 3143 950 3198 de
996 3143 1190 3213 quibus
1240 3158 1342 3197 nec
1387 3143 1516 3197 dum
1563 3142 1857 3211 quidquam

274 3232 524 3302 Ephesiis
567 3232 741 3287 fuerat
782 3232 1010 3287 locutus.
1074 3233 1209 3287 Dum
1255 3248 1384 3304 ergo
1432 3232 1539 3287 illis
1582 3239 1814 3302 quatuor
1839 3269 1855 3295 ,

271 3338 397 3392 qua:
444 3323 511 3377 ad
558 3322 819 3393 Ephesios
863 3323 1027 3391 dixit,
1077 3324 1130 3378 id
1180 3333 1301 3390 est,
1354 3324 1744 3394 principatibus
1803 3329 1859 3378 et

1948 2160 2128 2205 tutem.
2194 2148 2262 2202 Et
2300 2147 2430 2203 item
2471 2164 2484 2200 :
2527 2146 2668 2200 Data
2708 2156 2781 2200 est
2821 2147 2950 2201 mihi
2994 2146 3161 2200 omnis
3201 2155 3427 2215 potestas
3476 2147 3531 2200 in

1948 2239 2075 2295 cazlo
2099 2247 2146 2293 et
2177 2239 2233 2292 in
2262 2248 2423 2292 terra.
2466 2236 2708 2307 Itemque
2738 2255 2751 2290 :
2781 2235 2852 2289 Et
2888 2236 3058 2305 factus
3104 2249 3178 2290 est
3209 2237 3533 2307 principatus

1947 2347 2103 2402 super
2142 2330 2413 2384 humerum
2459 2329 2594 2399 ejus,
2639 2338 2687 2382 et
2727 2328 2994 2382 vocabitur
3035 2344 3219 2382 nomen
3261 2328 3396 2397 ejus,
3431 2327 3534 2380 ad-

1949 2420 2229 2487 mirabilis,
2280 2418 2633 2485 consiliarius,
2665 2418 2804 2473 Deus
2843 2419 3016 2489 fertis,
3052 2428 3202 2488 pater
3229 2419 3395 2489 futuri
3429 2434 3532 2473 sa:-

1949 2509 2080 2575 culi,
2104 2510 2338 2580 princeps
2358 2510 2523 2579 pacis.
2575 2509 2642 2562 Et
2669 2509 2797 2562 item
2830 2525 2842 2561 :
2870 2508 2934 2561 Et
2961 2509 3319 2563 dominabitur
3340 2524 3373 2561 a
3400 2507 3536 2562 mari

1950 2617 2112 2672 usque
2144 2599 2213 2653 ad
2248 2616 2409 2665 mare,
2444 2610 2493 2654 et
2527 2617 2559 2653 a
2600 2601 2817 2669 ﬂumine
2857 2616 3019 2670 usque
3056 2600 3126 2652 ad
3173 2600 3420 2653 terminos
3450 2615 3514 2653 or

1952 2690 2029 2743 bis
2054 2698 2224 2744 terrae.
2257 2690 2459 2745 Throni
2493 2706 2623 2761 ergo
2672 2691 2724 2744 in
2753 2690 2928 2745 medio
2950 2690 3128 2745 crucis
3152 2690 3348 2760 positi,
3377 2703 3539 2759 quem

1952 2779 2116 2832 alium
2148 2779 2199 2833 in
2229 2793 2285 2833 se
2314 2780 2503 2834 sedere
2533 2780 2757 2834 notant?
2782 2780 2888 2835 nisi
2926 2778 3073 2833 illum
3105 2780 3193 2834 cui
3221 2779 3426 2834 dictum
3452 2787 3537 2834 est

1950 2869 2209 2940 Apostolo
2240 2877 2413 2925 teste:
2441 2869 2679 2923 Thronus
2703 2879 2845 2934 tuus,
2875 2868 3029 2935 Deus,
3072 2869 3126 2922 in
3153 2869 3403 2923 streulum
3436 2884 3540 2922 sa:-

1954 2960 2107 3026 culi,
2156 2962 2299 3031 virga
2340 2971 2480 3014 recta
2523 2969 2598 3014 est
2644 2961 2788 3030 virga
2838 2961 2981 3029 regni
3028 2961 3125 3012 tui.
3193 2960 3261 3013 Et
3310 2958 3539 3012 Psalmi-

1954 3059 2038 3104 sta
2067 3069 2080 3103 :
2105 3048 2285 3115 Sedes,
2321 3049 2514 3120 inquit,
2550 3066 2706 3119 super
2733 3050 2971 3114 thronos,
3016 3048 3105 3119 qui
3140 3048 3357 3119 judicas
3383 3047 3546 3117 η’ᾳυὶ-

1955 3151 2135 3196 tatem.
2184 3142 2253 3195 Et
2290 3158 2448 3211 quem
2495 3141 2773 3196 cherubim
2823 3141 3201 3211 seraphimque
3241 3139 3547 3210 signiﬁcant

1957 3233 2012 3288 in
2043 3247 2170 3289 arce
2197 3234 2376 3289 crucis
2401 3234 2607 3303 positi?
2632 3234 2734 3288 nisi
2768 3249 2892 3289 eum
2918 3235 2982 3289 de
3014 3248 3121 3303 quo
3157 3234 3288 3287 dicit
3315 3233 3543 3301 Aposto-

1956 3322 2043 3378 lus
2082 3341 2096 3377 :
2130 3323 2197 3377 In
2223 3339 2326 3394 quo
2359 3332 2480 3377 sunt
2515 3339 2689 3376 omnes
2724 3323 2955 3376 thesauri
2991 3322 3260 3391 sapientia:
3293 3330 3340 3375 et
3377 3321 3547 3374 scien-

272 3412 652 3481 potestatibus,
700 3413 988 3468 virtutibus
1028 3422 1190 3483 atque
1218 3414 1692 3479 dominationibus,
1731 3429 1861 3469 con-
1886 3402 1931 3465 C
1963 3413 2051 3468 tia:
2090 3412 2399 3466 absconditi.
2461 3411 2529 3465 Et
2561 3412 2690 3465 item
2732 3429 2746 3465 :
2790 3411 2933 3465 Deus
2973 3421 3147 3466 noster
3182 3411 3315 3479 ignis
3354 3426 3547 3464 consu-

271 3503 572 3574 junguntur
615 3503 817 3569 throni,
860 3504 1096 3573 quinque
1153 3512 1278 3559 sunt
1327 3505 1563 3570 ordines,
1608 3505 1700 3574 qui
1741 3519 1861 3573 spe-

278 3595 494 3650 cialiter
542 3596 964 3665 exprimuntur;
1010 3596 1207 3664 quibus
1263 3597 1389 3651 dum
1441 3596 1615 3668 angeli
1666 3604 1720 3652 et
1767 3612 1860 3651 ar-

276 3683 549 3754 changeli,
599 3684 876 3738 cherubim
910 3692 1071 3754 atque
1114 3685 1384 3755 seraphim
1429 3684 1676 3754 adjuncta
1710 3694 1860 3753 sunt,

277 3774 472 3845 procul
501 3774 664 3829 dubio
694 3789 885 3829 novem
929 3790 1049 3832 esse
1089 3777 1400 3847 angelorum
1444 3779 1663 3835 ordines
1709 3780 1862 3834 inve-

280 3866 528 3921 niuntur.
586 3864 738 3921 Unde
777 3873 831 3922 et
871 3866 973 3938 ipsi
1013 3866 1224 3939 angelo,
1255 3868 1346 3938 qui
1376 3870 1585 3939 primus
1613 3871 1863 3926 conditus

280 3966 388 4024 est,
436 3972 534 4029 per
579 3960 898 4030 prophetam
944 3961 1140 4017 dicitur
1168 3980 1181 4015 :
1214 3961 1292 4016 Tu
1333 3962 1663 4033 signaculum
1717 3964 1865 4017 simi-

282 4050 525 4106 litudinis
547 4090 562 4114 ,
607 4051 788 4121 plenus
824 4052 1081 4120 sapientia
1131 4061 1180 4107 et
1214 4054 1483 4124 perfectus
1530 4054 1752 4120 decore,
1809 4054 1866 4108 in

285 4139 490 4194 deliciis
525 4139 759 4210 paradisi
801 4140 899 4194 Dei
945 4141 1115 4211 fuisti.
1170 4141 1287 4210 Quo
1335 4144 1629 4199 notandum
1654 4185 1669 4210 ,
1721 4146 1867 4215 quod

285 4233 497 4304 primus
541 4233 761 4303 angelus
800 4249 907 4288 non
954 4235 1023 4289 ad
1068 4236 1472 4291 similitudinem
1523 4237 1619 4292 Dei
1667 4237 1865 4305 factus,

288 4324 386 4380 sed
429 4324 760 4395 signaculum
805 4325 1169 4382 similitudinis
1211 4327 1430 4394 dicitur,
1478 4337 1539 4382 ut
1583 4343 1691 4398 quo
1742 4329 1869 4384 sub-

289 4417 438 4471 tilior
494 4424 577 4472 est
621 4424 832 4482 natura,
881 4432 946 4473 eo
994 4419 1049 4473 in
1103 4419 1192 4473 illo
1237 4418 1415 4490 imago
1462 4420 1691 4475 similius
1741 4420 1871 4475 insi-

292 4522 493 4568 nuetur
529 4529 801 4585 expressa.
854 4515 971 4584 Quo
1015 4516 1067 4570 in
1108 4515 1225 4571 loco
1251 4531 1371 4570 mox
1423 4516 1671 4572 subditur
1703 4533 1716 4569 :
1744 4515 1872 4570 0m-

293 4606 375 4659 nis
410 4603 543 4674 lapis
580 4606 834 4675 pretiosus
882 4607 1252 4676 aperimentum
1300 4616 1468 4673 tuum,
1517 4606 1750 4671 sardins,
1794 4613 1873 4658 to-

291 4696 500 4766 pazius,
545 4704 591 4749 et
627 4696 819 4766 jaspis,
858 4695 1190 4766 chrysolitus,
1239 4698 1383 4761 enix,
1430 4705 1477 4749 et
1521 4694 1754 4761 berillus,
1792 4712 1875 4748 sa-

294 4789 479 4859 phirus
507 4829 523 4855 ,
566 4789 914 4849 carbunculus
944 4828 960 4855 ,
1002 4798 1048 4843 et
1091 4788 1422 4858 smaragdus.
1490 4787 1632 4841 Ecce
1679 4800 1874 4840 novem

296 4879 436 4933 dixit
480 4878 696 4934 nomina
742 4879 1000 4950 lapidum,
1053 4878 1180 4948 quia
1214 4876 1457 4948 profecto
1498 4890 1691 4931 novem
1748 4883 1875 4931 sunt

296 4968 516 5023 ordines
560 4969 890 5040 angelorum.
938 4968 1142 5037 Quibus
1186 4968 1442 5023 nimirum
1482 4967 1759 5027 ordinibus
1788 4966 1879 5020 ille

299 5057 510 5128 primus
562 5059 807 5131 angelus,
852 5060 972 5115 ideo
1018 5070 1240 5116 ornatus
1290 5067 1344 5114 et
1387 5067 1672 5129 coopertus
1710 5057 1880 5112 exsti-

303 5145 390 5211 tit,
445 5147 570 5215 quia
613 5148 740 5202 dum
791 5149 1001 5204 cunctis
1036 5149 1339 5220 agminibus
1387 5148 1698 5216 angelorum
1745 5162 1883 5218 prae-

303 5232 449 5289 latus
482 5245 584 5300 est,
629 5251 696 5291 ex
742 5253 930 5293 eorum
973 5239 1375 5306 comparatione
1425 5238 1618 5293 clarior
1669 5236 1789 5291 fuit.

378 5326 487 5382 Sed
530 5328 645 5383 hzec
687 5328 968 5400 dispositio
996 5331 1048 5385 in
1082 5346 1244 5386 cruce
1277 5346 1470 5385 novem
1506 5329 1752 5385 ordinum
1782 5344 1880 5383 an-

305 5413 550 5488 gelorum
591 5419 733 5486 quod
773 5420 927 5473 nobis
975 5420 1298 5477 sacramenti
1343 5422 1547 5484 innuat,
1596 5433 1885 5487 proscqua~

306 5522 452 5562 mur.
502 5508 670 5564 Tenet
706 5524 835 5580 ergo
870 5510 985 5566 haec
1017 5527 1222 5582 speetcs
1249 5520 1449 5567 sanctae
1487 5509 1664 5565 crucis
1706 5509 1758 5562 in
1797 5509 1882 5562 in-

308 5594 497 5653 feriori
535 5613 631 5654 sua
670 5608 865 5671 parte,
910 5599 1044 5656 duos
1089 5602 1306 5658 ordines
1330 5643 1345 5669 ,
1400 5601 1452 5657 id
1494 5607 1578 5658 est
1602 5638 1619 5665 ,
1668 5598 1885 5669 angelos

1961 3519 2105 3557 mens
2137 3511 2233 3556 est.
2276 3502 2565 3557 Cherubim
2609 3501 2805 3571 quippe
2848 3500 3125 3571 plenitudo
3173 3499 3442 3565 scientiae,
3493 3506 3551 3554 et

1962 3594 2235 3665 seraphim
2278 3594 2529 3649 ardentes
2572 3592 2654 3648 vel
2697 3593 3044 3649 incendentes
3097 3594 3547 3664 interpretantur.

1965 3683 2072 3740 Sed
2113 3686 2228 3739 huic
2272 3700 2378 3739 non
2418 3685 2492 3738 ita
2530 3685 2888 3754 praedicamus
2936 3685 3002 3739 de
3049 3683 3352 3762 ordinibus.
3382 3698 3548 3755 ange-

1963 3776 2139 3831 lorum
2165 3815 2181 3842 ,
2219 3776 2372 3845 quasi
2417 3775 2693 3847 unigenito
2735 3775 2854 3829 illos
2900 3789 3279 3843 coaeqncmus;
3316 3774 3409 3828 sed
3447 3788 3547 3843 per

1966 3867 2218 3937 subjecta:
2258 3874 2520 3922 creaturae
2562 3866 2734 3921 otlicia
2772 3874 2828 3920 et
2856 3867 3072 3920 nomina
3109 3864 3545 3935 dispensationis,

1967 3960 2111 4016 illius
2160 3966 2500 4015 sacramenta
2536 3972 2876 4012 veneramur.
2935 3955 3031 4010 Est
3070 3954 3213 4009 enim
3254 3954 3369 4024 ipse
3410 3953 3553 4009 Deus

1968 4063 2022 4109 et
2057 4052 2317 4108 Dominus
2344 4050 2675 4121 angelorum,
2714 4057 2840 4103 ante
2864 4046 3047 4103 omnia
3076 4045 3326 4100 videlicet
3355 4043 3553 4100 saecula

1968 4161 2037 4202 ex
2066 4145 2176 4200 Deo
2205 4144 2365 4198 Patre
2393 4142 2623 4213 genitus,
2656 4140 2760 4195 hoc
2784 4147 2888 4202 est,
2928 4138 2994 4194 de
3019 4136 3321 4192 substantia
3351 4134 3551 4200 Patris,
3590 4184 3597 4191 .

1970 4237 2062 4308 qui
2085 4236 2140 4290 in
2168 4234 2462 4289 novissima
2489 4240 2706 4288 :etatum
2738 4228 2920 4286 sceculi
2942 4244 3008 4284 ex
3032 4227 3238 4299 virgine
3260 4234 3431 4283 matre
3458 4240 3557 4279 na-

1971 4339 2080 4395 tus,
2108 4337 2358 4384 naturam
2393 4327 2447 4381 in
2476 4342 2534 4382 se
2568 4324 2805 4395 suscepit
2833 4324 3144 4387 humanam,
3184 4320 3249 4374 ad
3284 4318 3559 4375 debellan-

1974 4422 2101 4477 dum
2125 4420 2330 4476 scilicet
2369 4418 2551 4473 mundi
2574 4416 2872 4488 principem
2897 4415 3114 4478 missus,
3146 4420 3208 4467 ut
3232 4410 3558 4482 exspoliarct

1974 4514 2309 4585 principatus
2335 4520 2389 4566 et
2424 4518 2740 4582 potestates,
2775 4508 2950 4577 palam
2997 4505 3334 4574 triumphans
3368 4519 3461 4558 eos
3504 4503 3558 4558 in

1976 4603 2297 4671 semetipso;
2322 4615 2480 4670 quem
2511 4598 2668 4653 Pater
2686 4597 2954 4650 suscitavit
2978 4612 3008 4647 a
3030 4594 3269 4658 mortuis,
3292 4602 3338 4646 et
3362 4597 3561 4645 consti-

1977 4706 2126 4752 tuens
2150 4697 2217 4750 ad
2245 4696 2511 4749 dexteram
2552 4707 2703 4746 suam
2739 4691 2794 4743 in
2831 4688 3136 4751 cwlestibus,
3165 4702 3323 4755 supra
3353 4700 3559 4738 onmem

1976 4786 2325 4857 principatum
2347 4792 2392 4835 et
2412 4789 2714 4851 potestatem
2735 4787 2782 4832 et
2804 4778 3038 4831 virtutem
3063 4786 3109 4829 et
3130 4774 3560 4839 dominationem,

1978 4888 2024 4933 et
2055 4892 2203 4931 omne
2229 4889 2413 4928 nomen
2441 4870 2579 4942 quod
2603 4870 2901 4922 nominatur
2927 4884 3028 4921 non
3055 4864 3222 4920 solum
3250 4865 3306 4918 in
3332 4865 3426 4917 hoc
3462 4879 3561 4917 εαξ-

1981 4966 2119 5031 culo,
2150 4965 2239 5019 sed
2265 4964 2421 5018 etiam
2450 4964 2503 5016 in
2534 4961 2732 5032 futuro.
2786 4957 2977 5013 Omnia
3020 4957 3238 5027 subjecit
3278 4955 3372 5009 sub
3416 4954 3563 5025 pedi-

1983 5058 2077 5112 bus
2110 5057 2245 5126 ejus,
2275 5065 2319 5109 et
2346 5055 2515 5123 ipsum
2550 5052 2691 5105 dedit
2717 5060 2871 5121 caput
2902 5066 3061 5119 supra
3087 5048 3263 5103 omnia
3292 5044 3560 5112 Ecclesiae,

1983 5165 2101 5219 qua:
2130 5157 2204 5201 est
2231 5163 2415 5216 corpus
2449 5145 2632 5214 ipsius.
2682 5141 2882 5197 Novem
2919 5154 3048 5210 ergo
3089 5138 3279 5191 littera:
3309 5136 3563 5206 majores,

1987 5252 2108 5308 qua:
2142 5237 2194 5291 in
2226 5236 2330 5290 hac
2358 5235 2550 5304 pagina
2582 5232 2817 5303 speciem
2857 5229 3034 5283 crucis
3066 5225 3291 5294 faciunt,
3337 5228 3440 5282 hoc
3479 5242 3566 5283 so-

1989 5338 2143 5394 nant,
2188 5328 2376 5383 CRVX
2419 5326 2674 5392 SALVS;
2715 5326 3021 5392 habentque
3065 5322 3285 5392 singula:
3328 5321 3567 5393 singulos

1988 5421 2207 5476 ordines
2234 5418 2549 5489 angelorum
2577 5438 2589 5472 :
2614 5416 2756 5486 quod
2790 5414 2946 5468 facile
2983 5412 3202 5468 cuilibet
3232 5412 3439 5484 patebit
3472 5412 3565 5482 qui

1990 5513 2198 5569 litteras
2233 5512 2418 5580 novit,
2452 5520 2505 5569 et
2531 5510 2750 5567 nomina
2778 5522 2973 5564 novem
2998 5505 3247 5565 ordinum
3271 5520 3381 5562 non
3422 5503 3572 5576 igno-

1992 5608 2098 5656 rat.
