4016 6494
240 371 345 430 165

1238 365 1328 420 DE
1365 361 1710 419 LAUDIBUS
1750 359 1809 416 S.
1850 358 2119 419 CRUCIS.
2157 391 2227 404 --
2265 363 2392 420 LIB.
2432 365 2476 422 1.

1395 493 1911 558 DECLARATIO
1954 495 2299 560 FIGURJE.

305 690 364 746 In
391 689 493 746 hac
523 688 704 760 itaque
730 687 924 760 pagina
953 701 1085 743 crux
1108 686 1342 753 Domini,
1366 686 1524 743 simul
1539 702 1658 744 cum
1683 687 1818 758 ﬁgu-
1844 689 1895 750 Α
1921 701 2081 757 quem
2107 702 2167 743 se
2195 687 2454 746 Dominus
2482 690 2536 746 in
2568 687 2768 747 terram
2792 691 3005 747 mittere
3041 700 3094 747 et
3119 699 3177 746 ut
3204 692 3420 747 arderet
3443 705 3503 748 se

233 789 315 846 ris
351 786 622 857 seraphim
666 793 721 839 et
758 782 1037 838 cherubim
1075 783 1221 838 circa
1267 797 1325 838 se
1374 781 1583 852 positis,
1612 781 1821 851 depicta

234 879 649 950 conscriptaque
691 875 951 931 cernitur.
983 874 1114 943 Quae
1145 875 1264 930 ideo
1307 873 1362 928 in
1407 873 1507 929 hoc
1554 889 1688 944 opus
1731 873 1821 930 hic

230 973 670 1035 introducuntur,
700 976 762 1022 ut
785 967 1123 1031 ostendatur,
1168 974 1368 1037 quanta
1410 965 1714 1036 provisione
1754 979 1820 1020 ac

233 1064 658 1136 dispensatione,
682 1060 863 1117 divina
884 1059 1168 1115 clementia
1199 1059 1437 1114 humano
1464 1058 1644 1130 generi
1676 1073 1819 1113 sem-

232 1173 334 1227 per
355 1155 582 1211 salutem
603 1168 756 1209 suam
778 1151 1172 1223 procuraverit,
1195 1166 1318 1206 cum
1339 1159 1394 1207 et
1418 1151 1470 1206 in
1499 1151 1629 1221 ipsis
1655 1150 1818 1221 spiri-

234 1247 380 1301 tibus
405 1244 674 1316 Angclicis
716 1257 814 1314 per
853 1242 1227 1314 propheticam
1256 1241 1657 1307 revelationem,
1699 1255 1819 1312 spe-

233 1337 374 1391 ciem
419 1333 804 1404 redemptionis
830 1341 1030 1388 nostra:
1057 1340 1182 1386 ante
1205 1332 1374 1387 videri
1397 1331 1587 1398 voluit,
1633 1342 1687 1387 et
1721 1347 1817 1403 per

232 1438 400 1494 opera
427 1424 741 1493 prophetica
763 1423 817 1477 in
843 1423 1173 1478 tabernaculi
1199 1423 1489 1494 templique
1511 1423 1670 1478 aditis
1695 1438 1818 1478 con-

233 1521 466 1577 structa,
505 1513 557 1567 id
579 1521 682 1576 est,
710 1512 764 1566 in
795 1511 927 1581 ipsis
963 1511 1242 1568 cherubim
1279 1512 1436 1582 juxta
1465 1527 1646 1567 arcam
1674 1511 1815 1566 ultra

232 1604 415 1658 velum
439 1601 650 1672 positis,
684 1610 943 1656 mternam
987 1602 1420 1672 propitiationem
1469 1602 1669 1656 mundo
1699 1601 1818 1656 inti-

235 1708 390 1749 mare
415 1691 671 1749 decrevit.
700 1691 955 1758 Proinde,
979 1692 1107 1748 licet
1149 1693 1317 1748 multa
1345 1691 1496 1746 multi
1537 1693 1603 1748 de
1628 1691 1812 1747 habitu

235 1793 294 1839 et
318 1783 425 1839 situ
448 1784 640 1838 horum
665 1781 978 1837 animalium
1003 1783 1340 1852 interpretati
1369 1783 1500 1848 sint,
1527 1791 1583 1838 et
1605 1783 1708 1837 alia
1735 1790 1816 1837 at-

236 1887 346 1943 que
369 1870 472 1926 alia
501 1870 710 1926 diverso
737 1870 874 1941 stylo
903 1887 1011 1926 non
1035 1871 1245 1926 diversa
1273 1871 1376 1926 ﬁde
1414 1872 1772 1942 scriptitarint
1797 1887 1812 1936 ;

234 1963 582 2020 mibitamen
613 1978 719 2017 non
761 1963 1052 2033 incongrue
1081 1960 1295 2017 videtur
1336 1962 1505 2033 (salva
1550 1961 1814 2032 majorum

1921 778 2056 834 velle
2097 786 2322 834 testatus
2365 789 2465 836 est.
2499 781 2568 837 Et
2595 783 2789 838 merito
2833 784 2972 837 trina
3002 798 3134 837 voce
3173 783 3241 836 ad
3285 782 3500 836 laudent

1919 879 2120 926 sancta:
2153 869 2435 927 Trinitatis
2460 887 2651 930 omnes
2678 874 2882 930 electos
2921 874 3366 939 cohortabantur,
3395 873 3500 928 hoc

1918 970 2024 1027 est,
2065 977 2160 1017 eos
2189 962 2283 1034 qui
2313 972 2440 1020 ante
2475 966 2765 1022 adventum
2816 965 3114 1022 Salvatoris
3158 965 3401 1030 fuerunt,
3449 973 3504 1021 et

1916 1051 2010 1122 qui
2046 1051 2098 1106 in
2126 1055 2413 1122 prtesentia
2446 1055 2834 1113 incarnationis
2853 1057 2970 1127 ejus
3001 1058 3274 1122 vixerunt,
3303 1057 3504 1127 quique

1917 1143 2092 1198 adhuc
2127 1160 2297 1214 usque
2327 1145 2384 1200 in
2409 1145 2571 1201 ﬁnem
2611 1147 2796 1202 mundi
2825 1156 2945 1218 post
2976 1148 3347 1203 ascensionem
3383 1147 3504 1218 ejus

1917 1238 1971 1293 in
1997 1237 2164 1293 caelos
2193 1238 2260 1292 ad
2288 1236 2450 1293 ﬁdem
2475 1238 2825 1293 convertendi
2848 1250 2993 1304 sunt;
3021 1240 3149 1309 quia
3174 1254 3364 1296 omnes
3393 1253 3502 1294 una

1916 1327 2099 1399 passio
2145 1327 2349 1383 Christi
2399 1328 2561 1382 simul
2609 1329 2860 1394 redemit,
2908 1331 2974 1384 de
3009 1327 3209 1385 Iudicis
3253 1331 3505 1387 videlicet

1915 1427 2077 1488 atque
2102 1418 2369 1489 gentibus.
2399 1418 2476 1473 De
2503 1426 2700 1474 cetero
2735 1418 3014 1474 cherubim
3047 1418 3138 1474 illa
3181 1434 3302 1489 quae
3331 1419 3384 1474 in
3417 1429 3501 1474 ta-

1915 1506 2208 1563 bernaculo
2247 1507 2363 1562 sive
2409 1507 2610 1578 templo
2657 1506 2920 1562 fabricata
2964 1516 3142 1573 erant,
3185 1507 3310 1578 quid
3357 1507 3503 1562 aliud

1914 1600 2230 1656 extensione
2257 1599 2464 1654 alarum
2492 1615 2714 1654 suarum
2743 1615 2908 1670 quam
2935 1600 3115 1656 crucis
3136 1599 3337 1655 Christi
3368 1599 3498 1654 ima-

1915 1689 2094 1760 ginem
2125 1688 2520 1760 prmferebant?
2547 1689 2623 1744 De
2653 1689 2850 1759 quibus
2873 1689 3012 1744 bene
3041 1688 3094 1742 in
3125 1689 3264 1743 libro
3293 1687 3500 1758 Regum

1916 1765 2123 1846 narrat,
2154 1779 2296 1850 quod
2331 1778 2472 1834 facta
2513 1787 2698 1835 essent
2740 1777 2929 1834 decem
2964 1779 3272 1834 cubitorum
3315 1777 3503 1832 altitu-

1917 1871 2032 1938 nis,
2062 1880 2116 1926 et
2143 1871 2330 1926 decem
2355 1869 2567 1925 cubitos
2594 1870 2858 1925 haberent
2881 1885 2912 1924 a
2937 1869 3249 1926 summitate
3291 1869 3388 1923 alae
3414 1883 3504 1923 us-

1916 1977 2023 2032 que
2052 1963 2121 2018 ad
2167 1962 2268 2016 alae
2315 1961 2540 2016 alterius
2585 1962 2973 2016 summitatem.
3010 1962 3092 2016 Ad
3139 1961 3291 2031 cujus
3334 1961 3503 2016 etiam

232 2052 552 2120 traditione)
584 2051 699 2122 ipsa
729 2052 976 2106 animalia
1005 2053 1192 2108 habitu
1243 2068 1360 2116 suo,
1405 2061 1604 2107 sanctae
1643 2052 1820 2107 crucis
1847 2049 1895 2108 B
1924 2051 2330 2107 instarhumani
2346 2051 2590 2121 corporis
2616 2051 2790 2106 forma
2811 2052 3112 2122 comparari
3134 2050 3504 2122 potest,cujus

230 2141 530 2211 exemplari
563 2140 806 2212 ﬁguram,
837 2157 960 2196 cum
984 2151 1038 2198 et
1070 2141 1349 2196 intervalla
1377 2142 1544 2213 ipsius
1569 2140 1816 2197 localiter

231 2244 476 2298 servent,
508 2243 565 2288 et
591 2249 804 2290 sursum
839 2243 999 2305 atque
1023 2234 1297 2299 deorsum,
1343 2233 1396 2288 in
1425 2235 1703 2289 dexteram
1732 2243 1818 2288 at-

229 2338 342 2392 que
380 2324 653 2378 sinistram
681 2325 787 2379 situ
808 2339 908 2380 suo
932 2324 1181 2380 similiter
1204 2324 1548 2395 protendant.
1577 2323 1818 2393 Denique

229 2416 506 2484 seraphim
534 2416 797 2485 propheta
835 2415 1001 2471 Isaias
1044 2415 1186 2471 inter
1231 2415 1335 2470 alia
1382 2416 1454 2470 ita
1503 2423 1688 2469 narrat
1731 2413 1815 2468 di-

229 2521 408 2560 cens:
450 2504 570 2559 Vidi
614 2505 898 2560 Dominum
944 2506 1204 2560 sedentem
1251 2523 1409 2578 super
1431 2504 1621 2560 solium
1651 2503 1820 2559 excel-

228 2613 348 2650 sum
391 2606 439 2650 et
489 2595 766 2662 eleuatum,
812 2605 860 2651 et
902 2613 964 2650 ea
988 2613 1106 2668 qua:
1151 2595 1246 2650 sub
1275 2613 1335 2651 eo
1361 2605 1510 2650 erant
1556 2594 1817 2665 replebant

228 2687 500 2758 templum.
533 2687 810 2758 Seraphim
855 2688 1064 2743 stabant
1103 2705 1260 2758 super
1283 2687 1438 2754 illud,
1485 2704 1576 2742 seat
1601 2687 1701 2742 ala:
1726 2687 1818 2740 uni

229 2786 278 2830 et
303 2792 395 2831 sex
419 2777 519 2832 ala!
562 2777 737 2844 alteri,
767 2778 974 2832 duabus
1019 2779 1256 2833 uelabant
1286 2779 1496 2849 faciem,
1527 2789 1574 2832 et
1613 2778 1818 2832 duabus

225 2867 471 2922 uelabant
505 2868 678 2939 pedes,
719 2877 768 2922 et
809 2868 1013 2922 duabus
1033 2867 1300 2934 volabant,
1325 2877 1373 2922 et
1399 2867 1660 2922 clamabat
1686 2866 1819 2921 alter

226 2957 301 3010 ad
327 2954 568 3022 alterum,
595 2967 643 3010 et
665 2955 868 3011 dicebat
894 2975 908 3012 :
938 2955 1189 3023 Sanctus,
1220 2967 1456 3022 sanctus,
1481 2965 1692 3010 sanctus
1719 2954 1818 3010 Do-

228 3048 410 3100 minus
448 3046 584 3102 Deus
612 3049 954 3116 exercituum,
979 3048 1134 3120 plena
1177 3057 1253 3104 est
1277 3049 1445 3104 omnis
1471 3058 1613 3103 terra
1646 3048 1817 3119 gloria

227 3137 365 3205 ejus.
416 3135 552 3204 Quid
586 3152 715 3208 ergo
740 3139 876 3193 situs
899 3139 1001 3195 iste
1028 3153 1280 3194 senarum
1307 3138 1514 3193 alarum
1540 3139 1815 3210 seraphim

223 3225 560 3297 prmﬁgnrat,
581 3227 685 3282 nisi
712 3229 889 3284 crucis
913 3228 1116 3285 Christi
1137 3229 1463 3300 imaginem?
1491 3229 1599 3285 Illa:
1614 3230 1815 3300 quippe

225 3315 328 3369 alte
354 3331 474 3385 qua:
493 3317 828 3386 superiorem
855 3327 1064 3389 partem
1093 3320 1338 3390 corporis
1363 3319 1467 3386 sui,
1495 3320 1550 3376 id
1586 3329 1692 3386 est,
1728 3319 1812 3375 l‘a-

222 3405 370 3460 ciem
384 3406 653 3472 velabant,
678 3409 820 3478 quod
843 3425 1057 3465 sursum
1073 3411 1141 3466 ad
1163 3418 1324 3480 caput
1350 3419 1547 3466 erectae
1575 3412 1705 3476 sint,
1727 3426 1816 3466 ne-
1841 3401 1887 3464 C

222 3512 383 3551 cesse
416 3506 500 3552 est
529 3506 583 3552 et
623 3499 693 3554 ob
737 3501 838 3556 hoc
877 3502 1210 3572 superiorem
1257 3509 1466 3571 partem
1517 3501 1696 3557 crucis
1724 3503 1816 3558 de-

225 3600 535 3646 monstrent
562 3591 907 3647 manil‘cstum
939 3601 1041 3648 est.
1090 3592 1199 3649 illa:
1224 3601 1402 3648 autem
1424 3609 1544 3664 quae
1570 3592 1814 3651 inﬁmam

223 3695 464 3754 partem,
499 3685 552 3738 id
593 3693 695 3750 est,
723 3685 888 3754 pedes
915 3685 1186 3752 velabant,
1217 3686 1486 3756 quomodo
1527 3687 1632 3742 nisi
1661 3686 1816 3742 deor-

223 3794 349 3833 sum
380 3777 638 3833 dimissas
669 3792 790 3832 esse
818 3779 1143 3833 credendum
1187 3788 1290 3845 est,
1337 3787 1393 3836 et
1431 3779 1501 3835 ob
1529 3780 1633 3835 hoc
1681 3777 1817 3834 infe-

223 3867 430 3922 riorem
460 3875 667 3936 partem
703 3867 880 3922 crucis
924 3867 1249 3938 signiﬁcare.
1308 3868 1413 3924 Illa:
1467 3877 1650 3924 autem
1695 3868 1817 3924 duae

223 3973 351 4026 quae
392 3957 460 4011 ad
490 3957 775 4012 volandum
819 3965 1056 4013 extensae
1098 3967 1244 4025 sunt,
1293 3958 1423 4029 quid
1474 3958 1618 4014 aliud
1651 3973 1814 4028 quam

224 4057 602 4104 transversum
628 4050 810 4107 crucis
851 4050 1077 4123 lignum,
1108 4053 1164 4108 in
1201 4067 1310 4123 quo
1349 4052 1570 4108 brachia
1606 4064 1662 4109 et
1695 4069 1814 4109 ma-

224 4155 333 4193 nus
367 4149 602 4194 extensae
628 4149 773 4209 sunt,
823 4141 1040 4198 Domini
1086 4144 1430 4216 signiﬁcant?
1478 4145 1547 4200 Et
1591 4146 1816 4216 proinde

225 4227 284 4281 in
313 4227 582 4296 positione
615 4245 710 4284 sex
753 4231 972 4288 alarum'
1003 4235 1298 4304 seraphim,
1335 4235 1620 4292 manifeste
1651 4238 1816 4294 totius

226 4314 413 4368 crucis
437 4314 637 4372 Christi
665 4319 999 4390 signaculum
1024 4338 1338 4394 expressum
1374 4341 1494 4382 esse
1536 4342 1696 4382 nemo
1730 4343 1818 4382 sa-

225 4403 385 4474 piens
409 4405 636 4461 dubitat.
673 4407 818 4465 Bene
857 4427 1070 4482 quoque
1112 4414 1228 4483 ipsa
1260 4415 1572 4472 incedentes
1609 4417 1694 4472 vel
1734 4432 1819 4472 αι*-

226 4495 421 4550 dentes
460 4495 906 4569 interpretantur,
951 4506 1076 4574 quia
1126 4506 1269 4562 illam
1318 4505 1548 4563 formam
1594 4509 1818 4564 demon-

226 4595 426 4652 strant,
459 4586 513 4643 in
538 4605 643 4660 qua
684 4604 950 4664 superata:
985 4607 1109 4653 sunt
1147 4614 1334 4656 omnes
1365 4601 1690 4656 adversaria:
1715 4616 1813 4672 po-

228 4684 479 4744 testates,
511 4688 568 4734 et
595 4683 759 4740 totius
796 4688 980 4742 mundi
1029 4701 1250 4759 peccata
1293 4702 1611 4763 consumpta
1652 4703 1816 4764 atque

229 4764 407 4822 deleta
423 4778 572 4840 sunt,
587 4770 697 4831 imo
719 4773 896 4846 ignem
913 4777 1062 4833 illum
1085 4779 1270 4838 electis
1291 4782 1386 4838 Dei
1408 4784 1808 4848 commendant,

1842 4747 1894 4805 D

1918 2156 2055 2213 pene
2090 2151 2239 2198 tanta
2279 2141 2508 2196 latitudo
2532 2151 2616 2196 est
2643 2141 2697 2196 in
2733 2141 3050 2196 extensione
3088 2141 3434 2196 brachiorum
3472 2156 3504 2194 a

1918 2233 2228 2286 summitate
2250 2231 2540 2302 digitorum
2561 2231 2720 2286 unius
2741 2247 2933 2287 manus
2955 2247 3126 2302 usque
3158 2233 3225 2287 ad
3267 2232 3493 2286 summi-

1920 2332 2086 2380 tatem
2108 2324 2397 2396 digitorum
2436 2325 2659 2380 alterius
2681 2341 2897 2391 manus,
2927 2333 3125 2395 quanta
3163 2333 3247 2379 est
3274 2324 3501 2378 altitudo

1919 2415 2034 2470 sive
2055 2415 2334 2488 longitudo
2357 2431 2387 2470 a
2419 2415 2599 2487 planta
2618 2416 2772 2486 pedis
2802 2432 2972 2486 usque
3000 2416 3066 2470 ad
3083 2417 3338 2470 verticem
3362 2415 3506 2484 capi-

1919 2505 2007 2560 tis.
2037 2504 2162 2560 Hznc
2181 2521 2312 2577 ergo
2325 2504 2478 2574 juxta
2501 2521 2685 2561 arcam
2706 2514 2761 2562 et
2797 2507 3232 2577 propitiatorium
3255 2507 3493 2568 stabant,

1917 2597 2044 2666 quia
2071 2612 2253 2652 veram
2286 2599 2721 2670 propitiationem
2762 2599 2817 2654 in
2848 2599 3223 2654 incarnatione
3253 2595 3504 2652 Salvatoo

1919 2687 1996 2742 ris
2023 2687 2258 2744 humano
2288 2691 2470 2760 generi
2515 2690 2984 2746 demonstrabant.
3034 2689 3159 2744 litec
3187 2699 3243 2744 et
3289 2689 3344 2743 in
3389 2703 3504 2742 moo

1919 2777 2046 2831 dum
2096 2779 2274 2833 crucis
2328 2778 2443 2835 alas
2487 2789 2742 2835 extensas
2781 2795 2996 2850 semper
3036 2779 3329 2843 habebant,
3379 2776 3506 2846 quia

1916 2877 2232 2939 perpetuam
2261 2879 2501 2923 nostram
2531 2870 2952 2941 redemptionem
2983 2869 3036 2922 in
3066 2868 3314 2938 passione
3348 2865 3507 2919 Chri-

1917 2958 1989 3014 sti
2026 2958 2404 3014 salvandorum
2447 2959 2550 3014 rite
2595 2959 2935 3014 intimabant.
2982 2957 3038 3013 In
3069 2972 3231 3013 cruce
3283 2971 3499 3026 quoque

1917 3049 2007 3105 hic
2025 3065 2216 3107 versus
2234 3059 2319 3107 est
2355 3051 2410 3106 in
2438 3049 2770 3120 longitudine
2794 3065 2826 3106 a
2865 3065 3079 3106 summo
3119 3049 3376 3104 deorsum
3405 3061 3504 3100 va-

1919 3140 2098 3197 dens:

2049 3253 2121 3304 Eu
2145 3265 2232 3304 arx
2257 3253 2382 3305 alma
2405 3253 2572 3305 Crucis
2599 3267 2612 3304 :
2638 3267 2702 3306 en
2725 3254 2900 3306 fabrica
2923 3261 3088 3306 sancta
3109 3253 3297 3304 salutis.

1916 3356 2022 3414 Iste
2047 3357 2265 3427 quidem
2298 3358 2353 3412 in
2378 3357 2699 3413 latitudine:

2039 3465 2115 3516 Eu
2140 3459 2344 3517 thronus
2367 3467 2446 3516 hic
2469 3469 2620 3531 regis,
2647 3467 2752 3517 haec
2775 3467 3048 3518 conciliatio
3069 3466 3250 3515 muti-li.

1915 3567 1973 3623 in
1995 3569 2266 3638 seraphim
2302 3584 2516 3640 quoque
2535 3577 2588 3624 et
2609 3570 2890 3624 cherubim
2914 3585 3103 3624 versus
3123 3569 3346 3640 elegiaci
3363 3583 3497 3625 cons

1915 3659 2104 3729 scripti
2134 3667 2278 3715 sunt.
2321 3659 2456 3714 Nam
2487 3659 2542 3714 in
2581 3660 2851 3730 seraphim
2884 3659 2974 3715 illo
3002 3659 3146 3730 quod
3180 3675 3340 3729 supra
3369 3660 3497 3714 dex-

1917 3755 2059 3802 trum
2090 3763 2256 3804 cornu
2286 3749 2464 3803 crucis
2487 3756 2616 3812 stat,
2645 3748 2698 3802 hi
2729 3759 2853 3802 sunt
2882 3764 3066 3802 versus
3095 3767 3106 3802 :

2043 3885 2191 3944 Signa
2215 3884 2375 3932 crucis
2397 3883 2572 3933 Christi
2615 3890 2688 3932 ast
2709 3883 2939 3942 seraphin
2963 3883 3180 3932 coelestia
3203 3887 3474 3930 monstrant

2093 3945 2370 3994 Pennarum
2396 3951 2545 4007 atque
2571 3946 2668 3994 situ
2693 3946 2782 3993 hac
2802 3953 2973 3993 cuni-ta
2995 3953 3182 3993 sacrata
3208 3947 3429 4006 probant.

1916 4049 1974 4104 In
2002 4062 2069 4103 eo
2101 4063 2232 4103 vero
2260 4047 2402 4117 quod
2425 4062 2586 4116 supra
2609 4061 2777 4102 cornu
2806 4045 3106 4110 sinistrum,
3137 4045 3189 4098 hi
3222 4062 3234 4098 :

1977 4157 2098 4208 Nam
2122 4159 2226 4208 ha-c
2247 4159 2372 4206 socia
2391 4157 2613 4207 exultant
2633 4157 2928 4206 celebrando
2947 4158 3033 4206 hac
3054 4157 3190 4206 laude
3211 4171 3475 4218 supernum

2041 4219 2450 4283 Conclamantque
2476 4220 2634 4271 tribus
2653 4227 2846 4282 sceptra
2875 4219 3084 4268 Sabaoth
3109 4221 3314 4268 vicibus.

1917 4322 1975 4378 In
2010 4324 2290 4380 cherubim
2319 4340 2550 4394 namque
2579 4325 2881 4380 dexteriore
2908 4340 3096 4380 versus
3135 4325 3225 4380 isti
3257 4335 3381 4380 sunt
3410 4345 3424 4378 :

1981 4432 2104 4501 [line
2127 4434 2322 4501 signant
2345 4434 2590 4501 Cherubin
2617 4435 2719 4501 lucc
2743 4435 2938 4485 lshbara
2962 4445 3126 4487 sancta
3150 4437 3464 4501 triumphum.

2039 4495 2379 4558 Diste’usisque
2403 4497 2492 4544 alis
2521 4499 2719 4545 brachia
2744 4505 2882 4548 tensa
2907 4507 3088 4548 notant.

1915 4593 1973 4648 ln
2000 4595 2336 4652 sinisteriore
2362 4597 2560 4668 quippe
2593 4597 2680 4651 isti
2708 4615 2721 4651 :

1983 4706 2100 4768 Quae
2126 4706 2283 4756 latere
2310 4710 2540 4758 assistunt
2561 4721 2685 4756 arcte
2709 4715 2760 4758 et
2783 4719 2915 4756 sacra
2941 4708 3171 4768 opercula
3193 4707 3410 4762 condunt

2047 4767 2290 4831 Factaque
2311 4770 2517 4832 prolnija
2541 4770 2698 4819 ollicio
2721 4770 2823 4831 ipsa
2841 4767 3062 4832 probant.
