4016 6488
278 603 381 659 169

1263 600 1353 659 DE
1387 597 1732 657 LAUDlBUS
1771 596 1830 655 S.
1870 596 2139 655 CRUCIS.
2175 623 2247 636 --
2277 595 2407 652 LIB.
2442 596 2488 653 ι.

3418 592 3523 645 1Ἱο

1416 739 1930 808 DECLARATIO
1973 738 2314 801 FIGURAE.

367 937 428 993 ln
478 935 582 991 hac
630 932 794 1004 igitur
833 931 1029 1004 pagina
1082 947 1216 996 crux
1263 940 1448 990 sancta
1489 949 1589 1004 per
1617 933 1853 990 medium
1878 933 1935 994 Α
1959 929 2188 984 aliorum
2210 927 2379 981 vitam
2404 922 2584 979 verbis
2610 931 2770 992 atque
2804 918 3062 992 exemplis
3089 918 3143 975 in
3171 917 3364 975 melius
3391 935 3522 976 con-

270 1029 462 1094 tendit,
513 1033 746 1098 quatuor
800 1023 1196 1097 quadrangulas
1235 1025 1434 1081 formas
1480 1026 1624 1082 circa
1680 1025 1848 1080 latera

272 1122 388 1194 ejus
445 1118 652 1190 positas
677 1115 927 1170 habens:
973 1115 1040 1170 ad
1080 1116 1470 1171 ostendendum
1515 1116 1701 1186 utique
1740 1129 1850 1170 cte-

269 1212 428 1268 lestis
486 1206 699 1263 aediﬁcii
752 1213 1099 1272 structuram,
1148 1205 1403 1262 Ecclesiae
1452 1206 1700 1261 videlicet
1754 1205 1851 1261 Dei

270 1303 403 1368 vivi,
431 1316 549 1370 quae
579 1309 634 1353 et
659 1298 851 1353 domus
879 1296 996 1366 ejus
1025 1306 1130 1362 est,
1160 1297 1406 1352 columna
1455 1306 1511 1352 et
1538 1297 1846 1351 ﬁrmamen-

270 1400 387 1448 tum
418 1390 679 1446 veritatis.
729 1381 811 1443 A'd
831 1389 970 1442 hanc
990 1404 1117 1459 ergo
1146 1389 1361 1443 domum
1396 1389 1667 1458 pertinent
1695 1388 1850 1443 electi

269 1484 466 1553 angeli,
512 1498 740 1553 quorum
776 1481 933 1536 nobis
963 1480 1254 1535 similitudo
1296 1481 1348 1536 in
1376 1481 1553 1536 futura
1580 1481 1688 1534 vita
1709 1496 1848 1551 prae-

269 1572 524 1636 mittitur,
567 1570 778 1624 dicente
809 1570 1035 1624 Domino
1067 1587 1079 1622 :
1107 1569 1186 1624 llli
1214 1578 1392 1624 autem
1430 1572 1521 1641 qui
1561 1571 1709 1642 digni
1757 1572 1853 1626 ha-

268 1662 466 1717 bentur
486 1659 682 1716 szeculo
709 1660 802 1715 illo
823 1669 878 1715 et
899 1662 1297 1716 resurrectione
1315 1678 1379 1716 ex
1408 1663 1658 1728 mortuis,
1679 1679 1853 1733 neque

266 1754 499 1818 nubunt,
552 1767 726 1821 neque
779 1752 981 1807 ducunt
1032 1769 1247 1820 uxores,
1298 1769 1471 1824 neque
1520 1756 1662 1809 enim
1713 1754 1854 1808 ultra

265 1845 404 1898 mori
462 1853 718 1913 poterunt
750 1861 763 1896 :
801 1843 1036 1914 mquales
1062 1844 1206 1898 enim
1241 1844 1445 1914 angelis
1473 1852 1616 1910 sunt,
1673 1853 1727 1899 ct
1756 1843 1850 1898 ﬁlii

265 1945 393 1990 sunt
421 1935 540 2001 Dei,
575 1951 698 1989 cum
725 1935 831 1990 sint
869 1933 965 1988 ﬁlii
992 1934 1427 1990 resurrectionis.
1454 1935 1537 1989 Ad
1564 1936 1704 1990 hanc
1727 1950 1851 2005 per-

267 2025 403 2081 tinet
430 2027 543 2095 ipse
576 2024 839 2079 mediator
865 2025 958 2080 Dei
982 2036 1036 2080 et
1069 2026 1368 2092 hominum,
1415 2027 1576 2081 homo
1606 2025 1850 2082 Christus

262 2115 448 2184 Jesus,
477 2119 593 2188 ipso
622 2124 926 2182 attestante,
945 2133 1066 2172 cum
1098 2118 1174 2172 ait
1201 2137 1213 2172 :
1241 2117 1437 2173 Solvite
1459 2119 1704 2190 templum
1730 2121 1848 2185 hoc,

263 2219 314 2263 et
363 2210 420 2262 in
463 2209 626 2262 tribus
660 2209 839 2262 diebus
893 2209 1128 2263 excitabo
1170 2208 1324 2263 illud.
1377 2209 1531 2276 Quod
1575 2226 1849 2280 exponens

1952 1031 2165 1078 vertere
2209 1019 2546 1089 satagebant,
2589 1023 2856 1085 quatenus
2901 1013 3061 1086 digna
3111 1012 3527 1067 conversatione

1952 1114 2124 1169 Deum
2148 1111 2349 1168 habere
2370 1117 2709 1164 mererentur
2728 1107 3104 1170 habitatorem,
3123 1105 3404 1175 ipsumque
3425 1102 3530 1158 sibi

1951 1217 2074 1261 esse
2107 1202 2372 1258 sentirent
2415 1201 2583 1254 Deum
2613 1197 2923 1268 pr0pitium,
2967 1198 3066 1252 sub
3092 1195 3244 1264 cujus
3287 1195 3534 1250 domina-

1955 1300 2100 1357 tione
2136 1297 2297 1369 positi
2333 1302 2700 1367 cognoverunt
2723 1293 3168 1364 omnipotentem.
3220 1292 3365 1347 Bene
3403 1307 3532 1362 ergo

1953 1392 2010 1446 in
2049 1393 2186 1447 libro
2232 1391 2441 1463 Regum
2487 1391 2744 1458 scriptum
2779 1395 2864 1444 est
2907 1386 2975 1441 de
3008 1387 3096 1441 illa
3133 1387 3296 1456 typici
3347 1385 3536 1455 templi

1953 1484 2328 1550 aediﬁcatione,
2355 1482 2499 1553 quod
2519 1479 2833 1552 praeceperit
2851 1494 2948 1535 rex
2973 1487 3033 1532 ut
3057 1477 3304 1534 tollerent
3332 1477 3538 1546 lapides

1953 1577 2205 1648 grandes,
2254 1574 2462 1644 lapides
2491 1573 2759 1644 pretiosos
2803 1571 2858 1624 in
2897 1569 3304 1624 fundamentum
3330 1567 3534 1636 templi,

1953 1677 2010 1723 et
2034 1667 2364 1738 quadrarent
2385 1681 2498 1721 eos.
2535 1663 2766 1735 Lapides
2793 1677 2922 1733 ergo
2940 1663 3163 1733 pretiosi
3192 1669 3316 1715 sunt
3361 1659 3535 1714 sancti

1952 1755 2078 1824 viri,
2135 1759 2227 1828 qui
2258 1757 2467 1812 meritis
2508 1764 2634 1811 sunt
2669 1753 2938 1825 praeclari,
2986 1754 3078 1822 qui
3119 1750 3539 1827 bene‘quadrari

1949 1849 2231 1921 jubentur,
2293 1864 2358 1903 ac
2399 1849 2479 1903 sic
2509 1847 2565 1902 in
2601 1846 2950 1901 fundamento
3001 1844 3150 1914 poni.
3203 1843 3538 1909 Quadratum

1952 1955 2186 2009 namque
2213 1954 2375 1994 omne
2412 1950 2734 2008 quocunque
2767 1935 2997 1990 vertitur
3021 1936 3189 1989 ﬁxum
3238 1943 3383 1988 stare
3409 1947 3540 1987 con-

1954 2031 2149 2087 suevit.
2199 2030 2299 2086 Cui
2325 2031 2580 2085 nimirum
2611 2030 2796 2100 figura:
2827 2028 3202 2083 assimilantur
3227 2027 3391 2081 corda
3434 2025 3542 2080 ele-

1951 2130 2183 2185 ctorum,
2225 2136 2346 2190 qua:
2379 2121 2456 2175 ita
2483 2121 2537 2174 in
2574 2119 2699 2174 ﬁdei
2736 2118 2994 2173 ﬁrmitate
3020 2117 3318 2172 consistere
3342 2116 3542 2171 didice-

1953 2221 2103 2276 runt,
2149 2221 2206 2265 ut
2263 2209 2407 2264 nulla
2455 2209 2854 2264 occurrentium
2904 2207 3250 2270 adversitate,
3304 2221 3404 2261 nec
3429 2205 3544 2274 ipsa

265 2299 600 2371 evangelista
628 2300 903 2369 subjunxit
934 2319 946 2353 :
977 2299 1091 2353 Hoc
1128 2309 1301 2354 autem
1337 2300 1538 2354 dicebat
1569 2302 1633 2354 de
1659 2301 1849 2372 templo
1879 2298 1928 2359 B
1956 2302 2125 2357 etiam
2167 2308 2348 2353 morte
2379 2316 2409 2353 a
2437 2301 2519 2354 sui
2553 2297 2879 2352 rectitudine
2907 2305 3084 2351 status
3129 2296 3341 2366 possint
3391 2294 3546 2348 incli-

264 2391 497 2460 corporis
521 2391 621 2443 sui.
654 2389 796 2444 Dicit
816 2398 995 2444 autem
1015 2391 1303 2460 Apostolus
1321 2389 1387 2444 de
1409 2393 1564 2447 nobis
1586 2407 1600 2445 :
1624 2392 1851 2448 Nescitis

268 2481 395 2552 quia
431 2479 676 2551 templum
703 2479 802 2534 Dei
828 2482 970 2546 estis,
1013 2492 1058 2534 et
1081 2483 1296 2550 spiritus
1319 2482 1416 2536 Dei
1449 2483 1648 2537 habitat
1686 2486 1742 2538 in
1767 2502 1854 2539 vo-

265 2569 364 2640 bis.
409 2569 466 2623 Si
492 2586 622 2641 ergo
649 2570 738 2624 ille
762 2572 1020 2642 templum
1051 2573 1144 2627 Dei
1172 2590 1267 2644 per
1294 2585 1627 2644 assumptam
1657 2577 1850 2632 huma-

264 2663 496 2718 nitatem
526 2662 699 2718 factus
725 2673 829 2729 est,
875 2672 930 2719 et
960 2679 1059 2719 nos
1091 2665 1346 2736 templum
1377 2666 1470 2720 Dei
1515 2682 1613 2736 per
1640 2668 1852 2724 inhabi-

265 2761 473 2808 tantem
518 2755 765 2824 spiritum
792 2756 908 2826 ejus
936 2754 1215 2822 efﬁcimur,
1261 2765 1471 2811 constat
1497 2758 1682 2828 utique
1729 2762 1852 2831 quia

265 2845 496 2913 ﬁguram
525 2847 766 2900 omnium
796 2857 1040 2902 nostrum
1062 2858 1116 2903 et
1139 2849 1307 2919 ipsius
1334 2849 1585 2905 videlicet
1615 2851 1852 2920 Domini,

265 2945 320 2992 et
353 2939 715 2993 membrorum
745 2937 860 3007 ejus
910 2956 1029 3009 quae
1054 2956 1152 2995 nos
1183 2957 1391 3008 sumus,
1431 2943 1688 3012 templum
1722 2943 1855 2998 illud

268 3027 554 3082 materiale
597 3031 790 3094 tenuit,
845 3031 990 3100 quod
1030 3030 1286 3087 Salomon
1329 3047 1424 3087 rex
1471 3031 1756 3088 aediﬁcavit
1800 3035 1856 3089 in

267 3113 654 3185 Hierusalem;
695 3119 789 3175 sed
833 3122 998 3192 ipsius
1046 3132 1300 3193 tanquam
1354 3124 1546 3193 lapidis
1582 3125 1856 3197 angularis

263 3209 611 3279 singulariter
630 3210 786 3266 electi
825 3219 880 3268 et
902 3213 1122 3284 pretiosi
1150 3214 1206 3268 in
1232 3212 1582 3269 fundamento
1615 3215 1854 3282 fundati;

262 3302 443 3357 nostri
483 3312 660 3358 autem
697 3311 952 3374 tanquam
981 3303 1220 3373 lapidum
1248 3304 1494 3364 vivorum
1521 3304 1856 3375 superaediﬁ-

265 3401 514 3448 calorum
573 3409 733 3464 super
786 3394 1195 3450 fundamentum
1232 3395 1600 3465 apostolorum
1641 3405 1696 3452 et
1730 3411 1857 3467 pro-

263 3484 578 3554 phetarum,
615 3485 719 3540 hoc
757 3495 862 3552 est,
917 3503 1080 3557 super
1120 3488 1294 3557 ipsum
1335 3489 1640 3543 Dominum.
1705 3487 1858 3557 Quod

261 3574 505 3628 ostendit
527 3573 814 3644 Apostolus
842 3577 1026 3632 dicens
1053 3596 1064 3630 :
1096 3576 1522 3634 Fundamentum
1545 3581 1684 3635 enim
1711 3583 1857 3636 aliud

263 3675 415 3714 nemo
465 3672 631 3730 potest
662 3680 849 3731 ponere
882 3674 1070 3734 prwter
1111 3666 1165 3720 id
1203 3668 1342 3737 quod
1369 3669 1595 3738 positum
1621 3681 1714 3738 est,
1766 3673 1854 3743 qui
1883 3657 1930 3719 (ἶ

267 3761 341 3805 est
365 3749 611 3805 Christus
633 3751 668 3805 J
673 3770 810 3807 esus.
837 3754 938 3821 Qui
961 3765 1241 3826 propterea
1277 3768 1420 3820 recte
1448 3759 1855 3818 fundamentum

264 3839 459 3896 domus
495 3840 709 3896 Domini
737 3854 915 3912 potest
935 3849 1118 3902 vocari
1154 3849 1338 3918 :quia,
1367 3851 1507 3906 sicut
1536 3853 1611 3907 ait
1643 3855 1852 3921 Petrus,

267 3929 396 3984 Non
433 3942 508 3985 est
535 3932 682 3986 aliud
729 3935 823 3988 sub
866 3937 991 3991 caelo
1031 3956 1216 3994 nomen
1251 3941 1433 3996 datum
1479 3944 1774 4001 hominibus
1800 3949 1855 4001 in

261 4037 368 4090 quo
415 4032 646 4087 oporteat
693 4042 784 4079 nos
825 4027 994 4082 salvos
1033 4029 1170 4098 ﬁeri.
1227 4032 1294 4086 Et
1337 4033 1465 4089 item
1502 4052 1514 4088 :
1557 4035 1639 4091 Ad
1679 4055 1851 4106 quem,

265 4109 473 4178 inquit,
513 4113 811 4168 accedentes
842 4115 1066 4187 lapidem
1090 4121 1278 4186 vivum,
1326 4122 1390 4176 ab
1419 4123 1711 4181 hominibus
1741 4129 1857 4198 qui-

269 4201 391 4256 dem
422 4204 775 4271 reprobatum,
807 4224 837 4260 a
867 4207 976 4261 Deo
999 4219 1172 4263 autem
1208 4210 1425 4267 electum
1455 4224 1502 4269 et
1536 4215 1857 4285 honoriﬁca-

267 4302 402 4354 tum,
461 4301 509 4345 et
548 4293 648 4363 ipsi
675 4305 923 4366 tanquam
966 4299 1160 4368 lapides
1211 4303 1308 4356 vivi
1360 4307 1854 4375 supersedi/immitti

264 4378 456 4434 domus
481 4383 768 4452 spiritualis
793 4387 849 4440 in
882 4389 1232 4445 sacerdotium
1263 4404 1522 4461 sanctum,
1582 4397 1853 4464 oﬁerentes

263 4471 569 4542 spirituales
600 4473 793 4530 hostias
840 4480 1179 4548 acceptabiles
1207 4481 1311 4536 Deo
1360 4501 1452 4552 per
1483 4483 1664 4540 Iesum
1708 4485 1857 4541 Chri-

269 4571 432 4616 stum.
481 4562 712 4619 Possunt
737 4582 864 4638 ergo
909 4567 1068 4637 hujus
1097 4570 1427 4627 fundamenti
1462 4574 1620 4643 primi
1651 4574 1854 4645 lapides

267 4667 334 4707 ac
357 4652 657 4710 fundationi
691 4658 916 4724 habiles,
957 4663 1280 4730 patriarchae
1313 4674 1368 4720 et
1397 4667 1694 4735 prophetae,
1725 4684 1853 4738 apo-

264 4741 392 4798 sloli
422 4753 476 4798 et
534 4757 804 4818 martyres
855 4766 960 4803 non
1008 4751 1306 4824 incongrue
1361 4757 1550 4824 accipi,
1593 4757 1684 4826 qui
1741 4759 1853 4811 sive

262 4833 632 4903 pradicando,
662 4838 774 4892 sive
803 4843 1094 4909 operando,
1120 4844 1232 4898 sive
1253 4845 1534 4913 patiendo,
1573 4846 1697 4901 ﬁdei
1731 4847 1851 4901 fun-

265 4923 518 4980 damenta
549 4927 704 4982 nobis
729 4928 995 4996 jccerunt,
1021 4941 1075 4987 et
1107 4949 1336 5003 quorum
1367 4937 1747 4991 auctoritatem
1795 4938 1850 4993 in

265 5014 535 5080 doctrina,
575 5021 819 5088 exempla
865 5021 921 5076 in
949 5023 1179 5088 actibus,
1234 5026 1588 5082 imitationem
1621 5029 1676 5082 in
1719 5029 1853 5084 tole-
1879 5025 1935 5086 D

264 5102 446 5156 ra'utia
499 5115 698 5161 caetera
749 5111 905 5165 turba
941 5111 1179 5167 ﬁdelium
1229 5116 1490 5184 sequitur.
1533 5116 1667 5170 Nam
1716 5119 1856 5175 sicut

264 5194 496 5260 apostoli
538 5204 595 5250 et
620 5207 888 5270 martyres
916 5211 1038 5271 post
1071 5203 1368 5260 Salvatoris
1400 5206 1849 5277 incarnationem,

261 5284 575 5353 passionem
617 5299 672 5342 et
703 5293 1156 5348 resurrectionem
1185 5303 1346 5364 atque
1375 5298 1746 5354 ascensionem
1795 5301 1850 5354 in

265 5375 438 5431 caelos
472 5391 570 5446 per
600 5388 767 5436 totum
797 5383 982 5438 orbem
1033 5387 1313 5455 Spirituale
1339 5389 1623 5444 aediﬁcium
1659 5392 1848 5447 domus

266 5464 362 5519 Dei
409 5465 684 5526 Christum
720 5473 1080 5543 przedicando,
1140 5479 1254 5534 sive
1293 5481 1456 5535 etiam
1506 5498 1603 5552 pro
1633 5481 1848 5540 Christo

267 5557 550 5614 moriendo
576 5559 825 5618 fabricati
871 5575 1016 5633 sunt,
1078 5569 1152 5622 ita
1179 5578 1302 5624 ante
1327 5572 1616 5626 adventum
1643 5570 1758 5640 ejus
1791 5575 1847 5631 in

267 5663 434 5707 carne
474 5655 799 5724 patriarcha:
824 5666 984 5727 atque
1009 5660 1284 5729 prophetae
1328 5662 1382 5718 in
1403 5665 1588 5734 priore
1619 5665 1836 5735 papulo,

267 5747 324 5796 et
378 5742 438 5799 in
475 5743 562 5802 bis
605 5746 914 5818 regionibus
971 5747 1026 5804 in
1053 5749 1250 5808 auibus
1301 5753 1586 5825 degebant,
1629 5768 1844 5827 semper

636 6087 911 6159 Panos.
950 6092 1137 6160 CVll.

1952 2392 2073 2447 nari
2103 2409 2114 2443 :
2146 2389 2336 2460 quales
2361 2389 2611 2444 videlicet
2658 2385 3190 2442 doctores-Ecclesia
3238 2402 3346 2440 non
3371 2384 3546 2441 solum

1953 2483 2021 2538 de
2058 2481 2263 2546 Judaea,
2309 2495 2498 2535 verum
2526 2481 2691 2534 etiam
2722 2479 2788 2533 dc
2809 2479 3059 2548 gentibus
3101 2478 3380 2548 perplures
3433 2491 3543 2530 sus-

1954 2573 2114 2645 cepit.
2157 2573 2324 2628 Recte
2351 2571 2566 2642 quidem
2607 2571 2663 2625 in
2700 2579 2888 2626 sancta
2913 2585 3074 2625 cruce
3122 2571 3238 2624 haec
3259 2567 3546 2624 aediﬁcatio

1956 2663 2378 2728 demonstratur,
2435 2661 2563 2730 quia
2617 2660 2672 2714 in
2717 2661 2854 2730 ipsa,
2923 2661 2976 2715 id
3025 2671 3128 2725 est,
3184 2660 3239 2713 in
3289 2658 3546 2730 passione

1955 2751 2159 2808 Christi
2200 2761 2311 2807 tota
2354 2752 2598 2806 Ecclesia
2652 2752 2917 2806 catholica
2971 2751 3218 2815 fundata,
3278 2750 3546 2804 fabricata

1954 2847 2214 2918 perfecte,
2268 2854 2431 2915 atque
2486 2845 2732 2900 dedicata
2801 2853 2884 2910 st,
2936 2861 3038 2900 nec
3100 2845 3206 2898 hoc
3258 2842 3545 2897 aediﬁcium

1957 2953 2201 3008 unquam
2239 2938 2452 2992 veniret
2480 2937 2548 2989 ad
2575 2935 2849 3002 effectum,
2898 2936 3001 2989 nisi
3025 2949 3123 3003 per
3153 2933 3382 2988 Crucem
3411 2933 3546 2988 libe-

1957 3039 2172 3086 raretur
2193 3045 2364 3099 genus
2395 3031 2708 3096 humanum,
2740 3044 2842 3085 nec
2866 3029 3037 3099 ipsius
3064 3027 3364 3082 sacerdotis
3387 3027 3548 3096 digne

1958 3122 2322 3192 complcretur
2365 3121 2621 3188 cilicium,
2693 3122 2799 3177 nisi
2837 3121 2955 3193 ipse
2991 3120 3245 3176 sacerdos
3288 3119 3344 3174 iu
3383 3133 3548 3174 cruce

1958 3212 2114 3267 fieret
2145 3213 2494 3268 sacriﬁcium.

2030 3304 2088 3358 ln
2131 3303 2245 3374 ipsa
2284 3312 2466 3360 autem
2496 3318 2660 3360 cruce
2713 3304 3021 3362 continetur
3055 3303 3145 3362 hic
3180 3317 3368 3361 versus
3413 3303 3549 3361 scri-

1958 3406 2084 3469 ptus
2115 3417 2128 3453 :

2086 3512 2272 3576 Inclyta
2290 3526 2412 3564 crux
2436 3512 2630 3563 Domini
2652 3512 2832 3563 Christi
2852 3511 3114 3563 fundamen
3138 3517 3191 3564 et
3207 3512 3331 3563 auls

2032 3620 2090 3675 lu
2147 3621 2443 3692 tetragonis
2489 3635 2614 3676 vero
2649 3620 2795 3676 circa
2840 3633 3055 3674 crucem
3109 3619 3300 3689 positis
3359 3633 3548 3676 versus

1961 3713 2276 3783 conscripti,
2329 3728 2436 3768 non
2473 3727 2569 3782 per
2595 3712 2881 3767 circuitum
2919 3711 3134 3780 penitus
3175 3720 3387 3782 gyrant,
3443 3712 3546 3767 hoc

1958 3815 2060 3871 est,
2087 3814 2146 3860 ut
2172 3806 2424 3860 tiualibus
2447 3805 2642 3860 litteris
2672 3806 2740 3858 ad
2769 3805 3068 3874 inceptivas
3117 3819 3215 3872 per
3240 3805 3544 3859 anfractum

1957 3896 2199 3959 redeant,
2254 3897 2346 3950 sed
2383 3910 2572 3949 omnes
2616 3895 2670 3949 in
2705 3895 2894 3949 dextro
2928 3894 3122 3965 angulo
3150 3910 3247 3949 suo
3295 3895 3544 3964 superius

1959 3989 2295 4059 incipientes,
2340 4004 2438 4059 per
2461 3989 2741 4042 sinistrum
2780 4004 2941 4059 supra
2979 3987 3047 4041 ad
3093 3987 3372 4042 sinistrum
3405 3985 3545 4040 infra

1958 4079 2014 4133 in
2059 4080 2246 4134 decem
2277 4087 2331 4133 et
2362 4093 2556 4133 novem
2590 4079 2783 4133 litteris
2827 4078 3178 4142 descendunt,
3234 4084 3420 4146 postea
3452 4076 3546 4129 ite-

1957 4188 2077 4227 rum
2124 4173 2178 4226 in
2210 4173 2400 4227 dextro
2452 4171 2648 4242 angulo
2701 4171 2950 4241 superius
3003 4168 3314 4224 avicesima
3365 4167 3546 4221 littera

1955 4265 2292 4335 incipientes,
2341 4273 2397 4320 et
2430 4264 2827 4320 descendendo
2880 4278 2977 4333 per
3030 4264 3278 4316 dextrum
3321 4259 3547 4316 inferius

1954 4360 2214 4413 vadentes
2249 4357 2315 4412 ad
2345 4358 2626 4412 sinistrum
2656 4372 2828 4427 usque
2852 4355 2996 4410 infra
3022 4356 3207 4410 decem
3251 4363 3305 4408 et
3331 4361 3539 4423 septem

1954 4447 2148 4502 litteris
2198 4449 2546 4519 pertingunt:
2576 4455 2632 4502 et
2658 4449 2737 4503 sic
2785 4447 3154 4517 unusquisque
3181 4460 3370 4498 versus
3415 4458 3546 4514 qua-

1956 4547 2078 4594 tuor
2106 4547 2510 4610 tetragonorum
2539 4540 2758 4610 triginta
2782 4556 2878 4595 sex
2913 4541 3124 4594 litteras
3153 4538 3410 4600 continet,
3445 4535 3539 4605 qui

1955 4631 2140 4698 utique
2163 4647 2422 4686 numerus
2450 4639 2535 4686 cst
2579 4632 2847 4700 tetragoni
2883 4630 3030 4698 plani
3061 4638 3114 4682 et
3138 4628 3334 4683 senarii
3369 4628 3420 4679 in
3450 4642 3538 4680 se-

1953 4723 2186 4791 metipso
2213 4723 2657 4792 multiplicatione
2697 4722 2950 4786 confecti,
3000 4721 3140 4776 sicut
3169 4720 3222 4783 in
3259 4718 3535 4790 sequenti-

1953 4813 2054 4868 bus
2093 4812 2602 4866 demonstrabimus.
2664 4812 2758 4867 Est
2799 4821 2978 4867 autem
3025 4827 3215 4867 versus
3245 4810 3334 4866 hic
3364 4816 3534 4865 tetra-

1953 4903 2077 4975 goni
2106 4903 2296 4960 subtus
2327 4904 2575 4958 dextrum
2601 4919 2768 4958 cornu
2791 4904 2953 4974 positi
2986 4923 2998 4959 :

2084 5039 2160 5092 Te
2183 5040 2569 5102 patriarcharum
2592 5040 2845 5091 laudabilis
2869 5044 2994 5091 actio
3014 5041 3192 5102 signat.

2033 5147 2236 5204 Subtus
2260 5149 2540 5204 sinistrum
2566 5164 2694 5204 vero
2723 5149 2882 5219 positi
2914 5147 3180 5216 tetragoni
3214 5146 3316 5201 iste
3339 5155 3458 5201 est:

2082 5259 2332 5323 Plebsque
2359 5261 2703 5324 prophetarum
2725 5261 2888 5310 divino
2908 5258 3082 5308 famine
3103 5258 3256 5319 jussa.

2025 5364 2095 5418 At
2136 5365 2253 5434 ejus
2287 5380 2522 5436 quoque,
2576 5367 2667 5435 qui
2697 5379 2855 5433 supra
2882 5363 3132 5418 dextrum
3157 5367 3324 5418 cornu'
3359 5363 3534 5418 crucis

1954 5456 2163 5524 positus
2199 5463 2303 5521 est,
2345 5455 2466 5510 talis
2495 5462 2577 5510 est
2605 5471 2791 5509 versus
2811 5471 2830 5506 .-

2079 5566 2271 5629 Agmeu
2293 5567 2616 5629 apostolicum
2639 5565 2802 5629 pandit
2824 5571 2906 5615 tua
2927 5575 3021 5618 rite
3040 5574 3238 5631 tropaea.

2026 5673 2198 5744 Supra
2225 5675 2503 5732 sinistrum
2533 5693 2659 5731 vero
2691 5677 2810 5732 talis
2837 5696 2848 5732 :

2076 5766 2343 5830 Martyrum
2369 5775 2421 5820 et
2447 5772 2549 5833 ipse
2575 5769 2751 5822 chorus
2775 5771 2928 5824 effuso
2945 5772 3059 5837 jure
3089 5787 3277 5827 cruore.
