4016 6500
313 445 426 512 ηε

1239 453 1242 458 ·
1307 445 1400 512 π
1430 442 1775 508 LAUDIBUS
1813 443 1870 502 s.
1905 443 2176 504 CRUCIS.
2214 473 2284 490 --
2319 443 2447 512 ιω,
2515 487 2522 489 ..

3457 440 3558 502 174

1483 578 1999 646 DECLARATIO
2055 579 2397 644 FIGURAE.

387 769 633 839 Quantos
659 778 788 838 ergo
812 771 870 822 et
885 761 1074 838 quales
1098 761 1302 820 fructus
1322 761 1529 836 lignum
1554 773 1754 822 sancta:
1773 781 1894 822 cru-
1919 769 1974 836 Α
1994 766 2204 838 potestis
2231 765 2423 836 facere.
2472 763 2788 836 Spirituales
2831 764 2975 823 enim
3019 763 3108 828 hic
3131 763 3423 840 gignuntur
3457 764 3565 820 fru-

315 862 395 920 cis
425 859 668 934 germine
706 871 804 912 suo
847 853 1110 927 proferat,
1148 854 1371 925 dignum
1400 863 1484 909 est
1508 856 1672 910 etiam
1702 857 1755 910 in
1785 857 1890 914 hoc

317 968 475 1010 sacro
523 949 762 1006 carmine
795 947 956 1002 modo
1003 960 1449 1009 commemorare,
1481 944 1636 1013 cujus
1686 945 1892 1000 ﬂuctus

318 1055 555 1102 :eternus
593 1049 676 1096 est
714 1047 769 1096 et
795 1037 947 1093 radix
976 1046 1268 1108 perpetua;
1298 1035 1451 1106 cujus
1477 1038 1612 1094 odor
1634 1039 1891 1095 mundum

318 1137 510 1208 replet,
536 1143 591 1190 et
612 1147 773 1203 sapor
793 1131 982 1187 fideles
1003 1131 1244 1201 saginat;
1272 1131 1426 1200 cujus
1448 1131 1698 1201 splendor
1726 1131 1893 1187 solem

320 1237 560 1300 superat,
605 1234 662 1280 et
689 1224 892 1280 candor
930 1223 1111 1278 nivem
1141 1222 1420 1289 ohfuscat;
1458 1223 1612 1293 cujus
1634 1238 1894 1280 cacumen

318 1323 504 1396 polum
533 1318 766 1382 excedit,
809 1323 864 1372 et
904 1316 1061 1386 cujus
1100 1315 1344 1370 infimum
1371 1316 1580 1374 inferna
1615 1323 1892 1386 penetrat;

321 1413 475 1484 cujus
506 1409 737 1464 firmitas
772 1407 1038 1472 humiliat,
1078 1404 1387 1474 jucunditas
1407 1407 1628 1473 exaltat,
1658 1416 1713 1463 et
1746 1405 1900 1475 cujus

322 1503 565 1577 potentia
610 1503 849 1560 exaltata
878 1500 1147 1556 humiliat.
1188 1500 1441 1558 Omnium
1470 1503 1614 1557 enim
1640 1503 1897 1557 virtutum

323 1599 493 1654 series
535 1611 634 1669 per
663 1595 842 1667 ipsum
886 1602 942 1650 et
965 1594 1020 1649 in
1045 1594 1162 1664 ipso
1201 1593 1400 1652 collata
1421 1602 1502 1650 est
1526 1594 1746 1659 mundo,
1774 1595 1900 1663 quia

322 1689 376 1744 in
409 1688 524 1759 ipso
551 1702 734 1742 rerum
772 1683 1034 1756 perfectio
1069 1684 1336 1753 completa
1360 1692 1464 1741 est.
1513 1684 1573 1740 In
1602 1685 1719 1753 ipso
1747 1683 1902 1741 celsi-

322 1778 560 1834 tudinem
592 1791 744 1833 suam
769 1774 1056 1844 prudentia
1101 1773 1464 1839 demonstrat,
1494 1773 1551 1832 in
1576 1773 1693 1843 ipso
1721 1772 1903 1829 solidi-

321 1875 492 1922 tatem
513 1883 668 1924 suam
693 1865 900 1934 justitia
945 1863 1166 1928 revelat,
1197 1865 1252 1924 in
1292 1865 1410 1935 ipso
1435 1865 1731 1934 potentiam
1751 1880 1904 1924 suam

321 1959 585 2018 fortitudo
613 1959 911 2029 consignat,
946 1958 998 2012 in
1039 1959 1155 2028 ipso
1183 1957 1554 2014 moderamina
1583 1974 1678 2015 sua
1704 1965 1905 2028 tempe-

323 2053 503 2108 rantia
538 2051 823 2108 collaudat.
853 2050 950 2105 Hic
970 2053 1134 2106 etiam
1172 2051 1461 2122 prudentia
1489 2052 1900 2121 acquisitionem

1991 865 2135 922 etus,
2161 872 2298 926 quos
2333 869 2616 910 enumerat
2654 854 2941 926 Apostolus
2965 854 3181 910 dicens:
3207 853 3439 910 Fructus
3467 873 3564 910 au-

1992 956 2093 1000 tem
2133 945 2360 1016 Spiritus
2407 955 2480 1001 est
2523 947 2774 1012 charitas,
2821 947 3091 1018 gaudium,
3123 965 3246 1018 pax,
3287 950 3564 1019 patientia,

1993 1038 2361 1108 longanimitas
2400 1038 2624 1103 bonitas,
2648 1039 2955 1109 benignitas,
2976 1040 3126 1109 ﬁdes,
3148 1041 3422 1106 modestia,
3449 1058 3570 1096 con-

1996 1131 2237 1195 tinentia,
2260 1131 2496 1186 castitas.
2525 1129 2670 1186 Bene
2695 1143 2822 1201 ergo
2850 1131 2903 1186 in
2927 1140 3112 1192 sancta
3138 1147 3296 1192 cruce
3320 1131 3573 1204 spiritua-

1993 1217 2064 1274 lis
2098 1219 2388 1277 adhibetur
2413 1219 2641 1285 fructus,
2687 1221 2813 1289 quia
2847 1221 3087 1284 omnium
3115 1223 3379 1284 bonorum
3423 1224 3477 1284 in
3508 1237 3576 1282 ea

1997 1313 2294 1371 crucifixus
2323 1323 2407 1370 est
2429 1323 2636 1374 auctor.
2677 1312 2812 1370 Nam
2855 1329 2924 1371 ex
2946 1323 3098 1385 parte
3124 1317 3326 1382 carnis,
3367 1317 3492 1372 dum
3517 1316 3575 1372 in

1997 1420 2063 1464 ea
2093 1411 2231 1466 mori
2253 1409 2421 1466 voluit
2444 1409 2712 1474 Christus,
2736 1407 2963 1464 salutem
2989 1409 3256 1480 integram
3279 1410 3575 1474 humanum

1997 1504 2240 1571 percepit
2277 1517 2466 1571 genus.
2492 1501 2729 1558 Granum
2769 1500 3020 1558 frumenti
3049 1500 3103 1560 in
3137 1511 3335 1566 terram
3359 1501 3576 1567 cecidit,

2001 1601 2056 1648 et
2077 1593 2366 1663 gloriosam
2389 1602 2688 1662 martyrum
2717 1599 2954 1666 segetem
2978 1591 3222 1662 protulit.
3267 1590 3418 1646 Unus
3444 1591 3578 1662 stips

1999 1684 2236 1756 portavit
2284 1682 2558 1742 hominem
2597 1695 2936 1751 suspensum,
2970 1691 3026 1738 et
3059 1689 3202 1738 totus
3245 1682 3478 1742 mundus
3511 1682 3580 1737 ad

2003 1773 2222 1832 caeleste
2261 1772 2538 1832 dedicatus
2575 1779 2658 1826 est
2685 1785 2930 1842 regnum.
2966 1768 3149 1830 Iudaea
3176 1785 3306 1842 gens
3345 1770 3582 1832 insolens

2003 1880 2112 1920 non
2149 1863 2329 1920 timuit
2357 1863 2622 1935 perimere
2676 1876 2880 1934 regem,
2929 1869 2986 1917 et
3012 1861 3180 1919 totius
3200 1860 3348 1916 orbis
3386 1871 3578 1929 gentes

2004 1959 2181 2030 ipsum
2237 1965 2593 2028 susceperunt
2625 1956 3060 2028 Redemptorem,
3113 1956 3240 2026 quia
3287 1955 3345 2014 in
3377 1955 3584 2016 semine

2005 2049 2238 2108 Abrahaa
2264 2050 2650 2110 benedicentur
2667 2063 2855 2105 omnes
2880 2047 3098 2104 familiae
3120 2054 3299 2103 terrae.

325 2143 605 2212 sapientiae
641 2150 696 2196 et
759 2141 1296 2212 comprehensionem
1357 2141 1606 2198 veritatis
1656 2142 1903 2200 devotius
1929 2129 1976 2192 Β
2075 2141 2318 2210 Quatuor
2341 2156 2472 2213 ergo
2497 2143 2580 2198 hae
2610 2140 2796 2211 figurae
2844 2139 2900 2193 in
2938 2153 3102 2196 unam
3126 2136 3308 2196 crucis
3354 2134 3584 2192 formam

323 2236 592 2298 concedit,
623 2243 784 2304 atque
803 2235 892 2290 hic
913 2234 1289 2304 providentiae,
1323 2235 1693 2307 intelligentia:
1716 2244 1772 2292 et
1789 2251 1902 2292 me—

321 2325 510 2382 morias
535 2326 697 2390 dona,
723 2325 899 2384 omnis
932 2326 1104 2382 ﬁdelis
1130 2326 1378 2396 percipit.
1415 2327 1514 2390 Hic
1541 2326 1755 2396 justitia
1779 2327 1903 2384 ﬁdei

321 2415 732 2474 fundamentum
775 2414 974 2486 posuit,
1018 2423 1182 2486 atque
1208 2415 1334 2474 hinc
1358 2418 1575 2488 pietatis
1601 2426 1655 2473 et
1694 2417 1906 2490 religio-

321 2508 431 2574 nis,
461 2506 648 2576 gratiae
687 2521 905 2577 quoque
945 2515 1001 2564 et
1035 2507 1416 2564 vindieationis
1453 2510 1765 2580 asquitalem
1791 2509 1908 2566 uni-

321 2599 520 2674 cuique
571 2601 865 2660 distribuit.
916 2599 1016 2655 Hic
1065 2601 1326 2656 fortitudo
1353 2601 1550 2662 blanda
1590 2611 1645 2660 et
1676 2601 1904 2658 adversa

319 2691 862 2766 magnificentissime
901 2693 1222 2760 contemnit,
1279 2703 1444 2764 atque
1489 2693 1619 2756 hinc
1647 2692 1904 2758 fidentize,

317 2786 598 2855 patientia:
641 2797 698 2844 et
742 2788 1157 2858 perseverantia)
1197 2789 1443 2859 exempla
1483 2789 1758 2860 proponit.
1807 2788 1905 2846 Hic

346 2892 600 2948 emperan
608 2877 678 2931 tia
702 2879 754 2931 in
769 2878 1006 2934 libidinis
1022 2895 1085 2934 ac
1098 2880 1409 2950 pertinaciae
1427 2880 1718 2938 insolentes
1743 2879 1908 2950 impe-

323 2974 413 3021 tus
441 2967 594 3022 frena
641 2967 938 3038 disciplinae
967 2969 1161 3039 injicit,
1198 2980 1359 3040 atque
1389 2969 1518 3028 hinc
1551 2971 1823 3040 pudicitiae
1851 2981 1907 3028 et

322 3057 689 3124 continentiae,
739 3058 1040 3116 clementia)
1064 3074 1278 3132 quoque
1303 3069 1358 3116 et
1381 3061 1692 3120 sobrietatis
1725 3063 1907 3118 multi.

321 3147 484 3216 plicia
531 3151 671 3206 dona
715 3152 1148 3212 desiderantibus
1180 3154 1461 3224 impendit.
1513 3153 1627 3214 Hoc
1656 3155 1910 3214 videlicet

320 3237 530 3308 lignum
563 3243 630 3297 ab
655 3242 770 3312 ipso
798 3243 1096 3316 plantatum
1115 3252 1218 3308 est,
1243 3243 1308 3299 de
1325 3259 1432 3314 quo
1461 3244 1592 3304 dicit
1613 3245 1904 3315 Propheta,

320 3329 452 3400 ligni
475 3333 932 3388 comparationem
950 3332 1156 3388 faciens
1182 3350 1196 3386 :
1223 3332 1285 3386 Et
1307 3335 1405 3388 erit
1427 3343 1680 3406 tanquam
1707 3333 1906 3408 lignum

316 3422 461 3492 quod
505 3422 800 3493 plantatum
849 3434 925 3479 est
963 3442 1111 3480 secus
1145 3426 1398 3482 decursus
1439 3444 1719 3498 aquarum,
1767 3428 1905 3499 quod

2007 2234 2298 2304 dispositae,
2330 2239 2561 2305 quatuor
2587 2229 2967 2302 principalium
2995 2229 3258 2285 virtutum
3305 2226 3586 2288 continent

2005 2327 2225 2382 nomina
2252 2345 2264 2381 :
2293 2325 2595 2398 prudentiae
2620 2337 2852 2395 quoque,
2879 2321 3124 2392 justitiae,
3155 2319 3488 2380 fortitudinis
3530 2324 3586 2373 et

2006 2418 2394 2489 temperantiae,
2424 2433 2490 2474 ex
2521 2415 2715 2488 quibus
2753 2415 2930 2472 omnis
2958 2414 3220 2474 virtutum
3244 2411 3414 2467 series
3459 2424 3583 2479 pro-

2006 2513 2171 2577 cedit,
2214 2522 2268 2566 et
2297 2512 2353 2568 in
2385 2510 2580 2580 quibus
2627 2509 2767 2566 ratio
2805 2508 2960 2562 bonae
2983 2507 3108 2560 vita:
3134 2505 3402 2564 consistit.
3449 2502 3590 2557 Sunt

2005 2619 2134 2674 ergo
2185 2608 2494 2660 memorata:
2545 2599 2730 2670 figura:
2778 2600 3072 2656 secundum
3120 2597 3317 2669 trigoni
3353 2596 3590 2666 speciem

2007 2694 2328 2764 conjunctae,
2358 2693 2455 2752 sed
2491 2691 2662 2752 variis
2692 2691 2948 2760 gradibus
2969 2690 3253 2746 distinctm.
3284 2686 3437 2743 Facti
3461 2694 3590 2742 sunt

2007 2789 2151 2844 enim
2183 2787 2238 2841 in
2269 2786 2478 2842 duobus
2530 2783 2791 2840 lateribus
2838 2781 3260 2852 uniuscujusque
3313 2785 3589 2844 constare,

2006 2890 2061 2938 et
2088 2879 2290 2936 nullum
2315 2879 2420 2933 nisi
2459 2892 2557 2949 per
2585 2876 2758 2932 sancti
2790 2874 3026 2945 Spiritus
3055 2874 3285 2945 gratiam
3311 2887 3404 2928 eas
3434 2885 3594 2954 posse

2007 2976 2316 3044 impetrare.
2349 2970 2519 3025 Tenet
2547 2984 2760 3039 quoque
2788 2967 2906 3026 haec
2928 2967 3128 3036 positio
3154 2973 3354 3020 saneta:
3392 2962 3590 3027 crucis,

2007 3069 2062 3124 in
2086 3065 2313 3138 trigonis
2328 3065 2439 3120 suis
2454 3071 2689 3134 quatuor
2707 3077 2896 3120 versus
2919 3059 3136 3130 triginta
3158 3073 3251 3114 sex
3264 3057 3590 3120 litterarum,

2008 3160 2062 3215 id
2108 3167 2206 3221 est,
2241 3158 2296 3211 in
2332 3155 2558 3227 singulis
2587 3153 2829 3226 singulos
2858 3171 2870 3206 :
2902 3166 3130 3224 quorum
3172 3149 3379 3226 primus
3415 3145 3591 3218 quiin

2009 3264 2262 3320 supremo
2304 3247 2514 3318 positus
2553 3253 2638 3301 est
2665 3245 2932 3313 trigonus,
2980 3248 3128 3298 tenet
3172 3240 3316 3296 hunc
3350 3251 3591 3302 versum,

2009 3339 2354 3412 incipientem
2380 3353 2412 3394 a
2432 3338 2624 3394 dextro
2646 3333 2842 3403 angulo
2869 3333 3136 3402 superius,
3171 3338 3226 3384 et
3250 3329 3591 3384 circumeun-

2011 3438 2119 3485 tem
2149 3444 2246 3499 per
2283 3437 2510 3483 caeteros
2545 3424 2791 3497 angulos,
2833 3437 3002 3492 usque
3044 3420 3113 3476 ad
3152 3419 3304 3476 illum
3332 3415 3475 3474 unde
3509 3415 3593 3472 in-

317 3489 550 3583 fractum
592 3530 744 3570 suum
772 3514 917 3570 dabit
966 3515 1022 3570 in
1074 3525 1308 3588 tempore
1346 3489 1545 3586 suo,'et
1574 3489 1903 3590 foliuin'ejus
1933 3489 1977 3552 Ο
2009 3489 2262 3591 cipiebat,
2290 3519 2362 3572 ita
2395 3535 2407 3570 :

318 3618 426 3657 non
461 3603 685 3669 decidet,
729 3613 777 3658 et
820 3605 998 3658 omnia
1039 3621 1362 3680 quwcunqus
1411 3607 1590 3678 fecerit
1631 3626 1905 3680 prospera-

317 3693 535 3747 buntur.
563 3693 832 3750 Decursus
859 3710 958 3766 ego
983 3711 1247 3766 aquarum
1269 3699 1705 3778 suntquotidiani
1723 3708 1902 3755 trans-

315 3783 428 3839 itus
457 3783 822 3841 deﬁcientium
866 3791 1205 3860 populorum.
1233 3792 1303 3847 Et
1329 3794 1394 3848 de
1419 3795 1714 3864 semetipso
1744 3793 1901 3849 Veri-

318 3885 404 3932 tas
433 3877 604 3933 dicit':
633 3876 692 3932 Si
720 3879 774 3931 in
803 3880 954 3934 viridi
985 3880 1124 3952 ligno
1148 3883 1260 3937 lucc
1281 3883 1504 3954 faciunt,
1534 3884 1587 3938 in
1607 3885 1757 3937 arido
1778 3884 1904 3954 quid

315 3967 407 4037 ﬁet
425 3966 452 4020 ?
476 3966 703 4037 Lignum
731 3984 859 4042 ergo
886 3985 1042 4025 secus
1077 3972 1339 4028 decursus
1364 3989 1632 4043 aquarum
1658 3981 1742 4029 est
1780 3990 1905 4030 cum

316 4058 465 4113 foliis
490 4067 546 4113 et
585 4059 785 4127 fructu,
813 4063 938 4131 quia
962 4063 1317 4132 protectionis
1347 4079 1458 4118 suae
1487 4064 1644 4120 nobis
1683 4063 1906 4121 umbra-

318 4150 503 4205 culum
530 4151 811 4220 proferens
852 4155 1101 4223 apparuit
1148 4155 1375 4209 Creator
1405 4154 1460 4209 in
1487 4170 1674 4222 carne,
1721 4163 1778 4210 et
1805 4155 1904 4212 hu-

319 4257 543 4296 manum
583 4258 750 4312 genus
774 4259 871 4314 per
905 4245 1360 4300 resurrectionem
1397 4248 1466 4301 ad
1498 4246 1666 4301 vitam
1706 4247 1902 4314 erexit,

319 4333 466 4402 quod
510 4349 608 4403 per
649 4335 916 4390 defectum
939 4337 1180 4404 quotidie
1227 4337 1338 4392 ibat
1365 4337 1432 4394 ad
1470 4346 1722 4394 mortem.
1765 4337 1904 4394 Vere

317 4425 466 4480 enim
515 4425 657 4479 istud
687 4425 888 4497 lignum
939 4428 1086 4482 dedit
1128 4427 1368 4484 fructum
1398 4431 1453 4484 in
1503 4438 1746 4504 tempore
1782 4443 1900 4495 suo,

318 4517 536 4587 quando
584 4517 834 4574 Salvator
884 4527 1068 4575 noster
1112 4521 1364 4591 passione
1412 4531 1468 4578 et
1505 4522 1903 4578 resurrectione

319 4624 417 4663 sua
445 4610 735 4681 completa,
779 4611 1075 4667 Ecclesiam
1101 4628 1200 4683 per
1226 4622 1396 4668 totam
1431 4616 1618 4670 mundi
1661 4615 1902 4670 latitudi-

317 4718 446 4760 nem
473 4705 527 4758 in
568 4720 627 4760 se
660 4705 824 4761 vitem
850 4721 1034 4761 veram
1060 4709 1422 4763 coadunatam
1451 4711 1662 4764 cunctis
1687 4709 1902 4764 virtuti-

317 4797 423 4852 bus
475 4795 602 4852 fecit
637 4799 931 4866 abundare,
987 4800 1104 4868 ipso
1135 4801 1238 4854 hoc
1269 4809 1501 4855 testante
1552 4820 1564 4854 :
1606 4801 1720 4872 Ego
1759 4819 1896 4869 sum,
1924 4849 1979 4911 Β

318 4889 518 4958 inquit,
543 4889 682 4956 vitis,
706 4899 755 4944 et
776 4907 865 4944 vos
890 4889 1151 4961 palmites.
1180 4891 1282 4957 Qui
1305 4900 1480 4945 manet
1504 4892 1558 4946 in
1596 4908 1698 4958 me,
1725 4902 1772 4946 et
1807 4909 1899 4962 ego

316 4987 378 5041 in
399 5001 483 5055 eo,
507 4985 595 5042 hic
641 4984 743 5056 fert
781 4983 1014 5056 fructum
1043 4982 1284 5049 multum,
1317 4984 1442 5052 quia
1475 4984 1587 5038 sine
1637 4999 1720 5038 me
1768 4983 1900 5038 nihil

2129 3611 2257 3661 Arce
2284 3609 2442 3659 crucis
2460 3607 2856 3668 Domintsumma
2879 3604 3138 3674 prudentia
3164 3603 3312 3655 sistit.

2007 3715 2064 3771 In
2090 3713 2274 3770 intimo
2306 3721 2488 3770 autem
2526 3711 2739 3780 trigono
2767 3708 2958 3780 incipit
2978 3721 3168 3762 versus
3203 3705 3311 3769 hic,
3344 3719 3376 3759 a
3401 3703 3590 3762 dextro

2008 3809 2204 3880 angulo
2231 3807 2510 3868 desubtus,
2538 3812 2594 3860 et
2618 3802 2767 3860 vadit
2791 3817 2889 3872 per
2914 3808 3141 3864 eceteros
3166 3799 3396 3864 circum,
3417 3810 3591 3868 usque

2009 3902 2076 3956 ad
2096 3901 2274 3974 ipsum
2299 3914 2330 3952 a
2354 3911 2462 3968 quo
2489 3895 2705 3952 initium
2731 3893 2997 3965 capiebat,
3031 3891 3104 3954 ita
3131 3908 3144 3944 :

2132 4012 2328 4066 iustitia
2350 4015 2405 4062 et
2429 4021 2578 4071 prona
2599 4006 2797 4062 mandat
2808 3991 2877 4064 se
2890 4013 3033 4068 parte
3059 4001 3342 4064 tenendam.

2006 4115 2253 4172 Dextera:
2275 4121 2455 4168 autem
2470 4111 2639 4180 partis
2659 4109 2906 4178 trigonus
2925 4105 3164 4166 continet
3183 4105 3328 4164 hunc
3347 4117 3583 4169 versum,

2007 4207 2077 4262 ab
2121 4205 2306 4260 infimo
2353 4201 2548 4273 angulo
2575 4199 2809 4270 primum
2849 4213 3062 4253 sursum
3098 4197 3457 4262 ascendendo,
3509 4196 3590 4251 sic

2006 4298 2394 4358 circumeundo
2419 4304 2650 4354 caeteros
2675 4307 2848 4363 usque
2904 4291 2973 4350 ad
3002 4290 3216 4350 initium
3253 4305 3432 4356 suum,
3464 4289 3542 4348 ita
3568 4304 3587 4343 :

2129 4411 2263 4462 Porti
2287 4409 2376 4460 sed
2393 4411 2447 4460 tn
2469 4407 2652 4458 dextro
2665 4417 2817 4456 cornu
2841 4404 2939 4456 fert
2958 4402 3193 4466 stipulam
3225 4403 3308 4454 do.
3447 4342 3924 4492 ερσβκίιθκ

2007 4515 2225 4575 Sinistri
2274 4527 2406 4569 vero
2448 4509 2703 4582 trianguli
2752 4525 2959 4574 versus,
2991 4524 3021 4562 a
3053 4508 3232 4564 medio
3255 4507 3453 4577 angulo
3485 4505 3588 4561 ini-

2004 4614 2139 4667 tium
2191 4607 2375 4670 sumit,
2425 4603 2676 4676 gradiens
2721 4602 2954 4671 primum
3015 4599 3356 4655 ascendendo
3413 4613 3588 4668 usque

2004 4703 2070 4758 ad
2100 4701 2328 4756 alterum
2351 4695 2625 4767 angulum,
2646 4692 2878 4762 indeque
2903 4706 3000 4760 per
3013 4691 3299 4745 circuitum
3329 4690 3396 4742 ad
3421 4697 3586 4757 caput

2005 4808 2160 4849 suum
2203 4787 2513 4849 revertitur,
2547 4784 2662 4838 ita:
2689 4783 2820 4838 Cum
2844 4783 2899 4836 in
2921 4781 3028 4836 levo
3060 4780 3335 4835 moderans
3357 4780 3584 4851 disponit

2000 4883 2127 4954 jura
2152 4878 2405 4934 modesta.
2445 4873 2706 4930 Modestia
2730 4873 2895 4945 igitur
2917 4888 3016 4942 per
3041 4885 3330 4944 syncopam
3356 4870 3582 4941 scripta,

2007 4991 2107 5048 pro
2136 4970 2492 5045 temperantia
2517 4971 2756 5039 ponitur,
2786 4967 3120 5040 species'pro
3149 4978 3367 5037 genere.
