4016 6498
312 416 440 503 ,επ

1365 414 1454 473 DE
1476 410 1817 471 LAUDIBUS
1856 412 1913 469 S.
1954 413 2218 475 CRUCIS.
2247 450 2321 462 —
2347 419 2473 478 LIB.
2512 420 2555 477 Ι.

3480 422 3581 504 ns

1512 544 2031 610 DECLABATIO
2073 551 2415 615 FIGURAE.

1782 672 2089 691 ἡ

397 748 566 808 Recte
607 744 771 816 igitur
810 738 1215 813 quaternarium
1248 754 1532 796 numerum
1576 738 1906 811 perfectione
1929 738 2131 800 Acum
2164 742 2327 799 Patre
2378 748 2435 799 et
2478 741 2687 814 Spiritu
2727 749 2916 799 sancto
2940 757 3080 800 unus
3123 741 3267 800 Deus
3288 784 3304 812 ,
3350 746 3437 802 cui
3478 747 3584 805 soli

314 834 595 909 sacratum
628 851 767 909 pene
798 834 978 891 nullus
1006 834 1239 906 ignorat,
1267 839 1322 888 et
1354 832 1476 888 ideo
1510 833 1649 888 bene
1671 832 1822 888 illum
1847 832 1901 887 in

323 937 497 996 forrha
538 932 718 990 crucis
743 928 945 987 Christi
984 927 1428 999 transﬁguratum
1469 934 1614 984 totus
1632 927 1781 983 orbis
1810 940 1902 981 ve-

321 1038 562 1089 neratur.
612 1023 891 1095 Siquidem
918 1020 1176 1076 mundum
1202 1026 1434 1090 quatuor
1470 1018 1749 1074 elementis
1776 1033 1901 1074 con-

321 1132 468 1180 stare
493 1115 837 1175 manil‘estum
869 1118 975 1178 est,
1002 1111 1056 1166 id
1079 1117 1180 1175 est,
1210 1109 1355 1181 igne,
1379 1125 1525 1175 aere,
1552 1124 1691 1180 aqua
1715 1117 1770 1165 et
1792 1117 1900 1164 ter-

320 1232 400 1272 ra.
434 1215 503 1270 Et
530 1219 700 1267 totum
723 1207 913 1264 orbem
938 1210 1169 1275 quatuor
1193 1202 1473 1258 terminari
1501 1202 1746 1273 partibus
1784 1202 1898 1257 sive

318 1304 529 1376 angulis
547 1308 739 1357 notum
765 1304 869 1362 est,
892 1295 1100 1351 oriente
1124 1292 1329 1349 scilicet
1347 1300 1402 1348 et
1423 1293 1721 1356 occidente,
1744 1291 1898 1360 aqui-

317 1398 443 1453 lone
465 1404 520 1450 et
550 1391 794 1448 meridie.
831 1388 1071 1456 Quatuor
1092 1400 1308 1456 quoque
1336 1392 1462 1441 sunt
1498 1382 1895 1440 vicissitudines

318 1499 639 1558 temporum,
669 1483 722 1539 id
751 1489 869 1547 est,
899 1494 1013 1546 ver,
1036 1485 1217 1544 aestas,
1258 1485 1569 1544 autumnus,
1598 1476 1804 1541 hiems;
1840 1483 1897 1530 et

316 1586 546 1650 quatuor
594 1574 924 1645 quadrantes
977 1568 1239 1625 naturalis
1282 1568 1408 1634 diei,
1444 1568 1499 1622 id
1544 1575 1646 1634 est,
1703 1573 1895 1638 quater

313 1682 458 1722 senae
482 1665 651 1727 horae,
686 1677 807 1734 qua:
834 1668 1013 1716 tamen
1040 1660 1127 1715 his
1154 1659 1322 1714 initiis
1348 1658 1756 1730 dignoscuntur,
1785 1673 1894 1713 ma-

314 1771 382 1810 ne
414 1753 662 1809 videlicet
689 1760 745 1807 et
774 1749 1018 1814 meridie,
1048 1763 1272 1819 vespere
1317 1756 1371 1803 et
1409 1748 1750 1818 intempesto.
1786 1745 1892 1802 Sed

310 1847 581 1917 quomodo
619 1844 768 1901 cruci
815 1842 1199 1899 convenienter
1236 1841 1408 1912 possit
1451 1841 1568 1895 haec
1612 1839 1892 1908 dispositio

308 1938 586 2008 coaptari,
617 1935 973 1991 intimandum
1003 1942 1104 1988 est.
1156 1932 1214 1987 Si
1245 1948 1373 2004 ergo
1402 1939 1640 1988 erectam
1675 1945 1891 1986 crucem

306 2030 643 2085 voluerimus
664 2027 922 2097 aspicere,
949 2024 1150 2094 ignem,
1177 2024 1321 2093 quod
1343 2037 1653 2092 supremum
1674 2029 1758 2077 est
1779 2021 1890 2077 ele-

1976 838 2408 895 benedictiones
2448 836 2553 893 illae
2604 843 2950 909 competunt,
3001 852 3137 908 quas
3177 846 3289 895 tres
3326 841 3484 910 pueri
3525 842 3584 898 in

2001 930 2215 986 camino
2254 930 2394 999 ignis
2440 928 2680 985 ardentis
2704 970 2722 996 ,
2776 944 2965 986 omnes
3014 940 3295 987 creaturas
3349 933 3417 989 ad
3462 932 3579 989 lau-

2002 1020 2124 1076 dem
2163 1020 2435 1076 Creatoris
2463 1021 2816 1089 exhortando,
2848 1022 3240 1078 concinnebant
3278 1031 3442 1095 atque
3489 1027 3576 1082 di-

2001 1111 2192 1166 cebant
2219 1128 2234 1165 :
2265 1111 2583 1177 Benedicite,
2609 1113 2785 1167 omnia
2819 1129 2978 1183 opera
2998 1112 3211 1170 Domini
3219 1155 3233 1178 ,
3260 1114 3572 1186 Dominum,

1999 1209 2056 1258 et
2095 1208 2310 1258 ctetera.
2368 1202 2445 1258 De
2494 1217 2601 1274 quo
2647 1211 2704 1258 et
2755 1202 3039 1261 Psalmista
3094 1206 3226 1262 dicit
3269 1223 3284 1260 :
3335 1205 3578 1264 Laudent

1998 1311 2118 1350 eum
2144 1294 2257 1350 caeli
2287 1304 2334 1350 et
2371 1306 2532 1363 terra,
2564 1312 2708 1350 mare
2748 1305 2796 1351 et
2835 1297 3012 1352 omnia
3048 1315 3164 1369 qua:
3197 1299 3252 1352 in
3293 1299 3366 1354 eis
3407 1309 3529 1356 sunt
3553 1319 3574 1360 .°

1998 1385 2124 1454 quia
2146 1427 2162 1452 ,
2217 1389 2512 1443 secundum
2548 1386 2884 1459 Apostolum,
2911 1403 2977 1442 ea:
3020 1388 3132 1458 ipso
3182 1399 3230 1442 et
3274 1405 3367 1459 per
3404 1391 3573 1461 ipsum

1995 1489 2044 1533 et
2076 1481 2132 1533 in
2162 1481 2272 1551 ipso
2300 1491 2422 1535 sunt
2452 1482 2650 1546 omnia,
2688 1481 2788 1551 ipsi
2822 1479 2990 1533 honor
3028 1488 3078 1534 et
3109 1478 3278 1550 gloria
3306 1481 3362 1534 in
3380 1481 3579 1535 sarcula

1994 1568 2330 1623 seculorum.
2380 1568 2490 1626 Cur
2544 1584 2673 1624 vero
2720 1569 2777 1624 in
2831 1570 2968 1624 rotis
3023 1578 3246 1640 quatuor
3310 1568 3578 1625 elementa

1994 1659 2108 1715 sive
2137 1668 2370 1730 quatuor
2410 1668 2651 1731 tempora
2681 1675 2774 1716 seu
2801 1668 3037 1731 quatuor
3057 1661 3244 1733 plagas
3265 1659 3452 1715 mundi
3485 1660 3578 1715 de-

1991 1751 2278 1820 pinxerim,
2307 1752 2422 1834 haec
2448 1751 2588 1806 ratio
2616 1759 2720 1816 est,
2748 1751 2875 1821 quia
2899 1752 3076 1807 omnis
3110 1749 3295 1806 mundi
3325 1749 3578 1805 machina

1992 1844 2303 1914 temporalis
2328 1853 2432 1910 est,
2469 1851 2524 1899 et
2553 1844 2785 1913 quadam
2803 1844 3155 1914 permistione
3179 1842 3573 1898 elementorum

1992 1940 2155 2003 atque
2198 1948 2451 1989 successu
2492 1942 2797 2004 temporum
2819 1933 3096 1989 variabilis
3125 1934 3238 1989 sive
3260 1932 3536 1989 mutabilis
3556 1972 3572 1999 ,

1994 2021 2277 2079 Salomone
2303 2032 2612 2091 attestaute,
2649 2025 2739 2094 qui
2763 2025 2840 2080 ait
2868 2039 2883 2078 :
2917 2023 3108 2079 Omnia
3141 2033 3342 2095 tempus
3361 2024 3571 2091 habent,

310 2129 639 2184 mentorum,
679 2117 734 2170 in
766 2129 889 2169 arce
933 2114 1075 2169 illius
1113 2113 1477 2180 collocemus;
1524 2127 1706 2167 aerem
1752 2127 1886 2183 quo-
1912 2111 1962 2170 B
1988 2128 2038 2175 et
2082 2121 2192 2174 suis
2233 2121 2413 2191 spatiis
2459 2119 3025 2175 transeuntuniversa
3072 2118 3168 2173 sub
3220 2118 3367 2174 calo.
3418 2116 3574 2174 Nunc

305 2224 414 2278 que
459 2217 515 2262 et
565 2222 782 2277 aquam,
829 2222 949 2276 quae
998 2206 1177 2262 media
1224 2215 1351 2262 sunt
1396 2206 1452 2261 in
1491 2205 1790 2271 elementis,
1833 2206 1885 2260 in

304 2309 613 2355 transverso
637 2298 813 2355 crucis
863 2298 1029 2369 ligno,
1084 2298 1229 2368 quod
1272 2312 1368 2368 per
1415 2297 1651 2353 medium
1686 2297 1886 2367 stipitis

300 2390 469 2444 erecti
496 2388 730 2455 ducitur,
761 2389 1178 2460 consignemus;
1210 2396 1412 2443 terram
1432 2402 1582 2456 vero,
1611 2404 1730 2458 qua:
1758 2404 1885 2460 gra-

298 2480 521 2537 vissima
544 2488 629 2536 est
661 2490 717 2536 et
739 2480 909 2535 imum
937 2480 992 2533 in
1023 2480 1289 2534 creaturis
1332 2486 1479 2534 tenet
1523 2478 1717 2544 locum,
1752 2480 1888 2535 infe-

300 2573 433 2628 riori
452 2573 593 2643 parti
613 2574 793 2629 crucis
816 2572 1151 2644 deputemus.
1191 2570 1319 2627 Haec
1353 2571 1551 2642 quippe
1570 2571 1752 2626 omnia
1778 2572 1886 2627 ele-

298 2674 482 2720 menta
523 2666 664 2721 sicut
705 2666 937 2735 quadam
977 2673 1182 2720 natura:
1227 2664 1631 2736 propinquitate
1668 2665 1886 2721 sibimet

299 2759 738 2825 commiscentur,
762 2767 823 2814 ut
850 2759 1035 2814 mundi
1057 2758 1418 2830 integritatem
1448 2757 1730 2830 perﬁciant
1758 2777 1770 2812 :
1808 2758 1884 2813 ita

295 2849 463 2904 etiam
486 2859 716 2920 quatuor
742 2850 987 2921 partibus
1023 2849 1204 2906 "crucis
1237 2851 1453 2906 sibimet
1479 2851 1756 2907 sociantur
1778 2893 1793 2917 ,
1822 2858 1884 2905 ut

296 2946 593 3016 perfectam
622 2946 858 3016 speciem
885 2944 1005 3016 ejus
1038 2946 1429 3002 demonstrent.
1462 2944 1521 3001 Si
1547 2953 1727 3000 autem
1749 2961 1883 3016 qua-

298 3047 422 3093 tuor
445 3039 615 3111 plagis
655 3039 804 3095 orbis
844 3055 966 3096 eam
1010 3039 1236 3095 velimus
1281 3039 1582 3111 assignare,
1608 3036 1881 3107 jacentem

295 3131 584 3187 metiamur
611 3146 832 3187 necesse
872 3138 955 3187 est
992 3131 1067 3185 ita
1115 3149 1129 3185 :
1169 3138 1227 3186 ut
1249 3131 1481 3201 primam
1510 3137 1722 3202 partem
1765 3129 1882 3200 ejus

293 3224 514 3290 orienti,
544 3232 841 3280 extremam
865 3222 1156 3289 occidenti,
1185 3222 1431 3278 dextram
1458 3220 1717 3291 aquiloni,
1750 3220 1882 3275 sini-

295 3323 468 3369 stram
495 3324 678 3371 austro
717 3316 1052 3386 deputemus.
1096 3312 1360 3370 Similiter
1401 3330 1617 3386 quoque
1646 3321 1882 3385 quatuor

293 3408 694 3464 vicissitudines
717 3417 1019 3478 temporum
1046 3408 1312 3464 naturalis
1332 3408 1460 3472 diei,
1492 3409 1678 3463 eadem
1701 3407 1880 3477 dispo-

293 3497 492 3554 sitione
525 3499 578 3554 in
603 3514 763 3556 cruce
787 3510 1017 3571 possunt
1043 3501 1292 3565 adunari,
1324 3508 1384 3554 ut
1412 3515 1520 3553 una
1549 3499 1881 3574 speciesan-

291 3588 351 3644 ni
394 3590 510 3646 sive
538 3590 645 3646 diei
673 3605 909 3663 congrue
959 3593 1012 3646 in
1049 3591 1133 3646 his
1154 3600 1317 3662 queat
1341 3591 1570 3647 ostendi.
1598 3591 1707 3648 Ver
1734 3590 1878 3646 enim

293 3689 459 3750 atque
503 3696 699 3736 aurora
736 3691 917 3737 ortum
960 3681 1099 3738 lucis
1137 3690 1192 3737 et
1236 3682 1589 3738 coalescentia
1632 3682 1687 3737 in
1732 3691 1879 3737 terra

292 3772 539 3843 germina
566 3772 756 3828 ordine
784 3788 882 3829 suo
899 3774 1201 3844 proferunt,
1232 3782 1291 3830 et
1308 3777 1379 3831 ob
1408 3776 1511 3830 hoc
1542 3775 1679 3839 bene
1699 3774 1881 3829 orien-

295 3866 337 3919 ti
363 3866 708 3936 deputantur.
739 3864 922 3922 Estas
955 3874 1137 3923 autem
1178 3876 1340 3937 atque
1379 3868 1633 3923 meridies
1657 3874 1879 3938 propter

296 3952 563 4010 fervorem
609 3961 795 4011 austro
840 3966 1179 4027 coaptantur,
1232 3959 1358 4030 quia
1397 3960 1525 4013 dum
1570 3958 1626 4013 in
1674 3958 1879 4014 eisdem

295 4045 422 4101 coeli
450 4045 693 4114 partibus
715 4046 794 4102 sol
821 4047 1049 4117 erigitur
1065 4090 1079 4113 ,
1112 4048 1459 4120 ﬁagrantiore
1481 4049 1741 4105 mundum
1767 4056 1879 4103 tor-

295 4144 383 4189 ret
409 4136 603 4191 calore.
633 4136 936 4193 Autumnus
975 4153 1209 4209 namque
1243 4146 1299 4194 et
1343 4154 1565 4209 vespera
1584 4139 1707 4210 jure
1735 4138 1881 4194 occi-

296 4224 447 4281 denti
472 4226 867 4295 mancipantur,
900 4241 966 4282 eo
998 4229 1141 4297 quod
1181 4236 1311 4284 tunc
1336 4230 1579 4285 omnium
1602 4228 1878 4284 fructuum

298 4322 460 4370 terra:
486 4316 676 4371 messis
704 4316 907 4383 ﬁnitur,
935 4325 991 4372 et
1021 4325 1136 4373 tota
1159 4317 1265 4373 diei
1292 4320 1465 4389 spatia
1494 4319 1875 4374 terminantur.

298 4405 485 4462 Hiems
510 4421 638 4477 ergo
679 4414 736 4462 et
757 4408 1138 4479 intempestum
1178 4409 1533 4479 septentrioni
1574 4407 1879 4464 assimilan-

299 4506 410 4563 tur,
457 4512 521 4552 eo
562 4498 705 4568 quod
747 4506 873 4554 tunc
919 4508 1063 4555 terra
1103 4500 1304 4572 frigore
1346 4508 1579 4571 torpeat,
1620 4509 1676 4557 et
1706 4501 1880 4569 magis

297 4587 469 4656 quieti
496 4601 656 4656 quam
676 4588 835 4644 alicui
855 4589 1007 4659 operi
1036 4596 1249 4660 tempus
1269 4599 1631 4662 opportunum
1653 4590 1744 4644 sit.
1775 4590 1864 4662 lgi«

297 4687 389 4732 tur
421 4676 549 4732 dum
575 4678 754 4733 omnia
782 4693 883 4749 per
905 4694 1122 4734 crucem
1150 4688 1361 4735 constat
1387 4696 1507 4735 esse
1537 4690 1874 4750 recuperata,

294 4777 354 4825 et
385 4784 484 4838 per
516 4766 717 4825 Christi
753 4770 1059 4841 passionem
1104 4779 1294 4826 renata
1329 4786 1395 4827 ac
1419 4772 1701 4827 mehorata
1724 4811 1742 4838 ,
1774 4771 1877 4826 rite

294 4860 368 4917 ad
413 4859 530 4932 ejus
574 4859 789 4918 laudem
833 4870 1027 4919 cuncta
1070 4861 1413 4932 conveniunt,
1462 4859 1591 4933 quia
1629 4860 1747 4932 ipse
1786 4867 1872 4917 est

1990 2211 2129 2283 ignis
2145 2227 2328 2268 aerem
2352 2213 2541 2278 siccat,
2571 2227 2711 2282 aqua
2737 2210 3098 2266 humidiorem
3120 2209 3269 2276 facit,
3294 2225 3438 2265 nunc
3460 2218 3575 2264 ter-

1988 2317 2049 2357 ra
2080 2318 2344 2373 aquarum
2380 2302 2735 2358 alluvionibus
2766 2301 3023 2368 afﬁcitur,
3054 2316 3200 2357 nunc
3221 2301 3351 2357 solis
3377 2301 3575 2356 ardore

1985 2392 2240 2465 siccatur.
2268 2392 2423 2463 Aqua
2451 2393 2645 2463 quippe
2672 2399 2867 2447 natura
2908 2391 3121 2448 mobilis
3155 2399 3266 2456 est,
3300 2398 3357 2446 et
3382 2405 3572 2460 quem-

1985 2482 2108 2536 dam
2135 2481 2393 2536 circulum
2416 2497 2580 2537 cursu
2616 2479 2852 2537 conﬁcit.
2880 2480 3073 2536 Omnia
3113 2481 3335 2550 ﬂumina
3353 2519 3368 2546 ,
3398 2478 3575 2549 inquit

1985 2572 2421 2639 Ecclesiasticus,
2461 2573 2661 2627 intrant
2692 2574 2747 2627 in
2772 2590 2939 2639 mare,
2973 2582 3022 2629 et
3060 2589 3206 2627 mare
3245 2588 3350 2627 non
3376 2572 3574 2626 redun-

1985 2662 2097 2729 dat,
2125 2662 2194 2717 ad
2221 2662 2392 2718 locum
2417 2663 2557 2718 unde
2570 2673 2757 2738 excutit
2777 2664 2997 2734 ﬂumina
3027 2671 3374 2728 revertuntur,
3398 2672 3455 2715 ut
3471 2662 3570 2714 itc-

1984 2772 2101 2809 rum
2122 2757 2312 2826 ﬂuant.
2344 2756 2487 2827 Ignis
2506 2770 2720 2826 quoque
2748 2755 2999 2811 similiter
3033 2754 3337 2810 naturalem
3361 2759 3571 2808 motum

1981 2846 2147 2901 habet
2196 2847 2335 2902 unde
2365 2846 2432 2901 ad
2460 2846 2653 2901 altiora
2687 2861 2745 2901 se
2780 2861 2995 2916 semper
3022 2846 3183 2916 erigit
3212 2832 3492 2907 accensus,
3517 2849 3574 2897 et

1981 2937 2161 2994 locum
2191 2937 2294 2993 sibi
2320 2953 2482 3009 super
2505 2954 2632 2994 aera
2657 2940 2869 3008 quaerit.
2901 2938 3224 2994 Discurrunt
3248 2935 3484 3007 fulgura,
3514 2943 3571 2989 et

1981 3030 2185 3086 crebris
2225 3030 2391 3086 micat
2419 3031 2632 3102 ignibus
2674 3032 2863 3086 aether.
2904 3030 3171 3108 Tempora
3199 3043 3433 3097 namque
3460 3026 3568 3082 cir-

1983 3124 2119 3180 culis
2162 3132 2446 3180 transeunt
2466 3167 2480 3193 ,
2519 3133 2576 3180 et
2598 3124 2998 3181 vicissitudines
3027 3133 3257 3197 quatuor
3286 3132 3567 3178 ternorum

1982 3218 2249 3274 mensium
2274 3219 2497 3274 orbibus
2546 3228 2694 3275 eunt.
2742 3217 2930 3274 Annus
2973 3231 3188 3287 quoque
3226 3214 3295 3270 ab
3329 3228 3396 3271 eo
3424 3213 3571 3285 quod

1982 3327 2199 3384 semper
2218 3320 2464 3369 vertatur
2488 3353 2503 3380 ,
2534 3322 2590 3368 et
2613 3313 2669 3367 in
2698 3327 2757 3367 se
2783 3313 2970 3368 redeat
2996 3324 3193 3365 nomen
3214 3305 3570 3377 accepit..Di-

1981 3405 2124 3461 citur
2139 3412 2196 3460 et
2214 3406 2363 3461 orbis
2384 3413 2541 3460 terrae
2567 3414 2622 3460 et
2642 3405 2851 3475 vertigo
2873 3402 2982 3473 poli
3008 3410 3181 3456 terras
3202 3408 3367 3471 atque
3385 3413 3569 3468 atquo-

1905 3462 1951 3527 C
1984 3510 2045 3550 ra
2074 3496 2514 3551 circumvolvere.
2545 3494 2759 3566 Gyrans
2785 3462 3026 3567 gymndo
3051 3492 3201 3546 vadit
3230 3462 3473 3562 spiritus,
3509 3495 3565 3545 et

1982 3585 2039 3640 in
2069 3584 2300 3641 circulos
2319 3599 2446 3641 suos
2468 3585 2777 3641 revertitur.
2799 3583 3048 3654 Quinque
3067 3589 3253 3638 tenent
3274 3596 3424 3637 zona:
3455 3595 3569 3636 cos-

1981 3678 2117 3744 lum,
2145 3676 2395 3747 obliquus
2420 3693 2528 3748 qua
2570 3692 2631 3734 se
2672 3676 2953 3747 signorum
2990 3673 3218 3731 verterit
3245 3672 3396 3728 ordo.
3426 3669 3567 3726 Sunt

1981 3785 2197 3841 quoque
2219 3779 2274 3825 et
2300 3770 2403 3841 ipsi
2423 3785 2612 3827 versus
2634 3770 2691 3825 in
2706 3770 2835 3826 totis
2857 3768 3148 3839 conscripti
3176 3766 3426 3838 sphaerici
3450 3766 3565 3821 sive

1979 3859 2260 3916 circularis
2286 3860 2498 3915 numeri
2541 3878 2554 3915 :
2587 3859 2643 3914 id
2670 3867 2769 3924 est,
2797 3861 3017 3932 triginta
3047 3872 3142 3913 sex
3170 3857 3261 3927 qui
3287 3870 3384 3927 per
3406 3871 3561 3910 sena-

1979 3954 2120 4009 rium
2177 3951 2391 4007 senario
2443 3950 2797 4022 multiplicato
2837 3950 2894 4006 in
2945 3949 3215 4005 senarium
3268 3945 3562 4013 terminat,

1980 4056 2212 4111 quorum
2246 4042 2454 4111 primus
2477 4042 2533 4097 in
2567 4056 2819 4111 supremo
2847 4039 3052 4097 circulo
3074 4039 3163 4095 hic
3185 4046 3270 4095 est
3292 4051 3483 4094 versus
3514 4053 3530 4095 :

2101 4163 2205 4215 Ver
2228 4164 2394 4216 oriens
2414 4167 2547 4229 ignis
2569 4176 2745 4220 aurora
2760 4166 2855 4217 hac
2870 4171 3010 4230 parte
3031 4164 3274 4218 relucent.
3526 4134 3527 4137 Ἴ

1977 4265 2039 4324 In
2065 4267 2250 4323 inﬁmo
2273 4282 2402 4327 vero
2419 4269 2508 4325 hic
2535 4287 2550 4324 :

2101 4383 2395 4445 Autumnus,
2416 4383 2679 4448 zephyrus,
2697 4383 2848 4437 tellus
2869 4389 2924 4437 et
2942 4394 3155 4448 vespera
3174 4381 3259 4435 hic
3273 4381 3347 4434 ﬁt.

1978 4485 2180 4542 Dextro
2207 4501 2442 4558 namque
2470 4486 2561 4542 hic
2597 4503 2613 4543 :

2099 4599 2281 4649 Arcton
2300 4599 2461 4650 hiems
2481 4598 2677 4662 lympha
2698 4598 2859 4650 media
2875 4608 2974 4648 nox
2993 4607 3116 4649 ecce
3139 4594 3332 4648 locatae.

1976 4703 2044 4758 Et
2062 4705 2117 4758 in
2136 4696 2355 4759 sinistro
2374 4702 2465 4758 hic
2484 4717 2676 4759 versus
2703 4720 2716 4756 :

2107 4814 2227 4873 Aer,
2244 4816 2400 4865 aestu.
2425 4819 2594 4866 auster
2637 4812 2738 4865 arci
2758 4812 2842 4865 hic
2861 4812 2927 4867 sit
2943 4793 3295 4879 meﬁdiesqne.
