3970 6496
343 400 448 463 181

1374 399 1464 457 DE
1500 396 1838 456 LAUDlBUS
1875 397 1933 455 S.
1971 397 2238 457 CRUCIS.
2270 428 2342 441 —
2365 397 2494 456 LIB.
2530 398 2574 455 l.

3499 392 3604 455 182

1535 530 2052 595 DEGLARATIO
2094 532 2441 596 FIGURAE.

412 744 787 810 Duodenat'ius
833 762 965 822 ergo
1010 748 1272 806 numerus
1316 752 1479 819 quam
1519 746 1659 804 bene
1689 748 1745 803 et
1790 750 1915 818 apte
1939 740 1996 815 Α
2016 744 2215 804 summi
2236 731 2509 818 pentiilcis
2530 744 2812 805 duodecim
2836 730 3044 820 lapide!
3068 734 3600 818 pretiosi,quaterno

344 852 546 907 sanctae
565 843 713 901 cruci
734 840 1039 909 conveniat,
1070 857 1176 898 non
1190 846 1371 913 parva:
1390 834 1617 897 rationis
1643 846 1729 896 est
1754 836 1917 895 intel-

344 940 544 1013 ligere:
576 935 773 1009 quippe
790 944 914 992 cum
937 928 1216 991 duodecim
1227 932 1373 989 Venti
1395 934 1523 999 sint,
1546 931 1639 1003 qui
1658 930 1919 987 lhutidum

344 1012 593 1105 perﬂant,
627 1035 681 1086 et
721 1026 1001 1085 duodecim
1023 1027 1175 1099 signa
1201 1024 1427 1091 zodiaci,
1467 1022 1662 1094 quibus
1709 1012 1919 1095 septem

346 1126 572 1199 planetae
594 1121 827 1179 circulos
852 1134 978 1177 suos
1013 1120 1260 1176 ordinate
1303 1126 1358 1172 et
1382 1117 1638 1189 disposite
1666 1116 1916 1188 pergunt,

346 1228 405 1276 et
430 1216 714 1274 duodecim
743 1228 975 1277 menses,
1016 1210 1212 1284 quibus
1248 1220 1457 1267 annuus
1494 1216 1684 1266 cursus
1710 1209 1923 1281 peragis

349 1323 474 1379 tur;
520 1309 923 1381 artiﬁcialiSque
961 1308 1065 1364 diei
1112 1308 1258 1364 horae
1290 1304 1592 1373 duodecim,
1622 1307 1818 1377 quibus
1842 1300 1922 1363 Sol

351 1412 517 1461 totam
542 1401 883 1474 superﬁciem
915 1408 1075 1456 terra:
1103 1399 1365 1465 illustrat;
1396 1398 1678 1454 duodecim
1711 1412 1923 1469 quoque

348 1495 715 1568 patriarchae,
769 1509 833 1548 ex
884 1491 1080 1562 quibus
1127 1490 1304 1546 omnis
1351 1489 1637 1544 multitudo
1690 1487 1924 1544 ﬁliorum

347 1587 511 1644 Israel
533 1593 827 1659 propagata
855 1592 958 1649 est,
990 1596 1110 1655 quae
1150 1592 1348 1639 terram
1378 1580 1815 1652 repromissionis
1840 1595 1927 1637 se-

350 1679 583 1735 cundum
644 1684 821 1732 sortes
851 1674 1133 1730 duodecim
1174 1674 1412 1729 tribuum
1440 1672 1697 1743 possedit,
1746 1687 1776 1726 a
1807 1671 1927 1741 qui-

348 1775 449 1830 bus
488 1773 662 1829 exorti
712 1780 836 1827 sunt
866 1772 1161 1842 prophetzc,
1210 1771 1375 1826 divini
1413 1779 1600 1842 partus
1626 1780 1922 1842 praecones.

352 1866 505 1922 Unde
527 1862 582 1920 et
601 1865 715 1936 ipse
739 1862 987 1920 Salvator
1017 1878 1236 1920 carnem
1264 1864 1561 1934 suscipere,
1590 1869 1645 1917 et
1664 1862 1813 1917 inter
1830 1862 1927 1917 bo-

349 1954 527 2013 mines
551 1956 702 2011 nasci
734 1956 978 2027 dignatus
1006 1962 1090 2010 est
1122 1973 1134 2009 :
1174 1948 1263 2024 qui
1296 1953 1385 2009 lux
1410 1942 1461 2009 in
1492 1945 1637 2027 hunc
1667 1941 1926 2009 mundum

352 2049 596 2113 veniens,
625 2024 899 2103 duodecim
917 2046 1208 2118 apostolos,
1235 2062 1371 2117 quos
1396 2063 1463 2102 ex
1495 2024 1608 2117 ipsa
1636 2052 1793 2118 gente
1822 2045 1929 2101 ele-

2021 844 2186 896 versu
2211 834 2475 911 disposui,
2505 848 2561 896 et
2587 830 2867 897 duodecim
2904 838 3339 912 patriarcharum
3368 841 3603 899 nominis

2022 931 2267 1005 inscripti
2292 916 2617 989 Videbantur
2658 933 2886 1006 imponi,
2915 934 2977 990 ut
3000 932 3367 1006 pulcherrimo
3395 932 3600 1007 pande-

2023 1034 2193 1095 retur,
2216 1022 2397 1083 omnia
2424 1018 2725 1098 Spirituaiia
2746 1026 3093 1094 charismata,
3117 1030 3237 1099 qua:
3259 1026 3455 1101 singuli
3480 1027 3604 1098 qui-

2025 1130 2130 1190 que
2155 1122 2463 1175 sanctorum
2487 1117 2686 1173 viritim
2727 1124 2795 1175 ex
2818 1127 2974 1190 parte
2994 1118 3368 1190 perﬁciebant,
3409 1119 3464 1173 in
3489 1122 3603 1174 ihe—

2026 1208 2238 1269 diatore
2278 1204 2373 1267 Dei
2394 1212 2451 1268 et
2472 1211 2752 1268 humin'um
2780 1213 3000 1269 homine
3029 1212 3246 1269 Christo
3274 1204 3424 1277 Iesu,
3454 1211 3603 1283 pari—

2025 1316 2112 1363 ter
2138 1313 2194 1362 et
2238 1304 2481 1377 perfecte
2525 1303 2693 1361 fuisse
2720 1305 3003 1375 completa.
3037 1292 3189 1372 Quod
3226 1306 3283 1360 in
3312 1300 3605 1376 Evangelio

2026 1416 2241 1472 quoque
2274 1398 2512 1455 Joannes
2560 1406 2836 1455 testatur:
2866 1398 2935 1453 Et
2964 1399 3194 1465 verbum,
3237 1399 3434 1469 inquit,
3480 1406 3605 1452 caro

2027 1495 2225 1565 factum
2270 1501 2380 1558 est,
2412 1501 2460 1546 et
2488 1490 2737 1546 habitavit
2762 1492 2819 1546 in
2848 1490 3016 1556 nobis,
3048 1500 3095 1546 et
3122 1490 3347 1545 vidimus
3381 1487 3605 1560 gloriam

2026 1584 2164 1655 ejus,
2194 1582 2417 1654 gloriam
2448 1580 2602 1652 quasi
2625 1580 2880 1651 unigeniti
2899 1595 2932 1634 α
2966 1576 3148 1646 Patre,
3175 1579 3388 1649 plenum
3432 1577 3605 1649 gratia

2027 1686 2076 1733 et
2100 1676 2331 1732 veritate.
2356 1676 2423 1730 Et
2443 1673 2603 1745 paulo
2632 1680 2755 1746 post
2779 1691 2792 1727 :
2822 1672 2894 1728 Et
2911 1672 2976 1728 de
2997 1672 3320 1744 plenitudine
3346 1671 3463 1743 ejus
3508 1685 3604 1725 uos

2029 1784 2204 1823 omnes
2234 1766 2550 1837 accepimus,
2578 1774 2627 1819 et
2653 1765 2877 1835 gratiam
2902 1780 2997 1834 pro
3028 1763 3221 1834 gratia,
3251 1762 3377 1834 quia
3413 1759 3499 1814 lea:
3515 1774 3609 1832 per

2030 1846 2087 1912 11
2093 1874 2249 1929 oysen
2269 1850 2394 1911 data
2417 1865 2511 1923 est,
2536 1855 2709 1928 gratia
2729 1864 2777 1910 et
2800 1855 2993 1910 veritas
3013 1870 3106 1909 uer
3127 1851 3161 1908 J
3168 1868 3312 1908 esum
3340 1848 3611 1907 Christum

2030 1946 2172 2017 facta
2203 1954 2298 2000 est.

2103 2030 2277 2091 liabet
2297 2051 2428 2107 ergo
2458 2022 2577 2090 haec
2606 2033 2818 2106 species
2846 2039 3048 2090 sach
3072 2018 3249 2089 crucis
3269 2018 3325 2087 in
3354 2019 3612 2088 cornibus

353 2139 433 2210 git
469 2137 548 2194 soi
584 2107 826 2205 justitize,
879 2132 932 2192 in
951 2107 1222 2193 horarum
1249 2107 1598 2193 similitudine
1625 2107 1923 2203 illustrans,
1952 2118 2001 2184 Β
2029 2127 2142 2184 suis
2189 2132 2373 2182 ternas
2423 2114 2611 2192 lineas,
2663 2130 2725 2180 ut
2765 2116 3119 2190 demonstret,
3140 2107 3285 2196 quod
3314 2112 3456 2181 sicut
3492 2116 3609 2193 ipsa

351 2245 451 2303 per
475 2236 697 2285 cunctas
725 2229 905 2301 plagas
928 2224 1095 2296 orbis,
1126 2228 1193 2286 ad
1219 2236 1420 2286 sancti:
1453 2228 1738 2285 Tﬂnitatis
1766 2218 1926 2284 fidem

351 2323 749 2397 praedicandam
781 2324 997 2380 direxit.
1032 2325 1100 2381 Et
1134 2326 1189 2380 in
1218 2325 1447 2382 aedilicio
1471 2327 1708 2382 cmiestis
1743 2324 1933 2381 Hierw

353 2415 521 2473 salem
540 2413 781 2485 ejusdem
806 2418 1014 2471 numeri
1037 2425 1433 2472 sacramentum
1461 2416 1827 2487 multipliciter
1848 2417 1931 2471 in-

353 2508 623 2574 sinuatur,
669 2509 812 2578 quod
834 2506 1184 2580 Apocalypsis
1206 2508 1420 2579 quidem
1449 2508 1706 2574 ostendit,
1729 2508 1819 2563 ubi
1849 2507 1926 2562 ita

355 2598 618 2668 scriptum
665 2600 794 2655 est:
839 2584 905 2654 Et
955 2599 1176 2654 ostendit
1222 2599 1349 2654 mihi
1399 2600 1657 2653 civitatem
1694 2609 1930 2654 sanctam

359 2686 714 2758 Hierusalem,
757 2680 1146 2745 descendentem
1193 2690 1258 2745 de
1278 2674 1425 2755 coelo,
1459 2700 1490 2744 a
1521 2689 1632 2744 Deo
1659 2690 1933 2745 habentem

356 2779 645 2836 claritatem
700 2780 798 2835 Del
828 2793 847 2833 ι
877 2780 1053 2835 tamen
1100 2780 1216 2851 ejus
1270 2778 1441 2835 simile
1484 2779 1649 2851 lapilli
1685 2780 1931 2850 pretioso,

358 2878 608 2943 tanquam
637 2870 828 2942 lapidis
851 2872 1100 2943 jaspidis,
1147 2873 1279 2927 sicut
1319 2870 1645 2937 cristallum;
1694 2881 1743 2926 et
1779 2871 1937 2926 liabe-

362 2961 448 3017 bot
496 2980 706 3018 murum
735 2979 980 3034 magnum
1008 2971 1056 3017 et
1080 2961 1268 3028 altum,
1296 2961 1490 3018 habens
1515 2970 1692 3033 portas
1740 2950 1939 3017 duode-

361 3052 483 3119 cim,
508 3061 555 3105 et
578 3053 630 3106 in
656 3050 816 3123 porlls
845 3051 1055 3124 angelos
1085 3052 1381 3119 duodecim,
1414 3061 1463 3107 et
1488 3052 1701 3106 nomina
1721 3054 1935 3124 scriptu,

358 3158 479 3213 qua:
501 3151 621 3196 sunt
651 3143 863 3197 nomina
890 3135 1163 3199 duodecim
1198 3134 1427 3198 tribuum
1466 3134 1699 3213 filiorum
1746 3142 1937 3199 Israel.

361 3229 440 3286 Ab
470 3233 667 3289 oriente
703 3243 866 3305 porta:
895 3242 1018 3300 tres,
1047 3234 1112 3289 ab
1135 3235 1378 3308 aquilone
1404 3245 1568 3305 porta:
1595 3244 1719 3300 tres,
1747 3234 1812 3290 ab
1843 3253 1942 3291 au-

362 3332 471 3378 stro
489 3333 654 3396 porta:
681 3334 807 3394 tres,
837 3336 884 3381 et
909 3316 972 3381 ab
996 3343 1183 3382 occasu
1217 3337 1381 3399 porta:
1407 3337 1548 3394 tres;
1577 3337 1625 3383 et
1656 3342 1838 3383 murus
1867 3329 1942 3383 ci-

360 3416 535 3474 vitatis
561 3416 753 3476 habens
780 3410 1124 3491 fundamenta
1154 3420 1449 3487 duodecim,
1480 3428 1529 3475 et
1569 3410 1625 3476 in
1652 3422 1780 3493 ipsis
1808 3420 1942 3476 duo-

363 3504 530 3563 decim
556 3510 765 3565 nomina
804 3500 1077 3566 duodecim
1102 3511 1469 3584 Apostolorum
1489 3521 1539 3568 et
1565 3513 1709 3584 agni,
1733 3520 1790 3569 et
1814 3514 1946 3570 reli-

363 3613 492 3668 qua.
523 3588 721 3655 Sancta
768 3586 912 3655 enim
940 3600 1183 3657 Ecclesia
1209 3601 1264 3657 in
1294 3591 1397 3658 hoc
1424 3600 1652 3658 aedilicio
1680 3602 1944 3674 spirituali

365 3688 723 3759 signiﬁcatur,
752 3706 871 3761 quae
897 3692 981 3748 est
1011 3691 1248 3749 eoeiestis
1282 3688 1534 3750 videlicet
1583 3692 1941 3765 Hierusalem,

244 3858 255 3863 κ
365 3786 424 3835 et
449 3780 583 3835 urbs
624 3772 765 3863 regis
806 3784 1005 3855 magni,
1038 3782 1190 3856 Cujus
1236 3785 1433 3842 artifex
1481 3794 1537 3843 et
1577 3784 1826 3843 conditor
1861 3798 1947 3851 est

368 3872 533 3939 Deus,
563 3862 654 3945 qui
698 3862 1105 3932 ﬁuidameutum
1151 3877 1264 3946 ejus
1288 3879 1446 3935 simul
1472 3878 1525 3934 ei
1554 3872 1946 3938 consummatio

370 3974 474 4031 est,
503 3965 592 4034 qui
620 3976 719 4036 pro
743 3967 901 4023 nobis
928 3969 1090 4023 etiam
1109 3958 1351 4040 pontifex
1399 3969 1517 4026 fieri
1549 3964 1800 4042 dignatus
1826 3970 1942 4039 est,

373 4063 433 4111 ut
464 4058 666 4128 proprii
688 4058 968 4131 sanguinis
996 4060 1172 4115 bestia
1196 4060 1437 4132 ejusdem
1478 4060 1680 4116 mutuis
1711 4061 1947 4119 civitatis

373 4145 612 4202 ablueret
637 4150 841 4220 puriter
864 4158 1027 4221 atque
1067 4144 1356 4207 dedicaret.
1389 4149 1583 4209 Omnia
1612 4164 1947 4223 quaecunque

375 4236 538 4295 habet
567 4243 783 4314 propria
810 4256 945 4315 pace
979 4244 1093 4316 ipSe
1112 4233 1374 4318 possidet,
1393 4244 1537 4302 unde
1560 4246 1615 4303 et
1647 4238 1702 4301 in
1725 4250 1946 4317 pectore

2033 2216 2222 2275 dextra
2271 2217 2534 2288 imaque,
2583 2216 2639 2272 in
2684 2210 2891 2272 directo
2935 2215 3154 2271 tramite
3184 2222 3285 2271 suo
3311 2213 3521 2271 vicinas
3560 2218 3616 2267 et

2032 2296 2438 2365 coadluereutes
2481 2308 2655 2363 lineas
2706 2307 2890 2374 habet,
2934 2307 3010 2362 ita
3055 2308 3342 2361 ventorum
3380 2300 3615 2376 quatuor

2033 2402 2387 2460 cardinalium
2429 2400 2824 2473 principalitas,
2861 2399 2918 2456 in
2965 2401 3155 2456 dextra
3204 2399 3342 2454 etin
3386 2396 3611 2454 sinistra

2033 2499 2226 2550 ventos
2255 2492 2389 2549 alios
2412 2492 2683 2564 positione
2711 2507 2808 2549 sua
2854 2490 3148 2557 consociat,
3196 2488 3277 2546 sic
3302 2496 3357 2544 et
3384 2493 3617 2558 quatuor

2035 2590 2299 2653 tempora,
2330 2580 2513 2639 ternos
2537 2597 2751 2639 menses
2771 2574 2978 2653 singula
2998 2581 3274 2647 habentia,
3296 2576 3411 2634 sive
3434 2576 3604 2648 tequi-

2036 2666 2233 2730 huctiis
2252 2673 2366 2730 sive
2394 2670 2642 2730 solstitiis
2669 2673 2868 2739 inedia,
2886 2670 3037 2741 juxta
3068 2662 3329 2742 Quosdam
3355 2666 3615 2725 dirimun-

2038 2772 2128 2820 tur
2155 2782 2169 2821 :
2199 2766 2340 2835 quod
2369 2765 2446 2820 illi
2471 2765 2690 2835 planum
2713 2764 2838 2831 erit,
2866 2764 2961 2834 qui
2982 2762 3294 2819 Griecomm
3323 2774 3417 2816 seu
3445 2758 3613 2830 Egy-

2036 2858 2273 2927 ptiorum
2304 2857 2370 2913 de
2402 2856 2735 2927 temporibus
2766 2856 3005 2911 rationes
3037 2852 3253 2910 sedulus
3283 2851 3493 2907 diecere
3527 2860 3618 2904 cu-

2039 2958 2144 3007 rat.
2185 2949 2322 3006 Sunt
2344 2957 2524 3005 autem
2550 2950 2607 3005 in
2640 2949 2758 3019 ipsa
2782 2963 2943 3004 cruce
2989 2948 3095 3003 duo
3123 2952 3312 3002 verens
3357 2944 3614 2999 hexame-

2039 3042 2134 3110 tri,
2170 3054 2399 3113 quorum
2429 3041 2582 3113 prior
2610 3041 2667 3097 in
2696 3039 3029 3114 longitudine
3057 3044 3089 3094 ι
3126 3044 3340 3094 sumina
3362 3035 3617 3091 deorsum

2042 3136 2263 3200 vadens,
2299 3136 2390 3194 hic
2414 3143 2498 3192 est
2528 3153 2543 3192 :

2166 3247 2222 3299 In
2248 3261 2397 3301 cruce
2420 3256 2550 3301 nunc
2565 3249 2783 3312 menaes,
2802 3247 2960 3309 venti,
2979 3243 3305 3307 (laudemque
3333 3241 3491 3304 signa.

2045 3354 2149 3425 Qui
2179 3353 2361 3411 autem
2382 3354 2436 3410 in
2462 3354 2743 3410 latitudine
2767 3352 2983 3418 transit,
3014 3351 3116 3406 iste
3134 3355 3220 3405 est
3255 3387 3265 3401 .

2174 3466 2311 3519 Grex
2333 3464 2385 3517 et
2407 3464 2700 3530 apostolicus
2719 3463 2975 3515 decoratur
2997 3459 3109 3512 luce
3130 3464 3343 3512 domum.

2049 3570 2188 3632 Sunt
2216 3570 2433 3645 quidem
2466 3580 2522 3628 et
2544 3562 2636 3627 alii
2672 3562 2778 3627 duo
2805 3572 2995 3625 versus
3024 3544 3347 3639 pentametri
3375 3558 3430 3619 in
3461 3562 3620 3619 lilieis

2048 3658 2416 3738 adjadeutibuS
2467 3650 2723 3720 cdrnibus
2755 3648 2954 3725 crucis,
2982 3659 3216 3730 quantm
3236 3660 3375 3712 unus
3400 3664 3496 3725 per
3521 3656 3621 3709 an-

2047 3758 2281 3816 l'rdctum
2322 3744 2641 3829 longitudini
2669 3752 2850 3809 crucis
2878 3750 3043 3822 supra
3072 3743 3319 3818 infraque
3344 3743 3626 3817 copuletur

2048 3849 2164 3906 us:

2171 3957 2296 4010 Iulii
2318 3960 2516 4021 quoque
2538 3957 2761 4007 consul:
2783 3953 2863 4005 hic
2882 3953 3023 4015 ειιμο,
3049 3947 3212 4014 plaga,
3250 3950 3305 4000 et
3322 3948 3455 4001 orbis
3483 3944 3621 4010 opus.

2047 4062 2198 4123 Alter
2217 4051 2347 4121 v90
2373 4058 2611 4120 desterae
2635 4074 2701 4119 ac
2721 4060 2854 4117 levae
2873 4042 3016 4131 parti
3049 4050 3103 4114 in
3133 4046 3420 4113 latitudine
3452 4052 3625 4111 soeia-

2046 4144 2494 4311 “ligamine:
2509 4240 2697 4307 celebri
2719 4252 2793 4306 ast
2812 4250 2933 4306 cru!
2950 4244 3068 4301 dare
3082 4236 3206 4301 calle
3229 4246 3409 4301 bonum
3428 4238 3537 4297 hoc.
