3970 6474
263 340 373 421 588'

1273 340 1363 401 DE
1396 338 1743 400 LAUDIBUS
1780 337 1839 397 Β.
1879 335 2147 407 CRUCIS.
2184 368 2255 380 —-
2290 336 2420 395 LIB.
2456 336 2499 395 1.

3413 340 3515 399 188

262 472 500 541 Haecque
526 464 692 523 decus
709 460 895 541 mundi
920 467 1024 518 est.
1058 460 1189 541 Seni
1216 459 1357 541 regit
1380 465 1527 541 astra
1562 456 1671 528 poli
1712 454 1840 541 hinc
1866 461 1917 521 Α
1942 455 2227 541 ᾼχιςθὶίεοε
2250 455 2497 541 populos,
2520 471 2558 541 ρ
2595 455 2789 541 singuli
2819 464 2884 540 et
2900 456 3140 541 undique
3178 455 3439 531 fulgeant.

260 527 650 620 ᾧὸηειῖριιεςηιι
679 533 826 620 satus
850 531 1255 620 ιιίξοέεάεμιερι
1280 527 1772 620 assesasses!

259 599 407 672 Laus
431 599 710 665 hominum
748 605 864 659 haec
906 603 1023 657 odis
1068 601 1252 673 planat
1285 608 1479 657 cuncta
1502 599 1597 673 Dei
1622 599 1837 673 hausta.

259 668 378 740 iux
397 680 531 737 abiit
552 692 675 734 cum
691 688 903 745 summa
921 668 1324 745 iugis-primum
1341 678 1487 745 astra
1509 670 1706 745 aditen
1737 668 1839 735 sol,

260 739 938 825 Atque‘saeramﬁﬂigiem'
949 739 1121 825 hostis
1149 743 1203 825 in
1215 742 1399 825 ardua
1422 740 1564 796 sistit
1592 739 1835 825 Hiesum.

258 813 398 882 Nam
434 820 618 876 Iudaea
658 813 896 873 fremens
926 816 1060 871 satis
1085 813 1277 869 extulit
1303 813 1494 868 arbore
1524 826 1766 882 pomum,
1785 816 1842 882 et

259 880 381 966 Quo
427 894 531 947 hoc
578 897 799 966 possent
845 886 1109 957 tetragoni
1157 899 1401 966 quaerere
1424 880 1670 966 partibus
1693 880 1841 963 orbis

259 952 465 1023 ﬁentes
487 969 541 1017 et
568 952 749 1031 populi
771 975 834 1031 ex
861 952 1115 1027 quattuor
1134 952 1567 1031 niaris_undique
1589 952 1834 1031 summis.

261 1036 494 1100 Hacque
540 1023 705 1100 dapes
730 1030 854 1084 vitae
879 1023 1259 1100 monstrantur
1295 1027 1360 1100 de
1400 1023 1562 1079 cruce
1605 1023 1833 1078 cunctis.

261 1050 389 1092 nec
426 1050 494 1088 ue
540 1050 705 1100 aapes
730 1050 854 1084 vna:
884 1050 1259 1083 lllOllSll'aIIllll'
1295 1050 1360 1081 ut:
1400 1050 1562 1079 cruce
1605 1050 1763 1078 cuuct

260 1050 424 1175 ρυοὲ
446 1103 714 1175 satientur
747 1100 840 1175 ibi,
871 1107 928 1155 et
953 1099 1133 1155 decies
1160 1097 1439 1167 decuplata
1468 1101 1765 1175 resumam.

259 1167 413 1233 δοίη
437 1173 609 1247 patris
632 1171 855 1239 summi,
884 1180 1047 1243 atque
1067 1183 1307 1227 novenos
1342 1177 1455 1223 tum
1489 1167 1691 1308 aethfare
1714 1177 1836 1288 eer-

1613 1251 1719 1290 nan
1748 1274 1764 1288 .

1613 1251 1764 1290 nant.

1948 526 2085 604 [line
2105 542 2299 581 moneo
2320 535 2383 604 _u_t
2413 534 2602 581 cantus
2625 535 2766 582 totos
2800 529 2889 599 pia
2938 526 3242 604 scriptaque
3264 526 3515 604 agamus.

1945 595 2223 665 Quawnus
2249 597 2470 652 exitium
2520 612 2615 667 spe
2656 595 2970 655 cum—mors
3007 595 3199 670 aspera
3225 601 3280 656 in
3306 595 3518 661 'orbem

1941 737 2064 795 1am
2088 738 2269 795 fremit
2297 757 2310 794 :
2343 738 2447 795 hac
2485 739 2611 813 pelli
2656 756 2762 795 una
2803 749 2860 797 et
2893 743 2960 798 de
3007 742 3170 798 exilio
3194 672 3518 824 M93313:

1943 880 2076 965 Post
2096 896 2310 965 quoque
2327 896 2501 965 regna
2520 882 2639 965 .Dei
2667 891 2722 938 et
2743 898 2938 965 supera
2958 884 3072 957 jam
3109 885 3230 941 luce
3264 813 3519 943 agitantes

1940 950 2294 1017 Prendamus,
2327 950 2432 1007 laeti
2481 953 2608 1009 hinc
2646 950 2828 1009 reruni
2851 963 2907 1010 et
2930 950 3245 1012 resonemus
3293 968 3518 1013 ovantes

1939 1021 2231 1097 auctorem
2254 1022 2527 1097 Christum
2564 1025 2845 1080 Dominum
2877 1028 3276 1097 omnipotentis,
3306 1038 3359 1083 et
3389 1028 3516 1085 almi

1943 1090 2144 1162 Nempe
2172 1092 2348 1148 Patris
2376 1103 2585 1161 natum,
2616 1110 2826 1161 verum,
2852 1090 3052 1151 almum
3078 1106 3236 1167 atque
3262 1114 3387 1155 arce
3430 1116 3521 1155 su-

1944 1233 2028 1290 Sit
2047 1249 2262 1306 quoque
2286 1234 2401 1293 haec
2426 1244 2612 1295 nostra
2641 1237 2801 1307 ratio,
2834 1238 2952 1297 laus
2973 1167 3515 1311 sempergygltnggdor.

1442 1439 1960 1503 DECLARATIO
2002 1437 2344 1500 FIGURJE.

329 1636 471 1709 Ergo
494 1635 615 1693 haec
638 1635 808 1708 ﬁgura
832 1640 1037 1691 sanctae
1068 1633 1248 1692 crucis
1275 1649 1375 1706 per
1407 1642 1640 1706 quatuor
1663 1634 1833 1691 hexa-
1930 1631 2244 1689 intercalari
2277 1647 2508 1688 excurso
2528 1630 2886 1703 quadriennio
2912 1630 3077 1705 (quod
3096 1632 3398 1690 bissextum
3424 1648 3523 1691 vo-

255 1746 428 1803 gonos
450 1738 506 1786 et
524 1746 622 1803 per
651 1730 935 1786 monadem
963 1729 1106 1785 inter
1135 1729 1341 1785 medios
1367 1729 1616 1799 positam,
1646 1743 1834 1783 omnes

1942 1725 2089 1795 cant)
2117 1740 2185 1781 ne
2211 1734 2511 1795 temporum
2537 1725 2671 1780 ordo
2702 1725 2965 1779 turbetur.
2998 1723 3171 1778 Etiam
3200 1725 3345 1795 ipsos
3365 1725 3520 1795 quin-

252 1821 373 1876 dies
414 1821 543 1875 anni
587 1819 980 1891 complectitur.
1021 1817 1298 1889 Siquidem
1324 1834 1497 1875 annus
1521 1820 1714 1875 solaris
1739 1820 1836 1873 ha-
1863 1814 1911 1875 B
1940 1831 2043 1887 que
2073 1816 2187 1870 dies
2212 1824 2266 1869 et
2299 1814 2655 1884 quadrantem
2698 1814 2743 1869 si
2799 1814 3223 1880 consideremus,
3274 1815 3520 1872 senarius

252 1913 350 1967 bet
375 1913 490 1969 dies
515 1927 718 1969 cccnxv
748 1922 804 1968 et
828 1912 1205 1983 quadrantem.
1238 1913 1426 1969 Divide
1456 1929 1585 1985 ergo
1612 1914 1711 1969 bos
1739 1928 1837 1984 per

256 2018 315 2057 ιν
341 2022 354 2057 :
394 2012 592 2074 quater
616 2019 729 2070 ιρι,
768 2019 989 2060 οοοωίιν
1017 2002 1175 2070 ﬁunt,
1203 2011 1259 2059 et
1288 2011 1534 2059 remanet
1559 2018 1698 2059 unus
1724 2004 1839 2059 dies

254 2102 318 2148 et
352 2094 646 2165 quadrans.
689 2094 876 2151 Divide
914 2094 1063 2150 illum
1096 2109 1264 2149 unum
1292 2092 1434 2149 diem
1460 2109 1561 2164 per
1582 2110 1674 2149 1v:
1708 2109 1839 2164 qua-

256 2192 346 2238 ter
396 2198 490 2241 sex
532 2183 678 2239 horae
722 2199 848 2238 xxrv
899 2183 1054 2249 ﬁunt,
1102 2182 1248 2252 quod
1282 2191 1367 2238 est
1412 2183 1622 2254 integra
1666 2184 1780 2238 dies
1805 2197 1837 2237 a

255 2273 390 2330 solis
409 2281 531 2329 ortu
553 2289 721 2345 usque
743 2275 812 2330 ad
829 2274 1055 2330 alterum
1079 2273 1208 2329 solis
1231 2282 1429 2329 ortum.
1454 2273 1641 2329 Divide
1661 2274 1838 2344 ipsum

256 2366 635 2436 quadrantem,
686 2373 879 2437 quater
929 2366 1072 2421 enim
1119 2366 1252 2420 hora
1278 2375 1334 2420 et
1360 2364 1525 2419 semis
1552 2379 1649 2419 sex
1675 2364 1839 2421 horas

256 2457 566 2527 complent,
608 2457 752 2528 quod
789 2465 874 2512 est
897 2457 1124 2513 bissexti
1160 2471 1260 2526 per
1288 2455 1528 2527 singulos
1554 2470 1725 2511 annos
1753 2456 1838 2510 in-

259 2558 617 2614 crementum,
663 2564 727 2605 ac
771 2549 899 2604 inde
928 2547 989 2603 ﬁt
1016 2548 1063 2604 si
1092 2555 1266 2603 totum
1297 2562 1498 2601 annum
1524 2546 1581 2600 in
1609 2556 1842 2616 quatuor

260 2639 537 2711 partiaris,
588 2638 730 2709 quod
775 2652 1110 2709 unaquaeque
1150 2652 1283 2708 pars
1329 2637 1446 2692 dies
1480 2651 1567 2691 xc:
1594 2645 1649 2691 et
1679 2635 1841 2691 horas

258 2739 467 2803 septem
508 2745 575 2786 ac
611 2730 894 2786 semissem
922 2729 1215 2795 contineat,
1265 2736 1427 2799 atque
1449 2727 1565 2782 haac
1589 2726 1685 2781 ﬁat
1713 2741 1842 2782 vera

257 2822 478 2894 partitio
512 2830 746 2892 quatuor
786 2818 1238 2885 vicissitudinum,
1276 2817 1329 2873 id
1352 2826 1457 2883 est,
1485 2816 1651 2883 veris,
1683 2824 1843 2872 aesta-

260 2916 352 2981 tis,
385 2914 628 2969 autumni
652 2922 707 2969 et
731 2912 945 2978 hiemis,
977 2920 1035 2967 ut
1055 2910 1278 2984 singulas
1301 2911 1417 2966 dies
1442 2923 1531 2964 xei
1556 2915 1613 2964 et
1637 2916 1842 2978 septem

260 3009 428 3062 horas
448 3022 513 3062 ac
538 3006 817 3061 semissem
850 3004 1104 3061 habeant.
1136 3002 1441 3059 Notandum
1480 3008 1661 3055 tamen
1699 2999 1844 3069 quod

259 3097 316 3151 in
343 3098 444 3152 hac
470 3095 641 3169 ﬁgura
668 3095 987 3166 quadrantis
1016 3094 1405 3151 demonstratio
1431 3093 1589 3148 aliter
1619 3107 1729 3147 non
1760 3089 1842 3157 ﬁt,

1939 1923 2199 1963 numerus
2225 1907 2279 1961 in
2301 1909 2381 1961 eis
2406 1907 2699 1977 plurimum
2730 1907 2891 1961 valet.
2929 1907 2998 1961 Et
3024 1908 3201 1976 primo
3231 1908 3372 1962 sicut
3398 1907 3517 1963 ﬁeri

1940 2001 2077 2057 solet
2106 2009 2217 2056 uta
2260 2009 2416 2071 parte
2463 2008 2633 2054 totum
2684 2008 3048 2071 computetur,
3091 2015 3197 2054 non
3247 2009 3372 2055 sunt
3404 2001 3518 2071 jam

1938 2094 2053 2148 dies
2099 2095 2336 2164 quinque
2379 2094 2473 2148 sed
2517 2093 2697 2162 potius
2738 2109 2853 2159 sex,
2884 2103 2944 2148 ut
2968 2095 3239 2163 quadrans
3264 2093 3351 2147 ille
3379 2093 3519 2149 acci-

1937 2183 2115 2254 piatur
2155 2199 2252 2255 pro
2302 2200 2411 2238 uno
2438 2185 2543 2239 die.
2595 2183 2799 2239 Deinde
2846 2184 2973 2255 quia
3014 2184 3070 2238 in
3110 2183 3243 2253 ipsis
3282 2184 3521 2254 quinque

1938 2276 2126 2332 diebus
2156 2284 2310 2331 sexta
2350 2291 2475 2345 pars
2514 2275 2718 2331 mensis
2754 2284 2857 2341 est,
2902 2276 3018 2345 ipse
3048 2282 3227 2331 autem
3247 2276 3521 2345 quadrans

1940 2387 2034 2428 sex
2076 2372 2241 2428 horas
2283 2372 2462 2427 habet.
2497 2370 2665 2426 Totus
2702 2371 2848 2425 enim
2883 2370 3019 2438 dies,
3054 2371 3108 2426 id
3135 2379 3240 2436 est,
3269 2386 3393 2427 cum
3422 2386 3517 2426 sua

1939 2473 2117 2531 nocte,
2180 2465 2370 2533 viginti
2418 2472 2650 2534 quatuor
2694 2466 2842 2520 horae.
2884 2472 3011 2520 sunt
3056 2483 3069 2518 ε
3113 2480 3344 2535 quarum
3390 2479 3519 2535 pars

1940 2564 2155 2625 quarta,
2197 2570 2318 2625 quae
2359 2563 2443 2609 est
2479 2555 2752 2623 quadrans
2780 2555 2907 2621 diei,
2944 2570 3040 2611 sex
3063 2555 3211 2610 hora:
3236 2556 3521 2610 inveniun-

1940 2657 2049 2702 tur.
2078 2646 2155 2702 lta
2185 2662 2315 2718 ergo
2337 2647 2393 2701 in
2418 2648 2545 2701 anni
2582 2663 2744 2702 cursu
2786 2647 3035 2702 senarius
3065 2663 3322 2702 numerus
3348 2646 3520 2720 pluri-

1943 2755 2093 2795 mum
2142 2739 2303 2794 valet.
2353 2739 2543 2795 Merito
2583 2739 2766 2810 itaque
2814 2746 3019 2795 sancta:
3056 2739 3205 2792 cruci
3233 2746 3416 2821 aptata
3440 2744 3527 2794 est

1942 2829 2112 2885 series
2138 2827 2371 2895 dierum,
2400 2829 2526 2900 quia
2553 2843 2653 2899 per
2679 2829 2850 2898 ipsam
2882 2828 3181 2884 illuminata
3211 2834 3336 2883 sunt
3359 2828 3523 2883 corda

1942 2920 2241 2976 hominum.
2292 2920 2397 2990 Ipsi
2449 2920 2705 2991 competit
2755 2919 3025 2989 copulatio
3072 2919 3477 2989 hexagonorum
3506 2958 3522 2985 ,

1943 3011 2069 3082 quia
2093 3011 2147 3066 in
2178 3011 2293 3082 ipsa
2319 3019 2531 3066 constat
2555 3011 2818 3081 perfectio
2843 3026 3048 3066 rerum.
3080 3010 3162 3065 Ad
3189 3011 3362 3081 ipsam
3392 3010 3526 3065 ordo

1944 3100 2257 3171 temporalis
2305 3100 2438 3156 lucis
2487 3101 2760 3167 convenit,
2818 3101 2944 3171 quia
2989 3115 3087 3170 per
3126 3100 3299 3170 ipsam
3345 3097 3523 3153 lucem

261 3187 366 3243 nisi
395 3188 495 3244 sub
521 3186 795 3243 intellectu
827 3194 885 3241 et
915 3185 1317 3242 examinatione
1361 3199 1456 3240 sex
1499 3182 1840 3253 angulorum,

1947 3202 2205 3249 aeternam
2244 3194 2406 3249 homo
2444 3193 2668 3249 invenit.
2694 3191 2779 3248 Ad
2809 3192 2954 3247 illam
2999 3192 3395 3261 nonagenarius
3423 3207 3527 3246 nu-

262 3290 323 3335 ut
346 3284 495 3336 hora:
519 3280 742 3353 singulae
761 3280 988 3350 singulis
1009 3279 1337 3350 deputentur
1357 3277 1585 3350 angulis.
1613 3274 1672 3330 Si
1700 3274 1844 3330 enim

262 3380 498 3443 quatuor
522 3374 833 3446 hexagonos
856 3374 915 3429 in
945 3372 1155 3444 angulis
1180 3372 1293 3428 suis
1317 3370 1683 3442 perspexeris,
1716 3382 1845 3422 xxxv

262 3464 434 3520 horas
462 3464 519 3518 in
542 3462 630 3519 his
654 3463 869 3519 notabis
893 3480 907 3517 :
933 3478 1040 3534 qua
1066 3461 1276 3518 scilicet
1311 3460 1639 3531 plenitudine
1682 3460 1844 3514 bora-
1868 3458 1871 3461 “

264 3566 387 3610 rum
417 3554 535 3611 dies
570 3552 866 3610 bissextilis
911 3551 1215 3617 conﬁcitur,
1243 3558 1298 3606 et
1337 3565 1444 3605 non
1473 3549 1702 3605 absurde
1729 3549 1849 3604 haec

264 3647 407 3702 ratio
429 3646 559 3702 huic
593 3645 670 3700 rei
713 3644 947 3700 discreta
973 3650 1077 3699 est.
1108 3640 1167 3697 Si
1195 3641 1337 3697 enim
1367 3640 1421 3695 in
1442 3648 1674 3710 quatuor
1690 3639 1849 3695 annis

261 3735 625 3809 quadrantilis
668 3734 845 3805 portio
888 3734 958 3789 ad
1001 3732 1160 3788 unius
1200 3732 1306 3788 diei
1351 3730 1657 3802 pervenerit
1704 3744 1859 3785 sum-.

262 3846 432 3896 mam,
467 3828 570 3884 rite
603 3827 657 3883 in
681 3834 912 3898 quatuor
939 3824 1232 3896 hexagonis
1255 3830 1449 3893 quater
1472 3837 1569 3878 sex
1592 3823 1852 3879 horarum

263 3938 401 3980 crux
429 3920 668 3977 ostendit
696 3926 752 3974 et
780 3932 1042 3974 normam.
1072 3915 1240 3973 Recte
1266 3930 1397 3984 ergo
1430 3916 1744 3986 hexagonus
1771 3914 1854 3970 di-

266 4016 477 4072 vinitus
515 4013 642 4068 huic
684 4009 1024 4081 dispositioni
1062 4009 1345 4065 ordinatus
1376 4014 1461 4062 est
1489 4024 1502 4060 :
1533 4005 1660 4075 quia
1694 4019 1852 4060 sena-

264 4108 386 4163 rius
427 4117 684 4159 numerus
706 4101 762 4155 in
792 4107 907 4156 tota
934 4098 1063 4154 anui
1091 4098 1232 4154 serie
1257 4095 1550 4167 plurimum
1580 4094 1740 4149 valet.
1769 4093 1853 4149 Ad

267 4201 377 4256 hoc
403 4211 618 4269 quoque
652 4192 1128 4251 demonstrandum
1158 4204 1424 4263 ponamus
1453 4197 1665 4260 partem
1692 4187 1854 4244 unius

266 4286 495 4360 capituli
537 4289 603 4343 de
644 4286 785 4342 libro
821 4285 992 4363 sancti
1033 4281 1317 4356 Augustini
1347 4288 1542 4352 quarto
1568 4280 1637 4336 de
1666 4286 1854 4336 sancta

271 4381 557 4437 Trinitate.
599 4379 787 4441 Annus
824 4377 988 4433 etiam
1024 4390 1187 4441 unus,
1224 4375 1271 4431 si
1306 4389 1387 4430 xu
1411 4387 1629 4428 menses
1656 4370 1854 4442 integri

269 4472 710 4539 considerentur,
773 4484 910 4542 quos
954 4468 1144 4524 triceni
1191 4467 1310 4524 dies
1351 4466 1624 4536 complent
1668 4463 1853 4536 (talem

270 4565 474 4635 quippe
495 4576 737 4621 mensem
761 4569 975 4618 veteres
996 4561 1442 4623 observaverunt,
1471 4572 1631 4627 quem
1659 4554 1855 4611 circui-

274 4664 364 4710 tus
409 4652 612 4707 lunaris
661 4650 918 4723 ostendit)
958 4649 1173 4706 senario
1211 4662 1437 4704 numero
1487 4647 1675 4718 pollet.
1719 4646 1861 4713 Quot

272 4744 424 4801 enim
451 4743 632 4799 valent
673 4758 766 4799 sex
809 4743 865 4798 in
897 4742 1075 4814 primo
1111 4740 1303 4797 ordine
1349 4752 1721 4804 numerorum,
1768 4738 1860 4807 qui

274 4843 493 4893 constat
519 4850 587 4891 ex
612 4835 755 4902 unis,
792 4843 851 4890 ut
872 4833 1222 4906 perveniatur
1259 4831 1327 4887 ad
1368 4847 1425 4898 x,
1456 4831 1560 4886 hoc
1585 4828 1769 4885 valent
1792 4844 1862 4884 1.x

279 4929 336 4982 in
379 4926 614 4982 secundo
649 4925 855 4991 ordine,
904 4924 997 4995 qui
1029 4931 1241 4981 constat
1268 4935 1337 4977 ex
1365 4920 1539 4984 denis,
1586 4926 1644 4973 ut
1669 4933 1863 4989 perve-

278 5021 465 5076 niatur
505 5018 574 5074 ad
612 5034 664 5074 c.
701 5016 1097 5088 Sexagenarius
1135 5029 1264 5087 ergo
1304 5028 1564 5069 numerus
1614 5011 1861 5077 dierum,

281 5116 441 5166 sexta
483 5123 613 5178 pars
658 5110 781 5164 anni
823 5116 926 5164 est.
973 5105 1209 5163 Proinde
1253 5119 1353 5175 per
1397 5104 1669 5160 senarium
1702 5099 1865 5169 primi

281 5215 479 5256 versus
525 5198 983 5270 multiplicantur,
1037 5208 1295 5269 tanquam
1351 5194 1599 5251 senarius
1644 5190 1865 5247 secundi

172 5300 181 5303 '
282 5305 500 5356 versus,
530 5297 585 5344 et
615 5289 751 5345 ﬁunt
777 5290 956 5345 sexies
978 5289 1279 5359 sexaginta,
1308 5283 1602 5340 trecenteni
1627 5289 1681 5338 et
1706 5295 1865 5336 sexa-

283 5381 439 5452 ginta
465 5379 605 5445 dies,
628 5380 719 5450 qui
739 5387 866 5435 sunt
892 5379 1086 5450 integri
1114 5393 1191 5431 xu
1218 5389 1451 5431 menses.
1482 5373 1588 5428 Sed
1610 5372 1866 5442 quoniam

284 5472 432 5526 sicut
457 5485 695 5527 mensem
720 5471 978 5526 circuitus
1004 5471 1144 5525 lunae
1163 5468 1400 5525 ostendit
1429 5466 1759 5530 hominibus,
1786 5464 1867 5521 sic

287 5578 469 5618 annus
506 5563 738 5619 circuitu
779 5562 910 5618 solis
950 5561 1357 5616 animadversas
1381 5568 1481 5615 est.
1518 5558 1746 5613 Restant
1772 5572 1869 5611 au-

290 5665 405 5713 tem
446 5658 684 5730 quinque
721 5658 838 5714 dies
862 5665 918 5712 et
944 5654 1217 5726 quadrans
1263 5655 1399 5719 diei,
1442 5661 1503 5707 ut
1538 5652 1616 5707 sol
1650 5649 1872 5720 impleat

289 5762 515 5805 cursum
544 5763 723 5815 suum,
765 5761 1071 5817 annumque
1114 5744 1418 5801 concludat.
1458 5742 1699 5811 Quatuor
1725 5741 1871 5795 enim

291 5838 624 5911 quadrantes
672 5838 874 5896 faciunt
923 5855 1087 5896 unum
1138 5839 1297 5904 diem,
1342 5852 1501 5907 quem
1542 5850 1762 5891 necesse
1788 5840 1873 5891 est

1948 3299 2132 3341 merus
2157 3298 2279 3339 cum
2306 3284 2536 3339 monade
2581 3284 2879 3347 concurrit,
2913 3284 3038 3352 quia
3066 3298 3162 3359 per
3193 3281 3337 3337 illam
3368 3297 3531 3353 ange-

1948 3377 2085 3433 licus
2122 3375 2255 3431 ordo
2280 3375 2346 3430 ad
2370 3375 2453 3429 sui
2481 3375 2691 3429 numeri
2736 3373 3123 3444 plenitudinem
3153 3371 3419 3443 pervenit.
3443 3369 3526 3425 Ad

1949 3469 2117 3540 ipsius
2141 3483 2355 3539 quoque
2383 3468 2732 3523 medietatem
2754 3482 2820 3522 ex
2845 3474 3076 3536 quatuor
3099 3463 3345 3535 partibus
3369 3465 3534 3519 hexa-

1949 3559 2073 3630 goni
2103 3557 2294 3614 directi
2342 3558 2551 3612 unitate
2590 3556 2930 3628 copulantur,
2959 3556 3084 3625 quia
3105 3570 3202 3625 per
3226 3554 3398 3625 ipsius
3424 3567 3536 3608 ma-

1944 3648 2198 3719 jestatem
2239 3663 2426 3704 omnes
2448 3655 2636 3718 gentes
2660 3661 2729 3702 ex
2753 3656 2985 3717 quatuor
3029 3644 3202 3715 plagis
3248 3642 3435 3698 mundi
3478 3643 3536 3698 in

1951 3740 2156 3795 unitate
2196 3738 2319 3793 ﬁdei
2371 3738 2684 3800 sociantur,
2739 3736 3014 3805 ipsiusque
3059 3733 3327 3803 completo
3371 3746 3536 3803 opere

1952 3832 2188 3889 ctelestis
2210 3838 2372 3901 atque
2399 3829 2673 3885 terrestris
2707 3836 2958 3883 creatura
2980 3841 3088 3881 una
3114 3825 3379 3881 cbaritate
3403 3840 3538 3880 con-

1946 3922 2263 3995 junguntur.
2311 3920 2420 3991 Ipsi
2454 3920 2627 3974 honor
2662 3926 2719 3973 et
2760 3916 3046 3986 maiestas,
3093 3930 3193 3986 per
3237 3913 3388 3983 cujus
3424 3913 3537 3970 cle-

1954 4020 2215 4077 mentiam
2244 4019 2360 4075 haec
2389 4024 2587 4073 cuncta
2613 4020 2928 4085 perpetrata
2962 4019 3106 4077 sunt,
3141 4010 3264 4065 laus
3283 4016 3339 4065 et
3365 4009 3537 4082 gloria

1956 4113 2014 4167 in
2063 4110 2260 4166 saecula
2310 4108 2651 4165 saeculorum.
2702 4103 2877 4160 Habet
2926 4104 3122 4174 quippe
3170 4101 3287 4157 haec
3332 4100 3540 4170 species

1956 4211 2156 4261 sanctae
2199 4202 2378 4259 crucis
2426 4202 2482 4257 in
2524 4198 2862 4271 longitudine
2906 4210 3005 4267 per
3056 4195 3190 4250 duos
3232 4193 3540 4264 hexagonos

1956 4304 2190 4352 metrum
2232 4294 2569 4364 sapphicum,
2617 4290 2763 4360 quod
2798 4296 2885 4344 est
2922 4283 3542 4357 pentametrum,.ende-

1960 4388 2310 4459 casyllabum,
2337 4393 2392 4441 et
2415 4390 2542 4439 sunt
2561 4381 2679 4453 ejus
2699 4388 2813 4435 tres
2835 4391 3025 4433 versus
3045 4389 3223 4447 pares.
3252 4373 3541 4442 Recipiunt

1958 4488 2139 4534 autem
2176 4476 2371 4547 singuli
2413 4476 2514 4531 hos
2543 4481 2774 4542 quatuor
2812 4469 2979 4542 pedes
3014 4467 3263 4523 binarum
3311 4463 3541 4535 syllaba—

1881 4546 1934 4606 D
1960 4586 2100 4636 rum,
2144 4546 2447 4631 trocheum,
2496 4565 2813 4634 spondeum,
2867 4560 3172 4625 trocheum,
3213 4556 3448 4610 iambum
3486 4562 3541 4609 et

1960 4662 2208 4716 ultimum
2262 4657 2629 4728 trissyllabum
2683 4652 2955 4709 bachium.
3008 4648 3138 4703 Post
3197 4654 3307 4699 tres
3355 4653 3532 4699 autem

1960 4767 2153 4809 versus
2177 4750 2391 4806 additur
2419 4745 2622 4803 dicolos
2644 4741 2962 4813 dactylicus,
3004 4739 3107 4793 hoc
3147 4744 3248 4801 est,
3296 4732 3540 4807 dactylus

1961 4852 2019 4898 et
2064 4841 2350 4912 spondeus.
2418 4836 2664 4906 Suntque
2725 4833 2779 4888 in
2843 4844 3098 4902 supremo
3148 4829 3428 4899 bexagono
3486 4823 3541 4877 bi

1961 4949 2153 4991 versus
2175 4950 2190 4988 :

2148 5041 2346 5103 Terque
2368 5045 2609 5103 centenos
2625 5036 2894 5103 deciesque
2913 5043 3074 5091 senos,

2147 5103 2211 5155 Et
2233 5099 2389 5152 semel
2406 5103 2579 5164 quian
2599 5101 2751 5149 habet
2772 5099 3056 5164 universum

2148 5165 2382 5275 Τθωὲιὲῗ,
2403 5160 2588 5212 annalis
2611 5173 2756 5210 cruce
2776 5160 3006 5209 circuitus

2372 5238 2403 5275 e
2426 5225 2533 5274 dies
2556 5223 2653 5275 hic.

1964 5334 2025 5390 In
2047 5331 2284 5390 secundo
2310 5341 2525 5399 quoque
2553 5325 2641 5381 bi:

2150 5444 2251 5496 Sed
2275 5443 2431 5506 plagis
2452 5441 2574 5504 posti
2599 5438 2717 5506 satis
2733 5436 2945 5506 exagoni

2153 5499 2383 5566 Quat'uor'
2392 5499 2658 5566 monstrant
2680 5499 2847 5548 decies
2869 5504 3102 5566 novenos,

2154 5557 2340 5630 Singuli
2368 5574 2493 5616 totos
2516 5565 2595 5626 pie
2617 5573 2726 5613 cum
2741 5557 2969 5622 monade,

2276 5629 2339 5679 Et
2354 5641 2502 5691 super
2519 5637 2688 5676 unum.

1969 5737 2278 5796 Notandum
2337 5740 2517 5802 autem
2580 5727 2724 5800 quod
2779 5726 3085 5798 superiores
3134 5737 3325 5780 versus
3348 5760 3364 5789 ,
3413 5718 3541 5790 quia

1971 5847 2002 5889 c
2024 5830 2282 5895 litteram,
2310 5840 2431 5897 qua:
2468 5823 2526 5880 in
2553 5819 2730 5878 medio
2759 5817 3158 5890 hexagouorum
3205 5822 3306 5880 est,
3335 5809 3434 5868 sibi
3460 5816 3542 5863 at-
