3970 6476
251 480 351 539 193

1246 480 1339 538 DE
1369 479 1712 540 LAUDIBUS
1748 478 1809 538 S.
1845 478 2120 540 GRUCIS.
2151 510 2223 523 —-
2258 480 2388 538 LIB.
2422 480 2465 537 l.

3384 479 3491 544 194

1401 613 1917 678 DECLARATIO
1958 614 2299 679 FIGUIUE.

1731 750 1944 767 —

319 805 568 877 Quisquis
609 804 743 879 legis
791 805 981 877 primae
1027 808 1242 879 plenam
1289 809 1560 867 desiderat
1605 812 1806 868 habere
1830 816 1886 877 Α
1907 816 2171 867 aeternum
2186 811 2287 867 sibi
2302 811 2446 867 Deus
2473 810 2656 880 Pater,
2689 811 2745 870 id
2771 819 2878 880 est,
2906 827 3005 885 per
3036 813 3479 886 Verbumpuum;

248 899 508 965 notitiam,
564 912 789 955 necesse
834 907 917 955 est
964 907 1025 954 ut
1060 899 1221 970 hujus
1260 900 1443 972 ﬁgurae
1483 916 1582 973 per
1630 903 1809 958 omnia

246 1003 444 1046 memor
477 988 551 1043 sit
584 996 639 1043 et
677 985 793 1057 ejus
835 989 1037 1045 factum
1080 999 1261 1046 mente
1304 992 1498 1063 saepius
1547 994 1805 1062 revolvat,

247 1092 299 1138 et
323 1089 639 1153 comparans
661 1082 842 1152 priora
870 1083 1259 1153 posterioribus
1280 1085 1481 1141 recolat
1512 1086 1801 1157 scriptum:

245 1171 427 1228 Omnia
449 1172 504 1226 in
524 1171 698 1243 figura
720 1174 1084 1245 contingebant
1106 1173 1246 1242 illis;
1279 1178 1469 1248 scripta
1489 1187 1608 1232 sunt
1632 1188 1807 1234 autem

240 1265 306 1318 ad
335 1265 712 1335 surreptionem
752 1277 1019 1333 nostram,
1060 1268 1115 1322 in
1151 1285 1277 1340 quos
1319 1269 1449 1338 ﬁnes
1495 1270 1805 1326 saeculorum

238 1354 564 1425 devenerunt,
604 1357 834 1428 etquod
860 1358 1151 1429 exemplari
1181 1369 1236 1416 et
1269 1361 1471 1417 umbra!
1495 1361 1806 1418 deserviunt

236 1444 566 1512 caelestium;
597 1454 653 1502 et
681 1447 810 1502 item
840 1466 852 1502 :
881 1444 1128 1503 Umbram
1157 1450 1293 1505 enim
1325 1452 1516 1507 habens
1548 1453 1631 1507 lea:
1653 1454 1802 1523 futu-

237 1548 406 1588 rorum
436 1534 713 1603 bonorum,
740 1554 845 1593 non
875 1540 1043 1610 ipsam
1075 1541 1354 1612 imaginem
1380 1559 1572 1598 rerum.
1602 1543 1802 1600 Umbra

235 1626 371 1680 enim
410 1641 516 1682 non
554 1629 673 1684 sine
710 1644 840 1685 vero
872 1645 1098 1702 corpore
1136 1632 1219 1701 ﬁt,
1261 1636 1354 1691 sed
1384 1644 1562 1692 tamen
1601 1635 1717 1707 ipsa
1746 1636 1803 1693 in

233 1728 287 1769 se
313 1731 493 1771 veram
516 1725 572 1773 et
607 1718 874 1790 integram
918 1723 1153 1792 speciem
1184 1726 1430 1795 corporis
1470 1742 1576 1781 non
1620 1727 1803 1797 expri-

230 1807 343 1860 mit.
376 1808 714 1880 Quapropter
745 1821 959 1882 oportet
999 1822 1058 1870 ut
1094 1816 1337 1887 quisquis
1362 1818 1609 1875 veritatis
1654 1833 1801 1874 ama-

232 1905 313 1952 tor
345 1907 447 1967 est,
494 1901 541 1956 si
573 1904 817 1958 umbram
846 1904 996 1975 prius
1025 1906 1226 1974 videat,
1261 1906 1328 1964 ad
1356 1925 1543 1965 verum
1583 1926 1797 1982 corpus,

230 1988 381 2057 cujus
404 1992 517 2061 ipsa
538 1994 728 2049 umbra
750 2003 852 2063 est,
868 1998 1021 2053 ocius
1041 2000 1227 2056 oculos
1256 2013 1555 2071 convertat,
1580 2019 1648 2061 ne
1673 2006 1799 2060 dum

229 2080 444 2149 penitus
472 2083 524 2137 in
561 2085 748 2140 umbra
776 2086 969 2143 intuitu
1016 2089 1237 2157 haereat,
1270 2093 1518 2149 veritatis
1565 2092 1800 2150 fructum

227 2171 500 2243 negligens
554 2179 764 2249 perdat.
828 2179 939 2235 Lex
1003 2197 1132 2253 ergo
1184 2184 1435 2241 haustum
1491 2187 1797 2244 sitientibus

225 2263 470 2331 praebuit,
500 2269 594 2323 sed
632 2269 751 2325 sine
789 2270 934 2342 ligno
964 2274 1216 2344 potabilis
1246 2292 1353 2332 non
1382 2276 1502 2332 fuit.
1549 2278 1795 2335 Ostendit

227 2354 416 2426 quippe
468 2357 732 2418 Dominus
779 2361 946 2436 Moysi
998 2365 1220 2438 lignum,
1273 2369 1416 2441 quod
1465 2370 1684 2426 mittens
1737 2371 1793 2427 in

226 2458 437 2515 aquam,
466 2464 683 2507 omnem
725 2455 1138 2511 amaritudinem
1178 2457 1234 2511 in
1274 2473 1339 2513 ea
1372 2459 1702 2531 absumpsit;
1739 2467 1795 2515 et

226 2552 339 2608 quae
360 2541 511 2609 prius
552 2544 798 2603 sitientes
823 2549 1047 2620 populos
1075 2564 1213 2605 vano
1255 2549 1525 2606 alliciebat
1549 2558 1790 2622 aspectu,

224 2628 362 2701 ligno
387 2632 653 2704 immisso,
696 2654 885 2696 omnes
911 2641 1222 2699 dulcissimo
1260 2633 1614 2714 refrigerabat
1637 2653 1788 2716 potu.

225 2720 416 2791 Itaque,
445 2727 743 2782 secundum
770 2729 1109 2800 Apostolum,
1140 2732 1225 2788 lea:
1251 2734 1461 2805 quidem
1490 2743 1565 2790 est
1586 2746 1789 2803 sancta,

224 2820 271 2867 et
296 2816 605 2871 mandatum
630 2830 894 2888 sanctum,
920 2832 968 2876 et
986 2822 1212 2892 justum,
1240 2834 1288 2878 et
1334 2826 1545 2893 bonum,
1576 2827 1671 2883 sed
1708 2827 1793 2881 lea:

223 2906 505 2974 spiritualis
542 2919 634 2975 est,
664 2922 724 2966 ut
756 2913 897 2968 idem
927 2915 1058 2970 dicit
1095 2916 1392 2987 apostolus,
1422 2926 1476 2973 et
1503 2920 1686 2973 nonin
1706 2935 1791 2973 ve-

225 3003 406 3053 tustate
430 2999 643 3069 litterae,
665 3004 760 3058 sed
789 3005 843 3058 in
865 3008 1090 3062 novitate
1110 3007 1339 3079 Spiritus
1361 3009 1520 3066 debet
1542 3010 1788 3081 intelligi.

227 3083 416 3142 Littera
455 3093 598 3146 enim
638 3095 847 3161 occidit,
893 3095 1120 3168 Spiritus
1169 3109 1343 3154 autem
1385 3101 1630 3170 viviﬁcat.
1680 3100 1792 3157 Lex

224 3193 342 3249 ergo
357 3178 594 3250 Spiritus
620 3183 742 3239 vitae
758 3186 811 3239 in
827 3186 1044 3244 Christo
1064 3188 1190 3245 Jesu
1216 3190 1469 3247 liberavit
1492 3208 1593 3248 nos
1619 3207 1649 3246 a
1674 3191 1791 3264 lege

221 3276 421 3342 peccati
457 3285 517 3332 et
546 3278 754 3333 mortis.
803 3278 938 3334 Nam
966 3284 1109 3352 quod
1143 3283 1477 3355 impossibile
1513 3293 1631 3340 erat
1660 3285 1787 3356 legi,

220 3363 272 3419 in
296 3382 399 3436 quo
425 3368 808 3426 inﬁrmabatur
829 3387 931 3444 per
959 3390 1194 3441 carnem,
1228 3377 1371 3433 Deus
1410 3377 1605 3433 Filium
1635 3394 1791 3434 suum

220 3455 455 3515 mittens-
476 3461 537 3515 in
565 3461 972 3519 similitudinem
1011 3467 1192 3522 carnis
1221 3470 1449 3537 peccati,
1487 3478 1542 3526 et
1566 3470 1633 3526 de
1664 3485 1790 3540 pec-

218 3555 331 3602 cato
378 3559 663 3620 peccatum
711 3552 992 3612 damnavit
1040 3558 1094 3612 in
1138 3573 1321 3627 carne,
1364 3568 1426 3615 ut
1472 3560 1788 3631 justiﬁcatio

216 3635 340 3710 legis
382 3641 702 3713 impleretur
747 3647 803 3702 in
842 3649 1021 3716 nobis,
1048 3665 1154 3720 quo
1183 3667 1292 3708 non
1323 3654 1618 3710 secundum
1662 3670 1786 3711 car-

218 3742 331 3785 nem
370 3734 736 3804 ambulamus,
766 3741 861 3795 sed
889 3742 1183 3797 secundum
1214 3744 1481 3814 spiritum.
1516 3746 1788 3817 Scriptum

217 3818 402 3891 quippe
444 3830 530 3879 est
563 3825 619 3879 in
650 3826 765 3897 lege
800 3846 813 3882 :
858 3829 1173 3887 Maledictus
1208 3836 1373 3889 omnis
1407 3836 1497 3906 qui
1527 3853 1627 3891 non
1665 3852 1787 3908 per-

215 3916 455 3967 manserit
494 3918 551 3970 in
592 3918 829 3974 omnibus
871 3940 989 3993 qua:
1027 3927 1221 3996 scripta
1257 3938 1379 3982 sunt
1416 3930 1470 3983 in
1501 3929 1633 3984 libro
1660 3928 1787 4000 legis

214 4009 267 4054 ut
293 4002 458 4071 faciat
486 4022 569 4061 ea.
604 4008 710 4064 Sed
741 4013 997 4081 quoniam
1036 4016 1092 4071 in
1125 4015 1241 4088 lege
1273 4033 1434 4073 nemo
1456 4019 1788 4090 justiﬁcatur

215 4093 345 4161 apud
379 4094 576 4164 Deum,
614 4106 670 4155 et
698 4103 1004 4173 quicunque
1042 4121 1111 4161 ex
1157 4109 1412 4178 operibus
1456 4109 1589 4179 legis
1637 4118 1783 4177 sunt,

213 4182 309 4237 sub
340 4185 630 4244 maledicto
676 4200 825 4260 sunt,
853 4192 1102 4253 Christus
1135 4213 1234 4255 nos
1261 4200 1491 4256 redemit
1523 4201 1589 4257 de
1618 4202 1786 4257 male-

213 4271 349 4331 dicto
374 4275 534 4348 legis,
565 4279 740 4339 factus
768 4299 867 4355 pro
894 4288 1052 4343 nobis
1088 4290 1456 4359 maledictum,
1498 4293 1626 4364 quia
1654 4294 1788 4349 scri-

211 4373 354 4435 ptum
382 4379 507 4427 est:
544 4372 857 4432 Maledictus
899 4381 1065 4436 omnis
1101 4382 1190 4453 qui
1226 4385 1411 4454 pendet
1448 4385 1504 4438 in
1543 4384 1702 4457 ligno,
1728 4393 1789 4441 ut

213 4460 455 4527 gentibus
499 4464 806 4525 benedictio
844 4471 1076 4528 Abraha:
1111 4473 1267 4531 ﬁeret
1308 4477 1365 4531 in
1394 4476 1614 4533 Christo
1633 4477 1783 4546 Jesu,

211 4558 268 4604 ut
304 4554 747 4624 pollicitationem
789 4560 1026 4631 Spiritus
1075 4566 1406 4637 accipiamus
1458 4583 1556 4638 per
1602 4568 1780 4623 ﬁdem.

210 4639 369 4715 Igitur
388 4662 515 4703 cum
542 4649 813 4708 destructa
839 4655 909 4709 sit
933 4656 1239 4713 maledictio
1264 4658 1399 4730 legis
1422 4675 1520 4730 per
1546 4675 1779 4725 crucem,

210 4742 262 4789 et
293 4736 407 4807 ejus
444 4742 752 4800 amaritudo
788 4759 887 4815 per
928 4748 1101 4817 ipsam
1141 4764 1402 4804 conversa
1452 4751 1506 4804 in
1549 4751 1787 4807 dulcedi-

211 4837 348 4890 nem,
378 4827 602 4899 dignum
626 4841 711 4888 est
737 4834 902 4890 etiam
931 4844 991 4890 ut
1018 4838 1074 4891 in
1102 4835 1218 4904 ejus
1241 4837 1467 4908 efﬁgiem
1493 4839 1785 4909 disponan-

213 4921 294 4969 tur
320 4917 442 4975 libri
471 4921 630 4993 legis,
667 4933 728 4979 ut
755 4928 1107 4999 congruentia
1140 4930 1321 5001 operis
1358 4929 1413 4984 in
1444 4931 1547 4985 hoc
1573 4930 1785 4987 innote-

211 5017 343 5077 scat,
380 5020 437 5067 et
470 5016 720 5084 mysterii
760 5030 1162 5076 sacramentum
1217 5030 1491 5093 appareat.
1542 5022 1684 5095 Ergo
1728 5024 1786 5079 in

213 5098 402 5187 capite,
440 5106 548 5161 hoc
581 5116 683 5174 est,
731 5108 791 5163 in
835 5110 1070 5166 culmine
1111 5122 1312 5170 sanctae
1352 5116 1550 5183 crucis,
1591 5115 1661 5170 sit
1685 5132 1785 5187 po-

214 5185 342 5245 situs
379 5190 520 5249 liber
539 5192 830 5268 Geneseos,
867 5202 995 5271 quia
1028 5203 1144 5274 ipse
1182 5214 1343 5276 caput
1377 5213 1459 5261 est
1497 5215 1551 5261 et
1574 5185 1785 5278 primus

214 5283 443 5339 omnium
487 5285 769 5359 librorum,
806 5307 1037 5352 narrans
1073 5298 1217 5368 quod
1261 5298 1316 5352 in
1353 5300 1617 5371 principio
1655 5300 1788 5357 fecit

216 5371 349 5432 Deus
372 5377 569 5438 celum
592 5387 650 5438 et
674 5390 894 5454 terram,
940 5389 1126 5461 utique
1150 5404 1250 5463 per
1280 5389 1478 5447 Filium
1506 5406 1663 5447 suum
1685 5408 1782 5448 co-

1809 4880 1863 4940 D

1913 901 1980 958 de
2006 916 2112 971 quo
2142 902 2271 956 dicit
2291 901 2575 958 Psalmista
2602 919 2614 957 :
2651 900 2815 958 Verbo
2848 902 2943 959 Dei
2966 903 3085 969 coeli
3103 905 3303 975 ﬁrmati
3337 916 3481 975 sunt,

1906 998 1955 1044 et
1990 991 2177 1062 spiritu
2212 993 2319 1046 oris
2358 993 2471 1059 eius
2508 994 2675 1048 omnis
2712 995 2874 1049 uirtus
2918 995 3054 1065 ejus.
3101 994 3239 1051 Hinc
3266 995 3396 1052 dicit
3427 1004 3485 1053 et

1905 1084 2234 1155 evangelista
2260 1083 2496 1140 Joannes
2538 1103 2549 1139 :
2588 1084 2779 1142 Omnia
2813 1103 2907 1158 per
2940 1087 3111 1158 ipsum
3152 1086 3293 1159 facta
3340 1100 3481 1157 sunt,

1904 1184 1953 1232 et
1978 1176 2089 1232 sine
2122 1178 2235 1247 ipso
2266 1178 2464 1248 factum
2499 1186 2573 1232 est
2598 1177 2748 1234 nihil.

1973 1271 2034 1326 In
2082 1271 2191 1326 ima
2238 1287 2369 1327 vero
2415 1278 2571 1342 parte
2613 1271 2812 1338 crucis,
2858 1271 2961 1328 hoc
2996 1279 3101 1339 est,
3146 1272 3201 1327 in
3226 1274 3380 1343 pede,
3411 1272 3484 1329 sit

1901 1364 2110 1434 positus
2146 1364 2471 1420 novissimus
2504 1364 2743 1434 quinque
2782 1362 3045 1419 librorum
3082 1363 3241 1435 legis,
3282 1365 3336 1421 id
3375 1374 3479 1432 est,

1901 1455 2396 1521 Deuteronomium,
2426 1455 2568 1525 quod
2594 1454 2985 1525 interpretatur
3012 1456 3294 1511 renovatio
3323 1456 3480 1527 legis,

1900 1546 2087 1615 utique
2127 1546 2439 1618 signiﬁcans
2466 1544 2839 1617 Evangelium,
2881 1546 2936 1599 in
2972 1559 3078 1615 quo
3106 1552 3325 1610 cuncta,
3354 1559 3475 1616 quae

1898 1636 1985 1693 lex
2031 1638 2328 1709 ﬁguraliter
2372 1646 2535 1709 atque
2579 1638 2758 1710 typice
2800 1637 3052 1708 protulit,
3102 1637 3370 1693 veraciter
3418 1650 3483 1691 ac

1898 1730 2252 1801 spiritualiter
2286 1738 2412 1787 sunt
2456 1729 2705 1795 enodata,
2749 1744 2814 1785 ac
2846 1729 3017 1784 nostri
3050 1726 3349 1783 Salvatoris
3386 1741 3482 1782 ore

1897 1832 2160 1879 reserata.
2205 1819 2335 1876 Jure
2364 1837 2495 1892 ergo
2529 1821 2585 1876 in
2618 1821 2797 1891 capite
2822 1820 3001 1876 crucis
3034 1832 3313 1891 geneseos,
3343 1826 3400 1874 et
3425 1818 3482 1872 in

1898 1911 2007 1967 ﬁne
2033 1911 2511 1968 Deuteronomium
2535 1913 2859 1979 consistunt,
2882 1912 3009 1981 quia
3028 1925 3153 1965 eum
3194 1923 3357 1979 quem
3393 1908 3482 1963 lex

1896 2011 2086 2058 narrat
2125 2002 2179 2058 in
2204 2002 2472 2073 principio
2501 2001 2762 2072 temporis
2791 2016 2915 2057 cum
2940 2001 3103 2056 Patre
3136 2000 3319 2055 omnia
3348 2013 3482 2054 con-

1897 2093 2121 2159 didisse,
2169 2094 2224 2148 in
2271 2093 2378 2148 ﬁne
2427 2094 2685 2163 temporis
2736 2094 2883 2149 hunc
2918 2092 3264 2165 Evangelium
3313 2090 3483 2147 refert

1824 2171 1872 2231 Β
1898 2192 2092 2239 cuncta
2120 2198 2219 2255 per
2241 2199 2457 2240 crucem
2485 2197 2795 2240 renovasse.
2842 2183 3061 2239 Exodus
3087 2197 3217 2239 vero
3242 2182 3382 2238 bene
3425 2181 3482 2238 in

1898 2278 2085 2333 dextra
2141 2277 2379 2347 ponitur,
2430 2277 2485 2331 in
2536 2292 2644 2347 quo
2692 2277 2871 2333 exitus
2912 2275 3146 2331 ﬁliorum
3196 2274 3363 2331 lsrael
3414 2273 3482 2328 de

1896 2364 2132 2438 Egypto
2150 2366 2531 2432 conscribitur,
2548 2375 2604 2421 et
2627 2367 2823 2422 ibidem
2852 2366 3007 2437 plura
3036 2381 3067 2419 a
3086 2365 3316 2421 Domino
3338 2362 3482 2418 facta

1894 2456 2158 2512 miracula
2186 2466 2498 2524 narrantur,
2535 2457 2691 2527 juxta
2738 2455 2868 2511 illud
2890 2455 3224 2511 Psalmistae:
3249 2452 3481 2509 Dextera

1894 2548 2110 2604 Domini
2139 2550 2261 2620 fecit
2290 2550 2550 2605 uirtutem.
2583 2548 2652 2604 Et
2681 2549 2809 2604 item
2837 2565 2852 2605 :
2894 2546 2998 2614 Qui
3033 2547 3287 2617 percussit
3310 2544 3485 2616 Egy-

1892 2650 2039 2711 ptum
2063 2660 2181 2697 cum
2205 2643 2565 2714 primogenitis
2587 2659 2789 2709 eorum,
2813 2652 2860 2697 et
2890 2641 3073 2696 eduxit
3092 2638 3262 2695 Israel
3283 2637 3347 2693 de
3367 2654 3481 2693 me-

1893 2733 1982 2788 dio
2010 2735 2148 2805 ejus,
2177 2737 2231 2790 in
2259 2752 2419 2789 manu
2458 2736 2585 2805 forti
2609 2746 2657 2791 et
2684 2735 2896 2789 brachio
2930 2733 3149 2789 excelso.
3172 2733 3229 2788 In
3260 2732 3481 2788 sinistra

1894 2839 2108 2895 quoque
2146 2825 2285 2881 liber
2309 2824 2578 2882 Numerus
2622 2834 2706 2882 est
2746 2826 2977 2897 positus,
3014 2824 3139 2895 quia
3191 2823 3307 2894 ipse
3346 2821 3482 2878 sini-

1893 2924 2037 2973 stras
2065 2918 2511 2989 congregationes
2540 2917 2732 2982 Chore,
2768 2916 2980 2971 Dathan
3010 2924 3066 2971 et
3092 2913 3320 2980 Abiron,
3351 2927 3491 2968 con--

1894 3008 2165 3062 tentiones
2193 3016 2383 3062 contra
2412 3007 2629 3078 Moysen
2667 3016 2725 3063 et
2752 3007 2933 3063 Aaron
2963 3006 3172 3062 levasse
3200 3003 3474 3066 describit,

1893 3104 1949 3152 et
1983 3111 2080 3167 per
2099 3096 2314 3151 Domini
2349 3098 2646 3166 potentiam
2694 3096 2854 3152 citius
2893 3108 3249 3165 compressas.
3278 3091 3349 3143 At
3374 3087 3478 3144 Le—

1893 3186 2111 3252 viticus,
2141 3186 2197 3241 in
2220 3187 2398 3242 medio
2434 3186 2675 3241 omnium
2715 3194 2885 3251 stans,
2918 3182 3094 3239 crucis
3132 3180 3477 3236 medietatem

1896 3286 2064 3344 tenet,
2086 3280 2213 3350 quia
2233 3279 2383 3334 illum
2412 3279 2722 3350 pontiﬁcem
2756 3277 3000 3347 designat
3024 3276 3081 3330 in
3105 3273 3337 3345 plurimo
3367 3272 3474 3325 ritu

1894 3370 2306 3437 sacriﬁciorum,
2338 3372 2430 3440 qui
2478 3372 2534 3425 in
2566 3386 2659 3425 ara
2687 3370 2867 3424 crucis
2901 3367 3248 3437 semetipsum
3279 3362 3477 3419 obtulit

1896 3461 2127 3516 hostiam
2164 3461 2563 3517 immaculatum
2593 3462 2728 3526 Deo,
2765 3460 2831 3515 ad
2862 3457 3227 3515 exhaurienda
3273 3454 3478 3511 multo-

1817 3529 1862 3594 Ο
1893 3572 2013 3612 rum
2038 3566 2280 3629 peccata,
2312 3566 2368 3614 et
2416 3573 2516 3628 pro
2559 3554 3056 3626 transgressoribus
3089 3566 3340 3616 exorans,
3372 3564 3473 3604 ex-

1889 3648 2105 3704 auditus
2133 3658 2218 3705 est
2245 3665 2343 3720 pro
2375 3665 2471 3705 sua
2516 3647 2841 3704 reverentia.
2874 3646 3017 3717 Ergo
3046 3644 3102 3698 in
3129 3642 3366 3713 quinque
3396 3650 3476 3696 te-

1890 3739 2132 3807 tragonis
2156 3739 2393 3809 quinque
2432 3738 2556 3793 libri
2601 3738 2738 3807 legis
2769 3751 2867 3808 per
2893 3734 3132 3806 quinque
3160 3746 3352 3787 versus
3386 3730 3474 3784 hic

1888 3839 2163 3896 notantur,
2193 3831 2283 3900 qui
2311 3838 2437 3885 sunt
2454 3827 2605 3897 juxta
2637 3828 2884 3884 ordinem
2920 3833 3324 3895 tetragonorum
3354 3819 3475 3875 loco

1888 3929 2060 3985 sexto,
2088 3928 2142 3975 et
2171 3935 2270 3991 per
2296 3919 2568 3974 senarium
2597 3919 2653 3973 in
2681 3925 2852 3974 semet
2878 3912 3251 3983 multiplicato.
3281 3909 3473 3965 Sexies

1889 4010 2035 4065 enim
2071 4010 2186 4065 seni
2218 4009 2425 4065 faciunt
2464 4009 2519 4063 in
2554 4008 2716 4080 plana
2754 4007 2924 4079 ﬁgura
2971 4012 3186 4061 sextum
3240 4009 3475 4071 tetrago-

1888 4116 2038 4168 num,
2069 4102 2212 4172 quod
2239 4100 2370 4156 facit
2407 4101 2628 4174 triginta
2657 4115 2772 4157 sex.
2803 4099 2900 4155 Est
2926 4111 3142 4171 quoque
3168 4110 3364 4153 versus
3394 4101 3470 4150 te-

1889 4194 2099 4265 tragoni
2127 4194 2182 4249 in
2208 4199 2336 4250 arce
2360 4194 2540 4250 crucis
2567 4193 2777 4266 positus
2805 4191 2936 4247 iste:

2010 4324 2084 4377 Te
2102 4324 2312 4377 Genesis
2333 4338 2457 4377 crux
2476 4325 2601 4376 alma
2617 4325 2735 4377 beat
2754 4332 2837 4377 tua
2856 4334 3061 4375 munera
3082 4321 3262 4373 laudat.

1890 4426 2173 4485 Secundus
2201 4445 2330 4486 vero
2362 4439 2466 4499 est,
2513 4431 2605 4501 qui
2654 4431 2711 4485 in
2759 4430 3029 4503 tetragoni
3077 4427 3256 4484 dextri
3303 4440 3470 4482 cornu

1885 4519 2092 4587 positus
2120 4520 2211 4575 hic
2240 4538 2253 4574 :

2012 4631 2210 4682 Exodus
2227 4640 2377 4695 atque
2398 4636 2530 4685 canit
2554 4635 2787 4684 transitus
2809 4645 3006 4683 carmen
3029 4644 3214 4684 amore.

1886 4732 2102 4791 Tertius
2127 4752 2362 4808 namque
2387 4739 2441 4792 in
2470 4737 2648 4792 medio
2673 4737 2851 4793 crucis
2880 4745 2965 4792 est
2990 4736 3127 4793 situs
3154 4735 3271 4791 hic:

2012 4845 2131 4895 Jura
2146 4847 2417 4898 sacerdotis
2437 4846 2686 4899 Leviticus
2704 4849 2885 4911 optime
2904 4847 3079 4912 psallit.

1888 4950 2124 5019 Quartus
2151 4955 2370 5025 quidem
2400 4954 2459 5010 in
2478 4955 2703 5012 sinistro
2732 4969 2903 5011 cornu
2924 4955 3161 5025 scriptus
3182 4959 3264 5009 est
3289 4957 3395 5011 ita:

2010 5067 2100 5119 Ast
2121 5068 2365 5121 Numerus
2382 5077 2546 5121 cantat
2566 5069 2806 5133 magnalia
2827 5072 2947 5120 mira
2972 5067 3224 5133 triumphi.

1893 5175 2120 5235 Ultimus
2163 5182 2326 5237 etiam
2373 5183 2464 5253 qui
2512 5181 2569 5236 in
2613 5182 2804 5238 ultimo
2850 5188 3149 5250 tetragono,
3190 5177 3247 5233 id
3278 5183 3382 5245 est,
3412 5176 3470 5234 in

1884 5267 2017 5328 baSe
2042 5270 2222 5327 crucis
2251 5271 2555 5342 descriptus
2582 5280 2687 5335 est,
2714 5272 2791 5326 ita
2820 5276 3009 5326 sonat:

2010 5383 2131 5438 Nam
2153 5384 2588 5440 Deuteronomium
2609 5386 2889 5439 renovantis
2910 5382 3088 5449 gaudia
3102 5381 3255 5444 dicit!
