3970 6480
257 403 352 462 901

1251 404 1340 460 DE
1379 405 1720 462 LAUDlBlT-S
1763 408 1819 460 S.
1859 405 2125 463 CliUClS.
2167 439 2237 449 —
2274 409 2401 465 LIB.
2445 413 2486 469 1.

3396 427 3493 484 Ξυιι

1424 523 1939 584 DECLARATIO
1981 527 2330 592 FlGUR/E.

316 693 408 750 Ila:
435 692 602 766 igitur
633 708 822 753 cruces
843 707 1076 767 quatuor
1105 700 1304 770 triplici
1337 705 1552 760 tramite
1588 709 1825 764 conscri-
1851 716 1898 774 Α
1929 729 2144 769 menses
2171 723 2226 770 et
2251 729 2304 768 vi
2345 715 2460 770 dies
2486 715 2775 786 complere.
2808 717 2961 775 Sicut
2984 722 3130 778 enim
3173 732 3500 789 novenarius

245 799 366 863 ptaz,
398 788 690 846 ostendunt
724 789 778 844 in
804 791 1111 861 semetipsis
1149 808 1246 862 per
1271 793 1570 850 litterarum
1597 800 1815 866 seriem,

1919 812 1974 859 et
2003 805 2250 859 senarius
2274 820 2532 860 numerus
2562 808 2617 861 in
2648 815 2762 862 toto
2779 809 3097 877 excellebat,
3125 821 3181 868 et
3201 819 3496 874 secundum

249 896 522 936 numerum
571 878 803 946 dierum,
861 896 969 950 quo
995 881 1210 936 Domini
1259 898 1458 955 corpus
1523 889 1818 943 secundum
1917 909 2107 950 eorum
2149 896 2644 954 denominationem
2670 939 2685 965 ,
2709 901 2888 956 omnis
2911 917 3123 958 summa
3149 910 3502 978 computaba-

245 969 493 1026 Ecclesia:
516 971 676 1028 ﬁdem
705 972 761 1029 in
788 981 945 1028 utero
969 975 1218 1046 virginali
1248 987 1619 1035 constructum
1650 990 1816 1052 atque

243 1071 578 1132 compactum
626 1074 752 1122 est:
786 1068 1046 1140 templum
1094 1069 1344 1126 videlicet
1395 1071 1564 1140 illud,
1612 1075 1755 1144 quod
1782 1092 1813 1131 a

241 1153 430 1210 Iudaeis
450 1155 860 1225 destruendum,
887 1167 943 1215 et
959 1174 991 1214 a
1014 1175 1073 1215 se
1098 1160 1154 1214 in
1183 1162 1362 1218 triduo
1380 1166 1813 1224 resuscitandum

239 1244 482 1314 praadixit
506 1245 623 1316 ipse
646 1245 898 1303 Salvator
926 1267 939 1303 :
967 1253 1110 1320 quod
1130 1259 1189 1304 ut
1214 1251 1556 1310 manifestius
1577 1254 1692 1323 ﬁat,
1717 1272 1815 1327 po-

237 1349 423 1391 namus
445 1351 617 1390 unum
649 1338 948 1408 capitulum
975 1355 1043 1396 ex
1066 1339 1206 1396 libro
1226 1341 1400 1397 sancti
1429 1341 1715 1416 Augustini
1745 1346 1810 1401 de

235 1435 413 1483 sancta
453 1427 720 1483 Trinitate
769 1439 982 1499 quarto,
1038 1447 1145 1502 quo
1191 1431 1334 1487 istud
1381 1434 1642 1505 scriptum
1684 1445 1806 1492 est:

239 1538 256 1570 ι
283 1517 388 1575 Nec
442 1519 746 1589 immerito,
779 1522 954 1594 inquit
983 1564 999 1590 ,
1035 1524 1090 1579 in
1141 1525 1496 1582 aediﬁcatione
1544 1527 1808 1585 Dominici

143 1607 147 1611 λ
232 1609 487 1680 corporis,
522 1610 575 1664 in
602 1610 757 1682 cujus
800 1611 970 1682 ﬁgura
1005 1614 1261 1684 templum
1289 1631 1319 1670 a
1371 1615 1570 1674 Iudaeis
1597 1619 1810 1675 destru-

230 1707 389 1766 ctum,
413 1699 588 1756 triduo
612 1716 671 1758 se
688 1704 1136 1759 resuscitaturum
1158 1720 1279 1761 esse
1300 1707 1533 1774 dicebat,
1548 1725 1808 1768 numerus

228 1789 338 1862 ipse
358 1795 602 1851 senarius
633 1811 733 1867 pro
760 1812 904 1852 anno
933 1799 1142 1868 positus
1176 1798 1513 1872 intelligitur.
1544 1804 1805 1858 Dixerunt

226 1881 366 1936 enim
393 1898 517 1939 ιινι
541 1887 701 1942 annis
729 1887 1055 1944 aediﬁcatum
1086 1890 1374 1960 templum;
1400 1900 1454 1948 et
1482 1893 1806 1965 quadragies

224 1969 400 2027 sexies
423 1973 539 2029 seni
562 1974 699 2031 ﬁunt
722 1991 965 2043 ccnxxvr,
1006 1978 1098 2048 qui
1129 1995 1387 2036 numerus
1408 1981 1620 2037 dierum
1657 1998 1804 2038 com-

1916 993 2025 1053 tur,
2055 987 2129 1042 ita
2155 996 2212 1043 et
2241 988 2297 1043 in
2317 989 2566 1060 partibus
2589 1006 2698 1046 non
2725 993 2903 1050 minus
2927 995 3116 1052 eadem
3134 997 3501 1058 denominatio

1915 1077 2075 1134 simul
2112 1095 2236 1135 cum
2282 1082 2538 1152 mysterio
2587 1082 2870 1141 illucescit.
2903 1086 3043 1155 Quid
3073 1091 3219 1146 enim
3250 1092 3306 1148 in
3336 1109 3502 1151 nove-

1913 1169 2088 1236 nario,
2113 1170 2217 1226 nisi
2243 1187 2438 1227 novem
2470 1174 2688 1230 ordines
2715 1177 3061 1248 angelorum;
3092 1191 3149 1237 et
3175 1184 3305 1252 quid
3327 1186 3382 1240 in
3413 1202 3500 1242 se-

1909 1262 2088 1336 inario,
2127 1263 2232 1318 nisi
2271 1264 2432 1320 homo
2468 1266 2558 1336 qui
2584 1266 2637 1320 in
2668 1277 2822 1323 sexta
2852 1269 2940 1324 die
2988 1281 3204 1328 creatus
3236 1285 3322 1331 est
3360 1275 3493 1331 insi-

1966 1315 2088 1328 αη
2271 1315 2425 1320 ___-
2472 1315 2558 1336 τ--
2668 1315 2822 1323 ηπ.
2854 1315 2939 1324 ...ν
2990 1315 3204 1328 ww.--
3237 1315 3322 1331 νο.
3360 1315 3492 1331 ...σι-

1909 1315 2144 1408 liuatur?
2180 1354 2420 1427 Utraque
2441 1358 2589 1412 enim
2629 1368 2881 1415 creatura
2909 1362 2965 1416 in
2991 1365 3172 1420 crucis
3203 1365 3376 1437 effigie
3403 1368 3496 1423 de-

1912 1453 2145 1510 notatur,
2171 1447 2298 1517 quia
2326 1458 2556 1518 utraque
2585 1465 2684 1520 per
2710 1449 3048 1508 Salvatorem
3075 1453 3130 1508 in
3157 1466 3319 1510 cruce
3344 1473 3498 1527 repa-

1913 1545 2084 1603 ratur,
2107 1539 2249 1594 etab
2271 1547 2500 1610 utraque
2521 1541 2838 1612 mysterium
2866 1540 3257 1599 incarnationis
3283 1543 3496 1601 Domini

1909 1617 2298 1698 honorabatur,
2326 1632 2451 1701 quia
2486 1633 2540 1686 in
2571 1632 2658 1688 die
2688 1634 2990 1689 nativitatis
3016 1633 3133 1703 ejus
3168 1635 3235 1689 ad
3279 1635 3493 1692 laudem

1909 1727 1964 1774 et
2004 1720 2248 1776 laetitiam
2290 1729 2519 1791 utraque
2547 1722 2895 1778 incitabatur.
2930 1725 3082 1780 Unde
3107 1724 3284 1780 Lucas
3316 1727 3485 1782 dicit:

1909 1811 1980 1866 Et
2007 1812 2177 1866 subito
2198 1813 2338 1882 facta
2367 1822 2442 1867 est
2478 1830 2598 1868 cum
2626 1814 2810 1886 angelo
2833 1815 3118 1870 multitudo
3143 1816 3359 1872 caelestis
3385 1819 3489 1872 mi-

1907 1900 2054 1968 litiw,
2079 1900 2409 1957 laudantium
2428 1904 2593 1958 Deum
2619 1916 2668 1958 et
2694 1905 3013 1960 dicentium:
3033 1905 3217 1962 Gloria
3248 1909 3303 1962 in
3325 1910 3495 1964 excel-

1907 1993 1978 2046 sis
2007 1991 2138 2059 Deo,
2162 2001 2209 2047 et
2239 1994 2292 2046 in
2337 2005 2478 2047 terra
2528 2013 2634 2066 pars
2672 1997 2966 2052 hominibus
2995 1998 3145 2053 bonae
3186 1998 3486 2056 voluntatis.

224 2059 335 2129 plet
353 2077 546 2121 novem
570 2080 786 2122 menses
804 2075 859 2123 et
881 2081 980 2122 sex
1008 2067 1146 2134 dies,
1189 2069 1281 2139 qui
1311 2077 1569 2141 tanquam
1617 2073 1804 2128 decem
1832 2071 1881 2130 B
1908 2082 1977 2137 Et
2005 2082 2166 2152 paulo
2193 2093 2344 2153 post:
2383 2085 2449 2138 Et
2477 2059 2668 2141 reversi
2689 2098 2830 2155 sunt,
2862 2089 3062 2159 inquit,
3089 2100 3346 2161 pastores,
3377 2092 3497 2147 lau-

221 2167 435 2211 menses
481 2156 814 2226 parientibus
843 2157 1063 2216 feminis
1106 2160 1448 2231 imputantur
1475 2180 1489 2217 :
1513 2179 1623 2219 non
1675 2165 1800 2234 quia

218 2256 403 2299 omnes
428 2244 496 2300 ad
534 2254 747 2303 sextum
791 2248 935 2306 diem
962 2256 1087 2321 post
1113 2265 1307 2308 novem
1355 2267 1571 2309 menses
1607 2269 1800 2326 perve-

219 2332 390 2400 niunt,
433 2335 528 2391 sed
555 2337 686 2407 quia
716 2337 836 2410 ipsa
877 2339 1144 2410 perfectio
1168 2342 1414 2412 corporis
1457 2343 1694 2411 Domini,
1725 2353 1804 2401 tot

217 2421 398 2481 diebus
425 2426 495 2482 ad
515 2434 731 2496 partum
757 2429 1019 2500 perducta
1052 2433 1423 2502 comperitur:
1450 2433 1593 2490 sicut
1620 2450 1652 2490 a
1677 2451 1795 2491 ma-

211 2513 412 2584 joribus
433 2517 692 2575 traditum
729 2522 1032 2593 suscipiens
1057 2523 1318 2581 Ecclesia:
1343 2526 1580 2582 custodit
1604 2537 1796 2585 aucto-

215 2608 360 2664 ritas.
390 2609 597 2668 Octavo
618 2615 766 2670 enim
789 2614 1058 2673 Kalendas
1076 2617 1276 2688 Aprilis
1300 2629 1595 2691 conceptus
1621 2624 1800 2680 credi-

217 2704 316 2764 tur,
348 2715 452 2770 quo
480 2711 538 2759 et
565 2719 780 2774 passus.
811 2706 890 2762 Ita
934 2718 1283 2766 monumento
1314 2725 1456 2768 novo
1483 2725 1590 2782 quo
1614 2714 1794 2784 sepul-

214 2795 295 2843 tus
312 2797 409 2855 est,
437 2792 534 2848 ubi
557 2793 738 2851 nullus
749 2803 868 2852 erat
879 2797 1090 2867 positus
1117 2809 1478 2870 mortuorum,
1505 2819 1609 2860 nec
1628 2812 1791 2861 antea

216 2894 309 2936 nec
336 2891 547 2952 postea,
578 2888 846 2957 congruit.
867 2897 1060 2946 uterus
1097 2892 1326 2964 virginis
1349 2909 1457 2966 quo
1502 2906 1795 2969 conceptus

214 2978 308 3036 est,
345 2973 433 3029 ubi
458 2975 641 3033 nullus
664 2979 962 3036 seminatus
998 2989 1083 3038 est
1112 2984 1450 3042 mortalium.
1479 2987 1651 3046 Natus
1673 3000 1793 3047 tra-

211 3060 346 3117 ditur
357 3074 552 3123 octavo
571 3067 838 3127 Kalendas
873 3071 1181 3132 Ianuarias.
1212 3075 1296 3133 Ab
1317 3077 1410 3134 illo
1438 3094 1569 3151 ergo
1595 3083 1682 3138 die
1702 3101 1791 3141 us-

212 3165 309 3245 que
327 3155 389 3210 ad
406 3157 578 3216 istum
595 3165 912 3234 computati,
929 3181 992 3224 cc
1015 3183 1122 3223 Lxx
1133 3177 1188 3225 et
1206 3185 1262 3226 γι
1289 3171 1636 3240 reperiuntur
1650 3174 1786 3245 dies,

211 3243 296 3314 qui
324 3252 601 3304 senarium
653 3270 941 3312 numerum
972 3260 1296 3332 quadragies
1342 3262 1520 3318 sexies
1551 3243 1788 3322 habent:

211 3350 310 3405 quo
334 3354 565 3398 numero
587 3357 856 3400 annorum
888 3349 1144 3420 templum
1181 3352 1506 3409 aediﬁcatum
1531 3365 1634 3421 est,
1665 3358 1793 3428 quia

211 3442 272 3483 eo
296 3445 525 3490 numero
565 3434 842 3490 senarium
878 3451 1076 3508 corpus
1107 3439 1322 3496 Domini
1358 3442 1662 3512 perfectum
1687 3455 1790 3514 est,
1819 3444 1866 3508 C

210 3525 340 3592 quod
385 3527 585 3584 mortis
625 3529 883 3600 passione
907 3531 1263 3600 destructum,
1292 3534 1472 3592 triduo
1497 3539 1790 3596 resuscita-

208 3610 296 3664 vit.
324 3613 556 3672 Dicebat
593 3618 744 3674 enim
767 3620 874 3677 hoc
901 3621 970 3676 de
1017 3623 1215 3693 templo
1241 3626 1485 3695 corporis
1515 3629 1619 3696 sui,
1651 3630 1796 3686 sicut

215 3702 622 3760 evidentissimo
655 3717 712 3765 et
748 3712 1127 3769 robustissimo
1171 3715 1588 3788 Evangeliorum
1640 3723 1794 3778 testi-

211 3793 384 3848 monio
439 3792 769 3850 declaratur.
823 3814 843 3849 ι
895 3800 1023 3854 Haec
1067 3802 1418 3875 Augustinus.
1473 3807 1552 3865 De
1593 3819 1792 3868 caetero

209 3891 376 3939 autem
404 3883 543 3940 illud
572 3883 888 3943 intuendum
923 3898 1025 3956 est,
1053 3906 1216 3962 quam
1255 3908 1492 3966 congrue
1522 3902 1668 3955 idem
1693 3919 1794 3957 nu-

207 3993 380 4035 merus
408 3980 604 4036 formae
652 3989 855 4038 sancta:
880 3983 1062 4040 crucis
1082 3987 1391 4055 conveniat,
1420 3989 1477 4046 in
1522 4007 1630 4062 qua
1653 4002 1794 4050 tem-

206 4067 341 4134 plum
385 4068 660 4126 Dominici
705 4073 948 4143 corporis
970 4089 1001 4129 a
1029 4074 1228 4132 Iudaeis
1275 4079 1605 4151 solvebatur,
1642 4093 1699 4141 et
1720 4087 1792 4144 ab

208 4155 316 4226 ipso
341 4157 575 4216 Domino
598 4163 1032 4221 resuscitandum
1059 4169 1374 4239 parabatur.
1404 4171 1488 4228 Ad
1514 4175 1617 4231 hoc
1641 4178 1792 4233 enim

207 4249 346 4304 venit
371 4249 647 4318 Christus,
678 4261 740 4308 ut
765 4252 822 4307 in
843 4269 1009 4311 carne
1030 4273 1193 4328 quam
1217 4276 1318 4332 pro
1362 4264 1548 4320 mundi
1578 4267 1792 4323 redem-

204 4339 380 4407 ptione
403 4349 726 4413 susceperat
747 4352 1088 4412 moreretur;
1115 4345 1183 4402 ad
1210 4347 1315 4404 hoc
1342 4362 1591 4407 mortuus
1605 4362 1712 4418 est,
1729 4364 1792 4409 ut

206 4431 257 4485 in
290 4433 404 4503 ipsa
435 4443 768 4506 resurgeret.
823 4435 1163 4509 Quapropter
1214 4439 1415 4497 intueri
1450 4440 1603 4510 libet,
1647 4457 1788 4514 quo-

208 4523 357 4578 modo
382 4534 720 4582 memoratus
757 4542 1038 4595 numerus,
1069 4528 1124 4584 id
1153 4537 1257 4596 est,
1295 4545 1356 4586 cc
1395 4547 1520 4599 Lxx,
1553 4540 1608 4588 et
1633 4548 1708 4601 vr,
1731 4533 1788 4589 in

208 4619 429 4679 quatuor
446 4625 637 4686 partes
662 4617 892 4685 divisus,
919 4635 1123 4676 cornua
1151 4631 1353 4677 sanctae
1377 4625 1556 4680 crucis
1575 4626 1790 4682 univer-

208 4699 383 4756 saliter
432 4704 727 4774 exprimat,
765 4715 823 4763 et
864 4724 963 4779 per
1009 4710 1220 4782 singula
1268 4713 1449 4769 crucis
1494 4716 1786 4787 imaginem

210 4791 455 4858 proferat.
489 4811 563 4851 1.x
591 4797 737 4854 enim
770 4807 827 4856 et
866 4817 923 4856 rx
952 4801 1009 4858 in
1043 4818 1369 4875 unoquoque
1408 4822 1578 4863 cornu
1611 4811 1789 4866 consi-
1810 4802 1868 4864 D

210 4889 367 4952 stunt,
389 4888 540 4957 quod
565 4890 730 4947 etiam
759 4908 869 4949 non
897 4895 1167 4967 discrepat
1189 4915 1220 4954 a
1241 4900 1535 4971 superioris
1560 4904 1785 4962 rationis

211 4971 556 5039 similitudine
575 5022 592 5052 ,
624 5000 735 5055 qua
761 4985 969 5048 dictum
991 4999 1076 5049 est
1116 5007 1179 5050 cc
1204 5009 1367 5052 Lxxvr
1393 5011 1699 5065 numerum,
1725 5015 1779 5055 rx

1901 2177 2086 2230 dantes
2118 2187 2167 2230 et
2201 2176 2555 2247 gloriﬁcantes
2583 2179 2754 2233 Deum
2800 2181 2857 2234 in
2885 2181 3128 2237 omnibus
3157 2198 3278 2254 qua:
3308 2184 3494 2238 audie-

1903 2274 2023 2320 rant
2043 2275 2090 2320 et
2113 2267 2374 2334 viderant,
2404 2268 2539 2322 sicut
2566 2270 2762 2324 dictum
2785 2281 2860 2326 est
2887 2272 2957 2331 ad
2994 2271 3134 2328 illos.

1973 2358 2219 2425 Quatuor
2246 2374 2377 2431 ergo
2407 2375 2600 2417 cruces
2627 2361 2683 2418 in
2727 2362 2832 2418 hac
2857 2365 3081 2434 pagina,
3119 2379 3219 2435 per
3261 2375 3496 2437 quatuor

1901 2447 2020 2504 loca
2041 2449 2198 2520 picta:
2229 2459 2394 2520 atque
2439 2453 2764 2523 conscriptae
2793 2463 2941 2522 sunt,
2986 2456 3090 2512 hoc
3125 2457 3286 2513 modo
3329 2477 3342 2513 :
3379 2458 3494 2514 lou-

1901 2538 2086 2610 gitudo
2103 2539 2247 2594 enim
2273 2541 2453 2596 crucis
2476 2540 2900 2614 uniuscujusque
2921 2560 2953 2600 a
2980 2559 3194 2601 summo
3215 2547 3489 2614 deorsum,

1901 2630 2076 2686 tribus
2097 2631 2256 2688 lineis
2296 2632 2614 2704 singillatim
2639 2635 2882 2706 legendis
2928 2637 3285 2705 descendens,
3325 2655 3489 2698 unum

1899 2738 2118 2780 versum
2146 2726 2394 2782 continet
2434 2743 2603 2782 xxxix
2644 2727 2982 2797 litterarum;
3013 2731 3265 2789 similiter
3287 2733 3341 2787 in
3371 2732 3494 2788 lati-

1899 2813 2085 2869 tudine
2112 2829 2212 2885 per
2233 2824 2627 2884 transversum,
2660 2825 2773 2874 tres
2793 2819 2948 2876 lineae
2969 2835 3001 2876 a
3024 2821 3245 2878 sinistra
3274 2822 3330 2877 in
3358 2823 3491 2878 dex-

1899 2912 2071 2958 teram
2121 2905 2408 2961 tendentes
2430 2946 2448 2973 ,
2487 2923 2656 2962 unum
2684 2923 2903 2965 versum
2938 2909 3166 2978 faciunt,
3198 2919 3254 2968 et
3285 2911 3359 2966 ita
3409 2912 3491 2978 ﬁt,

1898 3002 1959 3050 ut
1981 2995 2182 3052 litterae
2218 3011 2340 3066 quae
2369 2996 2425 3052 in
2452 2998 2632 3054 medio
2669 2999 2854 3055 crucis
2882 3008 3031 3068 sunt,
3069 3002 3290 3073 utrique
3310 3005 3492 3060 versui

1899 3102 2219 3145 communes
2262 3097 2406 3154 sunt,
2437 3091 2791 3146 novenarium
2818 3092 3129 3162 exprimant
3168 3109 3489 3169 numerum;

1898 3182 2004 3238 illae
2027 3197 2158 3238 vero
2189 3198 2310 3252 quae
2337 3182 2394 3237 in
2430 3183 2688 3238 cornibus
2723 3182 3122 3254 circumposita
3159 3193 3306 3252 sunt,
3336 3201 3494 3242 sexa-

1897 3274 2202 3346 genarium.
2228 3274 2327 3328 Est
2345 3281 2530 3329 autem
2542 3288 2735 3332 versus
2763 3274 2853 3332 hic
2872 3273 2929 3330 in
2950 3274 3288 3348 longitudine
3313 3277 3495 3335 crucis

1897 3381 2166 3438 supremae
2187 3380 2355 3420 χχχιι
2382 3365 2693 3422 litterarum
2725 3383 2740 3420 :

2022 3477 2198 3532 Forma
2221 3486 2410 3530 sacrata
2435 3478 2595 3530 crucis
2616 3477 2899 3531 venerando
2921 3477 3083 3544 fulget
3096 3480 3299 3535 amicti.

1897 3579 1961 3638 In
1982 3580 2272 3637 latitudine
2297 3595 2431 3638 vero
2453 3581 2560 3638 iste
2587 3579 2815 3639 totidem
2842 3581 3149 3640 litterarum
3175 3601 3189 3639 :

1906 3668 1914 3675 ⁸
2022 3697 2233 3760 Magnus
2252 3699 2404 3749 vestit
2426 3696 2584 3748 honor
2606 3695 2754 3749 latus
2769 3694 2944 3761 loquor
2970 3696 3064 3748 hoc
3081 3695 3284 3749 nationi.

1893 3801 1959 3858 In
1985 3801 2096 3857 ﬁne
2133 3801 2332 3873 quippe
2353 3801 2552 3869 crucis,
2583 3800 2642 3856 in
2663 3801 2999 3875 longitudine
3027 3801 3120 3858 hic
3148 3815 3340 3859 versus
3370 3809 3486 3860 est:

2022 3915 2252 3979 Corporis
2275 3928 2372 3980 ego
2393 3915 2521 3968 sacri
2541 3915 2841 3967 constructio
2863 3915 2914 3966 in
2945 3919 3054 3964 arte
3073 3912 3244 3966 beata.

1893 4017 1956 4074 In
1981 4019 2266 4076 latitudine
2299 4035 2515 4092 quoque
2535 4019 2639 4076 iste
2662 4034 2678 4074 :

2017 4131 2268 4184 Enumero
2288 4132 2482 4183 radians
2501 4144 2598 4197 qua
2619 4133 2750 4184 intus
2773 4133 2945 4196 probat
2979 4133 3097 4186 lisse
3127 4133 3296 4187 beate.

1892 4233 1966 4290 At
2019 4235 2076 4290 in
2102 4235 2309 4292 dextrae
2340 4236 2523 4294 crucis
2567 4236 2904 4311 longitudine
2950 4238 3042 4294 hic
3086 4236 3348 4311 legendus
3398 4246 3487 4294 est

1891 4341 2085 4384 VCI‘SUS
2109 4347 2123 4384 ἓ

2017 4415 2156 4468 Nunc
2179 4428 2346 4468 canam
2369 4424 2420 4469 at
2443 4429 2652 4471 exorans
2674 4418 2837 4472 Iesum
2859 4419 3045 4472 abdere
3067 4426 3119 4472 et
3141 4420 3234 4471 uda
3255 4423 3411 4484 piare.

1889 4497 1960 4556 Et
1987 4499 2044 4556 in
2070 4500 2354 4557 latitudine
2376 4502 2520 4559 iste:

2013 4591 2142 4644 Vera
2166 4593 2297 4643 salus
2319 4596 2408 4644 ista
2433 4601 2512 4646 est
2530 4595 2811 4647 benedictio
2833 4605 2998 4646 sancta
3023 4596 3216 4648 salutis.

1885 4675 2023 4733 Nam
2051 4677 2106 4732 in
2134 4679 2369 4734 sinistra:
2393 4680 2571 4735 crucis
2605 4679 2938 4749 longitudine
2966 4681 3088 4736 talis
3125 4690 3210 4738 est
3238 4696 3428 4738 versus
3455 4701 3468 4738 :

2020 4791 2078 4841 In
2101 4798 2203 4842 toto
2220 4793 2328 4853 ipse
2353 4801 2557 4842 manens
2579 4796 2722 4842 tenet
2744 4792 2952 4854 ipseque
2976 4793 3093 4845 vivit
3107 4791 3160 4842 in
3179 4793 3326 4844 omni.

1891 4897 2069 4969 Atque
2095 4899 2152 4953 in
2174 4897 2461 4954 latitudine
2482 4896 2606 4953 talis
2633 4915 2645 4952 :

2017 5007 2148 5060 Fons
2169 5009 2402 5065 bonitatis
2421 5021 2554 5061 amor
2575 5010 2830 5075 pietasque
2851 5010 3127 5075 redemptio
3146 5021 3288 5064 vera.

1563 5204 2179 5230 ψ’

649 5906 815 5967 Pun
825 5920 926 5966 OL.
980 5901 1165 5968 CVII.
1435 5928 1491 5970 «at
1532 5921 1578 5945 θ’
