  <div class='ocr_page' id='page_1' title='image "/cluster/home/n/w/nwhite01/storage/ocr_20150623/107/hvd.32044015466832/114.png"; bbox 0 0 3970 6510; ppageno 0'>
   <div class='ocr_carea' id='block_1_1' title="bbox 301 451 410 509">
    <p class='ocr_par' dir='ltr' id='par_1_1' title="bbox 301 451 410 509">
     <span class='ocr_line' id='line_1_1' title="bbox 301 451 410 509; baseline -0.028 0"><span class='ocrx_word' id='word_1_1' title='bbox 301 451 410 509; x_wconf 59' lang='lat' dir='ltr'><strong>Si?</strong></span> 
     </span>
    </p>
   </div>
   <div class='ocr_carea' id='block_1_2' title="bbox 1333 440 2552 507">
    <p class='ocr_par' dir='ltr' id='par_1_2' title="bbox 1333 440 2552 507">
     <span class='ocr_line' id='line_1_2' title="bbox 1333 440 2552 507; baseline 0.004 -5"><span class='ocrx_word' id='word_1_2' title='bbox 1333 445 1423 504; x_wconf 84' lang='lat' dir='ltr'><strong>DE</strong></span> <span class='ocrx_word' id='word_1_3' title='bbox 1460 441 1804 504; x_wconf 79' lang='lat' dir='ltr'><strong>LAUDIBUS</strong></span> <span class='ocrx_word' id='word_1_4' title='bbox 1840 440 1901 500; x_wconf 92' lang='lat' dir='ltr'><strong>S.</strong></span> <span class='ocrx_word' id='word_1_5' title='bbox 1941 441 2207 503; x_wconf 79' lang='lat' dir='ltr'><strong>CRUCIS.</strong></span> <span class='ocrx_word' id='word_1_6' title='bbox 2242 477 2314 491; x_wconf 94' lang='lat'><strong><em>—</em></strong></span> <span class='ocrx_word' id='word_1_7' title='bbox 2345 444 2472 507; x_wconf 83' lang='lat' dir='ltr'><strong>LIB.</strong></span> <span class='ocrx_word' id='word_1_8' title='bbox 2511 449 2552 506; x_wconf 90' lang='grc'><strong>1.</strong></span> 
     </span>
    </p>
   </div>
   <div class='ocr_carea' id='block_1_3' title="bbox 3440 456 3548 517">
    <p class='ocr_par' dir='ltr' id='par_1_3' title="bbox 3440 456 3548 517">
     <span class='ocr_line' id='line_1_3' title="bbox 3440 456 3548 517; baseline 0.046 -5"><span class='ocrx_word' id='word_1_9' title='bbox 3440 456 3548 517; x_wconf 73' lang='grc'><strong>218</strong></span> 
     </span>
    </p>
   </div>
   <div class='ocr_carea' id='block_1_4' title="bbox 1496 535 2400 603">
    <p class='ocr_par' dir='ltr' id='par_1_4' title="bbox 1496 535 2400 603">
     <span class='ocr_line' id='line_1_4' title="bbox 1496 535 2400 603; baseline 0.007 -5"><span class='ocrx_word' id='word_1_10' title='bbox 1496 535 2012 598; x_wconf 80' lang='lat' dir='ltr'><strong>DECLABATIO</strong></span> <span class='ocrx_word' id='word_1_11' title='bbox 2056 538 2400 603; x_wconf 66' lang='lat' dir='ltr'><strong>FIGURJE.</strong></span> 
     </span>
    </p>
   </div>
   <div class='ocr_carea' id='block_1_5' title="bbox 1792 640 2095 658">
    <p class='ocr_par' dir='ltr' id='par_1_5' title="bbox 1792 640 2095 658">
     <span class='ocr_line' id='line_1_5' title="bbox 1792 640 2095 658; baseline 0.003 -6"><span class='ocrx_word' id='word_1_12' title='bbox 1792 640 2095 658; x_wconf 66' lang='lat'>_</span> 
     </span>
    </p>
   </div>
   <div class='ocr_carea' id='block_1_6' title="bbox 375 675 3558 753">
    <p class='ocr_par' dir='ltr' id='par_1_6' title="bbox 375 675 3558 753">
     <span class='ocr_line' id='line_1_6' title="bbox 375 675 3558 753; baseline 0.002 -14"><span class='ocrx_word' id='word_1_13' title='bbox 375 681 510 739; x_wconf 89' lang='lat' dir='ltr'><strong>Octo</strong></span> <span class='ocrx_word' id='word_1_14' title='bbox 542 694 672 752; x_wconf 86' lang='lat' dir='ltr'><strong>ergo</strong></span> <span class='ocrx_word' id='word_1_15' title='bbox 699 676 1093 735; x_wconf 79' lang='lat' dir='ltr'><strong>beatitudinum</strong></span> <span class='ocrx_word' id='word_1_16' title='bbox 1126 675 1300 733; x_wconf 87' lang='lat' dir='ltr'><strong>series</strong></span> <span class='ocrx_word' id='word_1_17' title='bbox 1325 675 1419 753; x_wconf 80' lang='lat' dir='ltr'><strong>hie</strong></span> <span class='ocrx_word' id='word_1_18' title='bbox 1443 677 1717 753; x_wconf 25' lang='lat' dir='ltr'><strong>sinuspecie</strong></span> <span class='ocrx_word' id='word_1_19' title='bbox 1754 697 1879 753; x_wconf 80' lang='lat' dir='ltr'><strong>san-</strong></span> <span class='ocrx_word' id='word_1_20' title='bbox 1904 685 1957 745; x_wconf 81' lang='grc' dir='ltr'>Α</span> <span class='ocrx_word' id='word_1_21' title='bbox 1982 682 2124 753; x_wconf 83' lang='lat' dir='ltr'><strong>niam</strong></span> <span class='ocrx_word' id='word_1_22' title='bbox 2147 681 2380 751; x_wconf 82' lang='lat' dir='ltr'><strong>ipsorum</strong></span> <span class='ocrx_word' id='word_1_23' title='bbox 2402 690 2477 736; x_wconf 88' lang='lat' dir='ltr'><strong>est</strong></span> <span class='ocrx_word' id='word_1_24' title='bbox 2499 698 2713 753; x_wconf 83' lang='lat' dir='ltr'><strong><em>regnum</em></strong></span> <span class='ocrx_word' id='word_1_25' title='bbox 2734 682 3000 740; x_wconf 74' lang='lat' dir='ltr'><strong>caelorum.</strong></span> <span class='ocrx_word' id='word_1_26' title='bbox 3043 682 3171 741; x_wconf 79' lang='lat' dir='ltr'><strong>Htec</strong></span> <span class='ocrx_word' id='word_1_27' title='bbox 3209 691 3400 742; x_wconf 86' lang='lat' dir='ltr'><strong>octava</strong></span> <span class='ocrx_word' id='word_1_28' title='bbox 3433 702 3558 744; x_wconf 89' lang='lat' dir='ltr'><strong>sen-</strong></span> 
     </span>
    </p>
   </div>
   <div class='ocr_carea' id='block_1_7' title="bbox 300 747 1878 822">
    <p class='ocr_par' dir='ltr' id='par_1_7' title="bbox 300 747 1878 822">
     <span class='ocr_line' id='line_1_7' title="bbox 300 747 1878 822; baseline -0.003 -10"><span class='ocrx_word' id='word_1_29' title='bbox 300 760 408 812; x_wconf 74' lang='lat' dir='ltr'><strong>etas</strong></span> <span class='ocrx_word' id='word_1_30' title='bbox 463 747 641 808; x_wconf 75' lang='lat' dir='ltr'><strong>crucis</strong></span> <span class='ocrx_word' id='word_1_31' title='bbox 685 756 964 822; x_wconf 86' lang='lat' dir='ltr'><strong>notantur,</strong></span> <span class='ocrx_word' id='word_1_32' title='bbox 990 756 1079 822; x_wconf 77' lang='lat' dir='ltr'><strong>_ut</strong></span> <span class='ocrx_word' id='word_1_33' title='bbox 1137 755 1333 822; x_wconf 84' lang='lat' dir='ltr'><strong>cuncto</strong></span> <span class='ocrx_word' id='word_1_34' title='bbox 1389 747 1633 822; x_wconf 80' lang='lat' dir='ltr'><strong>fidelium</strong></span> <span class='ocrx_word' id='word_1_35' title='bbox 1680 752 1878 822; x_wconf 92' lang='lat' dir='ltr'><strong>populo</strong></span> 
     </span>
    </p>
   </div>
   <div class='ocr_carea' id='block_1_8' title="bbox 303 818 1880 886">
    <p class='ocr_par' dir='ltr' id='par_1_8' title="bbox 303 818 1880 886">
     <span class='ocr_line' id='line_1_8' title="bbox 303 818 1880 886; baseline -0.003 -6"><span class='ocrx_word' id='word_1_36' title='bbox 303 824 611 880; x_wconf 75' lang='lat' dir='ltr'><strong>innotescat</strong></span> <span class='ocrx_word' id='word_1_37' title='bbox 646 834 661 873; x_wconf 89' lang='lat'><strong>:</strong></span> <span class='ocrx_word' id='word_1_38' title='bbox 706 820 798 874; x_wconf 90' lang='lat' dir='ltr'><strong>ubi</strong></span> <span class='ocrx_word' id='word_1_39' title='bbox 843 818 1033 874; x_wconf 89' lang='lat' dir='ltr'><strong>salutis</strong></span> <span class='ocrx_word' id='word_1_40' title='bbox 1077 834 1187 873; x_wconf 69' lang='lat' dir='ltr'><strong>sum</strong></span> <span class='ocrx_word' id='word_1_41' title='bbox 1228 818 1479 874; x_wconf 82' lang='lat' dir='ltr'><strong>habuerit</strong></span> <span class='ocrx_word' id='word_1_42' title='bbox 1520 818 1769 886; x_wconf 67' lang='lat' dir='ltr'><strong>initium,</strong></span> <span class='ocrx_word' id='word_1_43' title='bbox 1825 830 1880 876; x_wconf 90' lang='lat' dir='ltr'><strong>et</strong></span> 
     </span>
    </p>
   </div>
   <div class='ocr_carea' id='block_1_9' title="bbox 302 888 1877 965">
    <p class='ocr_par' dir='ltr' id='par_1_9' title="bbox 302 888 1877 965">
     <span class='ocr_line' id='line_1_9' title="bbox 302 888 1877 965; baseline -0.001 -17"><span class='ocrx_word' id='word_1_44' title='bbox 302 895 394 948; x_wconf 90' lang='lat' dir='ltr'><strong>ubi</strong></span> <span class='ocrx_word' id='word_1_45' title='bbox 424 891 772 965; x_wconf 81' lang='lat' dir='ltr'><strong>perfectionis</strong></span> <span class='ocrx_word' id='word_1_46' title='bbox 809 905 920 965; x_wconf 69' lang='lat' dir='ltr'><strong>sum</strong></span> <span class='ocrx_word' id='word_1_47' title='bbox 961 890 1277 965; x_wconf 75' lang='lat' dir='ltr'><strong>inventurus</strong></span> <span class='ocrx_word' id='word_1_48' title='bbox 1317 890 1388 943; x_wconf 91' lang='lat' dir='ltr'><strong>sit</strong></span> <span class='ocrx_word' id='word_1_49' title='bbox 1427 888 1877 965; x_wconf 75' lang='lat' dir='ltr'><strong>supplementum,</strong></span> 
     </span>
    </p>
   </div>
   <div class='ocr_carea' id='block_1_10' title="bbox 301 958 1876 1035">
    <p class='ocr_par' dir='ltr' id='par_1_10' title="bbox 301 958 1876 1035">
     <span class='ocr_line' id='line_1_10' title="bbox 301 958 1876 1035; baseline 0.001 -19"><span class='ocrx_word' id='word_1_50' title='bbox 301 958 519 1035; x_wconf 76' lang='lat' dir='ltr'><strong>quando</strong></span> <span class='ocrx_word' id='word_1_51' title='bbox 561 977 659 1032; x_wconf 90' lang='lat' dir='ltr'><strong>per</strong></span> <span class='ocrx_word' id='word_1_52' title='bbox 696 962 1000 1031; x_wconf 87' lang='lat' dir='ltr'><strong>passionem</strong></span> <span class='ocrx_word' id='word_1_53' title='bbox 1038 958 1239 1014; x_wconf 83' lang='lat' dir='ltr'><strong>Christi</strong></span> <span class='ocrx_word' id='word_1_54' title='bbox 1285 960 1554 1035; x_wconf 84' lang='lat' dir='ltr'><strong>acceperit</strong></span> <span class='ocrx_word' id='word_1_55' title='bbox 1601 963 1876 1035; x_wconf 76' lang='lat' dir='ltr'><strong>remissio-</strong></span> 
     </span>
    </p>
   </div>
   <div class='ocr_carea' id='block_1_11' title="bbox 302 1029 1878 1104">
    <p class='ocr_par' dir='ltr' id='par_1_11' title="bbox 302 1029 1878 1104">
     <span class='ocr_line' id='line_1_11' title="bbox 302 1029 1878 1104; baseline -0.001 -14"><span class='ocrx_word' id='word_1_56' title='bbox 302 1029 428 1090; x_wconf 69' lang='lat' dir='ltr'><strong>nem</strong></span> <span class='ocrx_word' id='word_1_57' title='bbox 464 1029 832 1104; x_wconf 78' lang='lat' dir='ltr'><strong>peccatorum,</strong></span> <span class='ocrx_word' id='word_1_58' title='bbox 867 1037 922 1085; x_wconf 90' lang='lat' dir='ltr'><strong>et</strong></span> <span class='ocrx_word' id='word_1_59' title='bbox 953 1046 1050 1100; x_wconf 90' lang='lat' dir='ltr'><strong>per</strong></span> <span class='ocrx_word' id='word_1_60' title='bbox 1086 1030 1540 1084; x_wconf 83' lang='lat' dir='ltr'><strong>resurrectionem</strong></span> <span class='ocrx_word' id='word_1_61' title='bbox 1571 1029 1687 1104; x_wconf 82' lang='lat' dir='ltr'><strong>ejus</strong></span> <span class='ocrx_word' id='word_1_62' title='bbox 1713 1034 1878 1088; x_wconf 89' lang='lat' dir='ltr'><strong>vitam</strong></span> 
     </span>
    </p>
   </div>
   <div class='ocr_carea' id='block_1_12' title="bbox 301 1102 1881 1170">
    <p class='ocr_par' dir='ltr' id='par_1_12' title="bbox 301 1102 1881 1170">
     <span class='ocr_line' id='line_1_12' title="bbox 301 1102 1881 1170; baseline 0 -12"><span class='ocrx_word' id='word_1_63' title='bbox 301 1112 357 1158; x_wconf 89' lang='lat' dir='ltr'><strong>et</strong></span> <span class='ocrx_word' id='word_1_64' title='bbox 399 1102 865 1158; x_wconf 82' lang='lat' dir='ltr'><strong>immortalitatem</strong></span> <span class='ocrx_word' id='word_1_65' title='bbox 903 1107 1083 1170; x_wconf 83' lang='lat' dir='ltr'><strong>speret</strong></span> <span class='ocrx_word' id='word_1_66' title='bbox 1122 1107 1414 1170; x_wconf 73' lang='lat' dir='ltr'><strong>aeternam;</strong></span> <span class='ocrx_word' id='word_1_67' title='bbox 1454 1102 1666 1170; x_wconf 86' lang='lat' dir='ltr'><strong>quando</strong></span> <span class='ocrx_word' id='word_1_68' title='bbox 1708 1104 1881 1158; x_wconf 87' lang='lat' dir='ltr'><strong>beati-</strong></span> 
     </span>
    </p>
   </div>
   <div class='ocr_carea' id='block_1_13' title="bbox 303 1169 1878 1244">
    <p class='ocr_par' dir='ltr' id='par_1_13' title="bbox 303 1169 1878 1244">
     <span class='ocr_line' id='line_1_13' title="bbox 303 1169 1878 1244; baseline 0 -16"><span class='ocrx_word' id='word_1_69' title='bbox 303 1173 502 1228; x_wconf 87' lang='lat' dir='ltr'><strong>tudinis</strong></span> <span class='ocrx_word' id='word_1_70' title='bbox 532 1187 748 1244; x_wconf 89' lang='lat' dir='ltr'><strong>quoque</strong></span> <span class='ocrx_word' id='word_1_71' title='bbox 787 1169 1024 1244; x_wconf 68' lang='lat' dir='ltr'><strong>cmlestis</strong></span> <span class='ocrx_word' id='word_1_72' title='bbox 1061 1186 1092 1224; x_wconf 91' lang='lat' dir='ltr'><strong>a</strong></span> <span class='ocrx_word' id='word_1_73' title='bbox 1124 1169 1272 1224; x_wconf 89' lang='lat' dir='ltr'><strong>nullo</strong></span> <span class='ocrx_word' id='word_1_74' title='bbox 1310 1169 1416 1224; x_wconf 91' lang='lat' dir='ltr'><strong>alio</strong></span> <span class='ocrx_word' id='word_1_75' title='bbox 1456 1172 1696 1240; x_wconf 85' lang='lat' dir='ltr'><strong>requirat</strong></span> <span class='ocrx_word' id='word_1_76' title='bbox 1736 1174 1878 1228; x_wconf 87' lang='lat' dir='ltr'><strong>inte—</strong></span> 
     </span>
    </p>
   </div>
   <div class='ocr_carea' id='block_1_14' title="bbox 297 1241 1878 1315">
    <p class='ocr_par' dir='ltr' id='par_1_14' title="bbox 297 1241 1878 1315">
     <span class='ocr_line' id='line_1_14' title="bbox 297 1241 1878 1315; baseline 0.001 -17"><span class='ocrx_word' id='word_1_77' title='bbox 297 1241 575 1315; x_wconf 58' lang='lat' dir='ltr'><strong>gritatem&#39;,</strong></span> <span class='ocrx_word' id='word_1_78' title='bbox 616 1241 878 1315; x_wconf 64' lang='lat' dir='ltr'><strong>quamab</strong></span> <span class='ocrx_word' id='word_1_79' title='bbox 908 1241 1005 1315; x_wconf 83' lang='lat' dir='ltr'><strong>illo</strong></span> <span class='ocrx_word' id='word_1_80' title='bbox 1037 1257 1069 1295; x_wconf 89' lang='lat' dir='ltr'><strong>a</strong></span> <span class='ocrx_word' id='word_1_81' title='bbox 1103 1255 1209 1311; x_wconf 89' lang='lat' dir='ltr'><strong>quo</strong></span> <span class='ocrx_word' id='word_1_82' title='bbox 1243 1248 1564 1315; x_wconf 80' lang='lat' dir='ltr'><strong>consecutus</strong></span> <span class='ocrx_word' id='word_1_83' title='bbox 1593 1250 1676 1315; x_wconf 82' lang='lat' dir='ltr'><strong>est</strong></span> <span class='ocrx_word' id='word_1_84' title='bbox 1701 1244 1878 1300; x_wconf 91' lang='lat' dir='ltr'><strong>denuo</strong></span> 
     </span>
    </p>
   </div>
   <div class='ocr_carea' id='block_1_15' title="bbox 297 1311 1878 1383">
    <p class='ocr_par' dir='ltr' id='par_1_15' title="bbox 297 1311 1878 1383">
     <span class='ocr_line' id='line_1_15' title="bbox 297 1311 1878 1383; baseline 0.001 -15"><span class='ocrx_word' id='word_1_85' title='bbox 297 1311 744 1383; x_wconf 70' lang='lat' dir='ltr'><strong>redemptionem.</strong></span> <span class='ocrx_word' id='word_1_86' title='bbox 790 1312 979 1366; x_wconf 87' lang='lat' dir='ltr'><strong>Merito</strong></span> <span class='ocrx_word' id='word_1_87' title='bbox 1015 1327 1145 1382; x_wconf 82' lang='lat' dir='ltr'><strong>ergo</strong></span> <span class='ocrx_word' id='word_1_88' title='bbox 1183 1320 1380 1367; x_wconf 71' lang='lat' dir='ltr'><strong>sanctae</strong></span> <span class='ocrx_word' id='word_1_89' title='bbox 1412 1311 1562 1383; x_wconf 82' lang='lat' dir='ltr'><strong>cruci</strong></span> <span class='ocrx_word' id='word_1_90' title='bbox 1597 1313 1712 1368; x_wconf 69' lang='lat' dir='ltr'><strong>hzec</strong></span> <span class='ocrx_word' id='word_1_91' title='bbox 1748 1329 1878 1368; x_wconf 89' lang='lat' dir='ltr'><strong>cun-</strong></span> 
     </span>
    </p>
   </div>
   <div class='ocr_carea' id='block_1_16' title="bbox 296 1382 1876 1452">
    <p class='ocr_par' dir='ltr' id='par_1_16' title="bbox 296 1382 1876 1452">
     <span class='ocr_line' id='line_1_16' title="bbox 296 1382 1876 1452; baseline 0.001 -13"><span class='ocrx_word' id='word_1_92' title='bbox 296 1392 386 1440; x_wconf 88' lang='lat' dir='ltr'><strong>cta</strong></span> <span class='ocrx_word' id='word_1_93' title='bbox 425 1382 765 1438; x_wconf 87' lang='lat' dir='ltr'><strong>sacramenta</strong></span> <span class='ocrx_word' id='word_1_94' title='bbox 812 1383 1159 1447; x_wconf 87' lang='lat' dir='ltr'><strong>conveniunt,</strong></span> <span class='ocrx_word' id='word_1_95' title='bbox 1186 1383 1313 1452; x_wconf 85' lang='lat' dir='ltr'><strong>quia</strong></span> <span class='ocrx_word' id='word_1_96' title='bbox 1349 1397 1446 1450; x_wconf 92' lang='lat' dir='ltr'><strong>per</strong></span> <span class='ocrx_word' id='word_1_97' title='bbox 1471 1382 1621 1437; x_wconf 86' lang='lat' dir='ltr'><strong>illam</strong></span> <span class='ocrx_word' id='word_1_98' title='bbox 1662 1384 1876 1440; x_wconf 87' lang='lat' dir='ltr'><strong>liberati</strong></span> 
     </span>
    </p>
   </div>
   <div class='ocr_carea' id='block_1_17' title="bbox 335 1453 1872 1522">
    <p class='ocr_par' dir='ltr' id='par_1_17' title="bbox 335 1453 1872 1522">
     <span class='ocr_line' id='line_1_17' title="bbox 335 1453 1872 1522; baseline 0.001 -14"><span class='ocrx_word' id='word_1_99' title='bbox 335 1463 514 1509; x_wconf 88' lang='lat' dir='ltr'><strong>actum</strong></span> <span class='ocrx_word' id='word_1_100' title='bbox 557 1453 681 1508; x_wconf 83' lang='lat' dir='ltr'><strong>ﬁdei</strong></span> <span class='ocrx_word' id='word_1_101' title='bbox 726 1462 782 1508; x_wconf 89' lang='lat' dir='ltr'><strong>et</strong></span> <span class='ocrx_word' id='word_1_102' title='bbox 822 1453 1137 1509; x_wconf 89' lang='lat' dir='ltr'><strong>societatem</strong></span> <span class='ocrx_word' id='word_1_103' title='bbox 1179 1453 1406 1507; x_wconf 84' lang='lat' dir='ltr'><strong>unitatis</strong></span> <span class='ocrx_word' id='word_1_104' title='bbox 1443 1454 1622 1522; x_wconf 91' lang='lat' dir='ltr'><strong>populi</strong></span> <span class='ocrx_word' id='word_1_105' title='bbox 1668 1455 1872 1510; x_wconf 90' lang='lat' dir='ltr'><strong>ineunt.</strong></span> 
     </span>
    </p>
   </div>
   <div class='ocr_carea' id='block_1_18' title="bbox 322 1522 1878 1586">
    <p class='ocr_par' dir='ltr' id='par_1_18' title="bbox 322 1522 1878 1586">
     <span class='ocr_line' id='line_1_18' title="bbox 322 1522 1878 1586; baseline 0.001 -7"><span class='ocrx_word' id='word_1_106' title='bbox 322 1527 372 1580; x_wconf 92' lang='lat' dir='ltr'><strong>bi</strong></span> <span class='ocrx_word' id='word_1_107' title='bbox 406 1525 712 1579; x_wconf 88' lang='lat' dir='ltr'><strong>insinuatur</strong></span> <span class='ocrx_word' id='word_1_108' title='bbox 751 1539 782 1578; x_wconf 90' lang='lat' dir='ltr'><strong>a</strong></span> <span class='ocrx_word' id='word_1_109' title='bbox 818 1532 995 1579; x_wconf 90' lang='lat' dir='ltr'><strong>morte</strong></span> <span class='ocrx_word' id='word_1_110' title='bbox 1025 1524 1344 1586; x_wconf 88' lang='lat' dir='ltr'><strong>redemptio,</strong></span> <span class='ocrx_word' id='word_1_111' title='bbox 1373 1522 1446 1576; x_wconf 90' lang='lat' dir='ltr'><strong>ibi</strong></span> <span class='ocrx_word' id='word_1_112' title='bbox 1475 1524 1878 1580; x_wconf 86' lang='lat' dir='ltr'><strong>demonstratur</strong></span> 
     </span>
    </p>
   </div>
   <div class='ocr_carea' id='block_1_19' title="bbox 294 1594 1874 1660">
    <p class='ocr_par' dir='ltr' id='par_1_19' title="bbox 294 1594 1874 1660">
     <span class='ocr_line' id='line_1_19' title="bbox 294 1594 1874 1660; baseline -0.001 -9"><span class='ocrx_word' id='word_1_113' title='bbox 294 1602 483 1651; x_wconf 89' lang='lat' dir='ltr'><strong>sancta</strong></span> <span class='ocrx_word' id='word_1_114' title='bbox 529 1609 741 1649; x_wconf 88' lang='lat' dir='ltr'><strong>morum</strong></span> <span class='ocrx_word' id='word_1_115' title='bbox 785 1595 1147 1660; x_wconf 67' lang='lat' dir='ltr'><strong>conversatio,</strong></span> <span class='ocrx_word' id='word_1_116' title='bbox 1192 1594 1266 1648; x_wconf 91' lang='lat' dir='ltr'><strong>ibi</strong></span> <span class='ocrx_word' id='word_1_117' title='bbox 1311 1594 1593 1648; x_wconf 89' lang='lat' dir='ltr'><strong>intimatur</strong></span> <span class='ocrx_word' id='word_1_118' title='bbox 1634 1597 1874 1650; x_wconf 90' lang='lat' dir='ltr'><strong>omnium</strong></span> 
     </span>
    </p>
   </div>
   <div class='ocr_carea' id='block_1_20' title="bbox 291 1663 1876 1735">
    <p class='ocr_par' dir='ltr' id='par_1_20' title="bbox 291 1663 1876 1735">
     <span class='ocr_line' id='line_1_20' title="bbox 291 1663 1876 1735; baseline 0 -15"><span class='ocrx_word' id='word_1_119' title='bbox 291 1667 556 1720; x_wconf 81' lang='lat' dir='ltr'><strong>virtutum</strong></span> <span class='ocrx_word' id='word_1_120' title='bbox 596 1663 883 1735; x_wconf 81' lang='lat' dir='ltr'><strong>perfectio,</strong></span> <span class='ocrx_word' id='word_1_121' title='bbox 909 1665 983 1721; x_wconf 91' lang='lat' dir='ltr'><strong>ibi</strong></span> <span class='ocrx_word' id='word_1_122' title='bbox 1019 1663 1355 1735; x_wconf 88' lang='lat' dir='ltr'><strong>promittitur</strong></span> <span class='ocrx_word' id='word_1_123' title='bbox 1396 1664 1464 1718; x_wconf 92' lang='lat' dir='ltr'><strong>ad</strong></span> <span class='ocrx_word' id='word_1_124' title='bbox 1508 1673 1766 1720; x_wconf 84' lang='lat' dir='ltr'><strong>aeternam</strong></span> <span class='ocrx_word' id='word_1_125' title='bbox 1797 1668 1876 1720; x_wconf 86' lang='lat' dir='ltr'><strong>vi-</strong></span> 
     </span>
    </p>
   </div>
   <div class='ocr_carea' id='block_1_21' title="bbox 292 1734 1875 1806">
    <p class='ocr_par' dir='ltr' id='par_1_21' title="bbox 292 1734 1875 1806">
     <span class='ocr_line' id='line_1_21' title="bbox 292 1734 1875 1806; baseline 0 -15"><span class='ocrx_word' id='word_1_126' title='bbox 292 1745 406 1791; x_wconf 89' lang='lat' dir='ltr'><strong>tam</strong></span> <span class='ocrx_word' id='word_1_127' title='bbox 444 1734 795 1806; x_wconf 77' lang='lat' dir='ltr'><strong>resurrectio,</strong></span> <span class='ocrx_word' id='word_1_128' title='bbox 839 1736 913 1791; x_wconf 90' lang='lat' dir='ltr'><strong>ibi</strong></span> <span class='ocrx_word' id='word_1_129' title='bbox 958 1734 1173 1790; x_wconf 74' lang='lat' dir='ltr'><strong>aeternae</strong></span> <span class='ocrx_word' id='word_1_130' title='bbox 1208 1734 1334 1806; x_wconf 72' lang='lat' dir='ltr'><strong>vitae</strong></span> <span class='ocrx_word' id='word_1_131' title='bbox 1375 1744 1622 1804; x_wconf 88' lang='lat' dir='ltr'><strong>speratur</strong></span> <span class='ocrx_word' id='word_1_132' title='bbox 1659 1735 1875 1806; x_wconf 83' lang='lat' dir='ltr'><strong>adeptio</strong></span> 
     </span>
    </p>
   </div>
   <div class='ocr_carea' id='block_1_22' title="bbox 291 1802 1876 1876">
    <p class='ocr_par' dir='ltr' id='par_1_22' title="bbox 291 1802 1876 1876">
     <span class='ocr_line' id='line_1_22' title="bbox 291 1802 1876 1876; baseline -0.001 -13"><span class='ocrx_word' id='word_1_133' title='bbox 291 1817 349 1863; x_wconf 91' lang='lat' dir='ltr'><strong>et</strong></span> <span class='ocrx_word' id='word_1_134' title='bbox 386 1822 530 1862; x_wconf 71' lang='lat' dir='ltr'><strong>verte</strong></span> <span class='ocrx_word' id='word_1_135' title='bbox 572 1804 849 1860; x_wconf 87' lang='lat' dir='ltr'><strong>felicitatis</strong></span> <span class='ocrx_word' id='word_1_136' title='bbox 897 1806 1205 1875; x_wconf 90' lang='lat' dir='ltr'><strong>acquisitio.</strong></span> <span class='ocrx_word' id='word_1_137' title='bbox 1271 1802 1419 1876; x_wconf 46' lang='lat' dir='ltr'><strong>Nam‘</strong></span> <span class='ocrx_word' id='word_1_138' title='bbox 1453 1806 1707 1872; x_wconf 89' lang='lat' dir='ltr'><strong>quoniam</strong></span> <span class='ocrx_word' id='word_1_139' title='bbox 1755 1802 1876 1876; x_wconf 76' lang='lat' dir='ltr'><strong>post</strong></span> 
     </span>
    </p>
   </div>
   <div class='ocr_carea' id='block_1_23' title="bbox 290 1875 1875 1944">
    <p class='ocr_par' dir='ltr' id='par_1_23' title="bbox 290 1875 1875 1944">
     <span class='ocr_line' id='line_1_23' title="bbox 290 1875 1875 1944; baseline -0.001 -11"><span class='ocrx_word' id='word_1_140' title='bbox 290 1876 757 1933; x_wconf 86' lang='lat' dir='ltr'><strong>enumerationem</strong></span> <span class='ocrx_word' id='word_1_141' title='bbox 809 1877 876 1930; x_wconf 86' lang='lat' dir='ltr'><strong>ad</strong></span> <span class='ocrx_word' id='word_1_142' title='bbox 918 1883 1208 1930; x_wconf 88' lang='lat' dir='ltr'><strong>tractatum</strong></span> <span class='ocrx_word' id='word_1_143' title='bbox 1259 1875 1618 1944; x_wconf 90' lang='lat' dir='ltr'><strong>spiritualium</strong></span> <span class='ocrx_word' id='word_1_144' title='bbox 1666 1875 1875 1932; x_wconf 84' lang='lat' dir='ltr'><strong>charis-</strong></span> 
     </span>
    </p>
   </div>
   <div class='ocr_carea' id='block_1_24' title="bbox 289 1946 1872 2003">
    <p class='ocr_par' dir='ltr' id='par_1_24' title="bbox 289 1946 1872 2003">
     <span class='ocr_line' id='line_1_24' title="bbox 289 1946 1872 2003; baseline -0.001 0"><span class='ocrx_word' id='word_1_145' title='bbox 289 1955 498 2003; x_wconf 89' lang='lat' dir='ltr'><strong>matum</strong></span> <span class='ocrx_word' id='word_1_146' title='bbox 544 1947 610 2001; x_wconf 92' lang='lat' dir='ltr'><strong>de</strong></span> <span class='ocrx_word' id='word_1_147' title='bbox 647 1955 770 2002; x_wconf 89' lang='lat' dir='ltr'><strong>octo</strong></span> <span class='ocrx_word' id='word_1_148' title='bbox 808 1946 1231 2001; x_wconf 89' lang='lat' dir='ltr'><strong>beatitudinibus</strong></span> <span class='ocrx_word' id='word_1_149' title='bbox 1269 1960 1449 2000; x_wconf 86' lang='lat' dir='ltr'><strong>sermo</strong></span> <span class='ocrx_word' id='word_1_150' title='bbox 1492 1947 1650 2001; x_wconf 90' lang='lat' dir='ltr'><strong>nobis</strong></span> <span class='ocrx_word' id='word_1_151' title='bbox 1686 1947 1872 2002; x_wconf 89' lang='lat' dir='ltr'><strong>haberi</strong></span> 
     </span>
    </p>
   </div>
   <div class='ocr_carea' id='block_1_25' title="bbox 287 2015 1948 2099">
    <p class='ocr_par' dir='ltr' id='par_1_25' title="bbox 287 2015 1948 2099">
     <span class='ocr_line' id='line_1_25' title="bbox 287 2015 1948 2099; baseline 0.001 -27"><span class='ocrx_word' id='word_1_152' title='bbox 287 2018 519 2099; x_wconf 70' lang='lat' dir='ltr'><strong>placuit,</strong></span> <span class='ocrx_word' id='word_1_153' title='bbox 560 2017 840 2099; x_wconf 68' lang='lat' dir='ltr'><strong>videamus</strong></span> <span class='ocrx_word' id='word_1_154' title='bbox 864 2015 1141 2099; x_wconf 67' lang='lat' dir='ltr'><strong>quomodo</strong></span> <span class='ocrx_word' id='word_1_155' title='bbox 1183 2016 1268 2099; x_wconf 71' lang='lat' dir='ltr'><strong>ha:</strong></span> <span class='ocrx_word' id='word_1_156' title='bbox 1307 2016 1428 2098; x_wconf 49' lang='lat' dir='ltr'><strong>dua;</strong></span> <span class='ocrx_word' id='word_1_157' title='bbox 1463 2032 1551 2099; x_wconf 78' lang='lat' dir='ltr'><strong>res</strong></span> <span class='ocrx_word' id='word_1_158' title='bbox 1597 2017 1700 2072; x_wconf 91' lang='lat' dir='ltr'><strong>sibi</strong></span> <span class='ocrx_word' id='word_1_159' title='bbox 1743 2033 1874 2073; x_wconf 90' lang='lat' dir='ltr'><strong>con-</strong></span> <span class='ocrx_word' id='word_1_160' title='bbox 1900 2040 1948 2099; x_wconf 79' lang='grc' dir='ltr'><strong>Β</strong></span> 
     </span>
    </p>
   </div>
   <div class='ocr_carea' id='block_1_26' title="bbox 288 2087 1874 2152">
    <p class='ocr_par' dir='ltr' id='par_1_26' title="bbox 288 2087 1874 2152">
     <span class='ocr_line' id='line_1_26' title="bbox 288 2087 1874 2152; baseline -0.001 -8"><span class='ocrx_word' id='word_1_161' title='bbox 288 2087 536 2152; x_wconf 68' lang='lat' dir='ltr'><strong>veniant,</strong></span> <span class='ocrx_word' id='word_1_162' title='bbox 581 2094 637 2141; x_wconf 91' lang='lat' dir='ltr'><strong>et</strong></span> <span class='ocrx_word' id='word_1_163' title='bbox 674 2088 718 2142; x_wconf 91' lang='lat' dir='ltr'><strong>si</strong></span> <span class='ocrx_word' id='word_1_164' title='bbox 755 2087 1010 2142; x_wconf 87' lang='lat' dir='ltr'><strong>habitudo</strong></span> <span class='ocrx_word' id='word_1_165' title='bbox 1048 2094 1247 2141; x_wconf 61' lang='lat' dir='ltr'><strong>sanctae</strong></span> <span class='ocrx_word' id='word_1_166' title='bbox 1283 2087 1461 2140; x_wconf 91' lang='lat' dir='ltr'><strong>crucis</strong></span> <span class='ocrx_word' id='word_1_167' title='bbox 1495 2087 1637 2142; x_wconf 88' lang='lat' dir='ltr'><strong>hanc</strong></span> <span class='ocrx_word' id='word_1_168' title='bbox 1677 2102 1874 2144; x_wconf 89' lang='lat' dir='ltr'><strong>conve-</strong></span> 
     </span>
    </p>
   </div>
   <div class='ocr_carea' id='block_1_27' title="bbox 289 2155 1878 2215">
    <p class='ocr_par' dir='ltr' id='par_1_27' title="bbox 289 2155 1878 2215">
     <span class='ocr_line' id='line_1_27' title="bbox 289 2155 1878 2215; baseline 0.001 -1"><span class='ocrx_word' id='word_1_169' title='bbox 289 2158 553 2214; x_wconf 88' lang='lat' dir='ltr'><strong>nientiam</strong></span> <span class='ocrx_word' id='word_1_170' title='bbox 576 2158 630 2211; x_wconf 90' lang='lat' dir='ltr'><strong>in</strong></span> <span class='ocrx_word' id='word_1_171' title='bbox 652 2173 710 2212; x_wconf 91' lang='lat' dir='ltr'><strong>se</strong></span> <span class='ocrx_word' id='word_1_172' title='bbox 734 2158 1106 2212; x_wconf 90' lang='lat' dir='ltr'><strong>demonstrare</strong></span> <span class='ocrx_word' id='word_1_173' title='bbox 1128 2156 1323 2210; x_wconf 85' lang='lat' dir='ltr'><strong>valeat.</strong></span> <span class='ocrx_word' id='word_1_174' title='bbox 1351 2155 1501 2211; x_wconf 84' lang='lat' dir='ltr'><strong>Facit</strong></span> <span class='ocrx_word' id='word_1_175' title='bbox 1520 2158 1663 2212; x_wconf 92' lang='lat' dir='ltr'><strong>enim</strong></span> <span class='ocrx_word' id='word_1_176' title='bbox 1687 2158 1878 2215; x_wconf 88' lang='lat' dir='ltr'><strong>beatus</strong></span> 
     </span>
    </p>
   </div>
   <div class='ocr_carea' id='block_1_28' title="bbox 284 2227 1871 2312">
    <p class='ocr_par' dir='ltr' id='par_1_28' title="bbox 284 2227 1871 2312">
     <span class='ocr_line' id='line_1_28' title="bbox 284 2227 1871 2312; baseline 0.001 -29"><span class='ocrx_word' id='word_1_177' title='bbox 284 2238 446 2312; x_wconf 90' lang='lat' dir='ltr'><strong>pater</strong></span> <span class='ocrx_word' id='word_1_178' title='bbox 464 2228 800 2312; x_wconf 71' lang='lat' dir='ltr'><strong>Augustinus</strong></span> <span class='ocrx_word' id='word_1_179' title='bbox 828 2229 884 2282; x_wconf 89' lang='lat' dir='ltr'><strong>in</strong></span> <span class='ocrx_word' id='word_1_180' title='bbox 914 2229 1053 2310; x_wconf 78' lang='lat' dir='ltr'><strong>libro</strong></span> <span class='ocrx_word' id='word_1_181' title='bbox 1090 2227 1351 2312; x_wconf 57' lang='lat' dir='ltr'><strong>quemue</strong></span> <span class='ocrx_word' id='word_1_182' title='bbox 1385 2242 1633 2310; x_wconf 77' lang='lat' dir='ltr'><strong>sermone</strong></span> <span class='ocrx_word' id='word_1_183' title='bbox 1660 2229 1871 2312; x_wconf 81' lang='lat' dir='ltr'><strong>Domini</strong></span> 
     </span>
    </p>
   </div>
   <div class='ocr_carea' id='block_1_29' title="bbox 286 2295 1873 2367">
    <p class='ocr_par' dir='ltr' id='par_1_29' title="bbox 286 2295 1873 2367">
     <span class='ocr_line' id='line_1_29' title="bbox 286 2295 1873 2367; baseline 0 -13"><span class='ocrx_word' id='word_1_184' title='bbox 286 2295 345 2354; x_wconf 88' lang='lat' dir='ltr'><strong>in</strong></span> <span class='ocrx_word' id='word_1_185' title='bbox 385 2295 572 2352; x_wconf 76' lang='lat' dir='ltr'><strong>monte</strong></span> <span class='ocrx_word' id='word_1_186' title='bbox 604 2298 808 2367; x_wconf 88' lang='lat' dir='ltr'><strong>placuit</strong></span> <span class='ocrx_word' id='word_1_187' title='bbox 846 2295 1150 2364; x_wconf 81' lang='lat' dir='ltr'><strong>nominare,</strong></span> <span class='ocrx_word' id='word_1_188' title='bbox 1187 2295 1346 2365; x_wconf 88' lang='lat' dir='ltr'><strong>hujus</strong></span> <span class='ocrx_word' id='word_1_189' title='bbox 1383 2299 1770 2354; x_wconf 59' lang='lat' dir='ltr'><strong>convenientiae</strong></span> <span class='ocrx_word' id='word_1_190' title='bbox 1795 2309 1873 2354; x_wconf 90' lang='lat' dir='ltr'><strong>ta-</strong></span> 
     </span>
    </p>
   </div>
   <div class='ocr_carea' id='block_1_30' title="bbox 283 2368 1870 2442">
    <p class='ocr_par' dir='ltr' id='par_1_30' title="bbox 283 2368 1870 2442">
     <span class='ocr_line' id='line_1_30' title="bbox 283 2368 1870 2442; baseline 0.001 -18"><span class='ocrx_word' id='word_1_191' title='bbox 283 2369 1029 2442; x_wconf 25' lang='lat' dir='ltr'><strong>lem‘commemorationem,</strong></span> <span class='ocrx_word' id='word_1_192' title='bbox 1076 2368 1151 2423; x_wconf 90' lang='lat' dir='ltr'><strong>ita</strong></span> <span class='ocrx_word' id='word_1_193' title='bbox 1191 2368 1419 2442; x_wconf 77' lang='lat' dir='ltr'><strong>dicens:</strong></span> <span class='ocrx_word' id='word_1_194' title='bbox 1473 2369 1700 2423; x_wconf 84' lang='lat' dir='ltr'><strong>Videtur</strong></span> <span class='ocrx_word' id='word_1_195' title='bbox 1737 2385 1870 2442; x_wconf 83' lang='lat' dir='ltr'><strong>ergo</strong></span> 
     </span>
    </p>
   </div>
   <div class='ocr_carea' id='block_1_31' title="bbox 286 2436 1869 2509">
    <p class='ocr_par' dir='ltr' id='par_1_31' title="bbox 286 2436 1869 2509">
     <span class='ocr_line' id='line_1_31' title="bbox 286 2436 1869 2509; baseline 0.001 -15"><span class='ocrx_word' id='word_1_196' title='bbox 286 2439 420 2494; x_wconf 88' lang='lat' dir='ltr'><strong>mihi</strong></span> <span class='ocrx_word' id='word_1_197' title='bbox 457 2439 620 2494; x_wconf 88' lang='lat' dir='ltr'><strong>etiam</strong></span> <span class='ocrx_word' id='word_1_198' title='bbox 662 2439 994 2509; x_wconf 88' lang='lat' dir='ltr'><strong>septiformis</strong></span> <span class='ocrx_word' id='word_1_199' title='bbox 1031 2439 1274 2509; x_wconf 90' lang='lat' dir='ltr'><strong>operatio</strong></span> <span class='ocrx_word' id='word_1_200' title='bbox 1312 2436 1544 2507; x_wconf 87' lang='lat' dir='ltr'><strong>Spiritus</strong></span> <span class='ocrx_word' id='word_1_201' title='bbox 1577 2440 1773 2504; x_wconf 89' lang='lat' dir='ltr'><strong>sancti,</strong></span> <span class='ocrx_word' id='word_1_202' title='bbox 1803 2436 1869 2496; x_wconf 79' lang='lat' dir='ltr'><strong>de</strong></span> 
     </span>
    </p>
   </div>
   <div class='ocr_carea' id='block_1_32' title="bbox 285 2509 1869 2580">
    <p class='ocr_par' dir='ltr' id='par_1_32' title="bbox 285 2509 1869 2580">
     <span class='ocr_line' id='line_1_32' title="bbox 285 2509 1869 2580; baseline 0.001 -16"><span class='ocrx_word' id='word_1_203' title='bbox 285 2525 395 2580; x_wconf 90' lang='lat' dir='ltr'><strong>quo</strong></span> <span class='ocrx_word' id='word_1_204' title='bbox 419 2509 587 2564; x_wconf 86' lang='lat' dir='ltr'><strong>Isaias</strong></span> <span class='ocrx_word' id='word_1_205' title='bbox 617 2509 874 2578; x_wconf 90' lang='lat' dir='ltr'><strong>loquitur,</strong></span> <span class='ocrx_word' id='word_1_206' title='bbox 911 2511 996 2565; x_wconf 90' lang='lat' dir='ltr'><strong>his</strong></span> <span class='ocrx_word' id='word_1_207' title='bbox 1027 2509 1282 2580; x_wconf 75' lang='lat' dir='ltr'><strong>gradibus</strong></span> <span class='ocrx_word' id='word_1_208' title='bbox 1316 2510 1708 2580; x_wconf 87' lang='lat' dir='ltr'><strong>sententiisque</strong></span> <span class='ocrx_word' id='word_1_209' title='bbox 1741 2525 1869 2566; x_wconf 90' lang='lat' dir='ltr'><strong>con-</strong></span> 
     </span>
    </p>
   </div>
   <div class='ocr_carea' id='block_1_33' title="bbox 282 2578 1868 2652">
    <p class='ocr_par' dir='ltr' id='par_1_33' title="bbox 282 2578 1868 2652">
     <span class='ocr_line' id='line_1_33' title="bbox 282 2578 1868 2652; baseline 0.001 -18"><span class='ocrx_word' id='word_1_210' title='bbox 282 2578 500 2652; x_wconf 78' lang='lat' dir='ltr'><strong>gruere,</strong></span> <span class='ocrx_word' id='word_1_211' title='bbox 527 2581 622 2652; x_wconf 86' lang='lat' dir='ltr'><strong>sed</strong></span> <span class='ocrx_word' id='word_1_212' title='bbox 654 2581 885 2652; x_wconf 76' lang='lat' dir='ltr'><strong>interest</strong></span> <span class='ocrx_word' id='word_1_213' title='bbox 907 2578 1143 2652; x_wconf 37' lang='lat' dir='ltr'><strong>ordinisi</strong></span> <span class='ocrx_word' id='word_1_214' title='bbox 1173 2578 1311 2652; x_wconf 90' lang='lat' dir='ltr'><strong>_Nam</strong></span> <span class='ocrx_word' id='word_1_215' title='bbox 1339 2579 1412 2634; x_wconf 89' lang='lat' dir='ltr'><strong>ibi</strong></span> <span class='ocrx_word' id='word_1_216' title='bbox 1438 2578 1868 2652; x_wconf 77' lang='lat' dir='ltr'><strong>numerationem</strong></span> 
     </span>
    </p>
   </div>
   <div class='ocr_carea' id='block_1_34' title="bbox 287 2649 1863 2720">
    <p class='ocr_par' dir='ltr' id='par_1_34' title="bbox 287 2649 1863 2720">
     <span class='ocr_line' id='line_1_34' title="bbox 287 2649 1863 2720; baseline 0.001 -16"><span class='ocrx_word' id='word_1_217' title='bbox 287 2649 356 2720; x_wconf 72' lang='lat' dir='ltr'><strong>ab</strong></span> <span class='ocrx_word' id='word_1_218' title='bbox 397 2650 869 2706; x_wconf 82' lang='lat' dir='ltr'><strong>excellentioribus</strong></span> <span class='ocrx_word' id='word_1_219' title='bbox 893 2651 1092 2720; x_wconf 76' lang='lat' dir='ltr'><strong>cmpit:</strong></span> <span class='ocrx_word' id='word_1_220' title='bbox 1133 2649 1223 2704; x_wconf 87' lang='lat' dir='ltr'><strong>hic</strong></span> <span class='ocrx_word' id='word_1_221' title='bbox 1243 2665 1373 2705; x_wconf 90' lang='lat' dir='ltr'><strong>vero</strong></span> <span class='ocrx_word' id='word_1_222' title='bbox 1404 2651 1471 2703; x_wconf 89' lang='lat' dir='ltr'><strong>ab</strong></span> <span class='ocrx_word' id='word_1_223' title='bbox 1500 2649 1863 2706; x_wconf 89' lang='lat' dir='ltr'><strong>inferioribus.</strong></span> 
     </span>
    </p>
   </div>
   <div class='ocr_carea' id='block_1_35' title="bbox 284 2719 1868 2790">
    <p class='ocr_par' dir='ltr' id='par_1_35' title="bbox 284 2719 1868 2790">
     <span class='ocr_line' id='line_1_35' title="bbox 284 2719 1868 2790; baseline 0.001 -14"><span class='ocrx_word' id='word_1_224' title='bbox 284 2719 360 2776; x_wconf 86' lang='lat' dir='ltr'><strong>Ibi</strong></span> <span class='ocrx_word' id='word_1_225' title='bbox 405 2736 639 2790; x_wconf 90' lang='lat' dir='ltr'><strong>namque</strong></span> <span class='ocrx_word' id='word_1_226' title='bbox 675 2722 865 2790; x_wconf 88' lang='lat' dir='ltr'><strong>incipit</strong></span> <span class='ocrx_word' id='word_1_227' title='bbox 907 2737 937 2776; x_wconf 90' lang='lat' dir='ltr'><strong>a</strong></span> <span class='ocrx_word' id='word_1_228' title='bbox 978 2719 1243 2790; x_wconf 75' lang='lat' dir='ltr'><strong>Sapientia</strong></span> <span class='ocrx_word' id='word_1_229' title='bbox 1287 2721 1412 2784; x_wconf 88' lang='lat' dir='ltr'><strong>Dei,</strong></span> <span class='ocrx_word' id='word_1_230' title='bbox 1458 2727 1513 2774; x_wconf 90' lang='lat' dir='ltr'><strong>et</strong></span> <span class='ocrx_word' id='word_1_231' title='bbox 1548 2721 1751 2790; x_wconf 83' lang='lat' dir='ltr'><strong>desinit</strong></span> <span class='ocrx_word' id='word_1_232' title='bbox 1797 2722 1868 2777; x_wconf 90' lang='lat' dir='ltr'><strong>ad</strong></span> 
     </span>
    </p>
   </div>
   <div class='ocr_carea' id='block_1_36' title="bbox 283 2789 1862 2860">
    <p class='ocr_par' dir='ltr' id='par_1_36' title="bbox 283 2789 1862 2860">
     <span class='ocr_line' id='line_1_36' title="bbox 283 2789 1862 2860; baseline 0 -15"><span class='ocrx_word' id='word_1_233' title='bbox 283 2791 538 2846; x_wconf 87' lang='lat' dir='ltr'><strong>timorem</strong></span> <span class='ocrx_word' id='word_1_234' title='bbox 552 2789 680 2856; x_wconf 86' lang='lat' dir='ltr'><strong>Dei,</strong></span> <span class='ocrx_word' id='word_1_235' title='bbox 704 2789 799 2846; x_wconf 88' lang='lat' dir='ltr'><strong>sed</strong></span> <span class='ocrx_word' id='word_1_236' title='bbox 819 2793 1027 2845; x_wconf 87' lang='lat' dir='ltr'><strong>initium</strong></span> <span class='ocrx_word' id='word_1_237' title='bbox 1043 2789 1317 2860; x_wconf 74' lang='lat' dir='ltr'><strong>sapientia:</strong></span> <span class='ocrx_word' id='word_1_238' title='bbox 1349 2792 1508 2843; x_wconf 88' lang='lat' dir='ltr'><strong>timor</strong></span> <span class='ocrx_word' id='word_1_239' title='bbox 1525 2789 1742 2844; x_wconf 79' lang='lat' dir='ltr'><strong>Domini</strong></span> <span class='ocrx_word' id='word_1_240' title='bbox 1767 2801 1862 2846; x_wconf 85' lang='lat' dir='ltr'><strong>est.</strong></span> 
     </span>
    </p>
   </div>
   <div class='ocr_carea' id='block_1_37' title="bbox 283 2861 1863 2932">
    <p class='ocr_par' dir='ltr' id='par_1_37' title="bbox 283 2861 1863 2932">
     <span class='ocr_line' id='line_1_37' title="bbox 283 2861 1863 2932; baseline 0.001 -18"><span class='ocrx_word' id='word_1_241' title='bbox 283 2861 626 2932; x_wconf 81' lang='lat' dir='ltr'><strong>Quapropter</strong></span> <span class='ocrx_word' id='word_1_242' title='bbox 667 2863 711 2916; x_wconf 88' lang='lat' dir='ltr'><strong>si</strong></span> <span class='ocrx_word' id='word_1_243' title='bbox 759 2863 1027 2932; x_wconf 75' lang='lat' dir='ltr'><strong>gradatim</strong></span> <span class='ocrx_word' id='word_1_244' title='bbox 1069 2861 1723 2932; x_wconf 68' lang='lat' dir='ltr'><strong>tanquamascendentes</strong></span> <span class='ocrx_word' id='word_1_245' title='bbox 1763 2878 1863 2917; x_wconf 91' lang='lat' dir='ltr'><strong>nu-</strong></span> 
     </span>
    </p>
   </div>
   <div class='ocr_carea' id='block_1_38' title="bbox 282 2929 1863 3002">
    <p class='ocr_par' dir='ltr' id='par_1_38' title="bbox 282 2929 1863 3002">
     <span class='ocr_line' id='line_1_38' title="bbox 282 2929 1863 3002; baseline 0 -16"><span class='ocrx_word' id='word_1_246' title='bbox 282 2929 577 2996; x_wconf 80' lang='lat' dir='ltr'><strong>meremus,</strong></span> <span class='ocrx_word' id='word_1_247' title='bbox 601 2929 810 3002; x_wconf 79' lang='lat' dir='ltr'><strong>primus</strong></span> <span class='ocrx_word' id='word_1_248' title='bbox 844 2933 918 2986; x_wconf 90' lang='lat' dir='ltr'><strong>ibi</strong></span> <span class='ocrx_word' id='word_1_249' title='bbox 957 2941 1039 2987; x_wconf 93' lang='lat' dir='ltr'><strong>est</strong></span> <span class='ocrx_word' id='word_1_250' title='bbox 1075 2929 1236 3002; x_wconf 82' lang='lat' dir='ltr'><strong>timOr</strong></span> <span class='ocrx_word' id='word_1_251' title='bbox 1252 2929 1380 3002; x_wconf 88' lang='lat' dir='ltr'><strong>Dei,</strong></span> <span class='ocrx_word' id='word_1_252' title='bbox 1406 2931 1642 3002; x_wconf 90' lang='lat' dir='ltr'><strong>secunda</strong></span> <span class='ocrx_word' id='word_1_253' title='bbox 1668 2931 1863 3000; x_wconf 85' lang='lat' dir='ltr'><strong>pietas,</strong></span> 
     </span>
    </p>
   </div>
   <div class='ocr_carea' id='block_1_39' title="bbox 281 2998 1867 3073">
    <p class='ocr_par' dir='ltr' id='par_1_39' title="bbox 281 2998 1867 3073">
     <span class='ocr_line' id='line_1_39' title="bbox 281 2998 1867 3073; baseline 0.001 -17"><span class='ocrx_word' id='word_1_254' title='bbox 281 3003 445 3056; x_wconf 87' lang='lat' dir='ltr'><strong>tertia</strong></span> <span class='ocrx_word' id='word_1_255' title='bbox 483 3010 567 3056; x_wconf 89' lang='lat' dir='ltr'><strong>est</strong></span> <span class='ocrx_word' id='word_1_256' title='bbox 602 2998 856 3067; x_wconf 79' lang='lat' dir='ltr'><strong>scientia,</strong></span> <span class='ocrx_word' id='word_1_257' title='bbox 900 3010 1091 3073; x_wconf 90' lang='lat' dir='ltr'><strong>quarta</strong></span> <span class='ocrx_word' id='word_1_258' title='bbox 1135 2998 1418 3073; x_wconf 80' lang='lat' dir='ltr'><strong>fortitudo,</strong></span> <span class='ocrx_word' id='word_1_259' title='bbox 1454 2998 1703 3073; x_wconf 72' lang='lat' dir='ltr'><strong>quintum</strong></span> <span class='ocrx_word' id='word_1_260' title='bbox 1739 2998 1867 3057; x_wconf 49' lang='lat' dir='ltr'><strong>con;</strong></span> 
     </span>
    </p>
   </div>
   <div class='ocr_carea' id='block_1_40' title="bbox 280 3071 1864 3142">
    <p class='ocr_par' dir='ltr' id='par_1_40' title="bbox 280 3071 1864 3142">
     <span class='ocr_line' id='line_1_40' title="bbox 280 3071 1864 3142; baseline 0.001 -16"><span class='ocrx_word' id='word_1_261' title='bbox 280 3073 482 3136; x_wconf 86' lang='lat' dir='ltr'><strong>silium,</strong></span> <span class='ocrx_word' id='word_1_262' title='bbox 518 3082 700 3127; x_wconf 84' lang='lat' dir='ltr'><strong>sextus</strong></span> <span class='ocrx_word' id='word_1_263' title='bbox 734 3071 1061 3138; x_wconf 81' lang='lat' dir='ltr'><strong>intellectus,</strong></span> <span class='ocrx_word' id='word_1_264' title='bbox 1088 3071 1316 3142; x_wconf 90' lang='lat' dir='ltr'><strong>septima</strong></span> <span class='ocrx_word' id='word_1_265' title='bbox 1352 3071 1634 3140; x_wconf 89' lang='lat' dir='ltr'><strong>sapientia.</strong></span> <span class='ocrx_word' id='word_1_266' title='bbox 1679 3071 1864 3128; x_wconf 87' lang='lat' dir='ltr'><strong>Timor</strong></span> 
     </span>
    </p>
   </div>
   <div class='ocr_carea' id='block_1_41' title="bbox 280 3141 1862 3214">
    <p class='ocr_par' dir='ltr' id='par_1_41' title="bbox 280 3141 1862 3214">
     <span class='ocr_line' id='line_1_41' title="bbox 280 3141 1862 3214; baseline -0.001 -17"><span class='ocrx_word' id='word_1_267' title='bbox 280 3142 380 3197; x_wconf 88' lang='lat' dir='ltr'><strong>Dei</strong></span> <span class='ocrx_word' id='word_1_268' title='bbox 405 3141 653 3214; x_wconf 72' lang='lat' dir='ltr'><strong>Congruit</strong></span> <span class='ocrx_word' id='word_1_269' title='bbox 686 3144 996 3206; x_wconf 88' lang='lat' dir='ltr'><strong>humilibus,</strong></span> <span class='ocrx_word' id='word_1_270' title='bbox 1027 3144 1095 3198; x_wconf 88' lang='lat' dir='ltr'><strong>de</strong></span> <span class='ocrx_word' id='word_1_271' title='bbox 1118 3141 1315 3212; x_wconf 86' lang='lat' dir='ltr'><strong>quibus</strong></span> <span class='ocrx_word' id='word_1_272' title='bbox 1336 3142 1426 3197; x_wconf 89' lang='lat' dir='ltr'><strong>hic</strong></span> <span class='ocrx_word' id='word_1_273' title='bbox 1449 3142 1680 3198; x_wconf 89' lang='lat' dir='ltr'><strong>dicitur:</strong></span> <span class='ocrx_word' id='word_1_274' title='bbox 1706 3141 1862 3196; x_wconf 87' lang='lat' dir='ltr'><strong>Beati</strong></span> 
     </span>
    </p>
   </div>
   <div class='ocr_carea' id='block_1_42' title="bbox 316 3213 1864 3284">
    <p class='ocr_par' dir='ltr' id='par_1_42' title="bbox 316 3213 1864 3284">
     <span class='ocr_line' id='line_1_42' title="bbox 316 3213 1864 3284; baseline 0.001 -19"><span class='ocrx_word' id='word_1_275' title='bbox 316 3213 534 3284; x_wconf 77' lang='lat' dir='ltr'><strong>auperes</strong></span> <span class='ocrx_word' id='word_1_276' title='bbox 572 3213 788 3284; x_wconf 78' lang='lat' dir='ltr'><strong>spiritu,</strong></span> <span class='ocrx_word' id='word_1_277' title='bbox 833 3215 1083 3284; x_wconf 84' lang='lat' dir='ltr'><strong>quoniam</strong></span> <span class='ocrx_word' id='word_1_278' title='bbox 1122 3214 1356 3284; x_wconf 88' lang='lat' dir='ltr'><strong>ipsorum</strong></span> <span class='ocrx_word' id='word_1_279' title='bbox 1394 3222 1723 3284; x_wconf 76' lang='lat' dir='ltr'><strong>estregnum</strong></span> <span class='ocrx_word' id='word_1_280' title='bbox 1748 3231 1864 3284; x_wconf 7' lang='lat' dir='ltr'><strong>scae—</strong></span> 
     </span>
    </p>
   </div>
   <div class='ocr_carea' id='block_1_43' title="bbox 302 3283 1862 3353">
    <p class='ocr_par' dir='ltr' id='par_1_43' title="bbox 302 3283 1862 3353">
     <span class='ocr_line' id='line_1_43' title="bbox 302 3283 1862 3353; baseline 0.003 -19"><span class='ocrx_word' id='word_1_281' title='bbox 302 3299 475 3348; x_wconf 87' lang='lat' dir='ltr'><strong>orum,</strong></span> <span class='ocrx_word' id='word_1_282' title='bbox 521 3283 574 3338; x_wconf 88' lang='lat' dir='ltr'><strong>id</strong></span> <span class='ocrx_word' id='word_1_283' title='bbox 602 3283 719 3350; x_wconf 87' lang='lat' dir='ltr'><strong>est,</strong></span> <span class='ocrx_word' id='word_1_284' title='bbox 757 3283 864 3340; x_wconf 91' lang='lat' dir='ltr'><strong>non</strong></span> <span class='ocrx_word' id='word_1_285' title='bbox 903 3284 1094 3348; x_wconf 81' lang='lat' dir='ltr'><strong>inﬂati,</strong></span> <span class='ocrx_word' id='word_1_286' title='bbox 1132 3283 1239 3338; x_wconf 91' lang='lat' dir='ltr'><strong>non</strong></span> <span class='ocrx_word' id='word_1_287' title='bbox 1278 3283 1517 3352; x_wconf 89' lang='lat' dir='ltr'><strong>superbi.</strong></span> <span class='ocrx_word' id='word_1_288' title='bbox 1566 3283 1641 3353; x_wconf 90' lang='lat' dir='ltr'><strong>De</strong></span> <span class='ocrx_word' id='word_1_289' title='bbox 1666 3283 1862 3353; x_wconf 91' lang='lat' dir='ltr'><strong>quibus</strong></span> 
     </span>
    </p>
   </div>
   <div class='ocr_carea' id='block_1_44' title="bbox 275 3351 1860 3423">
    <p class='ocr_par' dir='ltr' id='par_1_44' title="bbox 275 3351 1860 3423">
     <span class='ocr_line' id='line_1_44' title="bbox 275 3351 1860 3423; baseline 0.003 -18"><span class='ocrx_word' id='word_1_290' title='bbox 275 3351 570 3421; x_wconf 84' lang='lat' dir='ltr'><strong>Apostolus</strong></span> <span class='ocrx_word' id='word_1_291' title='bbox 610 3354 782 3409; x_wconf 88' lang='lat' dir='ltr'><strong>dicit:</strong></span> <span class='ocrx_word' id='word_1_292' title='bbox 831 3354 958 3408; x_wconf 86' lang='lat' dir='ltr'><strong>Noli</strong></span> <span class='ocrx_word' id='word_1_293' title='bbox 1001 3354 1166 3407; x_wconf 83' lang='lat' dir='ltr'><strong>altum</strong></span> <span class='ocrx_word' id='word_1_294' title='bbox 1206 3351 1418 3423; x_wconf 78' lang='lat' dir='ltr'><strong>sapere,</strong></span> <span class='ocrx_word' id='word_1_295' title='bbox 1471 3353 1562 3407; x_wconf 84' lang='lat' dir='ltr'><strong>sed</strong></span> <span class='ocrx_word' id='word_1_296' title='bbox 1602 3351 1756 3421; x_wconf 68' lang='lat' dir='ltr'><strong>time,</strong></span> <span class='ocrx_word' id='word_1_297' title='bbox 1805 3354 1860 3409; x_wconf 91' lang='lat' dir='ltr'><strong>id</strong></span> 
     </span>
    </p>
   </div>
   <div class='ocr_carea' id='block_1_45' title="bbox 275 3423 1866 3492">
    <p class='ocr_par' dir='ltr' id='par_1_45' title="bbox 275 3423 1866 3492">
     <span class='ocr_line' id='line_1_45' title="bbox 275 3423 1866 3492; baseline 0.002 -16"><span class='ocrx_word' id='word_1_298' title='bbox 275 3432 384 3488; x_wconf 88' lang='lat' dir='ltr'><strong>est,</strong></span> <span class='ocrx_word' id='word_1_299' title='bbox 417 3424 524 3479; x_wconf 91' lang='lat' dir='ltr'><strong>noli</strong></span> <span class='ocrx_word' id='word_1_300' title='bbox 559 3425 763 3479; x_wconf 81' lang='lat' dir='ltr'><strong>extolli.</strong></span> <span class='ocrx_word' id='word_1_301' title='bbox 809 3425 990 3480; x_wconf 90' lang='lat' dir='ltr'><strong>Pietas</strong></span> <span class='ocrx_word' id='word_1_302' title='bbox 1024 3423 1274 3492; x_wconf 81' lang='lat' dir='ltr'><strong>congruit</strong></span> <span class='ocrx_word' id='word_1_303' title='bbox 1306 3423 1567 3478; x_wconf 87' lang='lat' dir='ltr'><strong>mitibus:</strong></span> <span class='ocrx_word' id='word_1_304' title='bbox 1602 3424 1694 3492; x_wconf 90' lang='lat' dir='ltr'><strong>qui</strong></span> <span class='ocrx_word' id='word_1_305' title='bbox 1721 3424 1866 3480; x_wconf 90' lang='lat' dir='ltr'><strong>enim</strong></span> 
     </span>
    </p>
   </div>
   <div class='ocr_carea' id='block_1_46' title="bbox 207 3491 1867 3562">
    <p class='ocr_par' dir='ltr' id='par_1_46' title="bbox 207 3491 1867 3562">
     <span class='ocr_line' id='line_1_46' title="bbox 207 3491 1867 3562; baseline 0.002 -16"><span class='ocrx_word' id='word_1_306' title='bbox 207 3543 212 3546; x_wconf 73' lang='grc'>,</span> <span class='ocrx_word' id='word_1_307' title='bbox 274 3493 368 3562; x_wconf 90' lang='lat' dir='ltr'><strong>pie</strong></span> <span class='ocrx_word' id='word_1_308' title='bbox 407 3495 632 3562; x_wconf 68' lang='lat' dir='ltr'><strong>quaerit,</strong></span> <span class='ocrx_word' id='word_1_309' title='bbox 682 3496 914 3551; x_wconf 86' lang='lat' dir='ltr'><strong>honorat</strong></span> <span class='ocrx_word' id='word_1_310' title='bbox 955 3491 1199 3555; x_wconf 80' lang='lat' dir='ltr'><strong>sanctam</strong></span> <span class='ocrx_word' id='word_1_311' title='bbox 1243 3491 1713 3562; x_wconf 35' lang='lat' dir='ltr'><strong>Scripturam,’et</strong></span> <span class='ocrx_word' id='word_1_312' title='bbox 1757 3510 1867 3549; x_wconf 88' lang='lat' dir='ltr'><strong>non</strong></span> 
     </span>
    </p>
   </div>
   <div class='ocr_carea' id='block_1_47' title="bbox 277 3563 1865 3636">
    <p class='ocr_par' dir='ltr' id='par_1_47' title="bbox 277 3563 1865 3636">
     <span class='ocr_line' id='line_1_47' title="bbox 277 3563 1865 3636; baseline 0.003 -19"><span class='ocrx_word' id='word_1_313' title='bbox 277 3565 632 3632; x_wconf 85' lang='lat' dir='ltr'><strong>reprehendit</strong></span> <span class='ocrx_word' id='word_1_314' title='bbox 671 3569 813 3636; x_wconf 93' lang='lat' dir='ltr'><strong>quod</strong></span> <span class='ocrx_word' id='word_1_315' title='bbox 862 3567 1100 3620; x_wconf 89' lang='lat' dir='ltr'><strong>nondum</strong></span> <span class='ocrx_word' id='word_1_316' title='bbox 1142 3563 1453 3636; x_wconf 17' lang='lat' dir='ltr'><strong>intelligit,‘</strong></span> <span class='ocrx_word' id='word_1_317' title='bbox 1480 3571 1865 3636; x_wconf 16' lang='lat' dir='ltr'><strong>etspropterea</strong></span> 
     </span>
    </p>
   </div>
   <div class='ocr_carea' id='block_1_48' title="bbox 276 3633 1862 3705">
    <p class='ocr_par' dir='ltr' id='par_1_48' title="bbox 276 3633 1862 3705">
     <span class='ocr_line' id='line_1_48' title="bbox 276 3633 1862 3705; baseline 0.002 -18"><span class='ocrx_word' id='word_1_318' title='bbox 276 3647 389 3705; x_wconf 64' lang='lat' dir='ltr'><strong>non</strong></span> <span class='ocrx_word' id='word_1_319' title='bbox 413 3636 642 3699; x_wconf 88' lang='lat' dir='ltr'><strong>resistit,</strong></span> <span class='ocrx_word' id='word_1_320' title='bbox 669 3633 814 3705; x_wconf 81' lang='lat' dir='ltr'><strong>quod</strong></span> <span class='ocrx_word' id='word_1_321' title='bbox 839 3646 923 3690; x_wconf 90' lang='lat' dir='ltr'><strong>est</strong></span> <span class='ocrx_word' id='word_1_322' title='bbox 945 3635 1132 3690; x_wconf 86' lang='lat' dir='ltr'><strong>mitem</strong></span> <span class='ocrx_word' id='word_1_323' title='bbox 1154 3649 1292 3689; x_wconf 90' lang='lat' dir='ltr'><strong>esse.</strong></span> <span class='ocrx_word' id='word_1_324' title='bbox 1338 3633 1489 3705; x_wconf 71' lang='lat' dir='ltr'><strong>Unde</strong></span> <span class='ocrx_word' id='word_1_325' title='bbox 1514 3633 1603 3688; x_wconf 91' lang='lat' dir='ltr'><strong>hic</strong></span> <span class='ocrx_word' id='word_1_326' title='bbox 1627 3635 1826 3689; x_wconf 90' lang='lat' dir='ltr'><strong>dicitur</strong></span> <span class='ocrx_word' id='word_1_327' title='bbox 1849 3654 1862 3691; x_wconf 89' lang='lat'><strong>:</strong></span> 
     </span>
    </p>
   </div>
   <div class='ocr_carea' id='block_1_49' title="bbox 276 3701 1865 3788">
    <p class='ocr_par' dir='ltr' id='par_1_49' title="bbox 276 3701 1865 3788">
     <span class='ocr_line' id='line_1_49' title="bbox 276 3701 1865 3788; baseline 0.003 -32"><span class='ocrx_word' id='word_1_328' title='bbox 276 3701 436 3788; x_wconf 52' lang='lat' dir='ltr'><strong>Beati</strong></span> <span class='ocrx_word' id='word_1_329' title='bbox 474 3706 631 3788; x_wconf 42' lang='lat' dir='ltr'><strong>mittes.</strong></span> <span class='ocrx_word' id='word_1_330' title='bbox 653 3701 972 3788; x_wconf 39' lang='lat' dir='ltr'><strong>[quoniam</strong></span> <span class='ocrx_word' id='word_1_331' title='bbox 1021 3705 1126 3788; x_wconf 72' lang='lat' dir='ltr'><strong>ipsi</strong></span> <span class='ocrx_word' id='word_1_332' title='bbox 1172 3704 1490 3788; x_wconf 59' lang='lat' dir='ltr'><strong>hancditate</strong></span> <span class='ocrx_word' id='word_1_333' title='bbox 1528 3705 1865 3785; x_wconf 77' lang='lat' dir='ltr'><strong>possidebunt</strong></span> 
     </span>
    </p>
   </div>
   <div class='ocr_carea' id='block_1_50' title="bbox 275 3773 1868 3847">
    <p class='ocr_par' dir='ltr' id='par_1_50' title="bbox 275 3773 1868 3847">
     <span class='ocr_line' id='line_1_50' title="bbox 275 3773 1868 3847; baseline 0.003 -21"><span class='ocrx_word' id='word_1_334' title='bbox 275 3781 498 3827; x_wconf 83' lang='lat' dir='ltr'><strong>terram.</strong></span> <span class='ocrx_word' id='word_1_335' title='bbox 544 3773 784 3847; x_wconf 85' lang='lat' dir='ltr'><strong>Scientia</strong></span> <span class='ocrx_word' id='word_1_336' title='bbox 825 3773 1077 3847; x_wconf 78' lang='lat' dir='ltr'><strong>congruit</strong></span> <span class='ocrx_word' id='word_1_337' title='bbox 1111 3773 1735 3847; x_wconf 21' lang='lat' dir='ltr'><strong>luge_ntibus:__quisjam</strong></span> <span class='ocrx_word' id='word_1_338' title='bbox 1778 3791 1868 3831; x_wconf 91' lang='lat' dir='ltr'><strong>co-</strong></span> 
     </span>
    </p>
   </div>
   <div class='ocr_carea' id='block_1_51' title="bbox 274 3844 1866 3918">
    <p class='ocr_par' dir='ltr' id='par_1_51' title="bbox 274 3844 1866 3918">
     <span class='ocr_line' id='line_1_51' title="bbox 274 3844 1866 3918; baseline 0.004 -22"><span class='ocrx_word' id='word_1_339' title='bbox 274 3853 590 3914; x_wconf 87' lang='lat' dir='ltr'><strong>gnoverunt</strong></span> <span class='ocrx_word' id='word_1_340' title='bbox 640 3847 696 3900; x_wconf 91' lang='lat' dir='ltr'><strong>in</strong></span> <span class='ocrx_word' id='word_1_341' title='bbox 749 3844 1080 3918; x_wconf 80' lang='lat' dir='ltr'><strong>Scripturis,</strong></span> <span class='ocrx_word' id='word_1_342' title='bbox 1133 3844 1327 3916; x_wconf 85' lang='lat' dir='ltr'><strong>quibus</strong></span> <span class='ocrx_word' id='word_1_343' title='bbox 1374 3844 1738 3918; x_wconf 69' lang='lat' dir='ltr'><strong>malisviucti</strong></span> <span class='ocrx_word' id='word_1_344' title='bbox 1784 3853 1866 3902; x_wconf 85' lang='lat' dir='ltr'><strong>te-</strong></span> 
     </span>
    </p>
   </div>
   <div class='ocr_carea' id='block_1_52' title="bbox 276 3915 1864 3986">
    <p class='ocr_par' dir='ltr' id='par_1_52' title="bbox 276 3915 1864 3986">
     <span class='ocr_line' id='line_1_52' title="bbox 276 3915 1864 3986; baseline 0.004 -20"><span class='ocrx_word' id='word_1_345' title='bbox 276 3921 539 3986; x_wconf 85' lang='lat' dir='ltr'><strong>neantur,</strong></span> <span class='ocrx_word' id='word_1_346' title='bbox 592 3931 713 3986; x_wconf 71' lang='lat' dir='ltr'><strong>qua:</strong></span> <span class='ocrx_word' id='word_1_347' title='bbox 759 3915 1014 3986; x_wconf 78' lang='lat' dir='ltr'><strong>tanquam</strong></span> <span class='ocrx_word' id='word_1_348' title='bbox 1055 3915 1193 3973; x_wconf 80' lang='lat' dir='ltr'><strong>bona</strong></span> <span class='ocrx_word' id='word_1_349' title='bbox 1220 3923 1304 3986; x_wconf 15' lang='lat' dir='ltr'><strong>ret</strong></span> <span class='ocrx_word' id='word_1_350' title='bbox 1355 3915 1509 3986; x_wconf 76' lang='lat' dir='ltr'><strong>utilia</strong></span> <span class='ocrx_word' id='word_1_351' title='bbox 1552 3915 1864 3983; x_wconf 82' lang='lat' dir='ltr'><strong>ignorantes</strong></span> 
     </span>
    </p>
   </div>
   <div class='ocr_carea' id='block_1_53' title="bbox 277 3984 1866 4058">
    <p class='ocr_par' dir='ltr' id='par_1_53' title="bbox 277 3984 1866 4058">
     <span class='ocr_line' id='line_1_53' title="bbox 277 3984 1866 4058; baseline 0.001 -22"><span class='ocrx_word' id='word_1_352' title='bbox 277 3984 675 4054; x_wconf 80' lang='lat' dir='ltr'><strong>appetiverunt.</strong></span> <span class='ocrx_word' id='word_1_353' title='bbox 723 3989 798 4042; x_wconf 90' lang='lat' dir='ltr'><strong>De</strong></span> <span class='ocrx_word' id='word_1_354' title='bbox 839 3984 1034 4058; x_wconf 83' lang='lat' dir='ltr'><strong>quibus</strong></span> <span class='ocrx_word' id='word_1_355' title='bbox 1073 3987 1162 4042; x_wconf 88' lang='lat' dir='ltr'><strong>hic</strong></span> <span class='ocrx_word' id='word_1_356' title='bbox 1199 3985 1436 4058; x_wconf 87' lang='lat' dir='ltr'><strong>dicitur:</strong></span> <span class='ocrx_word' id='word_1_357' title='bbox 1471 3984 1625 4058; x_wconf 88' lang='lat' dir='ltr'><strong>Beat_i</strong></span> <span class='ocrx_word' id='word_1_358' title='bbox 1659 3988 1749 4058; x_wconf 88' lang='lat' dir='ltr'><strong>qui</strong></span> <span class='ocrx_word' id='word_1_359' title='bbox 1783 3987 1866 4058; x_wconf 85' lang='lat' dir='ltr'><strong>lu-</strong></span> 
     </span>
    </p>
   </div>
   <div class='ocr_carea' id='block_1_54' title="bbox 272 4055 1865 4129">
    <p class='ocr_par' dir='ltr' id='par_1_54' title="bbox 272 4055 1865 4129">
     <span class='ocr_line' id='line_1_54' title="bbox 272 4055 1865 4129; baseline 0.005 -24"><span class='ocrx_word' id='word_1_360' title='bbox 272 4064 400 4123; x_wconf 83' lang='lat' dir='ltr'><strong>gent</strong></span> <span class='ocrx_word' id='word_1_361' title='bbox 438 4071 615 4129; x_wconf 81' lang='lat' dir='ltr'><strong>nunc,</strong></span> <span class='ocrx_word' id='word_1_362' title='bbox 668 4055 916 4129; x_wconf 80' lang='lat' dir='ltr'><strong>quoniam</strong></span> <span class='ocrx_word' id='word_1_363' title='bbox 960 4059 1060 4128; x_wconf 85' lang='lat' dir='ltr'><strong>ipsi</strong></span> <span class='ocrx_word' id='word_1_364' title='bbox 1103 4056 1528 4129; x_wconf 71' lang='lat' dir='ltr'><strong>consulabuntur.</strong></span> <span class='ocrx_word' id='word_1_365' title='bbox 1586 4055 1865 4129; x_wconf 83' lang='lat' dir='ltr'><strong>Fortitudo</strong></span> 
     </span>
    </p>
   </div>
   <div class='ocr_carea' id='block_1_55' title="bbox 274 4126 1862 4205">
    <p class='ocr_par' dir='ltr' id='par_1_55' title="bbox 274 4126 1862 4205">
     <span class='ocr_line' id='line_1_55' title="bbox 274 4126 1862 4205; baseline 0.002 -28"><span class='ocrx_word' id='word_1_366' title='bbox 274 4126 530 4205; x_wconf 68' lang='lat' dir='ltr'><strong>qongruit</strong></span> <span class='ocrx_word' id='word_1_367' title='bbox 565 4126 928 4205; x_wconf 82' lang='lat' dir='ltr'><strong>esurientibus</strong></span> <span class='ocrx_word' id='word_1_368' title='bbox 960 4126 1021 4205; x_wconf 74' lang='lat' dir='ltr'><strong>et</strong></span> <span class='ocrx_word' id='word_1_369' title='bbox 1049 4127 1374 4205; x_wconf 76' lang='lat' dir='ltr'><strong>sitientibus.</strong></span> <span class='ocrx_word' id='word_1_370' title='bbox 1401 4127 1695 4205; x_wconf 87' lang='lat' dir='ltr'><strong>_Laborant</strong></span> <span class='ocrx_word' id='word_1_371' title='bbox 1719 4127 1862 4181; x_wconf 90' lang='lat' dir='ltr'><strong>enim</strong></span> 
     </span>
    </p>
   </div>
   <div class='ocr_carea' id='block_1_56' title="bbox 276 4191 1862 4269">
    <p class='ocr_par' dir='ltr' id='par_1_56' title="bbox 276 4191 1862 4269">
     <span class='ocr_line' id='line_1_56' title="bbox 276 4191 1862 4269; baseline 0.003 -21"><span class='ocrx_word' id='word_1_372' title='bbox 276 4191 654 4269; x_wconf 77' lang='lat' dir='ltr'><strong>desiderantes</strong></span> <span class='ocrx_word' id='word_1_373' title='bbox 693 4198 946 4269; x_wconf 89' lang='lat' dir='ltr'><strong>gaudium</strong></span> <span class='ocrx_word' id='word_1_374' title='bbox 973 4200 1057 4269; x_wconf 87' lang='lat' dir='ltr'><strong>de</strong></span> <span class='ocrx_word' id='word_1_375' title='bbox 1099 4199 1243 4254; x_wconf 87' lang='lat' dir='ltr'><strong>veris</strong></span> <span class='ocrx_word' id='word_1_376' title='bbox 1288 4197 1472 4261; x_wconf 89' lang='lat' dir='ltr'><strong>bonis,</strong></span> <span class='ocrx_word' id='word_1_377' title='bbox 1519 4205 1576 4269; x_wconf 85' lang='lat' dir='ltr'><strong>et</strong></span> <span class='ocrx_word' id='word_1_378' title='bbox 1619 4212 1862 4269; x_wconf 85' lang='lat' dir='ltr'><strong>amorem</strong></span> 
     </span>
    </p>
   </div>
   <div class='ocr_carea' id='block_1_57' title="bbox 276 4267 1864 4339">
    <p class='ocr_par' dir='ltr' id='par_1_57' title="bbox 276 4267 1864 4339">
     <span class='ocr_line' id='line_1_57' title="bbox 276 4267 1864 4339; baseline 0.004 -22"><span class='ocrx_word' id='word_1_379' title='bbox 276 4277 314 4317; x_wconf 82' lang='lat' dir='ltr'><strong>a</strong></span> <span class='ocrx_word' id='word_1_380' title='bbox 361 4267 596 4339; x_wconf 78' lang='lat' dir='ltr'><strong>terrenis</strong></span> <span class='ocrx_word' id='word_1_381' title='bbox 640 4267 715 4323; x_wconf 62' lang='lat' dir='ltr'><strong>et&#39;</strong></span> <span class='ocrx_word' id='word_1_382' title='bbox 735 4268 1109 4339; x_wconf 86' lang='lat' dir='ltr'><strong>corporalibus</strong></span> <span class='ocrx_word' id='word_1_383' title='bbox 1153 4267 1864 4339; x_wconf 21' lang='lat' dir='ltr'><strong>aV&#39;ertereAcupientes._De</strong></span> 
     </span>
    </p>
   </div>
   <div class='ocr_carea' id='block_1_58' title="bbox 276 4334 1863 4414">
    <p class='ocr_par' dir='ltr' id='par_1_58' title="bbox 276 4334 1863 4414">
     <span class='ocr_line' id='line_1_58' title="bbox 276 4334 1863 4414; baseline 0.001 -26"><span class='ocrx_word' id='word_1_384' title='bbox 276 4334 477 4414; x_wconf 72' lang='lat' dir='ltr'><strong>quibus</strong></span> <span class='ocrx_word' id='word_1_385' title='bbox 522 4337 612 4391; x_wconf 91' lang='lat' dir='ltr'><strong>hic</strong></span> <span class='ocrx_word' id='word_1_386' title='bbox 655 4334 893 4414; x_wconf 75' lang='lat' dir='ltr'><strong>dicitur:</strong></span> <span class='ocrx_word' id='word_1_387' title='bbox 944 4338 1101 4414; x_wconf 26' lang='lat' dir='ltr'><strong>‘Beati</strong></span> <span class='ocrx_word' id='word_1_388' title='bbox 1144 4339 1234 4414; x_wconf 79' lang='lat' dir='ltr'><strong>qui</strong></span> <span class='ocrx_word' id='word_1_389' title='bbox 1287 4334 1524 4414; x_wconf 53' lang='lat' dir='ltr'><strong>esuriant</strong></span> <span class='ocrx_word' id='word_1_390' title='bbox 1562 4347 1630 4414; x_wconf 79' lang='lat' dir='ltr'><strong>__et</strong></span> <span class='ocrx_word' id='word_1_391' title='bbox 1679 4337 1863 4390; x_wconf 85' lang='lat' dir='ltr'><strong>sitiunt</strong></span> 
     </span>
    </p>
   </div>
   <div class='ocr_carea' id='block_1_59' title="bbox 264 4406 1866 4482">
    <p class='ocr_par' dir='ltr' id='par_1_59' title="bbox 264 4406 1866 4482">
     <span class='ocr_line' id='line_1_59' title="bbox 264 4406 1866 4482; baseline 0.001 -24"><span class='ocrx_word' id='word_1_392' title='bbox 264 4406 564 4482; x_wconf 74' lang='lat' dir='ltr'><strong>justitiam,</strong></span> <span class='ocrx_word' id='word_1_393' title='bbox 589 4410 836 4482; x_wconf 79' lang='lat' dir='ltr'><strong>quoniam</strong></span> <span class='ocrx_word' id='word_1_394' title='bbox 858 4406 1376 4482; x_wconf 56' lang='lat' dir='ltr'><strong>ipsisaturaimntur.</strong></span> <span class='ocrx_word' id='word_1_395' title='bbox 1415 4406 1707 4482; x_wconf 83' lang='lat' dir='ltr'><strong>Consilium</strong></span> <span class='ocrx_word' id='word_1_396' title='bbox 1734 4421 1866 4461; x_wconf 88' lang='lat' dir='ltr'><strong>con-</strong></span> 
     </span>
    </p>
   </div>
   <div class='ocr_carea' id='block_1_60' title="bbox 317 4475 1864 4536">
    <p class='ocr_par' dir='ltr' id='par_1_60' title="bbox 317 4475 1864 4536">
     <span class='ocr_line' id='line_1_60' title="bbox 317 4475 1864 4536; baseline 0.002 -8"><span class='ocrx_word' id='word_1_397' title='bbox 317 4475 427 4529; x_wconf 87' lang='lat' dir='ltr'><strong>ruit</strong></span> <span class='ocrx_word' id='word_1_398' title='bbox 456 4475 916 4536; x_wconf 81' lang='lat' dir='ltr'><strong>misericordibus.</strong></span> <span class='ocrx_word' id='word_1_399' title='bbox 963 4480 1076 4534; x_wconf 89' lang='lat' dir='ltr'><strong>Hoc</strong></span> <span class='ocrx_word' id='word_1_400' title='bbox 1096 4480 1239 4534; x_wconf 91' lang='lat' dir='ltr'><strong>enim</strong></span> <span class='ocrx_word' id='word_1_401' title='bbox 1261 4493 1429 4531; x_wconf 88' lang='lat' dir='ltr'><strong>unum</strong></span> <span class='ocrx_word' id='word_1_402' title='bbox 1457 4476 1755 4531; x_wconf 88' lang='lat' dir='ltr'><strong>remedium</strong></span> <span class='ocrx_word' id='word_1_403' title='bbox 1780 4485 1864 4531; x_wconf 90' lang='lat' dir='ltr'><strong>est</strong></span> 
     </span>
    </p>
   </div>
   <div class='ocr_carea' id='block_1_61' title="bbox 321 4546 1864 4614">
    <p class='ocr_par' dir='ltr' id='par_1_61' title="bbox 321 4546 1864 4614">
     <span class='ocr_line' id='line_1_61' title="bbox 321 4546 1864 4614; baseline 0.002 -16"><span class='ocrx_word' id='word_1_404' title='bbox 321 4558 352 4599; x_wconf 92' lang='lat' dir='ltr'><strong>e</strong></span> <span class='ocrx_word' id='word_1_405' title='bbox 394 4548 558 4602; x_wconf 87' lang='lat' dir='ltr'><strong>tantis</strong></span> <span class='ocrx_word' id='word_1_406' title='bbox 598 4550 756 4604; x_wconf 87' lang='lat' dir='ltr'><strong>malis</strong></span> <span class='ocrx_word' id='word_1_407' title='bbox 801 4550 1082 4614; x_wconf 89' lang='lat' dir='ltr'><strong>evadendi,</strong></span> <span class='ocrx_word' id='word_1_408' title='bbox 1127 4557 1187 4604; x_wconf 93' lang='lat' dir='ltr'><strong>ut</strong></span> <span class='ocrx_word' id='word_1_409' title='bbox 1229 4547 1583 4610; x_wconf 88' lang='lat' dir='ltr'><strong>dimittamus,</strong></span> <span class='ocrx_word' id='word_1_410' title='bbox 1629 4546 1770 4600; x_wconf 90' lang='lat' dir='ltr'><strong>sicut</strong></span> <span class='ocrx_word' id='word_1_411' title='bbox 1809 4554 1864 4601; x_wconf 90' lang='lat' dir='ltr'><strong>et</strong></span> 
     </span>
    </p>
   </div>
   <div class='ocr_carea' id='block_1_62' title="bbox 275 4615 1862 4688">
    <p class='ocr_par' dir='ltr' id='par_1_62' title="bbox 275 4615 1862 4688">
     <span class='ocr_line' id='line_1_62' title="bbox 275 4615 1862 4688; baseline 0.002 -20"><span class='ocrx_word' id='word_1_412' title='bbox 275 4615 441 4688; x_wconf 87' lang='lat' dir='ltr'><strong>n_obis</strong></span> <span class='ocrx_word' id='word_1_413' title='bbox 485 4619 680 4688; x_wconf 87' lang='lat' dir='ltr'><strong>dimitti</strong></span> <span class='ocrx_word' id='word_1_414' title='bbox 723 4620 993 4683; x_wconf 87' lang='lat' dir='ltr'><strong>volumus,</strong></span> <span class='ocrx_word' id='word_1_415' title='bbox 1041 4627 1096 4673; x_wconf 93' lang='lat' dir='ltr'><strong>et</strong></span> <span class='ocrx_word' id='word_1_416' title='bbox 1140 4619 1453 4688; x_wconf 71' lang='lat' dir='ltr'><strong>adiuvemus</strong></span> <span class='ocrx_word' id='word_1_417' title='bbox 1496 4618 1551 4670; x_wconf 91' lang='lat' dir='ltr'><strong>in</strong></span> <span class='ocrx_word' id='word_1_418' title='bbox 1592 4631 1698 4685; x_wconf 92' lang='lat' dir='ltr'><strong>quo</strong></span> <span class='ocrx_word' id='word_1_419' title='bbox 1737 4631 1862 4685; x_wconf 90' lang='lat' dir='ltr'><strong>pos-</strong></span> 
     </span>
    </p>
   </div>
   <div class='ocr_carea' id='block_1_63' title="bbox 275 4684 1862 4757">
    <p class='ocr_par' dir='ltr' id='par_1_63' title="bbox 275 4684 1862 4757">
     <span class='ocr_line' id='line_1_63' title="bbox 275 4684 1862 4757; baseline 0.001 -17"><span class='ocrx_word' id='word_1_420' title='bbox 275 4684 453 4757; x_wconf 86' lang='lat' dir='ltr'><strong>simus</strong></span> <span class='ocrx_word' id='word_1_421' title='bbox 498 4687 632 4744; x_wconf 89' lang='lat' dir='ltr'><strong>alios</strong></span> <span class='ocrx_word' id='word_1_422' title='bbox 659 4730 674 4755; x_wconf 88' lang='lat'><strong>,</strong></span> <span class='ocrx_word' id='word_1_423' title='bbox 734 4689 875 4744; x_wconf 90' lang='lat' dir='ltr'><strong>sicut</strong></span> <span class='ocrx_word' id='word_1_424' title='bbox 917 4699 973 4743; x_wconf 92' lang='lat' dir='ltr'><strong>et</strong></span> <span class='ocrx_word' id='word_1_425' title='bbox 1012 4705 1110 4744; x_wconf 90' lang='lat' dir='ltr'><strong>nos</strong></span> <span class='ocrx_word' id='word_1_426' title='bbox 1161 4684 1221 4742; x_wconf 77' lang='lat' dir='ltr'><strong>in</strong></span> <span class='ocrx_word' id='word_1_427' title='bbox 1259 4703 1365 4757; x_wconf 88' lang='lat' dir='ltr'><strong>quo</strong></span> <span class='ocrx_word' id='word_1_428' title='bbox 1416 4704 1524 4742; x_wconf 92' lang='lat' dir='ltr'><strong>non</strong></span> <span class='ocrx_word' id='word_1_429' title='bbox 1573 4684 1862 4757; x_wconf 77' lang='lat' dir='ltr'><strong>possumus</strong></span> 
     </span>
    </p>
   </div>
   <div class='ocr_carea' id='block_1_64' title="bbox 275 4756 1863 4830">
    <p class='ocr_par' dir='ltr' id='par_1_64' title="bbox 275 4756 1863 4830">
     <span class='ocr_line' id='line_1_64' title="bbox 275 4756 1863 4830; baseline 0.001 -20"><span class='ocrx_word' id='word_1_430' title='bbox 275 4756 530 4830; x_wconf 87' lang='lat' dir='ltr'><strong>cupimus</strong></span> <span class='ocrx_word' id='word_1_431' title='bbox 578 4760 840 4830; x_wconf 82' lang='lat' dir='ltr'><strong>adjuvari.</strong></span> <span class='ocrx_word' id='word_1_432' title='bbox 907 4761 984 4816; x_wconf 91' lang='lat' dir='ltr'><strong>De</strong></span> <span class='ocrx_word' id='word_1_433' title='bbox 1030 4760 1224 4828; x_wconf 87' lang='lat' dir='ltr'><strong>quibus</strong></span> <span class='ocrx_word' id='word_1_434' title='bbox 1274 4756 1367 4830; x_wconf 84' lang='lat' dir='ltr'><strong>hic</strong></span> <span class='ocrx_word' id='word_1_435' title='bbox 1401 4756 1656 4830; x_wconf 73' lang='lat' dir='ltr'><strong>dicitur:</strong></span> <span class='ocrx_word' id='word_1_436' title='bbox 1709 4756 1863 4811; x_wconf 83' lang='lat' dir='ltr'><strong>Beati</strong></span> 
     </span>
    </p>
   </div>
   <div class='ocr_carea' id='block_1_65' title="bbox 275 4827 1864 4901">
    <p class='ocr_par' dir='ltr' id='par_1_65' title="bbox 275 4827 1864 4901">
     <span class='ocr_line' id='line_1_65' title="bbox 275 4827 1864 4901; baseline 0.001 -21"><span class='ocrx_word' id='word_1_437' title='bbox 275 4827 662 4901; x_wconf 61' lang='lat' dir='ltr'><strong>misericordes,</strong></span> <span class='ocrx_word' id='word_1_438' title='bbox 687 4831 935 4901; x_wconf 82' lang='lat' dir='ltr'><strong>quoniam</strong></span> <span class='ocrx_word' id='word_1_439' title='bbox 973 4827 1072 4900; x_wconf 74' lang='lat' dir='ltr'><strong>ipsi</strong></span> <span class='ocrx_word' id='word_1_440' title='bbox 1105 4827 1518 4901; x_wconf 75' lang='lat' dir='ltr'><strong>misericordiam</strong></span> <span class='ocrx_word' id='word_1_441' title='bbox 1549 4842 1864 4901; x_wconf 79' lang='lat' dir='ltr'><strong>consequen-</strong></span> 
     </span>
    </p>
   </div>
   <div class='ocr_carea' id='block_1_66' title="bbox 279 4896 1863 4972">
    <p class='ocr_par' dir='ltr' id='par_1_66' title="bbox 279 4896 1863 4972">
     <span class='ocr_line' id='line_1_66' title="bbox 279 4896 1863 4972; baseline 0.002 -24"><span class='ocrx_word' id='word_1_442' title='bbox 279 4905 388 4949; x_wconf 88' lang='lat' dir='ltr'><strong>tur.</strong></span> <span class='ocrx_word' id='word_1_443' title='bbox 435 4896 743 4955; x_wconf 82' lang='lat' dir='ltr'><strong>lntellecttis</strong></span> <span class='ocrx_word' id='word_1_444' title='bbox 781 4901 962 4956; x_wconf 87' lang='lat' dir='ltr'><strong>cordis</strong></span> <span class='ocrx_word' id='word_1_445' title='bbox 994 4896 1255 4972; x_wconf 79' lang='lat' dir='ltr'><strong>congruit</strong></span> <span class='ocrx_word' id='word_1_446' title='bbox 1281 4896 1496 4972; x_wconf 84' lang='lat' dir='ltr'><strong>mundis</strong></span> <span class='ocrx_word' id='word_1_447' title='bbox 1531 4897 1712 4972; x_wconf 80' lang='lat' dir='ltr'><strong>corde,</strong></span> <span class='ocrx_word' id='word_1_448' title='bbox 1743 4905 1863 4951; x_wconf 91' lang='lat' dir='ltr'><strong>tan-</strong></span> 
     </span>
    </p>
   </div>
   <div class='ocr_carea' id='block_1_67' title="bbox 279 4967 1863 5042">
    <p class='ocr_par' dir='ltr' id='par_1_67' title="bbox 279 4967 1863 5042">
     <span class='ocr_line' id='line_1_67' title="bbox 279 4967 1863 5042; baseline 0.001 -23"><span class='ocrx_word' id='word_1_449' title='bbox 279 4981 446 5036; x_wconf 91' lang='lat' dir='ltr'><strong>quam</strong></span> <span class='ocrx_word' id='word_1_450' title='bbox 491 4978 721 5042; x_wconf 90' lang='lat' dir='ltr'><strong>purgato</strong></span> <span class='ocrx_word' id='word_1_451' title='bbox 763 4972 920 5026; x_wconf 91' lang='lat' dir='ltr'><strong>oculo</strong></span> <span class='ocrx_word' id='word_1_452' title='bbox 961 4985 1068 5042; x_wconf 90' lang='lat' dir='ltr'><strong>quo</strong></span> <span class='ocrx_word' id='word_1_453' title='bbox 1111 4967 1260 5025; x_wconf 76' lang='lat' dir='ltr'><strong>cerni</strong></span> <span class='ocrx_word' id='word_1_454' title='bbox 1284 4969 1483 5042; x_wconf 78' lang='lat' dir='ltr'><strong>possit</strong></span> <span class='ocrx_word' id='word_1_455' title='bbox 1503 4967 1645 5042; x_wconf 89' lang='lat' dir='ltr'><strong>quod</strong></span> <span class='ocrx_word' id='word_1_456' title='bbox 1671 4983 1863 5042; x_wconf 81' lang='lat' dir='ltr'><strong>corpo-</strong></span> 
     </span>
    </p>
   </div>
   <div class='ocr_carea' id='block_1_68' title="bbox 280 5039 1860 5106">
    <p class='ocr_par' dir='ltr' id='par_1_68' title="bbox 280 5039 1860 5106">
     <span class='ocr_line' id='line_1_68' title="bbox 280 5039 1860 5106; baseline 0.001 -15"><span class='ocrx_word' id='word_1_457' title='bbox 280 5050 411 5092; x_wconf 87' lang='lat' dir='ltr'><strong>reus</strong></span> <span class='ocrx_word' id='word_1_458' title='bbox 454 5039 644 5095; x_wconf 84' lang='lat' dir='ltr'><strong>oculus</strong></span> <span class='ocrx_word' id='word_1_459' title='bbox 682 5056 789 5096; x_wconf 92' lang='lat' dir='ltr'><strong>non</strong></span> <span class='ocrx_word' id='word_1_460' title='bbox 833 5039 995 5106; x_wconf 68' lang='lat' dir='ltr'><strong>vidit,</strong></span> <span class='ocrx_word' id='word_1_461' title='bbox 1036 5056 1136 5095; x_wconf 91' lang='lat' dir='ltr'><strong>nec</strong></span> <span class='ocrx_word' id='word_1_462' title='bbox 1179 5040 1326 5094; x_wconf 89' lang='lat' dir='ltr'><strong>auris</strong></span> <span class='ocrx_word' id='word_1_463' title='bbox 1364 5039 1606 5103; x_wconf 88' lang='lat' dir='ltr'><strong>audivit,</strong></span> <span class='ocrx_word' id='word_1_464' title='bbox 1659 5053 1757 5093; x_wconf 90' lang='lat' dir='ltr'><strong>nec</strong></span> <span class='ocrx_word' id='word_1_465' title='bbox 1805 5039 1860 5092; x_wconf 91' lang='lat' dir='ltr'><strong>in</strong></span> 
     </span>
    </p>
   </div>
   <div class='ocr_carea' id='block_1_69' title="bbox 280 5108 1862 5166">
    <p class='ocr_par' dir='ltr' id='par_1_69' title="bbox 280 5108 1862 5166">
     <span class='ocr_line' id='line_1_69' title="bbox 280 5108 1862 5166; baseline -0.001 -4"><span class='ocrx_word' id='word_1_466' title='bbox 280 5121 380 5162; x_wconf 86' lang='lat' dir='ltr'><strong>cor</strong></span> <span class='ocrx_word' id='word_1_467' title='bbox 405 5108 642 5164; x_wconf 88' lang='lat' dir='ltr'><strong>hominis</strong></span> <span class='ocrx_word' id='word_1_468' title='bbox 683 5112 947 5166; x_wconf 88' lang='lat' dir='ltr'><strong>ascendit.</strong></span> <span class='ocrx_word' id='word_1_469' title='bbox 997 5111 1073 5165; x_wconf 91' lang='lat' dir='ltr'><strong>De</strong></span> <span class='ocrx_word' id='word_1_470' title='bbox 1098 5111 1293 5166; x_wconf 86' lang='lat' dir='ltr'><strong>auibus</strong></span> <span class='ocrx_word' id='word_1_471' title='bbox 1315 5110 1405 5163; x_wconf 90' lang='lat' dir='ltr'><strong>hic</strong></span> <span class='ocrx_word' id='word_1_472' title='bbox 1431 5108 1629 5162; x_wconf 88' lang='lat' dir='ltr'><strong>dicitur</strong></span> <span class='ocrx_word' id='word_1_473' title='bbox 1654 5127 1666 5161; x_wconf 94' lang='lat'><strong>:</strong></span> <span class='ocrx_word' id='word_1_474' title='bbox 1708 5108 1862 5162; x_wconf 84' lang='lat' dir='ltr'><strong>Beati</strong></span> 
     </span>
    </p>
   </div>
   <div class='ocr_carea' id='block_1_70' title="bbox 278 5177 1860 5252">
    <p class='ocr_par' dir='ltr' id='par_1_70' title="bbox 278 5177 1860 5252">
     <span class='ocr_line' id='line_1_70' title="bbox 278 5177 1860 5252; baseline 0.001 -22"><span class='ocrx_word' id='word_1_475' title='bbox 278 5177 479 5232; x_wconf 84' lang='lat' dir='ltr'><strong>mundo</strong></span> <span class='ocrx_word' id='word_1_476' title='bbox 493 5181 949 5252; x_wconf 19' lang='lat' dir='ltr'><strong>Acorde,quoniam</strong></span> <span class='ocrx_word' id='word_1_477' title='bbox 971 5181 1070 5252; x_wconf 85' lang='lat' dir='ltr'><strong>ipsi</strong></span> <span class='ocrx_word' id='word_1_478' title='bbox 1092 5177 1259 5252; x_wconf 79' lang='lat' dir='ltr'><strong>Deum</strong></span> <span class='ocrx_word' id='word_1_479' title='bbox 1278 5179 1543 5252; x_wconf 57' lang='lat' dir='ltr'><strong>uidebunt2</strong></span> <span class='ocrx_word' id='word_1_480' title='bbox 1585 5177 1860 5246; x_wconf 85' lang='lat' dir='ltr'><strong>Sapientia</strong></span> 
     </span>
    </p>
   </div>
   <div class='ocr_carea' id='block_1_71' title="bbox 280 5249 1861 5321">
    <p class='ocr_par' dir='ltr' id='par_1_71' title="bbox 280 5249 1861 5321">
     <span class='ocr_line' id='line_1_71' title="bbox 280 5249 1861 5321; baseline 0.001 -21"><span class='ocrx_word' id='word_1_481' title='bbox 280 5250 534 5318; x_wconf 86' lang='lat' dir='ltr'><strong>congruit</strong></span> <span class='ocrx_word' id='word_1_482' title='bbox 575 5249 817 5321; x_wconf 87' lang='lat' dir='ltr'><strong>pacificis</strong></span> <span class='ocrx_word' id='word_1_483' title='bbox 843 5293 858 5318; x_wconf 91' lang='lat'><strong>,</strong></span> <span class='ocrx_word' id='word_1_484' title='bbox 923 5249 999 5306; x_wconf 43' lang='lat' dir='ltr'><strong>in&#39;</strong></span> <span class='ocrx_word' id='word_1_485' title='bbox 1038 5251 1232 5321; x_wconf 87' lang='lat' dir='ltr'><strong>quibus</strong></span> <span class='ocrx_word' id='word_1_486' title='bbox 1271 5250 1382 5318; x_wconf 87' lang='lat' dir='ltr'><strong>jam</strong></span> <span class='ocrx_word' id='word_1_487' title='bbox 1428 5249 1678 5321; x_wconf 82' lang='lat' dir='ltr'><strong>ordinata</strong></span> <span class='ocrx_word' id='word_1_488' title='bbox 1737 5256 1861 5303; x_wconf 92' lang='lat' dir='ltr'><strong>sunt</strong></span> 
     </span>
    </p>
   </div>
   <div class='ocr_carea' id='block_1_72' title="bbox 282 5319 1859 5392">
    <p class='ocr_par' dir='ltr' id='par_1_72' title="bbox 282 5319 1859 5392">
     <span class='ocr_line' id='line_1_72' title="bbox 282 5319 1859 5392; baseline 0.001 -20"><span class='ocrx_word' id='word_1_489' title='bbox 282 5321 466 5392; x_wconf 79' lang='lat' dir='ltr'><strong>omnia</strong></span> <span class='ocrx_word' id='word_1_490' title='bbox 491 5361 506 5386; x_wconf 91' lang='lat'><strong>,</strong></span> <span class='ocrx_word' id='word_1_491' title='bbox 549 5319 837 5392; x_wconf 74' lang='lat' dir='ltr'><strong>nullusque</strong></span> <span class='ocrx_word' id='word_1_492' title='bbox 878 5319 1316 5392; x_wconf 47' lang='lat' dir='ltr'><strong>motus—rebellis</strong></span> <span class='ocrx_word' id='word_1_493' title='bbox 1353 5327 1475 5392; x_wconf 86' lang='lat' dir='ltr'><strong>est;</strong></span> <span class='ocrx_word' id='word_1_494' title='bbox 1527 5319 1622 5392; x_wconf 83' lang='lat' dir='ltr'><strong>sed</strong></span> <span class='ocrx_word' id='word_1_495' title='bbox 1663 5328 1859 5373; x_wconf 89' lang='lat' dir='ltr'><strong>cuncta</strong></span> 
     </span>
    </p>
   </div>
   <div class='ocr_carea' id='block_1_73' title="bbox 280 5387 1864 5462">
    <p class='ocr_par' dir='ltr' id='par_1_73' title="bbox 280 5387 1864 5462">
     <span class='ocr_line' id='line_1_73' title="bbox 280 5387 1864 5462; baseline 0.002 -22"><span class='ocrx_word' id='word_1_496' title='bbox 280 5387 665 5462; x_wconf 70' lang='lat' dir='ltr'><strong>gbtemperaut</strong></span> <span class='ocrx_word' id='word_1_497' title='bbox 696 5387 908 5462; x_wconf 73' lang='lat' dir='ltr'><strong>spiritui</strong></span> <span class='ocrx_word' id='word_1_498' title='bbox 947 5391 1202 5454; x_wconf 89' lang='lat' dir='ltr'><strong>hominis,</strong></span> <span class='ocrx_word' id='word_1_499' title='bbox 1234 5406 1355 5446; x_wconf 90' lang='lat' dir='ltr'><strong>cum</strong></span> <span class='ocrx_word' id='word_1_500' title='bbox 1383 5390 1504 5462; x_wconf 78' lang='lat' dir='ltr'><strong>ipse</strong></span> <span class='ocrx_word' id='word_1_501' title='bbox 1525 5388 1864 5462; x_wconf 79' lang='lat' dir='ltr'><strong>obtemperat</strong></span> 
     </span>
    </p>
   </div>
   <div class='ocr_carea' id='block_1_74' title="bbox 281 5456 1860 5532">
    <p class='ocr_par' dir='ltr' id='par_1_74' title="bbox 281 5456 1860 5532">
     <span class='ocr_line' id='line_1_74' title="bbox 281 5456 1860 5532; baseline 0 -20"><span class='ocrx_word' id='word_1_502' title='bbox 442 5456 536 5532; x_wconf 85' lang='lat' dir='ltr'><strong>_De</strong></span> <span class='ocrx_word' id='word_1_503' title='bbox 559 5456 755 5532; x_wconf 71' lang='lat' dir='ltr'><strong>quibus</strong></span> <span class='ocrx_word' id='word_1_504' title='bbox 786 5464 872 5517; x_wconf 89' lang='lat' dir='ltr'><strong>hic</strong></span> <span class='ocrx_word' id='word_1_505' title='bbox 907 5463 1105 5517; x_wconf 90' lang='lat' dir='ltr'><strong>dicitur</strong></span> <span class='ocrx_word' id='word_1_506' title='bbox 1129 5477 1142 5515; x_wconf 93' lang='lat'><strong>:</strong></span> <span class='ocrx_word' id='word_1_507' title='bbox 1169 5462 1319 5532; x_wconf 83' lang='lat' dir='ltr'><strong>Beati</strong></span> <span class='ocrx_word' id='word_1_508' title='bbox 1351 5456 1578 5532; x_wconf 69' lang='lat' dir='ltr'><strong>paci/iui,</strong></span> <span class='ocrx_word' id='word_1_509' title='bbox 1609 5456 1860 5532; x_wconf 60' lang='lat' dir='ltr'><strong>quoniam</strong></span> 
     </span>
    </p>
   </div>
   <div class='ocr_carea' id='block_1_75' title="bbox 282 5527 1864 5610">
    <p class='ocr_par' dir='ltr' id='par_1_75' title="bbox 282 5527 1864 5610">
     <span class='ocr_line' id='line_1_75' title="bbox 282 5527 1864 5610; baseline 0.002 -31"><span class='ocrx_word' id='word_1_510' title='bbox 282 5527 388 5610; x_wconf 66' lang='lat' dir='ltr'><strong>[iiii</strong></span> <span class='ocrx_word' id='word_1_511' title='bbox 431 5527 908 5610; x_wconf 51' lang='lat' dir='ltr'><strong>Deijocalguntur.</strong></span> <span class='ocrx_word' id='word_1_512' title='bbox 955 5533 1024 5610; x_wconf 85' lang='lat' dir='ltr'><strong>E_t</strong></span> <span class='ocrx_word' id='word_1_513' title='bbox 1059 5531 1219 5600; x_wconf 88' lang='lat' dir='ltr'><strong>paulo</strong></span> <span class='ocrx_word' id='word_1_514' title='bbox 1259 5527 1379 5610; x_wconf 83' lang='lat' dir='ltr'><strong>post</strong></span> <span class='ocrx_word' id='word_1_515' title='bbox 1427 5527 1702 5610; x_wconf 57' lang='lat' dir='ltr'><strong>subiunxit</strong></span> <span class='ocrx_word' id='word_1_516' title='bbox 1739 5542 1763 5610; x_wconf 46' lang='grc' dir='ltr'><strong>ε.</strong></span> <span class='ocrx_word' id='word_1_517' title='bbox 1797 5529 1864 5610; x_wconf 80' lang='lat' dir='ltr'><strong>Et</strong></span> 
     </span>
    </p>
   </div>
   <div class='ocr_carea' id='block_1_76' title="bbox 471 5598 1862 5671">
    <p class='ocr_par' dir='ltr' id='par_1_76' title="bbox 471 5598 1862 5671">
     <span class='ocr_line' id='line_1_76' title="bbox 471 5598 1862 5671; baseline -0.002 -16"><span class='ocrx_word' id='word_1_518' title='bbox 471 5603 650 5658; x_wconf 90' lang='lat' dir='ltr'><strong>uidem</strong></span> <span class='ocrx_word' id='word_1_519' title='bbox 707 5603 764 5657; x_wconf 88' lang='lat' dir='ltr'><strong>in</strong></span> <span class='ocrx_word' id='word_1_520' title='bbox 814 5602 914 5657; x_wconf 90' lang='lat' dir='ltr'><strong>hac</strong></span> <span class='ocrx_word' id='word_1_521' title='bbox 950 5598 1075 5655; x_wconf 51' lang='lat' dir='ltr'><strong>vita&#39;</strong></span> <span class='ocrx_word' id='word_1_522' title='bbox 1107 5598 1331 5671; x_wconf 85' lang='lat' dir='ltr'><strong>possunt</strong></span> <span class='ocrx_word' id='word_1_523' title='bbox 1369 5599 1624 5671; x_wconf 62' lang='lat' dir='ltr'><strong>cumpleni</strong></span> <span class='ocrx_word' id='word_1_524' title='bbox 1657 5615 1672 5650; x_wconf 90' lang='lat'><strong>:</strong></span> <span class='ocrx_word' id='word_1_525' title='bbox 1720 5598 1862 5671; x_wconf 85' lang='lat' dir='ltr'><strong>sicut</strong></span> 
     </span>
    </p>
   </div>
   <div class='ocr_carea' id='block_1_77' title="bbox 465 5666 1862 5743">
    <p class='ocr_par' dir='ltr' id='par_1_77' title="bbox 465 5666 1862 5743">
     <span class='ocr_line' id='line_1_77' title="bbox 465 5666 1862 5743; baseline -0.004 -17"><span class='ocrx_word' id='word_1_526' title='bbox 465 5666 553 5726; x_wconf 89' lang='lat' dir='ltr'><strong>eta</strong></span> <span class='ocrx_word' id='word_1_527' title='bbox 576 5687 697 5728; x_wconf 88' lang='lat' dir='ltr'><strong>esse</strong></span> <span class='ocrx_word' id='word_1_528' title='bbox 720 5675 774 5726; x_wconf 89' lang='lat' dir='ltr'><strong>in</strong></span> <span class='ocrx_word' id='word_1_529' title='bbox 800 5672 1062 5743; x_wconf 90' lang='lat' dir='ltr'><strong>apostolis</strong></span> <span class='ocrx_word' id='word_1_530' title='bbox 1085 5666 1373 5743; x_wconf 74' lang='lat' dir='ltr'><strong>credimus.</strong></span> <span class='ocrx_word' id='word_1_531' title='bbox 1418 5668 1552 5722; x_wconf 83' lang='lat' dir='ltr'><strong>Nam</strong></span> <span class='ocrx_word' id='word_1_532' title='bbox 1575 5666 1664 5720; x_wconf 90' lang='lat' dir='ltr'><strong>illa</strong></span> <span class='ocrx_word' id='word_1_533' title='bbox 1687 5669 1862 5743; x_wconf 83' lang='lat' dir='ltr'><strong>omni-</strong></span> 
     </span>
    </p>
   </div>
   <div class='ocr_carea' id='block_1_78' title="bbox 419 5738 1864 5809">
    <p class='ocr_par' dir='ltr' id='par_1_78' title="bbox 419 5738 1864 5809">
     <span class='ocr_line' id='line_1_78' title="bbox 419 5738 1864 5809; baseline -0.005 -13"><span class='ocrx_word' id='word_1_534' title='bbox 419 5738 450 5796; x_wconf 81' lang='lat' dir='ltr'><strong>a</strong></span> <span class='ocrx_word' id='word_1_535' title='bbox 477 5744 536 5799; x_wconf 90' lang='lat' dir='ltr'><strong>in</strong></span> <span class='ocrx_word' id='word_1_536' title='bbox 557 5738 856 5809; x_wconf 79' lang='lat' dir='ltr'><strong>angelicam</strong></span> <span class='ocrx_word' id='word_1_537' title='bbox 895 5743 1126 5799; x_wconf 89' lang='lat' dir='ltr'><strong>formam</strong></span> <span class='ocrx_word' id='word_1_538' title='bbox 1160 5741 1404 5803; x_wconf 84' lang='lat' dir='ltr'><strong>mutatio,</strong></span> <span class='ocrx_word' id='word_1_539' title='bbox 1434 5755 1553 5809; x_wconf 79' lang='lat' dir='ltr'><strong>quae</strong></span> <span class='ocrx_word' id='word_1_540' title='bbox 1579 5746 1698 5806; x_wconf 86' lang='lat' dir='ltr'><strong>post</strong></span> <span class='ocrx_word' id='word_1_541' title='bbox 1722 5738 1864 5809; x_wconf 71' lang='lat' dir='ltr'><strong>hanc</strong></span> 
     </span>
    </p>
   </div>
   <div class='ocr_carea' id='block_1_79' title="bbox 287 5806 1865 5890">
    <p class='ocr_par' dir='ltr' id='par_1_79' title="bbox 287 5806 1865 5890">
     <span class='ocr_line' id='line_1_79' title="bbox 287 5806 1865 5890; baseline -0.002 -28"><span class='ocrx_word' id='word_1_542' title='bbox 287 5809 461 5890; x_wconf 81' lang='lat' dir='ltr'><strong>vitam</strong></span> <span class='ocrx_word' id='word_1_543' title='bbox 486 5806 846 5890; x_wconf 72' lang='lat' dir='ltr'><strong>promittitur,</strong></span> <span class='ocrx_word' id='word_1_544' title='bbox 871 5813 1033 5890; x_wconf 82' lang='lat' dir='ltr'><strong>nullis</strong></span> <span class='ocrx_word' id='word_1_545' title='bbox 1055 5811 1235 5867; x_wconf 89' lang='lat' dir='ltr'><strong>verbis</strong></span> <span class='ocrx_word' id='word_1_546' title='bbox 1257 5806 1670 5890; x_wconf 44' lang='lat' dir='ltr'><strong>exponi—potest.</strong></span> <span class='ocrx_word' id='word_1_547' title='bbox 1714 5806 1865 5861; x_wconf 84' lang='lat' dir='ltr'><strong>Beati</strong></span> 
     </span>
    </p>
   </div>
   <div class='ocr_carea' id='block_1_80' title="bbox 295 5881 1867 5957">
    <p class='ocr_par' dir='ltr' id='par_1_80' title="bbox 295 5881 1867 5957">
     <span class='ocr_line' id='line_1_80' title="bbox 295 5881 1867 5957; baseline -0.004 -19"><span class='ocrx_word' id='word_1_548' title='bbox 295 5886 388 5940; x_wconf 79' lang='lat' dir='ltr'><strong>aui</strong></span> <span class='ocrx_word' id='word_1_549' title='bbox 430 5881 833 5943; x_wconf 69' lang='lat' dir='ltr'><strong>persecutionem</strong></span> <span class='ocrx_word' id='word_1_550' title='bbox 870 5886 1142 5957; x_wconf 86' lang='lat' dir='ltr'><strong>patiuntur</strong></span> <span class='ocrx_word' id='word_1_551' title='bbox 1179 5890 1387 5951; x_wconf 79' lang='lat' dir='ltr'><strong>propter</strong></span> <span class='ocrx_word' id='word_1_552' title='bbox 1423 5881 1700 5953; x_wconf 77' lang='lat' dir='ltr'><strong>iustitiam,</strong></span> <span class='ocrx_word' id='word_1_553' title='bbox 1739 5893 1867 5948; x_wconf 85' lang='lat' dir='ltr'><strong>quo-</strong></span> 
     </span>
    </p>
   </div>
   <div class='ocr_carea' id='block_1_81' title="bbox 283 5604 393 5653">
    <p class='ocr_par' dir='ltr' id='par_1_81' title="bbox 283 5604 393 5653">
     <span class='ocr_line' id='line_1_81' title="bbox 283 5604 393 5653; baseline 0.009 -1"><span class='ocrx_word' id='word_1_554' title='bbox 283 5604 393 5653; x_wconf 88' lang='lat' dir='ltr'><strong>ista</strong></span> 
     </span>
    </p>
   </div>
   <div class='ocr_carea' id='block_1_82' title="bbox 286 5683 410 5724">
    <p class='ocr_par' dir='ltr' id='par_1_82' title="bbox 286 5683 410 5724">
     <span class='ocr_line' id='line_1_82' title="bbox 286 5683 410 5724; baseline 0.008 -1"><span class='ocrx_word' id='word_1_555' title='bbox 286 5683 410 5724; x_wconf 81' lang='lat' dir='ltr'><strong>com</strong></span> 
     </span>
    </p>
   </div>
   <div class='ocr_carea' id='block_1_83' title="bbox 1887 4742 1941 4802">
    <p class='ocr_par' dir='ltr' id='par_1_83' title="bbox 1887 4742 1941 4802">
     <span class='ocr_line' id='line_1_83' title="bbox 1887 4742 1941 4802; baseline 0 0"><span class='ocrx_word' id='word_1_556' title='bbox 1887 4742 1941 4802; x_wconf 92' lang='lat' dir='ltr'><strong>D</strong></span> 
     </span>
    </p>
   </div>
   <div class='ocr_carea' id='block_1_84' title="bbox 1984 752 3555 825">
    <p class='ocr_par' dir='ltr' id='par_1_84' title="bbox 1984 752 3555 825">
     <span class='ocr_line' id='line_1_84' title="bbox 1984 752 3555 825; baseline 0.005 -19"><span class='ocrx_word' id='word_1_557' title='bbox 1984 752 2176 825; x_wconf 77' lang='lat' dir='ltr'><strong>tentia,</strong></span> <span class='ocrx_word' id='word_1_558' title='bbox 2199 767 2319 825; x_wconf 78' lang='lat' dir='ltr'><strong>quae</strong></span> <span class='ocrx_word' id='word_1_559' title='bbox 2345 752 2603 825; x_wconf 27' lang='lat' dir='ltr'><strong>ad‘caput</strong></span> <span class='ocrx_word' id='word_1_560' title='bbox 2643 754 2798 821; x_wconf 88' lang='lat' dir='ltr'><strong>redit,</strong></span> <span class='ocrx_word' id='word_1_561' title='bbox 2841 753 3243 825; x_wconf 90' lang='lat' dir='ltr'><strong>perfectumque</strong></span> <span class='ocrx_word' id='word_1_562' title='bbox 3282 757 3555 814; x_wconf 82' lang='lat' dir='ltr'><strong>hominem</strong></span> 
     </span>
    </p>
   </div>
   <div class='ocr_carea' id='block_1_85' title="bbox 1982 821 3556 890">
    <p class='ocr_par' dir='ltr' id='par_1_85' title="bbox 1982 821 3556 890">
     <span class='ocr_line' id='line_1_85' title="bbox 1982 821 3556 890; baseline 0.006 -15"><span class='ocrx_word' id='word_1_563' title='bbox 1982 822 2241 884; x_wconf 87' lang='lat' dir='ltr'><strong>declarat,</strong></span> <span class='ocrx_word' id='word_1_564' title='bbox 2266 821 2534 890; x_wconf 76' lang='lat' dir='ltr'><strong>signiﬁcat</strong></span> <span class='ocrx_word' id='word_1_565' title='bbox 2556 822 2780 880; x_wconf 79' lang='lat' dir='ltr'><strong>fortasse</strong></span> <span class='ocrx_word' id='word_1_566' title='bbox 2803 821 2857 878; x_wconf 77' lang='lat' dir='ltr'><strong>et</strong></span> <span class='ocrx_word' id='word_1_567' title='bbox 2876 821 3338 881; x_wconf 82' lang='lat' dir='ltr'><strong>circumcisionem</strong></span> <span class='ocrx_word' id='word_1_568' title='bbox 3363 836 3556 885; x_wconf 84' lang='lat' dir='ltr'><strong>octavo</strong></span> 
     </span>
    </p>
   </div>
   <div class='ocr_carea' id='block_1_86' title="bbox 1981 891 3574 962">
    <p class='ocr_par' dir='ltr' id='par_1_86' title="bbox 1981 891 3574 962">
     <span class='ocr_line' id='line_1_86' title="bbox 1981 891 3574 962; baseline 0.006 -17"><span class='ocrx_word' id='word_1_569' title='bbox 1981 891 2068 946; x_wconf 92' lang='lat' dir='ltr'><strong>die</strong></span> <span class='ocrx_word' id='word_1_570' title='bbox 2107 891 2162 946; x_wconf 87' lang='lat' dir='ltr'><strong>in</strong></span> <span class='ocrx_word' id='word_1_571' title='bbox 2201 893 2370 946; x_wconf 86' lang='lat' dir='ltr'><strong>veteri</strong></span> <span class='ocrx_word' id='word_1_572' title='bbox 2415 901 2754 961; x_wconf 88' lang='lat' dir='ltr'><strong>testamento,</strong></span> <span class='ocrx_word' id='word_1_573' title='bbox 2781 904 2836 950; x_wconf 89' lang='lat' dir='ltr'><strong>et</strong></span> <span class='ocrx_word' id='word_1_574' title='bbox 2867 896 3075 950; x_wconf 92' lang='lat' dir='ltr'><strong>Domini</strong></span> <span class='ocrx_word' id='word_1_575' title='bbox 3097 899 3574 962; x_wconf 30' lang='lat' dir='ltr'><strong>resurrectionem,</strong></span> 
     </span>
    </p>
   </div>
   <div class='ocr_carea' id='block_1_87' title="bbox 1979 962 3557 1035">
    <p class='ocr_par' dir='ltr' id='par_1_87' title="bbox 1979 962 3557 1035">
     <span class='ocr_line' id='line_1_87' title="bbox 1979 962 3557 1035; baseline 0.004 -18"><span class='ocrx_word' id='word_1_576' title='bbox 1979 973 2101 1030; x_wconf 91' lang='lat' dir='ltr'><strong>post</strong></span> <span class='ocrx_word' id='word_1_577' title='bbox 2139 962 2439 1035; x_wconf 35' lang='lat' dir='ltr'><strong>sabbatum:</strong></span> <span class='ocrx_word' id='word_1_578' title='bbox 2471 965 2561 1034; x_wconf 87' lang='lat' dir='ltr'><strong>qui</strong></span> <span class='ocrx_word' id='word_1_579' title='bbox 2603 975 2687 1020; x_wconf 89' lang='lat' dir='ltr'><strong>est</strong></span> <span class='ocrx_word' id='word_1_580' title='bbox 2733 966 2918 1035; x_wconf 91' lang='lat' dir='ltr'><strong>utique</strong></span> <span class='ocrx_word' id='word_1_581' title='bbox 2951 977 3170 1023; x_wconf 86' lang='lat' dir='ltr'><strong>octavus</strong></span> <span class='ocrx_word' id='word_1_582' title='bbox 3211 969 3343 1034; x_wconf 90' lang='lat' dir='ltr'><strong>dies,</strong></span> <span class='ocrx_word' id='word_1_583' title='bbox 3385 969 3557 1025; x_wconf 85' lang='lat' dir='ltr'><strong>idem-</strong></span> 
     </span>
    </p>
   </div>
   <div class='ocr_carea' id='block_1_88' title="bbox 1979 1031 3555 1104">
    <p class='ocr_par' dir='ltr' id='par_1_88' title="bbox 1979 1031 3555 1104">
     <span class='ocr_line' id='line_1_88' title="bbox 1979 1031 3555 1104; baseline 0.004 -17"><span class='ocrx_word' id='word_1_584' title='bbox 1979 1031 2346 1104; x_wconf 12' lang='lat' dir='ltr'><strong>quegprimsus.</strong></span> <span class='ocrx_word' id='word_1_585' title='bbox 2375 1031 2552 1104; x_wconf 18' lang='lat' dir='ltr'><strong>HBene</strong></span> <span class='ocrx_word' id='word_1_586' title='bbox 2597 1051 2726 1104; x_wconf 88' lang='lat' dir='ltr'><strong>ergo</strong></span> <span class='ocrx_word' id='word_1_587' title='bbox 2769 1031 2944 1092; x_wconf 84' lang='lat' dir='ltr'><strong>omnis</strong></span> <span class='ocrx_word' id='word_1_588' title='bbox 2983 1037 3241 1093; x_wconf 90' lang='lat' dir='ltr'><strong>virtutum</strong></span> <span class='ocrx_word' id='word_1_589' title='bbox 3285 1031 3452 1095; x_wconf 86' lang='lat' dir='ltr'><strong>series</strong></span> <span class='ocrx_word' id='word_1_590' title='bbox 3499 1040 3555 1094; x_wconf 90' lang='lat' dir='ltr'><strong>in</strong></span> 
     </span>
    </p>
   </div>
   <div class='ocr_carea' id='block_1_89' title="bbox 1979 1101 3557 1179">
    <p class='ocr_par' dir='ltr' id='par_1_89' title="bbox 1979 1101 3557 1179">
     <span class='ocr_line' id='line_1_89' title="bbox 1979 1101 3557 1179; baseline 0.005 -23"><span class='ocrx_word' id='word_1_591' title='bbox 1979 1101 2178 1179; x_wconf 77' lang='lat' dir='ltr'><strong>gradus</strong></span> <span class='ocrx_word' id='word_1_592' title='bbox 2233 1101 2590 1169; x_wconf 86' lang='lat' dir='ltr'><strong>distribuitur,</strong></span> <span class='ocrx_word' id='word_1_593' title='bbox 2646 1101 2770 1179; x_wconf 74' lang='lat' dir='ltr'><strong>quia</strong></span> <span class='ocrx_word' id='word_1_594' title='bbox 2811 1107 2988 1162; x_wconf 91' lang='lat' dir='ltr'><strong>omnis</strong></span> <span class='ocrx_word' id='word_1_595' title='bbox 3027 1107 3138 1162; x_wconf 89' lang='lat' dir='ltr'><strong>vita</strong></span> <span class='ocrx_word' id='word_1_596' title='bbox 3179 1108 3414 1163; x_wconf 87' lang='lat' dir='ltr'><strong>ﬁdelium</strong></span> <span class='ocrx_word' id='word_1_597' title='bbox 3461 1125 3557 1179; x_wconf 90' lang='lat' dir='ltr'><strong>per</strong></span> 
     </span>
    </p>
   </div>
   <div class='ocr_carea' id='block_1_90' title="bbox 1979 1173 3554 1248">
    <p class='ocr_par' dir='ltr' id='par_1_90' title="bbox 1979 1173 3554 1248">
     <span class='ocr_line' id='line_1_90' title="bbox 1979 1173 3554 1248; baseline 0.007 -24"><span class='ocrx_word' id='word_1_598' title='bbox 1979 1173 2371 1248; x_wconf 83' lang='lat' dir='ltr'><strong>incrementum</strong></span> <span class='ocrx_word' id='word_1_599' title='bbox 2417 1182 2579 1248; x_wconf 89' lang='lat' dir='ltr'><strong>atque</strong></span> <span class='ocrx_word' id='word_1_600' title='bbox 2620 1173 2688 1230; x_wconf 85' lang='lat' dir='ltr'><strong>ad</strong></span> <span class='ocrx_word' id='word_1_601' title='bbox 2733 1186 3019 1248; x_wconf 85' lang='lat' dir='ltr'><strong>augmenta</strong></span> <span class='ocrx_word' id='word_1_602' title='bbox 3056 1179 3122 1233; x_wconf 90' lang='lat' dir='ltr'><strong>ad</strong></span> <span class='ocrx_word' id='word_1_603' title='bbox 3159 1179 3346 1234; x_wconf 88' lang='lat' dir='ltr'><strong>altiora</strong></span> <span class='ocrx_word' id='word_1_604' title='bbox 3377 1173 3554 1235; x_wconf 81' lang='lat' dir='ltr'><strong>suble-</strong></span> 
     </span>
    </p>
   </div>
   <div class='ocr_carea' id='block_1_91' title="bbox 1979 1243 3554 1318">
    <p class='ocr_par' dir='ltr' id='par_1_91' title="bbox 1979 1243 3554 1318">
     <span class='ocr_line' id='line_1_91' title="bbox 1979 1243 3554 1318; baseline 0.006 -23"><span class='ocrx_word' id='word_1_605' title='bbox 1979 1251 2157 1318; x_wconf 81' lang='lat' dir='ltr'><strong>vatur,</strong></span> <span class='ocrx_word' id='word_1_606' title='bbox 2209 1243 2380 1298; x_wconf 90' lang='lat' dir='ltr'><strong>donec</strong></span> <span class='ocrx_word' id='word_1_607' title='bbox 2429 1247 2496 1300; x_wconf 90' lang='lat' dir='ltr'><strong>ad</strong></span> <span class='ocrx_word' id='word_1_608' title='bbox 2549 1243 2831 1318; x_wconf 57' lang='lat' dir='ltr'><strong>summam&#39;</strong></span> <span class='ocrx_word' id='word_1_609' title='bbox 2863 1247 3254 1318; x_wconf 87' lang='lat' dir='ltr'><strong>perfectionis,</strong></span> <span class='ocrx_word' id='word_1_610' title='bbox 3317 1250 3371 1304; x_wconf 90' lang='lat' dir='ltr'><strong>id</strong></span> <span class='ocrx_word' id='word_1_611' title='bbox 3429 1258 3554 1317; x_wconf 81' lang='lat' dir='ltr'><strong>est,</strong></span> 
     </span>
    </p>
   </div>
   <div class='ocr_carea' id='block_1_92' title="bbox 1977 1313 3552 1388">
    <p class='ocr_par' dir='ltr' id='par_1_92' title="bbox 1977 1313 3552 1388">
     <span class='ocr_line' id='line_1_92' title="bbox 1977 1313 3552 1388; baseline 0.006 -23"><span class='ocrx_word' id='word_1_612' title='bbox 1977 1313 2302 1388; x_wconf 81' lang='lat' dir='ltr'><strong>charitatem</strong></span> <span class='ocrx_word' id='word_1_613' title='bbox 2343 1316 2640 1388; x_wconf 89' lang='lat' dir='ltr'><strong>perveniat,</strong></span> <span class='ocrx_word' id='word_1_614' title='bbox 2686 1317 2832 1371; x_wconf 90' lang='lat' dir='ltr'><strong>illam</strong></span> <span class='ocrx_word' id='word_1_615' title='bbox 2865 1313 3125 1374; x_wconf 50' lang='lat' dir='ltr'><strong>’videlicet</strong></span> <span class='ocrx_word' id='word_1_616' title='bbox 3159 1313 3278 1388; x_wconf 79' lang='lat' dir='ltr'><strong>quae</strong></span> <span class='ocrx_word' id='word_1_617' title='bbox 3310 1313 3552 1388; x_wconf 82' lang='lat' dir='ltr'><strong>perfecta</strong></span> 
     </span>
    </p>
   </div>
   <div class='ocr_carea' id='block_1_93' title="bbox 1977 1382 3553 1458">
    <p class='ocr_par' dir='ltr' id='par_1_93' title="bbox 1977 1382 3553 1458">
     <span class='ocr_line' id='line_1_93' title="bbox 1977 1382 3553 1458; baseline 0.004 -22"><span class='ocrx_word' id='word_1_618' title='bbox 1977 1382 2124 1437; x_wconf 85' lang='lat' dir='ltr'><strong>foras</strong></span> <span class='ocrx_word' id='word_1_619' title='bbox 2167 1382 2640 1458; x_wconf 44' lang='lat' dir='ltr'><strong>mittit—timorem,</strong></span> <span class='ocrx_word' id='word_1_620' title='bbox 2666 1403 2762 1458; x_wconf 84' lang='lat' dir='ltr'><strong>per</strong></span> <span class='ocrx_word' id='word_1_621' title='bbox 2797 1403 2958 1456; x_wconf 88' lang='lat' dir='ltr'><strong>quam</strong></span> <span class='ocrx_word' id='word_1_622' title='bbox 2995 1382 3232 1443; x_wconf 78' lang='lat' dir='ltr'><strong>meretur</strong></span> <span class='ocrx_word' id='word_1_623' title='bbox 3255 1382 3366 1458; x_wconf 73' lang='lat' dir='ltr'><strong>jain</strong></span> <span class='ocrx_word' id='word_1_624' title='bbox 3395 1391 3553 1444; x_wconf 87' lang='lat' dir='ltr'><strong>habi-</strong></span> 
     </span>
    </p>
   </div>
   <div class='ocr_carea' id='block_1_94' title="bbox 1978 1455 3552 1528">
    <p class='ocr_par' dir='ltr' id='par_1_94' title="bbox 1978 1455 3552 1528">
     <span class='ocr_line' id='line_1_94' title="bbox 1978 1455 3552 1528; baseline 0.004 -23"><span class='ocrx_word' id='word_1_625' title='bbox 1978 1460 2208 1508; x_wconf 87' lang='lat' dir='ltr'><strong>tatorem</strong></span> <span class='ocrx_word' id='word_1_626' title='bbox 2256 1455 2315 1528; x_wconf 87' lang='lat' dir='ltr'><strong>iu</strong></span> <span class='ocrx_word' id='word_1_627' title='bbox 2358 1469 2415 1509; x_wconf 91' lang='lat' dir='ltr'><strong>se</strong></span> <span class='ocrx_word' id='word_1_628' title='bbox 2459 1455 2914 1528; x_wconf 29' lang='lat' dir='ltr'><strong>liabere’Deum:</strong></span> <span class='ocrx_word' id='word_1_629' title='bbox 2963 1459 3087 1528; x_wconf 90' lang='lat' dir='ltr'><strong>quia</strong></span> <span class='ocrx_word' id='word_1_630' title='bbox 3132 1455 3273 1512; x_wconf 82' lang='lat' dir='ltr'><strong>Deus</strong></span> <span class='ocrx_word' id='word_1_631' title='bbox 3319 1459 3552 1513; x_wconf 83' lang='lat' dir='ltr'><strong>charitas</strong></span> 
     </span>
    </p>
   </div>
   <div class='ocr_carea' id='block_1_95' title="bbox 1975 1525 3554 1594">
    <p class='ocr_par' dir='ltr' id='par_1_95' title="bbox 1975 1525 3554 1594">
     <span class='ocr_line' id='line_1_95' title="bbox 1975 1525 3554 1594; baseline 0.003 -18"><span class='ocrx_word' id='word_1_632' title='bbox 1975 1536 2049 1594; x_wconf 73' lang='lat' dir='ltr'><strong>est</strong></span> <span class='ocrx_word' id='word_1_633' title='bbox 2079 1564 2094 1584; x_wconf 85' lang='lat'><strong>,</strong></span> <span class='ocrx_word' id='word_1_634' title='bbox 2138 1533 2185 1577; x_wconf 93' lang='lat' dir='ltr'><strong>et</strong></span> <span class='ocrx_word' id='word_1_635' title='bbox 2227 1525 2316 1594; x_wconf 85' lang='lat' dir='ltr'><strong>qui</strong></span> <span class='ocrx_word' id='word_1_636' title='bbox 2358 1534 2531 1580; x_wconf 88' lang='lat' dir='ltr'><strong>manet</strong></span> <span class='ocrx_word' id='word_1_637' title='bbox 2577 1527 2630 1579; x_wconf 86' lang='lat' dir='ltr'><strong>in</strong></span> <span class='ocrx_word' id='word_1_638' title='bbox 2672 1525 3064 1590; x_wconf 45' lang='lat' dir='ltr'><strong>charitatefin</strong></span> <span class='ocrx_word' id='word_1_639' title='bbox 3103 1528 3212 1582; x_wconf 89' lang='lat' dir='ltr'><strong>Deo</strong></span> <span class='ocrx_word' id='word_1_640' title='bbox 3251 1537 3460 1593; x_wconf 88' lang='lat' dir='ltr'><strong>manet,</strong></span> <span class='ocrx_word' id='word_1_641' title='bbox 3503 1536 3554 1581; x_wconf 83' lang='lat' dir='ltr'><strong>et</strong></span> 
     </span>
    </p>
   </div>
   <div class='ocr_carea' id='block_1_96' title="bbox 1977 1592 3554 1666">
    <p class='ocr_par' dir='ltr' id='par_1_96' title="bbox 1977 1592 3554 1666">
     <span class='ocr_line' id='line_1_96' title="bbox 1977 1592 3554 1666; baseline 0.004 -21"><span class='ocrx_word' id='word_1_642' title='bbox 1977 1592 2117 1647; x_wconf 88' lang='lat' dir='ltr'><strong>Deus</strong></span> <span class='ocrx_word' id='word_1_643' title='bbox 2160 1595 2216 1646; x_wconf 89' lang='lat' dir='ltr'><strong>in</strong></span> <span class='ocrx_word' id='word_1_644' title='bbox 2239 1592 2356 1647; x_wconf 40' lang='lat' dir='ltr'><strong>‘eo:</strong></span> <span class='ocrx_word' id='word_1_645' title='bbox 2390 1597 2616 1666; x_wconf 81' lang='lat' dir='ltr'><strong>quando</strong></span> <span class='ocrx_word' id='word_1_646' title='bbox 2652 1595 2761 1666; x_wconf 87' lang='lat' dir='ltr'><strong>jam</strong></span> <span class='ocrx_word' id='word_1_647' title='bbox 2789 1597 2972 1651; x_wconf 89' lang='lat' dir='ltr'><strong>sedata</strong></span> <span class='ocrx_word' id='word_1_648' title='bbox 3018 1597 3376 1652; x_wconf 88' lang='lat' dir='ltr'><strong>tentatiouum</strong></span> <span class='ocrx_word' id='word_1_649' title='bbox 3416 1592 3554 1652; x_wconf 90' lang='lat' dir='ltr'><strong>tem-</strong></span> 
     </span>
    </p>
   </div>
   <div class='ocr_carea' id='block_1_97' title="bbox 1975 1665 3556 1786">
    <p class='ocr_par' dir='ltr' id='par_1_97' title="bbox 1975 1665 3556 1786">
     <span class='ocr_line' id='line_1_97' title="bbox 1975 1665 3556 1786; baseline 0.003 -69"><span class='ocrx_word' id='word_1_650' title='bbox 1975 1672 2206 1786; x_wconf 56' lang='lat' dir='ltr'><strong>pestate,</strong></span> <span class='ocrx_word' id='word_1_651' title='bbox 2239 1674 2349 1719; x_wconf 88' lang='lat' dir='ltr'><strong>tota</strong></span> <span class='ocrx_word' id='word_1_652' title='bbox 2384 1665 2438 1718; x_wconf 93' lang='lat' dir='ltr'><strong>in</strong></span> <span class='ocrx_word' id='word_1_653' title='bbox 2467 1666 2561 1719; x_wconf 91' lang='lat' dir='ltr'><strong>Dei</strong></span> <span class='ocrx_word' id='word_1_654' title='bbox 2598 1667 3047 1749; x_wconf 74' lang='lat' dir='ltr'><strong>contemplatione</strong></span> <span class='ocrx_word' id='word_1_655' title='bbox 3087 1668 3209 1722; x_wconf 89' lang='lat' dir='ltr'><strong>erit.</strong></span> <span class='ocrx_word' id='word_1_656' title='bbox 3261 1668 3397 1748; x_wconf 76' lang='lat' dir='ltr'><strong>Hinc</strong></span> <span class='ocrx_word' id='word_1_657' title='bbox 3422 1667 3556 1748; x_wconf 80' lang='lat' dir='ltr'><strong>dicit</strong></span> 
     </span>
     <span class='ocr_line' id='line_1_98' title="bbox 2018 1734 3554 1786; baseline 0 0"><span class='ocrx_word' id='word_1_658' title='bbox 2018 1734 2112 1786; x_wconf 82' lang='lat' dir='ltr'><strong>sal.</strong></span> <span class='ocrx_word' id='word_1_659' title='bbox 2146 1734 2536 1786; x_wconf 81' lang='lat' dir='ltr'><strong>:Ambulabunt</strong></span> <span class='ocrx_word' id='word_1_660' title='bbox 2557 1737 2620 1786; x_wconf 85' lang='lat' dir='ltr'><strong>de</strong></span> <span class='ocrx_word' id='word_1_661' title='bbox 2656 1747 2841 1786; x_wconf 75' lang='lat' dir='ltr'><strong>virtute</strong></span> <span class='ocrx_word' id='word_1_662' title='bbox 2878 1753 2933 1786; x_wconf 73' lang='grc' dir='ltr'><strong>ιη</strong></span> <span class='ocrx_word' id='word_1_663' title='bbox 2976 1747 3214 1786; x_wconf 71' lang='lat' dir='ltr'><strong>virtutem</strong></span> <span class='ocrx_word' id='word_1_664' title='bbox 3237 1754 3254 1786; x_wconf 89' lang='lat'><strong><em>:</em></strong></span> <span class='ocrx_word' id='word_1_665' title='bbox 3297 1737 3554 1786; x_wconf 71' lang='lat' dir='ltr'><strong>uidebitur</strong></span> 
     </span>
    </p>
   </div>
   <div class='ocr_carea' id='block_1_98' title="bbox 2018 1734 3554 1793">
    <p class='ocr_par' dir='ltr' id='par_1_98' title="bbox 2018 1734 3554 1793">
     <span class='ocr_line' id='line_1_99' title="bbox 2018 1734 3554 1793; baseline 0.002 -6"><span class='ocrx_word' id='word_1_666' title='bbox 2018 1734 2112 1787; x_wconf 87' lang='lat' dir='ltr'><strong>sal.</strong></span> <span class='ocrx_word' id='word_1_667' title='bbox 2146 1734 2536 1788; x_wconf 83' lang='lat' dir='ltr'><strong>:Ambulabunt</strong></span> <span class='ocrx_word' id='word_1_668' title='bbox 2557 1737 2620 1790; x_wconf 86' lang='lat' dir='ltr'><strong>de</strong></span> <span class='ocrx_word' id='word_1_669' title='bbox 2656 1734 2841 1790; x_wconf 76' lang='lat' dir='ltr'><strong>virtute</strong></span> <span class='ocrx_word' id='word_1_670' title='bbox 2878 1737 2933 1791; x_wconf 84' lang='lat' dir='ltr'><strong>in</strong></span> <span class='ocrx_word' id='word_1_671' title='bbox 2976 1739 3254 1793; x_wconf 83' lang='lat' dir='ltr'><strong>virtutem:</strong></span> <span class='ocrx_word' id='word_1_672' title='bbox 3297 1737 3554 1792; x_wconf 82' lang='lat' dir='ltr'><strong>videbitur</strong></span> 
     </span>
    </p>
   </div>
   <div class='ocr_carea' id='block_1_99' title="bbox 1975 1803 3550 1876">
    <p class='ocr_par' dir='ltr' id='par_1_99' title="bbox 1975 1803 3550 1876">
     <span class='ocr_line' id='line_1_100' title="bbox 1975 1803 3550 1876; baseline 0.003 -20"><span class='ocrx_word' id='word_1_673' title='bbox 1975 1803 2114 1876; x_wconf 80' lang='lat' dir='ltr'><strong>Deus</strong></span> <span class='ocrx_word' id='word_1_674' title='bbox 2155 1804 2370 1876; x_wconf 87' lang='lat' dir='ltr'><strong>deorum</strong></span> <span class='ocrx_word' id='word_1_675' title='bbox 2406 1808 2461 1876; x_wconf 82' lang='lat' dir='ltr'><strong>in</strong></span> <span class='ocrx_word' id='word_1_676' title='bbox 2502 1805 2662 1865; x_wconf 80' lang='lat' dir='ltr'><strong>Sion:</strong></span> <span class='ocrx_word' id='word_1_677' title='bbox 2705 1813 2758 1859; x_wconf 91' lang='lat' dir='ltr'><strong>et</strong></span> <span class='ocrx_word' id='word_1_678' title='bbox 2800 1806 2966 1862; x_wconf 90' lang='lat' dir='ltr'><strong>alibi:</strong></span> <span class='ocrx_word' id='word_1_679' title='bbox 3015 1807 3211 1861; x_wconf 86' lang='lat' dir='ltr'><strong>Factus</strong></span> <span class='ocrx_word' id='word_1_680' title='bbox 3242 1809 3397 1862; x_wconf 82' lang='lat' dir='ltr'><strong>estin</strong></span> <span class='ocrx_word' id='word_1_681' title='bbox 3422 1822 3550 1876; x_wconf 85' lang='lat' dir='ltr'><strong>pace</strong></span> 
     </span>
    </p>
   </div>
   <div class='ocr_carea' id='block_1_100' title="bbox 1975 1872 3548 1946">
    <p class='ocr_par' dir='ltr' id='par_1_100' title="bbox 1975 1872 3548 1946">
     <span class='ocr_line' id='line_1_101' title="bbox 1975 1872 3548 1946; baseline 0.003 -20"><span class='ocrx_word' id='word_1_682' title='bbox 1975 1872 2118 1927; x_wconf 82' lang='lat' dir='ltr'><strong>locus</strong></span> <span class='ocrx_word' id='word_1_683' title='bbox 2160 1875 2299 1946; x_wconf 86' lang='lat' dir='ltr'><strong>ejus,</strong></span> <span class='ocrx_word' id='word_1_684' title='bbox 2341 1883 2389 1946; x_wconf 84' lang='lat' dir='ltr'><strong>et</strong></span> <span class='ocrx_word' id='word_1_685' title='bbox 2427 1875 2681 1929; x_wconf 84' lang='lat' dir='ltr'><strong>habitatio</strong></span> <span class='ocrx_word' id='word_1_686' title='bbox 2724 1877 2837 1946; x_wconf 87' lang='lat' dir='ltr'><strong>ejus</strong></span> <span class='ocrx_word' id='word_1_687' title='bbox 2877 1877 2936 1930; x_wconf 87' lang='lat' dir='ltr'><strong>in</strong></span> <span class='ocrx_word' id='word_1_688' title='bbox 2977 1876 3125 1932; x_wconf 90' lang='lat' dir='ltr'><strong>Sion.</strong></span> <span class='ocrx_word' id='word_1_689' title='bbox 3189 1877 3257 1932; x_wconf 87' lang='lat' dir='ltr'><strong>Et</strong></span> <span class='ocrx_word' id='word_1_690' title='bbox 3299 1872 3548 1931; x_wconf 35' lang='lat' dir='ltr'><strong>hoc-rite</strong></span> 
     </span>
    </p>
   </div>
   <div class='ocr_carea' id='block_1_101' title="bbox 1975 1945 3556 2016">
    <p class='ocr_par' dir='ltr' id='par_1_101' title="bbox 1975 1945 3556 2016">
     <span class='ocr_line' id='line_1_102' title="bbox 1975 1945 3556 2016; baseline 0.001 -18"><span class='ocrx_word' id='word_1_691' title='bbox 1975 1959 2071 2016; x_wconf 70' lang='lat' dir='ltr'><strong>per</strong></span> <span class='ocrx_word' id='word_1_692' title='bbox 2115 1945 2418 2016; x_wconf 88' lang='lat' dir='ltr'><strong>spiritualia</strong></span> <span class='ocrx_word' id='word_1_693' title='bbox 2468 1945 2796 2001; x_wconf 87' lang='lat' dir='ltr'><strong>charismata</strong></span> <span class='ocrx_word' id='word_1_694' title='bbox 2844 1947 3240 2003; x_wconf 90' lang='lat' dir='ltr'><strong>innotescitur:</strong></span> <span class='ocrx_word' id='word_1_695' title='bbox 3291 1948 3416 2015; x_wconf 90' lang='lat' dir='ltr'><strong>quia</strong></span> <span class='ocrx_word' id='word_1_696' title='bbox 3462 1961 3556 2016; x_wconf 90' lang='lat' dir='ltr'><strong>per</strong></span> 
     </span>
    </p>
   </div>
   <div class='ocr_carea' id='block_1_102' title="bbox 1978 2012 3555 2088">
    <p class='ocr_par' dir='ltr' id='par_1_102' title="bbox 1978 2012 3555 2088">
     <span class='ocr_line' id='line_1_103' title="bbox 1978 2012 3555 2088; baseline 0 -20"><span class='ocrx_word' id='word_1_697' title='bbox 1978 2012 2207 2088; x_wconf 78' lang='lat' dir='ltr'><strong>Spiritus</strong></span> <span class='ocrx_word' id='word_1_698' title='bbox 2251 2015 2419 2067; x_wconf 85' lang='lat' dir='ltr'><strong>sancti</strong></span> <span class='ocrx_word' id='word_1_699' title='bbox 2465 2017 2688 2088; x_wconf 72' lang='lat' dir='ltr'><strong>gratiam</strong></span> <span class='ocrx_word' id='word_1_700' title='bbox 2733 2033 2882 2088; x_wconf 83' lang='lat' dir='ltr'><strong>omne</strong></span> <span class='ocrx_word' id='word_1_701' title='bbox 2931 2017 3112 2070; x_wconf 84' lang='lat' dir='ltr'><strong>datum</strong></span> <span class='ocrx_word' id='word_1_702' title='bbox 3156 2012 3472 2088; x_wconf 55' lang='lat' dir='ltr'><strong>optinium,&#39;</strong></span> <span class='ocrx_word' id='word_1_703' title='bbox 3505 2023 3555 2088; x_wconf 77' lang='lat' dir='ltr'><strong>et</strong></span> 
     </span>
    </p>
   </div>
   <div class='ocr_carea' id='block_1_103' title="bbox 1979 2084 3554 2154">
    <p class='ocr_par' dir='ltr' id='par_1_103' title="bbox 1979 2084 3554 2154">
     <span class='ocr_line' id='line_1_104' title="bbox 1979 2084 3554 2154; baseline 0.001 -18"><span class='ocrx_word' id='word_1_704' title='bbox 1979 2100 2126 2154; x_wconf 91' lang='lat' dir='ltr'><strong>omne</strong></span> <span class='ocrx_word' id='word_1_705' title='bbox 2157 2084 2354 2138; x_wconf 84' lang='lat' dir='ltr'><strong>donum</strong></span> <span class='ocrx_word' id='word_1_706' title='bbox 2383 2086 2666 2154; x_wconf 81' lang='lat' dir='ltr'><strong>perfectum</strong></span> <span class='ocrx_word' id='word_1_707' title='bbox 2701 2087 2846 2139; x_wconf 84' lang='lat' dir='ltr'><strong>nobis</strong></span> <span class='ocrx_word' id='word_1_708' title='bbox 2878 2084 3196 2140; x_wconf 57' lang='lat' dir='ltr'><strong>conceditur;</strong></span> <span class='ocrx_word' id='word_1_709' title='bbox 3240 2087 3409 2142; x_wconf 83' lang='lat' dir='ltr'><strong>Recte</strong></span> <span class='ocrx_word' id='word_1_710' title='bbox 3436 2085 3554 2154; x_wconf 85' lang='lat' dir='ltr'><strong>qui-</strong></span> 
     </span>
    </p>
   </div>
   <div class='ocr_carea' id='block_1_104' title="bbox 1977 2153 3552 2226">
    <p class='ocr_par' dir='ltr' id='par_1_104' title="bbox 1977 2153 3552 2226">
     <span class='ocr_line' id='line_1_105' title="bbox 1977 2153 3552 2226; baseline 0.001 -20"><span class='ocrx_word' id='word_1_711' title='bbox 1977 2153 2099 2226; x_wconf 87' lang='lat' dir='ltr'><strong>dem</strong></span> <span class='ocrx_word' id='word_1_712' title='bbox 2135 2154 2190 2207; x_wconf 92' lang='lat' dir='ltr'><strong>hi</strong></span> <span class='ocrx_word' id='word_1_713' title='bbox 2225 2154 2425 2226; x_wconf 82' lang='lat' dir='ltr'><strong>gradus</strong></span> <span class='ocrx_word' id='word_1_714' title='bbox 2457 2153 2511 2208; x_wconf 91' lang='lat' dir='ltr'><strong>in</strong></span> <span class='ocrx_word' id='word_1_715' title='bbox 2546 2167 2748 2226; x_wconf 75' lang='lat' dir='ltr'><strong>sanctae</strong></span> <span class='ocrx_word' id='word_1_716' title='bbox 2770 2157 2949 2211; x_wconf 90' lang='lat' dir='ltr'><strong>crucis</strong></span> <span class='ocrx_word' id='word_1_717' title='bbox 2970 2155 3143 2211; x_wconf 89' lang='lat' dir='ltr'><strong>forma</strong></span> <span class='ocrx_word' id='word_1_718' title='bbox 3168 2153 3552 2224; x_wconf 84' lang='lat' dir='ltr'><strong>disponuntur,</strong></span> 
     </span>
    </p>
   </div>
   <div class='ocr_carea' id='block_1_105' title="bbox 1973 2223 3555 2348">
    <p class='ocr_par' dir='ltr' id='par_1_105' title="bbox 1973 2223 3555 2348">
     <span class='ocr_line' id='line_1_106' title="bbox 1973 2223 3555 2348; baseline 0.005 -72"><span class='ocrx_word' id='word_1_719' title='bbox 1973 2223 2099 2348; x_wconf 58' lang='lat' dir='ltr'><strong>auia</strong></span> <span class='ocrx_word' id='word_1_720' title='bbox 2143 2223 2249 2294; x_wconf 72' lang='lat' dir='ltr'><strong>per</strong></span> <span class='ocrx_word' id='word_1_721' title='bbox 2282 2226 2451 2292; x_wconf 90' lang='lat' dir='ltr'><strong>ipsam</strong></span> <span class='ocrx_word' id='word_1_722' title='bbox 2495 2227 2562 2278; x_wconf 91' lang='lat' dir='ltr'><strong>ad</strong></span> <span class='ocrx_word' id='word_1_723' title='bbox 2606 2225 2827 2280; x_wconf 77' lang='lat' dir='ltr'><strong>caeleste</strong></span> <span class='ocrx_word' id='word_1_724' title='bbox 2868 2241 3094 2296; x_wconf 83' lang='lat' dir='ltr'><strong>regnum</strong></span> <span class='ocrx_word' id='word_1_725' title='bbox 3130 2223 3268 2281; x_wconf 81' lang='lat' dir='ltr'><strong>vere</strong></span> <span class='ocrx_word' id='word_1_726' title='bbox 3295 2239 3555 2284; x_wconf 85' lang='lat' dir='ltr'><strong>conscen-</strong></span> 
     </span>
     <span class='ocr_line' id='line_1_107' title="bbox 2011 2293 3553 2348; baseline 0.001 -2"><span class='ocrx_word' id='word_1_727' title='bbox 2011 2293 2141 2347; x_wconf 90' lang='lat' dir='ltr'><strong>itur.</strong></span> <span class='ocrx_word' id='word_1_728' title='bbox 2192 2293 2300 2348; x_wconf 89' lang='lat' dir='ltr'><strong>Sed</strong></span> <span class='ocrx_word' id='word_1_729' title='bbox 2325 2295 2450 2348; x_wconf 90' lang='lat' dir='ltr'><strong>auia</strong></span> <span class='ocrx_word' id='word_1_730' title='bbox 2479 2295 2596 2348; x_wconf 73' lang='lat' dir='ltr'><strong>dua:</strong></span> <span class='ocrx_word' id='word_1_731' title='bbox 2623 2304 2802 2348; x_wconf 82' lang='lat' dir='ltr'><strong>partes</strong></span> <span class='ocrx_word' id='word_1_732' title='bbox 2843 2304 3043 2348; x_wconf 62' lang='lat' dir='ltr'><strong>sanctae</strong></span> <span class='ocrx_word' id='word_1_733' title='bbox 3068 2297 3244 2348; x_wconf 90' lang='lat' dir='ltr'><strong>crucis</strong></span> <span class='ocrx_word' id='word_1_734' title='bbox 3270 2305 3418 2348; x_wconf 90' lang='lat' dir='ltr'><strong>sunt.</strong></span> <span class='ocrx_word' id='word_1_735' title='bbox 3447 2309 3553 2348; x_wconf 88' lang='lat' dir='ltr'><strong>una</strong></span> 
     </span>
    </p>
   </div>
   <div class='ocr_carea' id='block_1_106' title="bbox 2011 2293 3553 2364">
    <p class='ocr_par' dir='ltr' id='par_1_106' title="bbox 2011 2293 3553 2364">
     <span class='ocr_line' id='line_1_108' title="bbox 2011 2293 3553 2364; baseline 0.002 -18"><span class='ocrx_word' id='word_1_736' title='bbox 2011 2293 2157 2347; x_wconf 34' lang='lat' dir='ltr'><strong>itur.’</strong></span> <span class='ocrx_word' id='word_1_737' title='bbox 2192 2293 2300 2348; x_wconf 89' lang='lat' dir='ltr'><strong>Sed</strong></span> <span class='ocrx_word' id='word_1_738' title='bbox 2325 2295 2450 2363; x_wconf 90' lang='lat' dir='ltr'><strong>quia</strong></span> <span class='ocrx_word' id='word_1_739' title='bbox 2479 2295 2596 2348; x_wconf 69' lang='lat' dir='ltr'><strong>dua:</strong></span> <span class='ocrx_word' id='word_1_740' title='bbox 2623 2304 2802 2364; x_wconf 89' lang='lat' dir='ltr'><strong>partes</strong></span> <span class='ocrx_word' id='word_1_741' title='bbox 2843 2293 3043 2350; x_wconf 68' lang='lat' dir='ltr'><strong>sancta:</strong></span> <span class='ocrx_word' id='word_1_742' title='bbox 3068 2297 3244 2351; x_wconf 91' lang='lat' dir='ltr'><strong>crucis</strong></span> <span class='ocrx_word' id='word_1_743' title='bbox 3270 2305 3418 2358; x_wconf 91' lang='lat' dir='ltr'><strong>sunt,</strong></span> <span class='ocrx_word' id='word_1_744' title='bbox 3447 2309 3553 2349; x_wconf 91' lang='lat' dir='ltr'><strong>una</strong></span> 
     </span>
    </p>
   </div>
   <div class='ocr_carea' id='block_1_107' title="bbox 1973 2364 3553 2436">
    <p class='ocr_par' dir='ltr' id='par_1_107' title="bbox 1973 2364 3553 2436">
     <span class='ocr_line' id='line_1_109' title="bbox 1973 2364 3553 2436; baseline 0.004 -19"><span class='ocrx_word' id='word_1_745' title='bbox 1973 2377 2093 2436; x_wconf 65' lang='lat' dir='ltr'><strong>qua:</strong></span> <span class='ocrx_word' id='word_1_746' title='bbox 2127 2374 2309 2420; x_wconf 89' lang='lat' dir='ltr'><strong>erecta</strong></span> <span class='ocrx_word' id='word_1_747' title='bbox 2333 2373 2469 2436; x_wconf 10' lang='lat' dir='ltr'><strong>istat,</strong></span> <span class='ocrx_word' id='word_1_748' title='bbox 2503 2364 2671 2420; x_wconf 89' lang='lat' dir='ltr'><strong>altera</strong></span> <span class='ocrx_word' id='word_1_749' title='bbox 2709 2380 2826 2434; x_wconf 67' lang='lat' dir='ltr'><strong>qum</strong></span> <span class='ocrx_word' id='word_1_750' title='bbox 2858 2381 2957 2436; x_wconf 90' lang='lat' dir='ltr'><strong>per</strong></span> <span class='ocrx_word' id='word_1_751' title='bbox 2991 2365 3553 2436; x_wconf 13' lang='lat' dir='ltr'><strong>transversumvadiit.</strong></span> 
     </span>
    </p>
   </div>
   <div class='ocr_carea' id='block_1_108' title="bbox 1972 2432 3556 2504">
    <p class='ocr_par' dir='ltr' id='par_1_108' title="bbox 1972 2432 3556 2504">
     <span class='ocr_line' id='line_1_110' title="bbox 1972 2432 3556 2504; baseline 0 -17"><span class='ocrx_word' id='word_1_752' title='bbox 1972 2432 2045 2504; x_wconf 88' lang='lat' dir='ltr'><strong>ita</strong></span> <span class='ocrx_word' id='word_1_753' title='bbox 2090 2435 2290 2503; x_wconf 91' lang='lat' dir='ltr'><strong>gradus</strong></span> <span class='ocrx_word' id='word_1_754' title='bbox 2328 2435 2430 2504; x_wconf 88' lang='lat' dir='ltr'><strong>ipsi</strong></span> <span class='ocrx_word' id='word_1_755' title='bbox 2473 2443 2597 2491; x_wconf 92' lang='lat' dir='ltr'><strong>octo</strong></span> <span class='ocrx_word' id='word_1_756' title='bbox 2640 2432 3031 2491; x_wconf 79' lang='lat' dir='ltr'><strong>beatitudinum</strong></span> <span class='ocrx_word' id='word_1_757' title='bbox 3078 2451 3110 2490; x_wconf 90' lang='lat' dir='ltr'><strong>a</strong></span> <span class='ocrx_word' id='word_1_758' title='bbox 3158 2437 3315 2491; x_wconf 93' lang='lat' dir='ltr'><strong>nobis</strong></span> <span class='ocrx_word' id='word_1_759' title='bbox 3361 2435 3415 2489; x_wconf 92' lang='lat' dir='ltr'><strong>in</strong></span> <span class='ocrx_word' id='word_1_760' title='bbox 3461 2434 3556 2488; x_wconf 86' lang='lat' dir='ltr'><strong>illa</strong></span> 
     </span>
    </p>
   </div>
   <div class='ocr_carea' id='block_1_109' title="bbox 1971 2503 3556 2576">
    <p class='ocr_par' dir='ltr' id='par_1_109' title="bbox 1971 2503 3556 2576">
     <span class='ocr_line' id='line_1_111' title="bbox 1971 2503 3556 2576; baseline 0.001 -18"><span class='ocrx_word' id='word_1_761' title='bbox 1971 2503 2217 2576; x_wconf 80' lang='lat' dir='ltr'><strong>dispositi</strong></span> <span class='ocrx_word' id='word_1_762' title='bbox 2254 2503 2400 2568; x_wconf 84' lang='lat' dir='ltr'><strong>sunt,</strong></span> <span class='ocrx_word' id='word_1_763' title='bbox 2427 2512 2487 2558; x_wconf 92' lang='lat' dir='ltr'><strong>ut</strong></span> <span class='ocrx_word' id='word_1_764' title='bbox 2517 2507 2584 2560; x_wconf 90' lang='lat' dir='ltr'><strong>ab</strong></span> <span class='ocrx_word' id='word_1_765' title='bbox 2611 2505 2718 2560; x_wconf 91' lang='lat' dir='ltr'><strong>imo</strong></span> <span class='ocrx_word' id='word_1_766' title='bbox 2743 2521 2913 2576; x_wconf 90' lang='lat' dir='ltr'><strong>usque</strong></span> <span class='ocrx_word' id='word_1_767' title='bbox 2939 2506 3007 2560; x_wconf 92' lang='lat' dir='ltr'><strong>ad</strong></span> <span class='ocrx_word' id='word_1_768' title='bbox 3030 2504 3267 2560; x_wconf 90' lang='lat' dir='ltr'><strong>medium</strong></span> <span class='ocrx_word' id='word_1_769' title='bbox 3293 2506 3348 2560; x_wconf 91' lang='lat' dir='ltr'><strong>in</strong></span> <span class='ocrx_word' id='word_1_770' title='bbox 3371 2510 3556 2576; x_wconf 82' lang='lat' dir='ltr'><strong>erecta</strong></span> 
     </span>
    </p>
   </div>
   <div class='ocr_carea' id='block_1_110' title="bbox 1969 2571 3550 2647">
    <p class='ocr_par' dir='ltr' id='par_1_110' title="bbox 1969 2571 3550 2647">
     <span class='ocr_line' id='line_1_112' title="bbox 1969 2571 3550 2647; baseline 0.001 -20"><span class='ocrx_word' id='word_1_771' title='bbox 1969 2571 2088 2641; x_wconf 77' lang='lat' dir='ltr'><strong>ejus</strong></span> <span class='ocrx_word' id='word_1_772' title='bbox 2107 2585 2264 2644; x_wconf 90' lang='lat' dir='ltr'><strong>parte</strong></span> <span class='ocrx_word' id='word_1_773' title='bbox 2283 2575 2630 2640; x_wconf 88' lang='lat' dir='ltr'><strong>ascendatur,</strong></span> <span class='ocrx_word' id='word_1_774' title='bbox 2658 2585 2713 2631; x_wconf 90' lang='lat' dir='ltr'><strong>et</strong></span> <span class='ocrx_word' id='word_1_775' title='bbox 2747 2571 2875 2632; x_wconf 79' lang='lat' dir='ltr'><strong>tunc</strong></span> <span class='ocrx_word' id='word_1_776' title='bbox 2896 2591 2995 2647; x_wconf 89' lang='lat' dir='ltr'><strong>per</strong></span> <span class='ocrx_word' id='word_1_777' title='bbox 3016 2585 3380 2647; x_wconf 86' lang='lat' dir='ltr'><strong>transversam</strong></span> <span class='ocrx_word' id='word_1_778' title='bbox 3407 2573 3550 2628; x_wconf 88' lang='lat' dir='ltr'><strong>illius</strong></span> 
     </span>
    </p>
   </div>
   <div class='ocr_carea' id='block_1_111' title="bbox 1967 2645 3548 2712">
    <p class='ocr_par' dir='ltr' id='par_1_111' title="bbox 1967 2645 3548 2712">
     <span class='ocr_line' id='line_1_113' title="bbox 1967 2645 3548 2712; baseline 0.001 -16"><span class='ocrx_word' id='word_1_779' title='bbox 1967 2653 2200 2712; x_wconf 88' lang='lat' dir='ltr'><strong>partem,</strong></span> <span class='ocrx_word' id='word_1_780' title='bbox 2226 2647 2559 2700; x_wconf 80' lang='lat' dir='ltr'><strong>ascensionis</strong></span> <span class='ocrx_word' id='word_1_781' title='bbox 2589 2648 2722 2702; x_wconf 93' lang='lat' dir='ltr'><strong>ordo</strong></span> <span class='ocrx_word' id='word_1_782' title='bbox 2759 2645 3006 2702; x_wconf 76' lang='lat' dir='ltr'><strong>ducatur.</strong></span> <span class='ocrx_word' id='word_1_783' title='bbox 3054 2646 3257 2701; x_wconf 91' lang='lat' dir='ltr'><strong>Deinde</strong></span> <span class='ocrx_word' id='word_1_784' title='bbox 3284 2645 3340 2699; x_wconf 92' lang='lat' dir='ltr'><strong>in</strong></span> <span class='ocrx_word' id='word_1_785' title='bbox 3366 2653 3548 2698; x_wconf 86' lang='lat' dir='ltr'><strong>erecta</strong></span> 
     </span>
    </p>
   </div>
   <div class='ocr_carea' id='block_1_112' title="bbox 1968 2712 3557 2785">
    <p class='ocr_par' dir='ltr' id='par_1_112' title="bbox 1968 2712 3557 2785">
     <span class='ocr_line' id='line_1_114' title="bbox 1968 2712 3557 2785; baseline 0 -17"><span class='ocrx_word' id='word_1_786' title='bbox 1968 2712 2084 2785; x_wconf 85' lang='lat' dir='ltr'><strong>ejus</strong></span> <span class='ocrx_word' id='word_1_787' title='bbox 2122 2725 2294 2785; x_wconf 88' lang='lat' dir='ltr'><strong>parte,</strong></span> <span class='ocrx_word' id='word_1_788' title='bbox 2338 2715 2393 2770; x_wconf 92' lang='lat' dir='ltr'><strong>in</strong></span> <span class='ocrx_word' id='word_1_789' title='bbox 2435 2730 2497 2769; x_wconf 91' lang='lat' dir='ltr'><strong>ea</strong></span> <span class='ocrx_word' id='word_1_790' title='bbox 2534 2732 2654 2785; x_wconf 72' lang='lat' dir='ltr'><strong>qua:</strong></span> <span class='ocrx_word' id='word_1_791' title='bbox 2693 2725 3002 2773; x_wconf 87' lang='lat' dir='ltr'><strong>transverso</strong></span> <span class='ocrx_word' id='word_1_792' title='bbox 3037 2717 3257 2781; x_wconf 90' lang='lat' dir='ltr'><strong>eminet,</strong></span> <span class='ocrx_word' id='word_1_793' title='bbox 3297 2726 3557 2770; x_wconf 86' lang='lat' dir='ltr'><strong>ascensus</strong></span> 
     </span>
    </p>
   </div>
   <div class='ocr_carea' id='block_1_113' title="bbox 1967 2784 3549 2854">
    <p class='ocr_par' dir='ltr' id='par_1_113' title="bbox 1967 2784 3549 2854">
     <span class='ocr_line' id='line_1_115' title="bbox 1967 2784 3549 2854; baseline -0.001 -16"><span class='ocrx_word' id='word_1_794' title='bbox 1967 2784 2057 2840; x_wconf 89' lang='lat' dir='ltr'><strong>ille</strong></span> <span class='ocrx_word' id='word_1_795' title='bbox 2087 2784 2342 2840; x_wconf 78' lang='lat' dir='ltr'><strong>finiatur:</strong></span> <span class='ocrx_word' id='word_1_796' title='bbox 2381 2787 2526 2854; x_wconf 89' lang='lat' dir='ltr'><strong>quod</strong></span> <span class='ocrx_word' id='word_1_797' title='bbox 2553 2784 2784 2841; x_wconf 84' lang='lat' dir='ltr'><strong>cuilibet</strong></span> <span class='ocrx_word' id='word_1_798' title='bbox 2817 2787 2973 2842; x_wconf 87' lang='lat' dir='ltr'><strong>facile</strong></span> <span class='ocrx_word' id='word_1_799' title='bbox 3005 2787 3228 2854; x_wconf 88' lang='lat' dir='ltr'><strong>patebit,</strong></span> <span class='ocrx_word' id='word_1_800' title='bbox 3257 2786 3302 2840; x_wconf 90' lang='lat' dir='ltr'><strong>si</strong></span> <span class='ocrx_word' id='word_1_801' title='bbox 3328 2797 3549 2848; x_wconf 91' lang='lat' dir='ltr'><strong>versus,</strong></span> 
     </span>
    </p>
   </div>
   <div class='ocr_carea' id='block_1_114' title="bbox 1967 2856 3245 2926">
    <p class='ocr_par' dir='ltr' id='par_1_114' title="bbox 1967 2856 3245 2926">
     <span class='ocr_line' id='line_1_116' title="bbox 1967 2856 3245 2926; baseline 0.001 -17"><span class='ocrx_word' id='word_1_802' title='bbox 1967 2870 2104 2926; x_wconf 80' lang='lat' dir='ltr'><strong>quos</strong></span> <span class='ocrx_word' id='word_1_803' title='bbox 2133 2857 2186 2910; x_wconf 91' lang='lat' dir='ltr'><strong>in</strong></span> <span class='ocrx_word' id='word_1_804' title='bbox 2211 2871 2277 2910; x_wconf 90' lang='lat' dir='ltr'><strong>ea</strong></span> <span class='ocrx_word' id='word_1_805' title='bbox 2302 2856 2740 2924; x_wconf 91' lang='lat' dir='ltr'><strong>conscripsimus,</strong></span> <span class='ocrx_word' id='word_1_806' title='bbox 2771 2858 2872 2912; x_wconf 89' lang='lat' dir='ltr'><strong>rite</strong></span> <span class='ocrx_word' id='word_1_807' title='bbox 2897 2856 3245 2911; x_wconf 81' lang='lat' dir='ltr'><strong>intellexerit.</strong></span> 
     </span>
    </p>
   </div>
   <div class='ocr_carea' id='block_1_115' title="bbox 2037 2925 3548 2996">
    <p class='ocr_par' dir='ltr' id='par_1_115' title="bbox 2037 2925 3548 2996">
     <span class='ocr_line' id='line_1_117' title="bbox 2037 2925 3548 2996; baseline -0.001 -17"><span class='ocrx_word' id='word_1_808' title='bbox 2037 2925 2224 2980; x_wconf 90' lang='lat' dir='ltr'><strong>Potest</strong></span> <span class='ocrx_word' id='word_1_809' title='bbox 2265 2926 2464 2995; x_wconf 91' lang='lat' dir='ltr'><strong>quippe</strong></span> <span class='ocrx_word' id='word_1_810' title='bbox 2506 2934 2561 2979; x_wconf 92' lang='lat' dir='ltr'><strong>et</strong></span> <span class='ocrx_word' id='word_1_811' title='bbox 2601 2926 2654 2980; x_wconf 92' lang='lat' dir='ltr'><strong>in</strong></span> <span class='ocrx_word' id='word_1_812' title='bbox 2696 2927 2812 2996; x_wconf 90' lang='lat' dir='ltr'><strong>ipsa</strong></span> <span class='ocrx_word' id='word_1_813' title='bbox 2853 2925 3390 2996; x_wconf 18' lang='lat' dir='ltr'><strong>divisioneipartium</strong></span> <span class='ocrx_word' id='word_1_814' title='bbox 3419 2936 3548 2978; x_wconf 82' lang='lat' dir='ltr'><strong>con-</strong></span> 
     </span>
    </p>
   </div>
   <div class='ocr_carea' id='block_1_116' title="bbox 1966 2995 3548 3078">
    <p class='ocr_par' dir='ltr' id='par_1_116' title="bbox 1966 2995 3548 3078">
     <span class='ocr_line' id='line_1_118' title="bbox 1966 2995 3548 3078; baseline -0.001 -30"><span class='ocrx_word' id='word_1_815' title='bbox 1966 2997 2208 3077; x_wconf 43' lang='lat' dir='ltr'><strong>veniens.</strong></span> <span class='ocrx_word' id='word_1_816' title='bbox 2230 3010 2419 3077; x_wconf 72' lang='lat' dir='ltr'><strong>earum</strong></span> <span class='ocrx_word' id='word_1_817' title='bbox 2459 2995 2741 3066; x_wconf 88' lang='lat' dir='ltr'><strong>dispositio</strong></span> <span class='ocrx_word' id='word_1_818' title='bbox 2785 2996 3080 3078; x_wconf 58' lang='lat' dir='ltr'><strong>cognosci.&quot;</strong></span> <span class='ocrx_word' id='word_1_819' title='bbox 3107 2995 3242 3049; x_wconf 87' lang='lat' dir='ltr'><strong>Nam</strong></span> <span class='ocrx_word' id='word_1_820' title='bbox 3277 2996 3332 3049; x_wconf 90' lang='lat' dir='ltr'><strong>in</strong></span> <span class='ocrx_word' id='word_1_821' title='bbox 3365 3000 3548 3078; x_wconf 71' lang='lat' dir='ltr'><strong>erecto</strong></span> 
     </span>
    </p>
   </div>
   <div class='ocr_carea' id='block_1_117' title="bbox 1967 3062 3544 3137">
    <p class='ocr_par' dir='ltr' id='par_1_117' title="bbox 1967 3062 3544 3137">
     <span class='ocr_line' id='line_1_119' title="bbox 1967 3062 3544 3137; baseline -0.003 -16"><span class='ocrx_word' id='word_1_822' title='bbox 1967 3066 2150 3134; x_wconf 91' lang='lat' dir='ltr'><strong>stipite</strong></span> <span class='ocrx_word' id='word_1_823' title='bbox 2194 3066 2249 3120; x_wconf 89' lang='lat' dir='ltr'><strong>in</strong></span> <span class='ocrx_word' id='word_1_824' title='bbox 2293 3067 2420 3131; x_wconf 91' lang='lat' dir='ltr'><strong>imo,</strong></span> <span class='ocrx_word' id='word_1_825' title='bbox 2448 3062 2712 3136; x_wconf 83' lang='lat' dir='ltr'><strong>pauperes</strong></span> <span class='ocrx_word' id='word_1_826' title='bbox 2749 3062 2942 3137; x_wconf 82' lang='lat' dir='ltr'><strong>spiritu</strong></span> <span class='ocrx_word' id='word_1_827' title='bbox 2980 3065 3341 3131; x_wconf 89' lang='lat' dir='ltr'><strong>collocantur;</strong></span> <span class='ocrx_word' id='word_1_828' title='bbox 3389 3071 3446 3137; x_wconf 80' lang='lat' dir='ltr'><strong>et</strong></span> <span class='ocrx_word' id='word_1_829' title='bbox 3485 3062 3544 3137; x_wconf 88' lang='lat' dir='ltr'><strong>in</strong></span> 
     </span>
    </p>
   </div>
   <div class='ocr_carea' id='block_1_118' title="bbox 1966 3132 3548 3208">
    <p class='ocr_par' dir='ltr' id='par_1_118' title="bbox 1966 3132 3548 3208">
     <span class='ocr_line' id='line_1_120' title="bbox 1966 3132 3548 3208; baseline -0.004 -16"><span class='ocrx_word' id='word_1_830' title='bbox 1966 3132 2220 3208; x_wconf 82' lang='lat' dir='ltr'><strong>supremo</strong></span> <span class='ocrx_word' id='word_1_831' title='bbox 2238 3137 2341 3208; x_wconf 84' lang='lat' dir='ltr'><strong>qui</strong></span> <span class='ocrx_word' id='word_1_832' title='bbox 2373 3132 2803 3208; x_wconf 70' lang='lat' dir='ltr'><strong>persecutionem</strong></span> <span class='ocrx_word' id='word_1_833' title='bbox 2841 3137 3119 3206; x_wconf 89' lang='lat' dir='ltr'><strong>patiuntur</strong></span> <span class='ocrx_word' id='word_1_834' title='bbox 3142 3144 3364 3208; x_wconf 78' lang='lat' dir='ltr'><strong>propter</strong></span> <span class='ocrx_word' id='word_1_835' title='bbox 3383 3132 3548 3208; x_wconf 82' lang='lat' dir='ltr'><strong>justi—</strong></span> 
     </span>
    </p>
   </div>
   <div class='ocr_carea' id='block_1_119' title="bbox 1964 3204 3544 3278">
    <p class='ocr_par' dir='ltr' id='par_1_119' title="bbox 1964 3204 3544 3278">
     <span class='ocr_line' id='line_1_121' title="bbox 1964 3204 3544 3278; baseline -0.003 -18"><span class='ocrx_word' id='word_1_836' title='bbox 1964 3204 2130 3278; x_wconf 82' lang='lat' dir='ltr'><strong>tiam:</strong></span> <span class='ocrx_word' id='word_1_837' title='bbox 2158 3204 2354 3276; x_wconf 83' lang='lat' dir='ltr'><strong>quibus</strong></span> <span class='ocrx_word' id='word_1_838' title='bbox 2373 3204 2625 3278; x_wconf 74' lang='lat' dir='ltr'><strong>utrisque</strong></span> <span class='ocrx_word' id='word_1_839' title='bbox 2652 3204 2874 3277; x_wconf 83' lang='lat' dir='ltr'><strong>regnum</strong></span> <span class='ocrx_word' id='word_1_840' title='bbox 2903 3204 3162 3278; x_wconf 62' lang='lat' dir='ltr'><strong>caelorum</strong></span> <span class='ocrx_word' id='word_1_841' title='bbox 3189 3204 3544 3278; x_wconf 68' lang='lat' dir='ltr'><strong>promittitur,</strong></span> 
     </span>
    </p>
   </div>
   <div class='ocr_carea' id='block_1_120' title="bbox 1966 3271 3551 3346">
    <p class='ocr_par' dir='ltr' id='par_1_120' title="bbox 1966 3271 3551 3346">
     <span class='ocr_line' id='line_1_122' title="bbox 1966 3271 3551 3346; baseline -0.003 -15"><span class='ocrx_word' id='word_1_842' title='bbox 1966 3277 2092 3346; x_wconf 89' lang='lat' dir='ltr'><strong>quia</strong></span> <span class='ocrx_word' id='word_1_843' title='bbox 2148 3271 2248 3346; x_wconf 58' lang='lat' dir='ltr'><strong>p&#39;er</strong></span> <span class='ocrx_word' id='word_1_844' title='bbox 2289 3292 2476 3332; x_wconf 86' lang='lat' dir='ltr'><strong>veram</strong></span> <span class='ocrx_word' id='word_1_845' title='bbox 2533 3271 2893 3333; x_wconf 66' lang='lat' dir='ltr'><strong>humilitatem</strong></span> <span class='ocrx_word' id='word_1_846' title='bbox 2939 3271 3278 3333; x_wconf 79' lang='lat' dir='ltr'><strong>solummodo</strong></span> <span class='ocrx_word' id='word_1_847' title='bbox 3330 3275 3434 3346; x_wconf 85' lang='lat' dir='ltr'><strong>rite</strong></span> <span class='ocrx_word' id='word_1_848' title='bbox 3481 3271 3551 3327; x_wconf 89' lang='lat' dir='ltr'><strong>ad</strong></span> 
     </span>
    </p>
   </div>
   <div class='ocr_carea' id='block_1_121' title="bbox 1969 3343 3552 3419">
    <p class='ocr_par' dir='ltr' id='par_1_121' title="bbox 1969 3343 3552 3419">
     <span class='ocr_line' id='line_1_123' title="bbox 1969 3343 3552 3419; baseline -0.003 -19"><span class='ocrx_word' id='word_1_849' title='bbox 1969 3343 2216 3417; x_wconf 76' lang='lat' dir='ltr'><strong>martyrii</strong></span> <span class='ocrx_word' id='word_1_850' title='bbox 2250 3347 2486 3419; x_wconf 88' lang='lat' dir='ltr'><strong>palmam</strong></span> <span class='ocrx_word' id='word_1_851' title='bbox 2523 3356 2578 3402; x_wconf 90' lang='lat' dir='ltr'><strong>et</strong></span> <span class='ocrx_word' id='word_1_852' title='bbox 2601 3349 2670 3403; x_wconf 91' lang='lat' dir='ltr'><strong>ad</strong></span> <span class='ocrx_word' id='word_1_853' title='bbox 2695 3364 2920 3419; x_wconf 82' lang='lat' dir='ltr'><strong>regnum</strong></span> <span class='ocrx_word' id='word_1_854' title='bbox 2954 3348 3176 3419; x_wconf 73' lang='lat' dir='ltr'><strong>cmlcste</strong></span> <span class='ocrx_word' id='word_1_855' title='bbox 3201 3343 3552 3415; x_wconf 85' lang='lat' dir='ltr'><strong>pervenitur;</strong></span> 
     </span>
    </p>
   </div>
   <div class='ocr_carea' id='block_1_122' title="bbox 1971 3414 3550 3488">
    <p class='ocr_par' dir='ltr' id='par_1_122' title="bbox 1971 3414 3550 3488">
     <span class='ocr_line' id='line_1_124' title="bbox 1971 3414 3550 3488; baseline -0.003 -17"><span class='ocrx_word' id='word_1_856' title='bbox 1971 3414 2132 3486; x_wconf 81' lang='lat' dir='ltr'><strong>atque</strong></span> <span class='ocrx_word' id='word_1_857' title='bbox 2161 3414 2268 3488; x_wconf 79' lang='lat' dir='ltr'><strong>pro</strong></span> <span class='ocrx_word' id='word_1_858' title='bbox 2289 3418 2520 3488; x_wconf 88' lang='lat' dir='ltr'><strong>justitia,</strong></span> <span class='ocrx_word' id='word_1_859' title='bbox 2560 3433 2679 3487; x_wconf 64' lang='lat' dir='ltr'><strong>quae</strong></span> <span class='ocrx_word' id='word_1_860' title='bbox 2701 3414 2948 3473; x_wconf 78' lang='lat' dir='ltr'><strong>Christus</strong></span> <span class='ocrx_word' id='word_1_861' title='bbox 2973 3414 3075 3480; x_wconf 71' lang='lat' dir='ltr'><strong>est,</strong></span> <span class='ocrx_word' id='word_1_862' title='bbox 3100 3414 3326 3471; x_wconf 85' lang='lat' dir='ltr'><strong>adversa</strong></span> <span class='ocrx_word' id='word_1_863' title='bbox 3354 3419 3550 3469; x_wconf 87' lang='lat' dir='ltr'><strong>cuncta</strong></span> 
     </span>
    </p>
   </div>
   <div class='ocr_carea' id='block_1_123' title="bbox 2008 3487 3553 3556">
    <p class='ocr_par' dir='ltr' id='par_1_123' title="bbox 2008 3487 3553 3556">
     <span class='ocr_line' id='line_1_125' title="bbox 2008 3487 3553 3556; baseline -0.003 -17"><span class='ocrx_word' id='word_1_864' title='bbox 2008 3487 2363 3542; x_wconf 87' lang='lat' dir='ltr'><strong>atientissime</strong></span> <span class='ocrx_word' id='word_1_865' title='bbox 2389 3487 2706 3543; x_wconf 88' lang='lat' dir='ltr'><strong>tolerantur.</strong></span> <span class='ocrx_word' id='word_1_866' title='bbox 2752 3488 2810 3542; x_wconf 90' lang='lat' dir='ltr'><strong>ln</strong></span> <span class='ocrx_word' id='word_1_867' title='bbox 2846 3497 3152 3543; x_wconf 89' lang='lat' dir='ltr'><strong>transversa</strong></span> <span class='ocrx_word' id='word_1_868' title='bbox 3187 3499 3319 3556; x_wconf 86' lang='lat' dir='ltr'><strong>vero</strong></span> <span class='ocrx_word' id='word_1_869' title='bbox 3347 3489 3553 3556; x_wconf 84' lang='lat' dir='ltr'><strong>parte_a</strong></span> 
     </span>
    </p>
   </div>
   <div class='ocr_carea' id='block_1_124' title="bbox 1967 3502 3551 3637">
    <p class='ocr_par' dir='ltr' id='par_1_124' title="bbox 1967 3502 3551 3637">
     <span class='ocr_line' id='line_1_126' title="bbox 2008 3502 3551 3556; baseline -0.003 -17"><span class='ocrx_word' id='word_1_870' title='bbox 2008 3502 2363 3542; x_wconf 73' lang='lat' dir='ltr'><strong>auenussnme</strong></span> <span class='ocrx_word' id='word_1_871' title='bbox 2389 3502 2706 3543; x_wconf 70' lang='lat' dir='ltr'><strong>torerantur.</strong></span> <span class='ocrx_word' id='word_1_872' title='bbox 2752 3502 2810 3542; x_wconf 84' lang='lat' dir='ltr'><strong>In</strong></span> <span class='ocrx_word' id='word_1_873' title='bbox 2846 3502 3152 3543; x_wconf 89' lang='lat' dir='ltr'><strong>transversa</strong></span> <span class='ocrx_word' id='word_1_874' title='bbox 3187 3502 3317 3540; x_wconf 92' lang='lat' dir='ltr'><strong>vero</strong></span> <span class='ocrx_word' id='word_1_875' title='bbox 3347 3502 3500 3556; x_wconf 79' lang='lat' dir='ltr'><strong>parte</strong></span> <span class='ocrx_word' id='word_1_876' title='bbox 3521 3502 3551 3535; x_wconf 85' lang='lat' dir='ltr'><strong>a</strong></span> 
     </span>
     <span class='ocr_line' id='line_1_127' title="bbox 1967 3502 3551 3637; baseline -0.004 -25"><span class='ocrx_word' id='word_1_877' title='bbox 1967 3502 2142 3637; x_wconf 61' lang='lat' dir='ltr'><strong>Ecatis</strong></span> <span class='ocrx_word' id='word_1_878' title='bbox 2170 3557 2263 3628; x_wconf 90' lang='lat' dir='ltr'><strong>qui</strong></span> <span class='ocrx_word' id='word_1_879' title='bbox 2301 3558 2486 3630; x_wconf 83' lang='lat' dir='ltr'><strong>lugent</strong></span> <span class='ocrx_word' id='word_1_880' title='bbox 2523 3573 2668 3613; x_wconf 89' lang='lat' dir='ltr'><strong>nunc</strong></span> <span class='ocrx_word' id='word_1_881' title='bbox 2687 3573 2874 3637; x_wconf 80' lang='lat' dir='ltr'><strong>_usque</strong></span> <span class='ocrx_word' id='word_1_882' title='bbox 2909 3559 2977 3614; x_wconf 88' lang='lat' dir='ltr'><strong>ad</strong></span> <span class='ocrx_word' id='word_1_883' title='bbox 3012 3558 3200 3637; x_wconf 78' lang='lat' dir='ltr'><strong>beatos</strong></span> <span class='ocrx_word' id='word_1_884' title='bbox 3233 3555 3325 3637; x_wconf 77' lang='lat' dir='ltr'><strong>qui</strong></span> <span class='ocrx_word' id='word_1_885' title='bbox 3352 3551 3551 3608; x_wconf 91' lang='lat' dir='ltr'><strong>mundo</strong></span> 
     </span>
    </p>
   </div>
   <div class='ocr_carea' id='block_1_125' title="bbox 1967 3627 3551 3698">
    <p class='ocr_par' dir='ltr' id='par_1_125' title="bbox 1967 3627 3551 3698">
     <span class='ocr_line' id='line_1_128' title="bbox 1967 3627 3551 3698; baseline -0.004 -15"><span class='ocrx_word' id='word_1_886' title='bbox 1967 3629 2130 3683; x_wconf 89' lang='lat' dir='ltr'><strong>corde</strong></span> <span class='ocrx_word' id='word_1_887' title='bbox 2171 3627 2298 3683; x_wconf 85' lang='lat' dir='ltr'><strong>sunt</strong></span> <span class='ocrx_word' id='word_1_888' title='bbox 2333 3627 2536 3684; x_wconf 75' lang='lat' dir='ltr'><strong>trames</strong></span> <span class='ocrx_word' id='word_1_889' title='bbox 2577 3627 2801 3683; x_wconf 84' lang='lat' dir='ltr'><strong>tendit:</strong></span> <span class='ocrx_word' id='word_1_890' title='bbox 2836 3643 3064 3698; x_wconf 84' lang='lat' dir='ltr'><strong>quorum</strong></span> <span class='ocrx_word' id='word_1_891' title='bbox 3104 3627 3376 3698; x_wconf 83' lang='lat' dir='ltr'><strong>prioribus</strong></span> <span class='ocrx_word' id='word_1_892' title='bbox 3417 3637 3551 3698; x_wconf 54' lang='lat' dir='ltr'><strong>con-3</strong></span> 
     </span>
    </p>
   </div>
   <div class='ocr_carea' id='block_1_126' title="bbox 1967 3690 3552 3768">
    <p class='ocr_par' dir='ltr' id='par_1_126' title="bbox 1967 3690 3552 3768">
     <span class='ocr_line' id='line_1_129' title="bbox 1967 3690 3552 3768; baseline -0.004 -15"><span class='ocrx_word' id='word_1_893' title='bbox 1967 3699 2180 3765; x_wconf 90' lang='lat' dir='ltr'><strong>solatio,</strong></span> <span class='ocrx_word' id='word_1_894' title='bbox 2218 3699 2570 3768; x_wconf 89' lang='lat' dir='ltr'><strong>sequentibus</strong></span> <span class='ocrx_word' id='word_1_895' title='bbox 2603 3699 2742 3755; x_wconf 92' lang='lat' dir='ltr'><strong>visio</strong></span> <span class='ocrx_word' id='word_1_896' title='bbox 2779 3690 2992 3754; x_wconf 71' lang='lat' dir='ltr'><strong>Domini</strong></span> <span class='ocrx_word' id='word_1_897' title='bbox 3025 3690 3382 3768; x_wconf 79' lang='lat' dir='ltr'><strong>promittitur,</strong></span> <span class='ocrx_word' id='word_1_898' title='bbox 3406 3690 3552 3762; x_wconf 90' lang='lat' dir='ltr'><strong>quod</strong></span> 
     </span>
    </p>
   </div>
   <div class='ocr_carea' id='block_1_127' title="bbox 1966 3768 3553 3852">
    <p class='ocr_par' dir='ltr' id='par_1_127' title="bbox 1966 3768 3553 3852">
     <span class='ocr_line' id='line_1_130' title="bbox 1966 3768 3553 3852; baseline -0.003 -29"><span class='ocrx_word' id='word_1_899' title='bbox 1966 3778 2115 3852; x_wconf 46' lang='lat' dir='ltr'><strong>pecte</strong></span> <span class='ocrx_word' id='word_1_900' title='bbox 2154 3786 2317 3852; x_wconf 75' lang='lat' dir='ltr'><strong>unum</strong></span> <span class='ocrx_word' id='word_1_901' title='bbox 2355 3785 2487 3852; x_wconf 42' lang='lat' dir='ltr'><strong>esse.</strong></span> <span class='ocrx_word' id='word_1_902' title='bbox 2524 3769 2861 3852; x_wconf 68' lang='lat' dir='ltr'><strong>intelligitur.</strong></span> <span class='ocrx_word' id='word_1_903' title='bbox 2904 3768 2982 3851; x_wconf 78' lang='lat' dir='ltr'><strong>Illi</strong></span> <span class='ocrx_word' id='word_1_904' title='bbox 3021 3768 3166 3852; x_wconf 74' lang='lat' dir='ltr'><strong>enim</strong></span> <span class='ocrx_word' id='word_1_905' title='bbox 3203 3775 3553 3852; x_wconf 38' lang='lat' dir='ltr'><strong>venenum-Ise-</strong></span> 
     </span>
    </p>
   </div>
   <div class='ocr_carea' id='block_1_128' title="bbox 1965 3833 3548 3913">
    <p class='ocr_par' dir='ltr' id='par_1_128' title="bbox 1965 3833 3548 3913">
     <span class='ocr_line' id='line_1_131' title="bbox 1965 3833 3548 3913; baseline -0.004 -21"><span class='ocrx_word' id='word_1_906' title='bbox 1965 3838 2168 3913; x_wconf 72' lang='lat' dir='ltr'><strong>lantur,</strong></span> <span class='ocrx_word' id='word_1_907' title='bbox 2189 3841 2282 3910; x_wconf 92' lang='lat' dir='ltr'><strong>qui</strong></span> <span class='ocrx_word' id='word_1_908' title='bbox 2301 3840 2504 3913; x_wconf 69' lang='lat' dir='ltr'><strong>aeterni</strong></span> <span class='ocrx_word' id='word_1_909' title='bbox 2515 3840 2660 3908; x_wconf 84' lang='lat' dir='ltr'><strong>regis</strong></span> <span class='ocrx_word' id='word_1_910' title='bbox 2678 3833 2886 3913; x_wconf 71' lang='lat' dir='ltr'><strong>visione</strong></span> <span class='ocrx_word' id='word_1_911' title='bbox 2910 3840 3028 3913; x_wconf 82' lang='lat' dir='ltr'><strong>sine</strong></span> <span class='ocrx_word' id='word_1_912' title='bbox 3052 3837 3157 3890; x_wconf 82' lang='lat' dir='ltr'><strong>fine</strong></span> <span class='ocrx_word' id='word_1_913' title='bbox 3177 3833 3548 3913; x_wconf 82' lang='lat' dir='ltr'><strong>perfruuntur.</strong></span> 
     </span>
    </p>
   </div>
   <div class='ocr_carea' id='block_1_129' title="bbox 1967 3907 3550 3978">
    <p class='ocr_par' dir='ltr' id='par_1_129' title="bbox 1967 3907 3550 3978">
     <span class='ocr_line' id='line_1_132' title="bbox 1967 3907 3550 3978; baseline -0.006 -14"><span class='ocrx_word' id='word_1_914' title='bbox 1967 3907 2155 3965; x_wconf 89' lang='lat' dir='ltr'><strong>Sancti</strong></span> <span class='ocrx_word' id='word_1_915' title='bbox 2187 3907 2318 3978; x_wconf 76' lang='lat' dir='ltr'><strong>ergo</strong></span> <span class='ocrx_word' id='word_1_916' title='bbox 2348 3911 2452 3964; x_wconf 89' lang='lat' dir='ltr'><strong>viri</strong></span> <span class='ocrx_word' id='word_1_917' title='bbox 2492 3910 2546 3964; x_wconf 92' lang='lat' dir='ltr'><strong>in</strong></span> <span class='ocrx_word' id='word_1_918' title='bbox 2586 3907 2842 3978; x_wconf 58' lang='lat' dir='ltr'><strong>praesenti</strong></span> <span class='ocrx_word' id='word_1_919' title='bbox 2879 3909 3012 3973; x_wconf 86' lang='lat' dir='ltr'><strong>vita,</strong></span> <span class='ocrx_word' id='word_1_920' title='bbox 3037 3914 3240 3975; x_wconf 88' lang='lat' dir='ltr'><strong>quanto</strong></span> <span class='ocrx_word' id='word_1_921' title='bbox 3272 3907 3454 3978; x_wconf 67' lang='lat' dir='ltr'><strong>magis</strong></span> <span class='ocrx_word' id='word_1_922' title='bbox 3489 3913 3550 3956; x_wconf 87' lang='lat' dir='ltr'><strong>se</strong></span> 
     </span>
    </p>
   </div>
   <div class='ocr_carea' id='block_1_130' title="bbox 1965 3926 3551 4049">
    <p class='ocr_par' dir='ltr' id='par_1_130' title="bbox 1965 3926 3551 4049">
     <span class='ocr_line' id='line_1_133' title="bbox 1967 3926 3550 3978; baseline -0.005 -14"><span class='ocrx_word' id='word_1_923' title='bbox 1967 3926 2155 3965; x_wconf 68' lang='lat' dir='ltr'><strong>Sancti</strong></span> <span class='ocrx_word' id='word_1_924' title='bbox 2187 3926 2249 3964; x_wconf 90' lang='lat' dir='ltr'><strong>er</strong></span> <span class='ocrx_word' id='word_1_925' title='bbox 2284 3926 2318 3964; x_wconf 89' lang='grc' dir='ltr'>ο</span> <span class='ocrx_word' id='word_1_926' title='bbox 2348 3926 2452 3964; x_wconf 87' lang='lat' dir='ltr'><strong>vm</strong></span> <span class='ocrx_word' id='word_1_927' title='bbox 2492 3926 2546 3964; x_wconf 82' lang='lat' dir='ltr'><strong>In</strong></span> <span class='ocrx_word' id='word_1_928' title='bbox 2587 3926 2842 3978; x_wconf 57' lang='lat' dir='ltr'><strong>praesenti</strong></span> <span class='ocrx_word' id='word_1_929' title='bbox 2879 3926 3012 3973; x_wconf 79' lang='lat' dir='ltr'><strong>vna,</strong></span> <span class='ocrx_word' id='word_1_930' title='bbox 3037 3926 3240 3975; x_wconf 76' lang='lat' dir='ltr'><strong>quanto</strong></span> <span class='ocrx_word' id='word_1_931' title='bbox 3280 3926 3454 3970; x_wconf 69' lang='lat' dir='ltr'><strong>magis</strong></span> <span class='ocrx_word' id='word_1_932' title='bbox 3489 3926 3550 3956; x_wconf 73' lang='lat' dir='ltr'><strong>se</strong></span> 
     </span>
     <span class='ocr_line' id='line_1_134' title="bbox 1965 3926 3551 4049; baseline -0.007 -15"><span class='ocrx_word' id='word_1_933' title='bbox 1965 3981 2206 4034; x_wconf 83' lang='lat' dir='ltr'><strong>exterius</strong></span> <span class='ocrx_word' id='word_1_934' title='bbox 2241 3926 2586 4049; x_wconf 58' lang='lat' dir='ltr'><strong>gespiciendo</strong></span> <span class='ocrx_word' id='word_1_935' title='bbox 2624 3978 2934 4048; x_wconf 83' lang='lat' dir='ltr'><strong>dejecerint,</strong></span> <span class='ocrx_word' id='word_1_936' title='bbox 2971 3985 3117 4030; x_wconf 88' lang='lat' dir='ltr'><strong>tanto</strong></span> <span class='ocrx_word' id='word_1_937' title='bbox 3147 3972 3373 4045; x_wconf 84' lang='lat' dir='ltr'><strong>amplius</strong></span> <span class='ocrx_word' id='word_1_938' title='bbox 3409 3971 3551 4049; x_wconf 64' lang='lat' dir='ltr'><strong>inte-</strong></span> 
     </span>
    </p>
   </div>
   <div class='ocr_carea' id='block_1_131' title="bbox 1967 4039 3548 4122">
    <p class='ocr_par' dir='ltr' id='par_1_131' title="bbox 1967 4039 3548 4122">
     <span class='ocr_line' id='line_1_135' title="bbox 1967 4039 3548 4122; baseline -0.007 -17"><span class='ocrx_word' id='word_1_939' title='bbox 1967 4051 2081 4122; x_wconf 89' lang='lat' dir='ltr'><strong>rius</strong></span> <span class='ocrx_word' id='word_1_940' title='bbox 2125 4039 2599 4122; x_wconf 73' lang='lat' dir='ltr'><strong>contemplationis</strong></span> <span class='ocrx_word' id='word_1_941' title='bbox 2646 4039 2978 4122; x_wconf 77' lang='lat' dir='ltr'><strong>revelatione</strong></span> <span class='ocrx_word' id='word_1_942' title='bbox 3023 4039 3341 4122; x_wconf 69' lang='lat' dir='ltr'><strong>pascnpiur.</strong></span> <span class='ocrx_word' id='word_1_943' title='bbox 3402 4039 3548 4122; x_wconf 67' lang='lat' dir='ltr'><strong>Quos</strong></span> 
     </span>
    </p>
   </div>
   <div class='ocr_carea' id='block_1_132' title="bbox 1966 4110 3546 4193">
    <p class='ocr_par' dir='ltr' id='par_1_132' title="bbox 1966 4110 3546 4193">
     <span class='ocr_line' id='line_1_136' title="bbox 1966 4110 3546 4193; baseline -0.007 -19"><span class='ocrx_word' id='word_1_944' title='bbox 1966 4121 2113 4193; x_wconf 85' lang='lat' dir='ltr'><strong>enim</strong></span> <span class='ocrx_word' id='word_1_945' title='bbox 2159 4110 2400 4193; x_wconf 77' lang='lat' dir='ltr'><strong>exterius</strong></span> <span class='ocrx_word' id='word_1_946' title='bbox 2441 4121 2496 4174; x_wconf 91' lang='lat' dir='ltr'><strong>in</strong></span> <span class='ocrx_word' id='word_1_947' title='bbox 2534 4119 2661 4193; x_wconf 84' lang='lat' dir='ltr'><strong>lletu</strong></span> <span class='ocrx_word' id='word_1_948' title='bbox 2699 4118 2941 4174; x_wconf 90' lang='lat' dir='ltr'><strong>continet</strong></span> <span class='ocrx_word' id='word_1_949' title='bbox 2978 4110 3236 4172; x_wconf 77' lang='lat' dir='ltr'><strong>convallis</strong></span> <span class='ocrx_word' id='word_1_950' title='bbox 3270 4110 3546 4193; x_wconf 76' lang='lat' dir='ltr'><strong>humilita-</strong></span> 
     </span>
    </p>
   </div>
   <div class='ocr_carea' id='block_1_133' title="bbox 1967 4182 3544 4265">
    <p class='ocr_par' dir='ltr' id='par_1_133' title="bbox 1967 4182 3544 4265">
     <span class='ocr_line' id='line_1_137' title="bbox 1967 4182 3544 4265; baseline -0.008 -20"><span class='ocrx_word' id='word_1_951' title='bbox 1967 4191 2054 4265; x_wconf 72' lang='lat' dir='ltr'><strong>tis,</strong></span> <span class='ocrx_word' id='word_1_952' title='bbox 2098 4205 2193 4245; x_wconf 90' lang='lat' dir='ltr'><strong>eos</strong></span> <span class='ocrx_word' id='word_1_953' title='bbox 2229 4191 2455 4265; x_wconf 81' lang='lat' dir='ltr'><strong>interius</strong></span> <span class='ocrx_word' id='word_1_954' title='bbox 2493 4190 2738 4265; x_wconf 76' lang='lat' dir='ltr'><strong>sublevat</strong></span> <span class='ocrx_word' id='word_1_955' title='bbox 2770 4203 3026 4265; x_wconf 81' lang='lat' dir='ltr'><strong>ascensus</strong></span> <span class='ocrx_word' id='word_1_956' title='bbox 3051 4182 3544 4265; x_wconf 76' lang='lat' dir='ltr'><strong>contemplationis.</strong></span> 
     </span>
    </p>
   </div>
   <div class='ocr_carea' id='block_1_134' title="bbox 1965 4259 3544 4333">
    <p class='ocr_par' dir='ltr' id='par_1_134' title="bbox 1965 4259 3544 4333">
     <span class='ocr_line' id='line_1_138' title="bbox 1965 4259 3544 4333; baseline -0.004 -19"><span class='ocrx_word' id='word_1_957' title='bbox 1965 4261 2132 4333; x_wconf 87' lang='lat' dir='ltr'><strong>igitur</strong></span> <span class='ocrx_word' id='word_1_958' title='bbox 2174 4269 2299 4316; x_wconf 91' lang='lat' dir='ltr'><strong>octo</strong></span> <span class='ocrx_word' id='word_1_959' title='bbox 2347 4261 2439 4316; x_wconf 91' lang='lat' dir='ltr'><strong>hic</strong></span> <span class='ocrx_word' id='word_1_960' title='bbox 2477 4261 2727 4333; x_wconf 89' lang='lat' dir='ltr'><strong>octogoni</strong></span> <span class='ocrx_word' id='word_1_961' title='bbox 2768 4259 3064 4333; x_wconf 78' lang='lat' dir='ltr'><strong>imparibus</strong></span> <span class='ocrx_word' id='word_1_962' title='bbox 3105 4259 3345 4309; x_wconf 87' lang='lat' dir='ltr'><strong>numeris</strong></span> <span class='ocrx_word' id='word_1_963' title='bbox 3392 4265 3544 4333; x_wconf 72' lang='lat' dir='ltr'><strong>com-</strong></span> 
     </span>
    </p>
   </div>
   <div class='ocr_carea' id='block_1_135' title="bbox 1965 4321 3541 4402">
    <p class='ocr_par' dir='ltr' id='par_1_135' title="bbox 1965 4321 3541 4402">
     <span class='ocr_line' id='line_1_139' title="bbox 1965 4321 3541 4402; baseline -0.008 -17"><span class='ocrx_word' id='word_1_964' title='bbox 1965 4321 2108 4400; x_wconf 48' lang='lat' dir='ltr'><strong>pvacti</strong></span> <span class='ocrx_word' id='word_1_965' title='bbox 2133 4373 2148 4397; x_wconf 92' lang='lat'><strong>,</strong></span> <span class='ocrx_word' id='word_1_966' title='bbox 2189 4341 2313 4385; x_wconf 90' lang='lat' dir='ltr'><strong>octo</strong></span> <span class='ocrx_word' id='word_1_967' title='bbox 2351 4346 2541 4386; x_wconf 89' lang='lat' dir='ltr'><strong>versus</strong></span> <span class='ocrx_word' id='word_1_968' title='bbox 2566 4321 2860 4402; x_wconf 65' lang='lat' dir='ltr'><strong>continent</strong></span> <span class='ocrx_word' id='word_1_969' title='bbox 2887 4328 3104 4402; x_wconf 77' lang='lat' dir='ltr'><strong>triginta</strong></span> <span class='ocrx_word' id='word_1_970' title='bbox 3141 4332 3348 4394; x_wconf 90' lang='lat' dir='ltr'><strong>septem</strong></span> <span class='ocrx_word' id='word_1_971' title='bbox 3395 4321 3541 4402; x_wconf 78' lang='lat' dir='ltr'><strong>litte-</strong></span> 
     </span>
    </p>
   </div>
   <div class='ocr_carea' id='block_1_136' title="bbox 1966 4399 3546 4464">
    <p class='ocr_par' dir='ltr' id='par_1_136' title="bbox 1966 4399 3546 4464">
     <span class='ocr_line' id='line_1_140' title="bbox 1966 4399 3546 4464; baseline -0.003 -10"><span class='ocrx_word' id='word_1_972' title='bbox 1966 4399 2173 4464; x_wconf 79' lang='lat' dir='ltr'><strong>rarum,</strong></span> <span class='ocrx_word' id='word_1_973' title='bbox 2219 4410 2344 4454; x_wconf 90' lang='lat' dir='ltr'><strong>octo</strong></span> <span class='ocrx_word' id='word_1_974' title='bbox 2385 4401 2746 4454; x_wconf 90' lang='lat' dir='ltr'><strong>beatitudines</strong></span> <span class='ocrx_word' id='word_1_975' title='bbox 2784 4399 3145 4461; x_wconf 88' lang='lat' dir='ltr'><strong>continentes,</strong></span> <span class='ocrx_word' id='word_1_976' title='bbox 3173 4407 3402 4464; x_wconf 84' lang='lat' dir='ltr'><strong>quorum</strong></span> <span class='ocrx_word' id='word_1_977' title='bbox 3430 4399 3546 4464; x_wconf 71' lang='lat' dir='ltr'><strong>pni-</strong></span> 
     </span>
    </p>
   </div>
   <div class='ocr_carea' id='block_1_137' title="bbox 1965 4459 3544 4540">
    <p class='ocr_par' dir='ltr' id='par_1_137' title="bbox 1965 4459 3544 4540">
     <span class='ocr_line' id='line_1_141' title="bbox 1965 4459 3544 4540; baseline -0.007 -16"><span class='ocrx_word' id='word_1_978' title='bbox 1965 4486 2106 4537; x_wconf 92' lang='lat' dir='ltr'><strong>mus,</strong></span> <span class='ocrx_word' id='word_1_979' title='bbox 2151 4459 2243 4540; x_wconf 86' lang='lat' dir='ltr'><strong>qui</strong></span> <span class='ocrx_word' id='word_1_980' title='bbox 2283 4470 2340 4524; x_wconf 88' lang='lat' dir='ltr'><strong>in</strong></span> <span class='ocrx_word' id='word_1_981' title='bbox 2375 4470 2505 4525; x_wconf 90' lang='lat' dir='ltr'><strong>base</strong></span> <span class='ocrx_word' id='word_1_982' title='bbox 2545 4470 2725 4523; x_wconf 90' lang='lat' dir='ltr'><strong>crucis</strong></span> <span class='ocrx_word' id='word_1_983' title='bbox 2765 4467 2974 4536; x_wconf 86' lang='lat' dir='ltr'><strong>positus</strong></span> <span class='ocrx_word' id='word_1_984' title='bbox 3015 4473 3100 4520; x_wconf 91' lang='lat' dir='ltr'><strong>est</strong></span> <span class='ocrx_word' id='word_1_985' title='bbox 3116 4459 3138 4531; x_wconf 56' lang='grc'><strong>,⁷</strong></span> <span class='ocrx_word' id='word_1_986' title='bbox 3173 4459 3338 4518; x_wconf 77' lang='lat' dir='ltr'><strong>talem</strong></span> <span class='ocrx_word' id='word_1_987' title='bbox 3380 4459 3544 4517; x_wconf 79' lang='lat' dir='ltr'><strong>habet</strong></span> 
     </span>
    </p>
   </div>
   <div class='ocr_carea' id='block_1_138' title="bbox 1964 4556 2221 4596">
    <p class='ocr_par' dir='ltr' id='par_1_138' title="bbox 1964 4556 2221 4596">
     <span class='ocr_line' id='line_1_142' title="bbox 1964 4556 2221 4596; baseline -0.004 -2"><span class='ocrx_word' id='word_1_988' title='bbox 1964 4556 2180 4596; x_wconf 86' lang='lat' dir='ltr'><strong>versqu</strong></span> <span class='ocrx_word' id='word_1_989' title='bbox 2208 4559 2221 4594; x_wconf 76' lang='grc' dir='ltr'>ε</span> 
     </span>
    </p>
   </div>
   <div class='ocr_carea' id='block_1_139' title="bbox 2060 4603 3322 4673">
    <p class='ocr_par' dir='ltr' id='par_1_139' title="bbox 2060 4603 3322 4673">
     <span class='ocr_line' id='line_1_143' title="bbox 2060 4603 3322 4673; baseline -0.006 -14"><span class='ocrx_word' id='word_1_990' title='bbox 2060 4623 2062 4626; x_wconf 49' lang='grc' dir='ltr'>ν</span> <span class='ocrx_word' id='word_1_991' title='bbox 2088 4610 2259 4673; x_wconf 81' lang='lat' dir='ltr'><strong>Regna</strong></span> <span class='ocrx_word' id='word_1_992' title='bbox 2284 4610 2382 4672; x_wconf 88' lang='lat' dir='ltr'><strong>poli</strong></span> <span class='ocrx_word' id='word_1_993' title='bbox 2399 4609 2632 4673; x_wconf 81' lang='lat' dir='ltr'><strong>Dominus</strong></span> <span class='ocrx_word' id='word_1_994' title='bbox 2654 4607 2757 4659; x_wconf 83' lang='lat' dir='ltr'><strong>vult</strong></span> <span class='ocrx_word' id='word_1_995' title='bbox 2773 4607 3004 4673; x_wconf 82' lang='lat' dir='ltr'><strong>pauperis</strong></span> <span class='ocrx_word' id='word_1_996' title='bbox 3039 4617 3150 4656; x_wconf 84' lang='lat' dir='ltr'><strong>esse</strong></span> <span class='ocrx_word' id='word_1_997' title='bbox 3173 4603 3322 4654; x_wconf 86' lang='lat' dir='ltr'><strong>beati.</strong></span> 
     </span>
    </p>
   </div>
   <div class='ocr_carea' id='block_1_140' title="bbox 1969 4671 3005 4740">
    <p class='ocr_par' dir='ltr' id='par_1_140' title="bbox 1969 4671 3005 4740">
     <span class='ocr_line' id='line_1_144' title="bbox 1969 4671 3005 4740; baseline -0.008 -12"><span class='ocrx_word' id='word_1_998' title='bbox 1969 4671 2250 4728; x_wconf 86' lang='lat' dir='ltr'><strong>Secundus</strong></span> <span class='ocrx_word' id='word_1_999' title='bbox 2285 4671 2416 4726; x_wconf 74' lang='lat' dir='ltr'><strong>vero</strong></span> <span class='ocrx_word' id='word_1_1000' title='bbox 2456 4680 2579 4740; x_wconf 91' lang='lat' dir='ltr'><strong>post</strong></span> <span class='ocrx_word' id='word_1_1001' title='bbox 2620 4671 2762 4724; x_wconf 90' lang='lat' dir='ltr'><strong>hunc</strong></span> <span class='ocrx_word' id='word_1_1002' title='bbox 2804 4671 3005 4740; x_wconf 84' lang='lat' dir='ltr'><strong>talem:</strong></span> 
     </span>
    </p>
   </div>
   <div class='ocr_carea' id='block_1_141' title="bbox 2087 4739 3502 4804">
    <p class='ocr_par' dir='ltr' id='par_1_141' title="bbox 2087 4739 3502 4804">
     <span class='ocr_line' id='line_1_145' title="bbox 2087 4739 3502 4804; baseline -0.009 -12"><span class='ocrx_word' id='word_1_1003' title='bbox 2087 4745 2251 4804; x_wconf 86' lang='lat' dir='ltr'><strong>Atque</strong></span> <span class='ocrx_word' id='word_1_1004' title='bbox 2275 4742 2432 4790; x_wconf 91' lang='lat' dir='ltr'><strong>solum</strong></span> <span class='ocrx_word' id='word_1_1005' title='bbox 2457 4739 2604 4804; x_wconf 82' lang='lat' dir='ltr'><strong>mites</strong></span> <span class='ocrx_word' id='word_1_1006' title='bbox 2622 4751 2820 4800; x_wconf 87' lang='lat' dir='ltr'><strong>semper</strong></span> <span class='ocrx_word' id='word_1_1007' title='bbox 2841 4739 3063 4788; x_wconf 77' lang='lat' dir='ltr'><strong>habitare</strong></span> <span class='ocrx_word' id='word_1_1008' title='bbox 3085 4744 3366 4804; x_wconf 57' lang='lat' dir='ltr'><strong>supernum.</strong></span> <span class='ocrx_word' id='word_1_1009' title='bbox 3425 4791 3437 4803; x_wconf 42' lang='grc' dir='ltr'><strong>ο</strong></span> <span class='ocrx_word' id='word_1_1010' title='bbox 3487 4789 3502 4802; x_wconf 46' lang='grc' dir='ltr'><strong><em>ο</em></strong></span> 
     </span>
    </p>
   </div>
   <div class='ocr_carea' id='block_1_142' title="bbox 1969 4795 3544 4880">
    <p class='ocr_par' dir='ltr' id='par_1_142' title="bbox 1969 4795 3544 4880">
     <span class='ocr_line' id='line_1_146' title="bbox 1969 4795 3544 4880; baseline -0.009 -20"><span class='ocrx_word' id='word_1_1011' title='bbox 1969 4795 2184 4860; x_wconf 83' lang='lat' dir='ltr'><strong>Tertius</strong></span> <span class='ocrx_word' id='word_1_1012' title='bbox 2227 4802 2691 4880; x_wconf 43' lang='lat' dir='ltr'><strong>quoque_ordine.</strong></span> <span class='ocrx_word' id='word_1_1013' title='bbox 2717 4795 3014 4880; x_wconf 82' lang='lat' dir='ltr'><strong>octogonus</strong></span> <span class='ocrx_word' id='word_1_1014' title='bbox 3055 4795 3302 4880; x_wconf 59' lang='lat' dir='ltr'><strong>est&#39;_ille,</strong></span> <span class='ocrx_word' id='word_1_1015' title='bbox 3350 4795 3544 4880; x_wconf 45' lang='lat' dir='ltr'><strong>quiin</strong></span> 
     </span>
    </p>
   </div>
   <div class='ocr_carea' id='block_1_143' title="bbox 1968 4867 3544 4940">
    <p class='ocr_par' dir='ltr' id='par_1_143' title="bbox 1968 4867 3544 4940">
     <span class='ocr_line' id='line_1_147' title="bbox 1968 4867 3544 4940; baseline -0.008 -11"><span class='ocrx_word' id='word_1_1016' title='bbox 1968 4867 2276 4930; x_wconf 83' lang='lat' dir='ltr'><strong>transverso</strong></span> <span class='ocrx_word' id='word_1_1017' title='bbox 2316 4867 2495 4927; x_wconf 74' lang='lat' dir='ltr'><strong>crucis</strong></span> <span class='ocrx_word' id='word_1_1018' title='bbox 2533 4870 2750 4925; x_wconf 87' lang='lat' dir='ltr'><strong>tramite</strong></span> <span class='ocrx_word' id='word_1_1019' title='bbox 2787 4867 2995 4940; x_wconf 84' lang='lat' dir='ltr'><strong>primus</strong></span> <span class='ocrx_word' id='word_1_1020' title='bbox 3029 4876 3133 4930; x_wconf 85' lang='lat' dir='ltr'><strong>est,</strong></span> <span class='ocrx_word' id='word_1_1021' title='bbox 3172 4867 3317 4922; x_wconf 91' lang='lat' dir='ltr'><strong>hunc</strong></span> <span class='ocrx_word' id='word_1_1022' title='bbox 3353 4870 3544 4918; x_wconf 86' lang='lat' dir='ltr'><strong>tenens</strong></span> 
     </span>
    </p>
   </div>
   <div class='ocr_carea' id='block_1_144' title="bbox 1966 4961 2218 5000">
    <p class='ocr_par' dir='ltr' id='par_1_144' title="bbox 1966 4961 2218 5000">
     <span class='ocr_line' id='line_1_148' title="bbox 1966 4961 2218 5000; baseline -0.008 0"><span class='ocrx_word' id='word_1_1023' title='bbox 1966 4961 2122 5000; x_wconf 72' lang='lat' dir='ltr'><strong>VCI&#39;SU</strong></span> <span class='ocrx_word' id='word_1_1024' title='bbox 2128 4961 2181 4999; x_wconf 83' lang='lat' dir='ltr'><strong>Ill</strong></span> <span class='ocrx_word' id='word_1_1025' title='bbox 2205 4962 2218 4998; x_wconf 71' lang='grc' dir='ltr'>ἒ</span> 
     </span>
    </p>
   </div>
   <div class='ocr_carea' id='block_1_145' title="bbox 2089 5010 3216 5076">
    <p class='ocr_par' dir='ltr' id='par_1_145' title="bbox 2089 5010 3216 5076">
     <span class='ocr_line' id='line_1_149' title="bbox 2089 5010 3216 5076; baseline -0.008 -12"><span class='ocrx_word' id='word_1_1026' title='bbox 2089 5015 2284 5065; x_wconf 83' lang='lat' dir='ltr'><strong>Felices</strong></span> <span class='ocrx_word' id='word_1_1027' title='bbox 2304 5014 2483 5065; x_wconf 79' lang='lat' dir='ltr'><strong>ﬂentes</strong></span> <span class='ocrx_word' id='word_1_1028' title='bbox 2513 5015 2624 5076; x_wconf 84' lang='lat' dir='ltr'><strong>quis</strong></span> <span class='ocrx_word' id='word_1_1029' title='bbox 2645 5010 2912 5063; x_wconf 73' lang='lat' dir='ltr'><strong>consolatio</strong></span> <span class='ocrx_word' id='word_1_1030' title='bbox 2934 5011 2985 5061; x_wconf 86' lang='lat' dir='ltr'><strong>in</strong></span> <span class='ocrx_word' id='word_1_1031' title='bbox 3004 5011 3101 5076; x_wconf 72' lang='lat' dir='ltr'><strong>aito</strong></span> <span class='ocrx_word' id='word_1_1032' title='bbox 3120 5016 3216 5060; x_wconf 89' lang='lat' dir='ltr'><strong>est.</strong></span> 
     </span>
    </p>
   </div>
   <div class='ocr_carea' id='block_1_146' title="bbox 1967 5073 3353 5146">
    <p class='ocr_par' dir='ltr' id='par_1_146' title="bbox 1967 5073 3353 5146">
     <span class='ocr_line' id='line_1_150' title="bbox 1967 5073 3353 5146; baseline -0.008 -15"><span class='ocrx_word' id='word_1_1033' title='bbox 1967 5075 2205 5144; x_wconf 85' lang='lat' dir='ltr'><strong>Quartus</strong></span> <span class='ocrx_word' id='word_1_1034' title='bbox 2234 5077 2326 5145; x_wconf 90' lang='lat' dir='ltr'><strong>qui</strong></span> <span class='ocrx_word' id='word_1_1035' title='bbox 2355 5076 2442 5131; x_wconf 91' lang='lat' dir='ltr'><strong>hic</strong></span> <span class='ocrx_word' id='word_1_1036' title='bbox 2471 5073 2750 5146; x_wconf 76' lang='lat' dir='ltr'><strong>proximus</strong></span> <span class='ocrx_word' id='word_1_1037' title='bbox 2775 5083 3006 5146; x_wconf 16' lang='lat' dir='ltr'><strong>estscum</strong></span> <span class='ocrx_word' id='word_1_1038' title='bbox 3030 5073 3134 5126; x_wconf 91' lang='lat' dir='ltr'><strong>hoc</strong></span> <span class='ocrx_word' id='word_1_1039' title='bbox 3159 5081 3353 5146; x_wconf 63' lang='lat' dir='ltr'><strong>yersu:</strong></span> 
     </span>
    </p>
   </div>
   <div class='ocr_carea' id='block_1_147' title="bbox 2092 5139 3256 5208">
    <p class='ocr_par' dir='ltr' id='par_1_147' title="bbox 2092 5139 3256 5208">
     <span class='ocr_line' id='line_1_151' title="bbox 2092 5139 3256 5208; baseline -0.006 -12"><span class='ocrx_word' id='word_1_1040' title='bbox 2092 5147 2210 5196; x_wconf 90' lang='lat' dir='ltr'><strong>Nam</strong></span> <span class='ocrx_word' id='word_1_1041' title='bbox 2231 5139 2347 5208; x_wconf 72' lang='lat' dir='ltr'><strong>justi</strong></span> <span class='ocrx_word' id='word_1_1042' title='bbox 2373 5139 2571 5208; x_wconf 84' lang='lat' dir='ltr'><strong>cupidos</strong></span> <span class='ocrx_word' id='word_1_1043' title='bbox 2592 5154 2775 5195; x_wconf 83' lang='lat' dir='ltr'><strong>aeterna</strong></span> <span class='ocrx_word' id='word_1_1044' title='bbox 2799 5144 3006 5208; x_wconf 79' lang='lat' dir='ltr'><strong>refectio</strong></span> <span class='ocrx_word' id='word_1_1045' title='bbox 3026 5139 3256 5192; x_wconf 84' lang='lat' dir='ltr'><strong>comolet.</strong></span> 
     </span>
    </p>
   </div>
   <div class='ocr_carea' id='block_1_148' title="bbox 1966 5206 2997 5278">
    <p class='ocr_par' dir='ltr' id='par_1_148' title="bbox 1966 5206 2997 5278">
     <span class='ocr_line' id='line_1_152' title="bbox 1966 5206 2997 5278; baseline -0.005 -16"><span class='ocrx_word' id='word_1_1046' title='bbox 1966 5206 2126 5262; x_wconf 83' lang='lat' dir='ltr'><strong>Juxta</strong></span> <span class='ocrx_word' id='word_1_1047' title='bbox 2153 5206 2313 5278; x_wconf 84' lang='lat' dir='ltr'><strong>quem</strong></span> <span class='ocrx_word' id='word_1_1048' title='bbox 2345 5206 2676 5277; x_wconf 27' lang='lat' dir='ltr'><strong>est‘quintus</strong></span> <span class='ocrx_word' id='word_1_1049' title='bbox 2703 5223 2826 5278; x_wconf 88' lang='lat' dir='ltr'><strong>cum</strong></span> <span class='ocrx_word' id='word_1_1050' title='bbox 2856 5207 2960 5278; x_wconf 88' lang='lat' dir='ltr'><strong>isto</strong></span> <span class='ocrx_word' id='word_1_1051' title='bbox 2983 5220 2997 5256; x_wconf 92' lang='lat'><strong>:</strong></span> 
     </span>
    </p>
   </div>
   <div class='ocr_carea' id='block_1_149' title="bbox 2093 5272 3414 5351">
    <p class='ocr_par' dir='ltr' id='par_1_149' title="bbox 2093 5272 3414 5351">
     <span class='ocr_line' id='line_1_153' title="bbox 2093 5272 3414 5351; baseline -0.008 -23"><span class='ocrx_word' id='word_1_1052' title='bbox 2093 5272 2257 5328; x_wconf 74' lang='lat' dir='ltr'><strong>Mente</strong></span> <span class='ocrx_word' id='word_1_1053' title='bbox 2281 5280 2385 5351; x_wconf 85' lang='lat' dir='ltr'><strong>pios</strong></span> <span class='ocrx_word' id='word_1_1054' title='bbox 2400 5272 2591 5351; x_wconf 67' lang='lat' dir='ltr'><strong>sufsum</strong></span> <span class='ocrx_word' id='word_1_1055' title='bbox 2614 5277 2862 5351; x_wconf 70' lang='lat' dir='ltr'><strong>miseratio</strong></span> <span class='ocrx_word' id='word_1_1056' title='bbox 2881 5274 3016 5333; x_wconf 85' lang='lat' dir='ltr'><strong>larga</strong></span> <span class='ocrx_word' id='word_1_1057' title='bbox 3048 5272 3414 5351; x_wconf 41' lang='lat' dir='ltr'><strong>repensatlmz</strong></span> 
     </span>
    </p>
   </div>
   <div class='ocr_carea' id='block_1_150' title="bbox 1967 5334 3534 5423">
    <p class='ocr_par' dir='ltr' id='par_1_150' title="bbox 1967 5334 3534 5423">
     <span class='ocr_line' id='line_1_154' title="bbox 1967 5334 3534 5423; baseline -0.009 -28"><span class='ocrx_word' id='word_1_1058' title='bbox 1967 5339 2165 5423; x_wconf 78' lang='lat' dir='ltr'><strong>Sextus</strong></span> <span class='ocrx_word' id='word_1_1059' title='bbox 2203 5334 2401 5411; x_wconf 87' lang='lat' dir='ltr'><strong>quippe</strong></span> <span class='ocrx_word' id='word_1_1060' title='bbox 2442 5339 2532 5393; x_wconf 88' lang='lat' dir='ltr'><strong>ille</strong></span> <span class='ocrx_word' id='word_1_1061' title='bbox 2571 5346 2675 5403; x_wconf 90' lang='lat' dir='ltr'><strong>est,</strong></span> <span class='ocrx_word' id='word_1_1062' title='bbox 2718 5337 2809 5405; x_wconf 88' lang='lat' dir='ltr'><strong>qui</strong></span> <span class='ocrx_word' id='word_1_1063' title='bbox 2849 5345 3217 5389; x_wconf 83' lang='lat' dir='ltr'><strong>transversum</strong></span> <span class='ocrx_word' id='word_1_1064' title='bbox 3257 5334 3534 5386; x_wconf 84' lang='lat' dir='ltr'><strong>tramitem</strong></span> 
     </span>
    </p>
   </div>
   <div class='ocr_carea' id='block_1_151' title="bbox 1965 5412 3472 5542">
    <p class='ocr_par' dir='ltr' id='par_1_151' title="bbox 1965 5412 3472 5542">
     <span class='ocr_line' id='line_1_155' title="bbox 1965 5412 3472 5542; baseline -0.008 -10"><span class='ocrx_word' id='word_1_1065' title='bbox 1965 5412 2238 5531; x_wconf 56' lang='lat' dir='ltr'><strong>Claugb‘rda</strong></span> <span class='ocrx_word' id='word_1_1066' title='bbox 2261 5493 2438 5530; x_wconf 88' lang='lat' dir='ltr'><strong>serena</strong></span> <span class='ocrx_word' id='word_1_1067' title='bbox 2471 5478 2628 5530; x_wconf 89' lang='lat' dir='ltr'><strong>Deum</strong></span> <span class='ocrx_word' id='word_1_1068' title='bbox 2647 5480 2854 5542; x_wconf 69' lang='lat' dir='ltr'><strong>carpent</strong></span> <span class='ocrx_word' id='word_1_1069' title='bbox 2877 5479 2931 5525; x_wconf 91' lang='lat' dir='ltr'><strong>et</strong></span> <span class='ocrx_word' id='word_1_1070' title='bbox 2951 5476 3000 5524; x_wconf 85' lang='lat' dir='ltr'><strong>in</strong></span> <span class='ocrx_word' id='word_1_1071' title='bbox 3017 5485 3131 5542; x_wconf 75' lang='lat' dir='ltr'><strong>arce</strong></span> <span class='ocrx_word' id='word_1_1072' title='bbox 3152 5485 3397 5542; x_wconf 37' lang='lat' dir='ltr'><strong>superna.“</strong></span> <span class='ocrx_word' id='word_1_1073' title='bbox 3457 5528 3472 5542; x_wconf 45' lang='grc' dir='ltr'><strong><em>ο</em></strong></span> 
     </span>
    </p>
   </div>
   <div class='ocr_carea' id='block_1_152' title="bbox 1965 5530 3540 5626">
    <p class='ocr_par' dir='ltr' id='par_1_152' title="bbox 1965 5530 3540 5626">
     <span class='ocr_line' id='line_1_156' title="bbox 1965 5530 3540 5626; baseline -0.008 -29"><span class='ocrx_word' id='word_1_1074' title='bbox 1965 5543 2240 5626; x_wconf 71' lang='lat' dir='ltr'><strong>Septimus</strong></span> <span class='ocrx_word' id='word_1_1075' title='bbox 2265 5543 2358 5611; x_wconf 89' lang='lat' dir='ltr'><strong>qui</strong></span> <span class='ocrx_word' id='word_1_1076' title='bbox 2389 5543 2442 5596; x_wconf 90' lang='lat' dir='ltr'><strong>in</strong></span> <span class='ocrx_word' id='word_1_1077' title='bbox 2470 5539 2902 5609; x_wconf 86' lang='lat' dir='ltr'><strong>supereminenle</strong></span> <span class='ocrx_word' id='word_1_1078' title='bbox 2930 5537 3107 5592; x_wconf 89' lang='lat' dir='ltr'><strong>crucis</strong></span> <span class='ocrx_word' id='word_1_1079' title='bbox 3130 5530 3286 5605; x_wconf 83' lang='lat' dir='ltr'><strong>parte</strong></span> <span class='ocrx_word' id='word_1_1080' title='bbox 3314 5530 3540 5588; x_wconf 82' lang='lat' dir='ltr'><strong>inferior</strong></span> 
     </span>
    </p>
   </div>
   <div class='ocr_carea' id='block_1_153' title="bbox 1966 5614 3260 5739">
    <p class='ocr_par' dir='ltr' id='par_1_153' title="bbox 1966 5614 3260 5739">
     <span class='ocr_line' id='line_1_157' title="bbox 1966 5614 3260 5739; baseline 0.003 -19"><span class='ocrx_word' id='word_1_1081' title='bbox 1966 5614 2324 5729; x_wconf 48' lang='lat' dir='ltr'><strong>swlli’rdi‘iieos</strong></span> <span class='ocrx_word' id='word_1_1082' title='bbox 2347 5680 2584 5728; x_wconf 85' lang='lat' dir='ltr'><strong>Dominus</strong></span> <span class='ocrx_word' id='word_1_1083' title='bbox 2607 5675 2757 5739; x_wconf 79' lang='lat' dir='ltr'><strong>prolis</strong></span> <span class='ocrx_word' id='word_1_1084' title='bbox 2775 5676 3053 5738; x_wconf 77' lang='lat' dir='ltr'><strong>complectit</strong></span> <span class='ocrx_word' id='word_1_1085' title='bbox 3077 5687 3260 5726; x_wconf 83' lang='lat' dir='ltr'><strong>amore.</strong></span> 
     </span>
    </p>
   </div>
   <div class='ocr_carea' id='block_1_154' title="bbox 2040 5737 3537 5810">
    <p class='ocr_par' dir='ltr' id='par_1_154' title="bbox 2040 5737 3537 5810">
     <span class='ocr_line' id='line_1_158' title="bbox 2040 5737 3537 5810; baseline -0.005 -15"><span class='ocrx_word' id='word_1_1086' title='bbox 2040 5739 2334 5810; x_wconf 82' lang='lat' dir='ltr'><strong>Supremos</strong></span> <span class='ocrx_word' id='word_1_1087' title='bbox 2363 5754 2578 5810; x_wconf 92' lang='lat' dir='ltr'><strong>quoque</strong></span> <span class='ocrx_word' id='word_1_1088' title='bbox 2609 5737 2848 5792; x_wconf 86' lang='lat' dir='ltr'><strong>omnium</strong></span> <span class='ocrx_word' id='word_1_1089' title='bbox 2887 5737 3216 5810; x_wconf 79' lang='lat' dir='ltr'><strong>octogenus.</strong></span> <span class='ocrx_word' id='word_1_1090' title='bbox 3260 5737 3366 5790; x_wconf 87' lang='lat' dir='ltr'><strong>hoc</strong></span> <span class='ocrx_word' id='word_1_1091' title='bbox 3402 5745 3537 5789; x_wconf 87' lang='lat' dir='ltr'><strong>con-</strong></span> 
     </span>
    </p>
   </div>
   <div class='ocr_carea' id='block_1_155' title="bbox 1969 5812 2541 5881">
    <p class='ocr_par' dir='ltr' id='par_1_155' title="bbox 1969 5812 2541 5881">
     <span class='ocr_line' id='line_1_159' title="bbox 1969 5812 2541 5881; baseline -0.012 -12"><span class='ocrx_word' id='word_1_1092' title='bbox 1969 5812 2204 5881; x_wconf 89' lang='lat' dir='ltr'><strong>scriptus</strong></span> <span class='ocrx_word' id='word_1_1093' title='bbox 2231 5820 2315 5878; x_wconf 84' lang='lat' dir='ltr'><strong>est</strong></span> <span class='ocrx_word' id='word_1_1094' title='bbox 2342 5825 2503 5881; x_wconf 83' lang='lat' dir='ltr'><strong>versu</strong></span> <span class='ocrx_word' id='word_1_1095' title='bbox 2528 5827 2541 5862; x_wconf 92' lang='lat'><strong>:</strong></span> 
     </span>
    </p>
   </div>
   <div class='ocr_carea' id='block_1_156' title="bbox 2095 5875 3396 5946">
    <p class='ocr_par' dir='ltr' id='par_1_156' title="bbox 2095 5875 3396 5946">
     <span class='ocr_line' id='line_1_160' title="bbox 2095 5875 3396 5946; baseline -0.005 -13"><span class='ocrx_word' id='word_1_1096' title='bbox 2095 5875 2192 5933; x_wconf 83' lang='lat' dir='ltr'><strong>Pro</strong></span> <span class='ocrx_word' id='word_1_1097' title='bbox 2211 5875 2402 5932; x_wconf 81' lang='lat' dir='ltr'><strong>Christo</strong></span> <span class='ocrx_word' id='word_1_1098' title='bbox 2421 5879 2624 5934; x_wconf 80' lang='lat' dir='ltr'><strong>atﬂictus</strong></span> <span class='ocrx_word' id='word_1_1099' title='bbox 2639 5891 2846 5946; x_wconf 76' lang='lat' dir='ltr'><strong>regnum</strong></span> <span class='ocrx_word' id='word_1_1100' title='bbox 2859 5879 2955 5943; x_wconf 79' lang='lat' dir='ltr'><strong>iam</strong></span> <span class='ocrx_word' id='word_1_1101' title='bbox 2975 5882 3164 5942; x_wconf 79' lang='lat' dir='ltr'><strong>spectat</strong></span> <span class='ocrx_word' id='word_1_1102' title='bbox 3183 5875 3396 5938; x_wconf 69' lang='lat' dir='ltr'><strong>Olympi.</strong></span> 
     </span>
    </p>
   </div>
  </div>
