3970 6470
238 393 353 454 235

1288 384 1377 440 DE
1416 382 1761 442 LAUDIBUS
1798 383 1856 438 S.
1895 381 2166 440 CRUCIS.
2204 411 2276 423 —
2307 380 2436 438 LIB.
2477 381 2519 436 l.

3417 390 3524 448 226

1449 495 1970 562 DECLARATIO
2015 494 2363 560 FIGURAE.

318 693 448 752 Hm
490 689 655 764 isi“..-
716 685 914 760 pagina
961 683 1486 764 quinquagenarium
1547 697 1835 738 numerum
1862 682 2022 747 Ara,
2065 680 2191 751 quia
2222 687 2333 735 tota
2374 679 2514 735 ratio
2548 677 2691 734 illius
2719 679 3072 750 spiritualiter
3114 700 3262 743 cruci
3289 698 3524 761 aptatur.

242 785 509 850 continet,
539 782 597 838 in
636 777 877 850 quinque
915 775 965 832 Χ
993 776 1189 832 litteris
1218 789 1535 846 expressum
1581 792 1594 828 :
1627 789 1747 844 qua:
1781 779 1836 828 et

246 877 460 938 denarii
503 881 655 931 notat
698 885 988 936 summam,
1013 879 1069 926 et
1091 868 1270 926 crucis
1300 865 1557 936 exprimit
1585 865 1835 939 ﬁguram,

246 973 305 1029 in
347 967 502 1039 cujus
545 967 807 1022 honorem
835 972 1008 1020 totum
1045 976 1180 1033 opus
1211 959 1483 1016 conditur.
1510 956 1610 1013 Hic
1631 955 1839 1026 jubilzei

247 1070 403 1121 tenet
435 1057 860 1122 observantiam,
889 1062 944 1110 et
985 1069 1132 1109 verae
1180 1050 1539 1116 remissionis,
1583 1063 1704 1120 quae
1743 1063 1840 1119 per

248 1167 470 1214 crucem
503 1159 618 1206 toto
650 1147 772 1204 orbi
811 1145 1147 1211 conceditur,
1207 1143 1368 1198 index
1401 1150 1486 1197 est
1527 1160 1540 1196 :
1594 1140 1682 1196 hic
1716 1147 1842 1211 post

251 1245 420 1320 typici
441 1243 664 1301 Pascha:
692 1238 1113 1296 celebrationem
1139 1244 1196 1293 et
1213 1235 1380 1292 occisi
1404 1235 1528 1307 agni
1553 1233 1838 1302 solemnia,

249 1337 622 1405 transitusque
638 1331 854 1388 Domini
878 1331 932 1386 in
959 1329 1212 1402 Egypto,
1243 1328 1652 1384 celeberrimam
1676 1327 1834 1383 festi-

248 1430 477 1485 vitatem
511 1425 646 1497 legis
669 1425 809 1480 datae
836 1422 890 1476 in
916 1430 1102 1476 monte
1130 1419 1278 1476 Sinai
1321 1420 1474 1475 testis
1507 1429 1620 1487 est;
1645 1428 1700 1476 et
1719 1430 1843 1491 post

248 1535 442 1578 verum
461 1516 670 1575 Pascha
701 1516 935 1588 agnique
967 1513 1170 1570 Christi
1200 1513 1644 1580 immolationem,
1675 1513 1843 1570 Para-

250 1613 384 1670 cleti
419 1625 585 1684 super
624 1608 896 1682 apostolos
952 1608 1104 1664 missi
1159 1608 1560 1664 demonstrator
1591 1617 1704 1675 est;
1750 1608 1841 1664 hic

250 1707 541 1764 sabbatum
591 1703 943 1760 sabbatorum
998 1710 1123 1772 post
1167 1701 1581 1773 completionem
1635 1711 1838 1774 septem

249 1797 711 1854 hebdomadarum
764 1793 995 1850 monade
1023 1793 1208 1848 addita
1237 1793 1510 1865 designat,
1543 1801 1599 1850 et
1623 1803 1842 1850 mter-nae

250 1887 484 1960 requiei,
513 1901 635 1959 qua:
673 1899 801 1942 vere
843 1899 950 1938 una
1003 1892 1105 1948 est,
1141 1881 1335 1956 gaudia
1363 1885 1718 1950 demonstrat,
1749 1882 1842 1938 ubi

248 1988 402 2037 terra
450 1991 741 2050 corporum
794 1984 1107 2031 nostrorum
1151 1989 1280 2031 vere
1336 1991 1492 2030 suum
1547 1974 1843 2032 celebrabit

1939 770 2077 826 Nam
2101 769 2337 826 servitus
2358 769 2594 826 indebita
2614 769 2984 829 lsraelitarum
3008 774 3063 830 in
3093 775 3184 833 illo
3213 779 3522 854 relaxatur,

1939 871 1994 918 et
2017 877 2114 933 per
2135 876 2354 918 crucem
2381 861 2596 934 generis
2625 862 2845 918 humani
2875 866 3163 936 captivitas
3191 878 3246 926 et
3266 877 3522 946 servitus,

1940 971 2048 1026 qua
2069 964 2291 1025 peccato
2311 955 2562 1025 nequiter
2588 965 2749 1026 atque
2778 956 2936 1015 idolis
2975 962 3262 1031 serviebat,
3291 967 3528 1027 destrui-

1941 1055 2048 1114 tur,
2080 1056 2134 1104 et
2155 1063 2297 1104 verae
2343 1047 2606 1116 libertati,
2643 1065 2750 1120 qua
2781 1051 2892 1108 Deo
2929 1053 3028 1109 soli
3055 1059 3310 1127 servitur,
3339 1061 3526 1131 homo,

1942 1138 2033 1209 qui
2060 1139 2128 1194 ad
2151 1138 2443 1210 imaginem
2465 1139 2558 1194 Dei
2582 1151 2799 1196 creatus
2819 1151 2924 1211 est,
2958 1146 3220 1204 redditur.
3246 1151 3302 1206 In
3325 1153 3530 1225 jubileo

1942 1245 2158 1302 quoque
2188 1231 2256 1286 ad
2286 1231 2569 1302 antiquum
2596 1247 2963 1302 possessorem
3011 1239 3226 1296 vendita
3258 1246 3529 1312 possessio

1942 1327 2256 1394 revertitur,
2287 1335 2343 1383 et
2386 1326 2441 1383 in
2471 1328 2724 1398 passione
2750 1329 2966 1388 Domini
2995 1334 3202 1393 homini
3227 1343 3378 1411 prior
3407 1348 3531 1415 pos-5

1943 1417 2133 1483 sessio,
2170 1416 2224 1472 id
2255 1425 2361 1485 est,
2387 1417 2671 1489 paradisus
2697 1419 2960 1490 redditur,
2993 1438 3155 1494 quam
3185 1441 3284 1497 per
3311 1445 3533 1500 pomum

1942 1507 2169 1562 vetitum
2214 1509 2328 1580 ipse
2358 1508 2501 1565 male
2541 1519 2996 1581 commutaverat,
3039 1530 3224 1573 escam
3263 1523 3536 1592 accipiens

1944 1608 2000 1654 et
2043 1599 2208 1656 vitam
2257 1602 2510 1672 perdens.
2559 1602 2637 1658 lbi
2690 1604 2888 1676 quippe
2935 1617 3269 1681 prmoeptum
3291 1622 3375 1669 est
3410 1615 3537 1675 ﬁliis

1942 1692 2130 1761 Israel,
2159 1704 2219 1750 ut
2244 1711 2303 1751 se
2344 1695 2681 1752 abstinerent
2719 1711 2751 1752 a
2779 1697 2949 1754 rurali
2971 1714 3159 1772 opere,
3201 1712 3256 1759 et
3284 1704 3374 1762 hic
3406 1723 3538 1764 con-

1944 1801 2158 1842 cessum
2201 1787 2405 1843 sanctis
2445 1788 2562 1855 Dei,
2608 1795 2672 1844 ut
2696 1799 2895 1846 vacent
2919 1805 2950 1846 a
2975 1801 3190 1850 terrena
3218 1798 3536 1869 cupiditate.

1942 1877 2384 1950 Clangebantque
2437 1878 2668 1936 buccina
2723 1879 2820 1936 ﬁlii
2848 1881 3016 1938 Israel
3058 1883 3114 1940 in
3147 1885 3262 1957 ipso
3294 1888 3537 1959 jubilzeo,

1943 1971 2174 2040 septimo
2213 1987 2424 2040 mense,
2483 1972 2694 2028 decima
2731 1973 2821 2030 die
2865 1975 3094 2045 mensis,
3141 1980 3541 2052 propitiationis

251 2071 543 2128 sabbatum
573 2088 586 2124 :
614 2069 742 2139 quia
778 2067 924 2123 nulla
948 2067 1234 2138 praesentis
1259 2067 1384 2124 vitae
1421 2068 1617 2123 damna
1646 2067 1842 2122 sentiet
1870 2075 1918 2134 Β
1946 2069 2190 2133 tempore
2238 2063 2293 2118 in
2343 2064 2599 2120 universa
2629 2073 2775 2122 terra
2804 2081 2928 2134 sua,
2968 2076 3025 2124 et
3061 2071 3541 2130 sanctiﬁcaverunt

249 2163 396 2219 ultra
440 2162 706 2227 laborum,
754 2161 846 2217 sed
899 2161 954 2214 in
1003 2158 1251 2215 laudibus
1294 2167 1514 2214 aeternae
1561 2158 1844 2213 Trinitatis

245 2268 408 2311 suum
461 2247 736 2308 exercebit
777 2249 1011 2306 ofﬁcium
1058 2268 1072 2305 :
1124 2250 1250 2320 quia
1273 2265 1384 2305 suae
1421 2249 1844 2320 incorruptionis

244 2345 504 2420 gaudebit
549 2361 608 2401 se
657 2344 864 2402 nullum
901 2345 1103 2401 habere
1152 2345 1463 2401 terminum.
1502 2345 1845 2418 Quapropter

243 2436 443 2492 merito
459 2438 723 2507 quaeritur
759 2438 1029 2508 quomodo
1066 2436 1563 2509 quinquagenarius
1583 2453 1846 2495 numerus

243 2539 317 2582 ex
351 2541 580 2583 numero
625 2527 1056 2599 quadragenario
1105 2535 1314 2598 surgat.
1365 2527 1843 2600 Quadragenarius

243 2617 431 2689 itaque
478 2626 564 2675 est
595 2634 856 2675 numerus
885 2635 953 2675 ex
997 2619 1104 2686 his,
1140 2619 1231 2689 qui
1271 2627 1540 2674 vocantur
1564 2619 1845 2691 impariter

242 2722 426 2778 pares,
457 2708 551 2779 qui
577 2708 837 2764 dividitur
864 2709 922 2764 in
967 2723 1153 2780 aequas
1176 2716 1380 2780 partes,
1406 2709 1671 2780 cujusque
1716 2724 1846 2780 pars

243 2799 303 2855 in
332 2799 465 2856 alias
505 2815 688 2871 aequas
716 2800 881 2857 dividi
905 2807 1106 2872 potest,
1138 2815 1242 2856 nec
1281 2815 1389 2856 non
1433 2809 1489 2856 et
1515 2808 1701 2872 partes
1720 2816 1846 2873 par-

247 2889 384 2944 tium
406 2889 742 2958 dividuntur,
771 2891 866 2947 sed
897 2907 1006 2947 non
1035 2905 1206 2962 usque
1232 2892 1301 2946 ad
1325 2891 1589 2946 unitatem
1619 2906 1846 2963 progre-

243 2979 414 3037 ditur.
437 2980 682 3052 quualis
707 2981 801 3038 illa
825 2983 1020 3040 divisio
1041 2991 1146 3039 est.
1166 2982 1307 3054 Ergo
1319 2983 1437 3055 ejus
1458 2984 1722 3040 medietas
1745 3000 1842 3059 xx,

243 3081 442 3144 quarta
472 3090 599 3145 pars
622 3090 677 3144 x,
701 3075 894 3146 quinta
917 3090 1048 3147 pars
1073 3091 1196 3144 vni,
1226 3086 1422 3131 octava
1449 3091 1579 3148 pars
1598 3092 1651 3142 v,
1697 3077 1845 3134 deci-

241 3181 334 3220 ma
379 3181 508 3238 pars
549 3184 623 3234 lV,
686 3169 946 3226 vicesima
994 3185 1058 3235 ιι,
1107 3169 1528 3242 quadragesima
1571 3185 1610 3224 ι.
1665 3168 1846 3226 Unum

242 3258 394 3314 enim
430 3267 487 3314 et
514 3275 573 3326 Il,
598 3268 654 3316 et
680 3277 753 3327 1v,
797 3269 930 3328 etv,
972 3269 1028 3316 et
1055 3277 1180 3328 vin,
1204 3270 1261 3317 et
1286 3276 1342 3329 x,
1375 3271 1431 3316 et
1453 3277 1549 3329 xx,
1576 3260 1846 3332 quinqua-

243 3350 396 3421 ginta
425 3349 650 3406 faciunt.
682 3351 790 3408 Sed
815 3353 921 3408 hoc
946 3351 1343 3408 incrementum
1372 3352 1600 3408 minoris
1628 3353 1844 3410 numeri

243 3445 304 3501 in
339 3443 599 3514 majorem
655 3447 785 3518 quid
828 3445 974 3502 aliud
1018 3445 1309 3519 signiﬁcat,
1337 3461 1499 3517 quam
1532 3445 1839 3518 profectum
1867 3461 1912 3526 ρ

243 3537 528 3591 nostrum?
574 3535 932 3592 Praediximus
994 3552 1147 3607 ergo,
1198 3537 1344 3607 quod
1378 3538 1844 3609 quadragenarius

243 3641 509 3682 numerus
545 3628 687 3682 hanc
728 3627 1084 3697 temporalem
1117 3628 1288 3683 vitam
1317 3636 1372 3683 et
1391 3638 1715 3700 praesentem
1745 3631 1844 3686 de-

244 3717 460 3791 signet;
485 3717 984 3790 quinquagenarius
1013 3733 1142 3774 vero
1169 3719 1407 3788 quietem
1429 3719 1626 3776 futurae
1652 3721 1846 3793 patriae

243 3817 302 3866 et
324 3817 531 3866 aeterna
545 3809 742 3881 gaudia
761 3808 1115 3864 demonstret.
1134 3808 1272 3877 Quid
1291 3809 1435 3865 aliud
1449 3810 1608 3867 nobis
1617 3826 1719 3881 per
1745 3813 1846 3868 hos

244 3899 385 3957 duos
431 3915 687 3958 numeros
728 3900 1050 3967 insinuatur,
1089 3902 1192 3959 nisi
1215 3910 1274 3957 ut
1295 3900 1438 3960 hanc
1458 3903 1628 3959 vitam
1656 3913 1846 3962 sancta

243 3991 607 4048 conversione
648 3992 930 4058 ducentes,
978 3992 1315 4049 orationibus
1338 4001 1394 4049 et
1438 3990 1641 4065 vigiliis
1682 4003 1847 4065 atque

240 4084 464 4161 jejuniis
491 4085 781 4154 instantes,
821 4087 1212 4143 misericordiae
1248 4101 1466 4158 quoque
1504 4085 1765 4157 operibus
1791 4095 1848 4144 et

247 4176 963 4249 eleemosynisinsudantes,
994 4177 1154 4250 plena
1185 4176 1314 4244 ﬁde,
1342 4192 1437 4248 spe
1458 4177 1694 4251 integra,
1721 4193 1847 4249 per-

247 4269 394 4327 fecta
431 4271 695 4328 charitate
742 4272 811 4329 ad
833 4272 981 4328 illam
1028 4288 1150 4344 quae
1175 4273 1229 4327 in
1258 4272 1414 4328 ctelis
1439 4280 1722 4343 exspectat
1745 4288 1846 4329 nos

248 4361 484 4434 patriam
513 4379 904 4435 properemus:
936 4364 1030 4420 ubi
1069 4364 1226 4436 quies
1249 4372 1454 4420 aeterna
1493 4363 1700 4434 absque
1738 4364 1846 4422 ullo

248 4452 440 4511 labore
466 4457 807 4526 possidetur;
837 4456 928 4512 ubi
964 4473 1152 4512 verum
1178 4457 1436 4526 gaudium
1465 4457 1583 4512 sine
1612 4457 1720 4510 ulla
1749 4457 1848 4512 tri-

249 4546 406 4604 stitia
428 4548 766 4615 continetur;
809 4547 901 4603 ubi
930 4548 1194 4620 quidquid
1215 4547 1344 4604 boni
1364 4549 1452 4603 hic
1475 4563 1544 4603 ex
1565 4557 1720 4619 parte
1747 4549 1847 4605 ali-

235 4653 360 4712 qua
409 4640 772 4711 percepimus,
817 4649 992 4698 totum
1042 4649 1206 4712 atque
1266 4641 1539 4714 integrum
1589 4641 1708 4697 sine
1739 4640 1847 4700 ﬁne

247 4730 584 4804 perﬁcietur.
630 4732 802 4789 Porro
841 4740 1025 4790 autem
1047 4733 1306 4790 denarius
1330 4748 1593 4789 numerus
1631 4741 1848 4790 creato-

1946 2156 2457 2228 quinquagesimum
2478 2173 2702 2226 annum,
2723 2166 2779 2214 et
2805 2172 3138 2219 vocaverunt
3163 2166 3540 2225 remissionem

1945 2249 2159 2306 cunctis
2201 2250 2601 2307 habitatoribus
2660 2257 2824 2308 terra:
2872 2269 3002 2310 sum.
3073 2255 3542 2332 lnsonueruntque

1946 2343 2076 2398 tuba
2121 2343 2528 2413 praedicationis
2577 2344 2811 2414 apostoli
2851 2352 2909 2401 et
2943 2347 3126 2404 cancri
3157 2349 3542 2420 praedicatores

1946 2433 2249 2506 Evangelii,
2283 2433 2522 2505 Spiritus
2549 2435 2727 2492 sancti
2757 2436 2933 2510 gratia
2969 2438 3184 2508 repleti,
3213 2439 3388 2513 legem
3425 2443 3541 2513 spi-

1948 2524 2682 2596 ritualiterinterpretantes,
2707 2535 2762 2582 et
2787 2527 3042 2584 docentes
3061 2529 3119 2584 in
3140 2538 3254 2586 toto
3274 2531 3404 2588 orbe
3425 2546 3542 2604 pte-

1946 2617 2232 2673 nitentiam
2259 2627 2316 2673 et
2342 2618 2720 2674 remissionem
2763 2628 3111 2690 peccatorum
3147 2623 3396 2696 accipere
3443 2641 3544 2697 per

1946 2723 2148 2764 nomen
2171 2707 2373 2765 Christi
2404 2725 2616 2777 omnes,
2647 2711 2741 2781 qui
2765 2712 2995 2767 credunt
3023 2713 3078 2767 in
3108 2728 3256 2769 eum.
3294 2714 3544 2772 Ostendit

1949 2815 2166 2872 quoque
2214 2801 2330 2872 ipse
2357 2799 2606 2857 Salvator
2635 2802 2739 2858 hoc
2765 2817 2908 2857 verae
2939 2803 3278 2860 remissionis
3304 2813 3541 2877 tempus,

1948 2893 2165 2963 quando
2193 2890 2464 2966 Nazareth
2498 2892 2726 2947 veniens
2753 2891 2810 2946 in
2854 2907 3125 2966 synagoga
3150 2894 3363 2966 legebat
3392 2895 3545 2967 capi-
3609 2946 3621 2956 ,

1948 2982 2124 3037 tulum
2150 2982 2216 3037 de
2237 2981 2376 3038 Isaia
2405 2982 2669 3053 propheta
2694 2981 2763 3036 ad
2801 2995 2860 3038 se
2883 2983 3166 3052 pertinens
3211 2984 3288 3040 ita
3310 2984 3497 3042 dicens
3527 2998 3543 3039 :

1949 3071 2181 3143 Spiritus
2220 3071 2432 3127 Domini
2461 3088 2618 3143 super
2657 3088 2760 3139 me,
2791 3087 2850 3126 eo
2891 3073 3030 3144 quod
3056 3075 3208 3128 unxit
3252 3091 3355 3141 me,
3389 3091 3546 3130 evan-

1946 3161 2174 3234 gelizare
2223 3161 2542 3234 pauperibus
2583 3162 2722 3217 misit
2768 3179 2850 3218 me
2884 3163 3176 3232 prwdieare
3221 3165 3436 3237 captivis
3466 3181 3548 3220 re-

1946 3255 2269 3322 missionem,
2316 3264 2365 3309 et
2408 3255 2560 3310 ca’cis
2603 3255 2792 3322 uisum,
2840 3255 3106 3312 dimittere
3144 3257 3441 3327 canfractos
3488 3257 3546 3312 in

1947 3345 2324 3411 remissionem,
2355 3345 2647 3417 praedicare
2695 3362 2893 3400 annum
2933 3345 3148 3401 Domini
3191 3357 3462 3419 acceptum
3495 3357 3546 3404 et

1945 3437 2085 3492 diem
2130 3437 2510 3492 retributionis.
2547 3436 2766 3495 Annum
2797 3445 2979 3493 autem
3009 3446 3296 3511 acceptum
3317 3449 3373 3495 et
3397 3438 3544 3497 diem

1947 3531 2340 3597 retributionis,
2374 3546 2536 3588 omne
2560 3531 2967 3603 praedicationis
2995 3531 3134 3603 ejus,
3163 3549 3270 3604 quo
3293 3533 3348 3589 in
3377 3548 3544 3591 carne

1945 3629 2195 3678 versatus
2223 3631 2328 3689 est,
2362 3630 2576 3694 tempus
2607 3621 2868 3694 intellige,
2894 3624 3112 3694 quando
3139 3625 3300 3681 cacis
3327 3625 3420 3681 lux
3447 3641 3541 3682 ve-

1945 3733 2032 3784 ra,
2054 3734 2172 3790 qua:
2195 3715 2461 3772 illuminat
2483 3733 2688 3772 omnem
2713 3717 2976 3772 hominem
3001 3718 3290 3773 venientem
3319 3719 3376 3773 in
3403 3719 3543 3774 hunc

1945 3812 2223 3879 mundum,
2256 3812 2322 3867 ad
2367 3809 2802 3882 cognoscendum
2829 3811 3119 3866 veritatem
3147 3809 3316 3867 verbo
3343 3817 3399 3867 et
3441 3811 3545 3865 mi-

1946 3903 2150 3960 raculis
2185 3903 2399 3974 aperuit
2442 3901 2642 3969 visum,
2692 3909 2749 3956 et
2775 3901 2831 3956 in
2860 3914 3024 3957 cruce
3051 3899 3293 3957 moriens
3339 3899 3548 3957 dimisit

1947 3995 2189 4068 captivos
2214 3994 2631 4066 confractosque
2658 3993 2716 4049 in
2744 3993 3144 4061 remissionem,
3183 3993 3312 4065 quia
3337 3993 3545 4050 destru-

1945 4092 2043 4146 ctis
2096 4089 2320 4146 uinculis
2363 4089 2578 4156 mortis,
2600 4103 2876 4159 resurgens
2925 4087 2982 4142 in
3020 4085 3215 4159 gloria,
3257 4086 3544 4143 ascendens

1947 4181 2207 4253 captivam
2259 4180 2411 4235 duxit
2458 4179 2829 4251 captivitatem,
2865 4176 3008 4232 dedit
3054 4175 3191 4232 bona
3224 4175 3541 4231 hominibus.

1947 4271 2105 4342 Quod
2141 4280 2323 4329 autem
2372 4274 2489 4328 haec
2521 4270 2834 4328 testimonia
2881 4270 2950 4325 ad
2987 4269 3165 4342 ipsum
3209 4269 3543 4340 pertineant,

1949 4372 2181 4422 testatur
2225 4364 2559 4436 evangelista
2599 4363 2797 4430 Lucas,
2831 4377 2955 4418 cum
2989 4360 3265 4434 subjungit
3297 4361 3545 4418 Salvato-

1948 4473 2065 4514 rem
2094 4458 2199 4513 hoc
2227 4457 2369 4513 idem
2393 4455 2734 4512 auditoribus
2757 4454 2870 4511 suis
2895 4453 3196 4510 afﬁrmasse
3219 4453 3295 4509 ita
3320 4454 3540 4510 dicens:

1948 4554 2112 4627 Coepit
2140 4563 2316 4610 autem
2367 4553 2538 4609 dicere
2579 4551 2649 4607 ad
2689 4549 2833 4618 illos,
2881 4551 3007 4622 quia
3031 4549 3186 4603 hodie
3214 4547 3428 4620 impleta
3465 4555 3544 4604 est

1949 4648 2061 4704 haec
2090 4646 2368 4718 Scriptura
2395 4647 2452 4700 in
2498 4643 2716 4700 auribus
2745 4643 2950 4699 vestris.
2990 4639 3268 4696 Et'omnes
3307 4641 3542 4697 testimo-

1949 4743 2096 4797 nium
2126 4741 2206 4797 illi
2233 4740 2454 4805 dabant,
2485 4746 2533 4793 et
2561 4735 2892 4791 mirabantur
2919 4735 2977 4790 in
3015 4733 3180 4790 verbis
3212 4732 3401 4804 gratia:
3423 4748 3543 4806 qua

249 4825 331 4882 ris
351 4832 516 4896 atque
539 4834 806 4882 creatura;
818 4825 1090 4896 signiﬁcat
1114 4825 1422 4882 scientiam.
1446 4823 1586 4880 Nam
1608 4825 1846 4882 Trinitas
1871 4833 1926 4894 ι)
1949 4833 2296 4907 procedebant
2327 4831 2391 4886 de
2412 4847 2502 4885 ore
2527 4829 2665 4900 ejus.

249 4918 517 4973 creatoris
543 4925 646 4974 est.
698 4917 1052 4989 Septenarius
1099 4927 1284 4974 autem
1332 4931 1593 4974 numerus
1623 4925 1841 4974 creatu-

250 5024 372 5064 ram
410 5009 613 5067 indicat
656 5020 879 5083 propter
923 5012 1092 5068 vitam
1141 5020 1196 5066 et
1238 5027 1453 5083 corpus.
1498 5011 1636 5066 Nam
1660 5011 1717 5067 in
1754 5011 1843 5067 illa

250 5098 358 5154 tria
384 5109 532 5167 sunt,
573 5104 716 5159 unde
744 5104 909 5159 etiam
957 5111 1073 5160 toto
1115 5105 1299 5172 corde,
1332 5111 1447 5160 tota
1486 5105 1686 5172 anima,
1729 5113 1844 5161 tota

250 5203 436 5251 mente
468 5195 771 5267 diligendus
799 5206 884 5254 est
904 5198 1070 5266 Deus,
1103 5199 1160 5253 in
1189 5212 1419 5269 corpore
1443 5204 1626 5253 autem
1663 5196 1841 5253 mani-

249 5284 544 5348 festissima
565 5295 798 5358 quatuor
823 5297 1108 5361 apparent,
1128 5289 1325 5361 quibus
1339 5297 1577 5356 constat,
1601 5289 1841 5347 elemen-

151 5421 156 5426 .
252 5385 332 5433 ta.
382 5375 532 5434 Bene
580 5394 710 5450 ergo
750 5395 1010 5438 numerus
1061 5382 1169 5437 ista
1217 5381 1528 5453 signiﬁcans
1573 5381 1628 5436 in
1665 5382 1845 5438 crucis

249 5469 581 5540 exprimitur
605 5479 758 5536 nota,
807 5472 934 5542 quia
955 5473 1010 5528 in
1039 5472 1130 5528 illa
1169 5488 1267 5544 per
1286 5473 1641 5529 mediatorem
1667 5471 1763 5528 Dei
1789 5481 1846 5529 et

251 5562 539 5619 hominum
584 5563 925 5620 reconciliati
969 5572 1024 5621 et
1054 5565 1341 5621 coadunati
1386 5581 1572 5622 sumus
1610 5565 1844 5622 creatori

251 5662 467 5722 nostro,
495 5664 550 5712 et
569 5657 624 5712 in
665 5657 805 5714 ﬁlios
828 5657 1136 5729 adoptionis
1163 5668 1366 5715 aeterno
1393 5659 1544 5714 Patri
1571 5659 1838 5714 translati.

249 5741 1037 5826 Rectequejubilaeinumerus
1064 5750 1386 5825 exprimitur
1414 5751 1470 5827 in
1491 5749 1670 5832 crucis
1698 5748 1838 5822 ﬁgu-

2022 4926 2347 4984 Continetur
2367 4899 2560 4980 autem,
2581 4923 2636 4977 in
2665 4899 2906 4993 quinque
2927 4918 2978 4975 Χ
3007 4920 3152 4978 notis
3181 4934 3322 4976 unus
3347 4933 3541 4976 versus

1951 5020 2348 5094 quinquaginta
2389 5017 2699 5072 litterarum
2724 5015 2817 5070 hic
2855 5033 2868 5068 :

2075 5113 2306 5174 Quinque
2325 5110 2465 5174 juvat
2487 5109 2628 5173 apice
2651 5113 2728 5162 ast
2744 5118 2882 5160 sacra
2901 5105 3090 5169 dicere,
3113 5105 3180 5157 de
3195 5104 3548 5232 clm-1:31am

1948 5297 2048 5356 per
2075 5281 2316 5355 singulas
2346 5289 2508 5338 notas
2546 5280 2701 5338 denis
2725 5277 2922 5336 litteris
2950 5275 3253 5348 supputatis
3271 5317 3286 5343 ,
3313 5277 3411 5334 sed
3438 5277 3544 5336 hoc

1947 5377 2005 5434 in
2039 5375 2504 5448 pronuntiatione.
2549 5372 2822 5430 Caeterum
2871 5378 3052 5427 autem
3097 5369 3154 5424 in
3201 5369 3406 5442 scripto
3460 5386 3540 5437 ix,

1945 5479 2250 5546 grammata
2290 5469 2585 5541 unicuique
2623 5476 2768 5524 notat
2794 5467 3146 5538 deputantur.
3176 5464 3316 5521 Nam
3361 5463 3543 5520 media

1944 5563 2128 5620 littera
2165 5563 2500 5634 singularum
2541 5566 2789 5615 notarum
2835 5557 3137 5613 communis
3194 5565 3280 5612 est
3325 5554 3543 5624 utrique

1944 5654 2174 5725 tramiti,
2201 5662 2258 5712 et
2285 5653 2338 5711 ei
2361 5653 2456 5726 qui
2484 5651 2847 5722 dextrorsum,
2875 5658 2932 5709 et
2961 5650 3013 5708 ei
3034 5649 3129 5733 qui
3159 5647 3541 5725 sinistrorsum
