3970 6478
270 329 377 339 ,οι-.-

265 343 377 403 239

1309 333 1400 395 DE
1438 329 1787 391 LAUDIBUS
1824 287 1883 388 ε.
1920 330 2186 390 caucrs.
2223 362 2296 377 —
2331 330 2459 393 LIB.

3425 344 3535 415 250

1465 447 1984 515 DECLARATIO
2032 452 2373 515 FIGURIE.

1666 576 2102 593 ψ

336 624 582 694 Denique
600 626 802 678 sanetae
821 632 1000 676 erucis
1020 617 1250 676 formam
1268 619 1459 675 Graeca
1478 619 1660 677 littera
1690 622 1849 678 lauda
1878 626 1931 688 Α
1957 625 2102 695 quod
2127 624 2445 697 mysterium
2491 638 2646 697 aeque
2692 625 2950 699 pertinet,
2996 633 3060 683 ut
3109 627 3366 700 diximus,
3393 633 3540 703 quod

258 712 530 792 [lamhda]
560 713 617 771 in
648 712 752 769 hac
778 711 975 782 pagina
1004 726 1103 782 per
1122 720 1357 783 quatuor
1385 712 1502 768 loca
1538 715 1715 786 posita
1755 731 1853 772 ex-

254 805 452 882 primit
480 820 495 859 :
522 817 650 875 quae
701 808 757 863 et
801 801 1154 858 tricenarium
1195 816 1478 884 numerum
1514 807 1657 876 apud
1708 805 1857 863 Grae-

256 910 361 957 cos
389 893 679 967 signiﬁcat.
708 890 837 953 Haec
876 906 1008 964 ergo
1058 893 1185 966 quia
1234 902 1428 969 quater
1473 895 1562 957 hic
1611 898 1852 968 ponitur,

256 1003 371 1051 cxx
410 998 701 1045 numerum
743 980 927 1049 eﬁicit,
960 982 1114 1053 cujus
1152 994 1555 1045 sacramentum
1596 1004 1854 1063 magnum

258 1086 370 1139 est.
401 1074 537 1137 Nam
561 1074 815 1149 leguntur
835 1082 961 1131 ante
982 1074 1244 1133 diluvium
1274 1091 1376 1129 cxx
1402 1077 1530 1137 anni
1569 1078 1637 1133 ad
1682 1080 1856 1153 poeni-

263 1167 491 1227 tentiam
530 1162 843 1225 hominibus
892 1161 1132 1230 decreti;
1188 1172 1242 1218 et
1292 1162 1619 1222 Salomoniri
1671 1168 1854 1242 templi

262 1262 495 1323 altitudo
526 1272 635 1321 ex:
672 1255 983 1319 cubitorum
1013 1262 1161 1323 erat;
1202 1262 1255 1315 et
1285 1270 1445 1327 super
1477 1271 1583 1314 cxx
1611 1259 1759 1315 viros
1798 1259 1855 1315 in

261 1356 355 1421 die
380 1355 735 1417 Pentecostes
762 1347 1000 1421 Spiritus
1046 1356 1265 1409 sanctus
1309 1350 1475 1411 venit.
1521 1350 1581 1411 In
1623 1361 1857 1422 quatuor

260 1447 409 1509 enim
441 1444 590 1505 notis
617 1441 855 1513 idipsum
898 1437 1273 1511 efﬁcientibus,
1301 1449 1537 1512 quatuor
1562 1442 1855 1513 Evangelia

258 1539 671 1615 signiﬁcantur,
700 1535 757 1599 in
782 1532 977 1613 quibus
1003 1532 1228 1604 singulis
1249 1532 1575 1595 tricenarius
1597 1549 1858 1595 numerus

260 1633 574 1697 invenitur;
608 1628 736 1705 quia
774 1627 908 1691 ﬁdes
942 1633 1144 1683 sanctae
1177 1624 1458 1689 Trinitatis
1493 1633 1548 1683 et
1594 1623 1858 1697 perfectio

262 1724 647 1789 mandatorum
668 1720 725 1781 in
753 1714 982 1787 singulis
1005 1714 1183 1773 sancti
1227 1713 1505 1789 Evangelii
1549 1714 1703 1770 libris
1746 1712 1860 1785 ple-

260 1816 491 1878 nissime
535 1811 884 1891 praedicatur.
930 1807 1165 1869 Proinde
1204 1806 1336 1867 illud
1375 1805 1521 1878 quod
1567 1822 1694 1863 arca
1745 1805 1860 1864 Noe

260 1924 390 1969 cum
419 1922 490 1965 ex
516 1905 612 1967 Dei
642 1908 913 1975 praecepto
939 1899 1382 1966 construebatur,
1414 1906 1468 1954 et
1507 1899 1575 1953 ad
1605 1898 1861 1955 salvatioc

261 2016 394 2063 nem
424 2000 723 2059 electorum
749 1994 817 2053 ad
847 1991 1258 2053 similitudinem
1285 1999 1488 2051 sanctae
1532 1993 1713 2048 crucis
1757 1993 1859 2048 'rm-
1886 1997 1935 2058 Β

260 2092 377 2167 piis
398 2089 601 2149 diluvio
628 2085 885 2159 perituris
908 2082 1338 2155 praeparabantur,
1363 2083 1419 2138 in
1456 2098 1561 2141 cxx
1591 2097 1858 2138 annorum

264 2183 478 2242 calculo
498 2180 833 2256 paenitentia:
855 2187 1068 2251 tempus
1094 2176 1405 2233 hominibus
1431 2184 1556 2235 ante
1580 2175 1886 2234 decretum

264 2284 372 2343 est,
405 2274 537 2344 quid
563 2269 709 2335 aliud
733 2269 1024 2347 signiﬁcat,
1053 2284 1218 2341 quam
1256 2268 1401 2338 quod
1449 2268 1523 2323 ita
1571 2276 1782 2323 tantum
1826 2284 1859 2327 ιι

262 2365 524 2425 ﬂuctibus
550 2362 712 2436 hujus
740 2361 923 2420 saeculi
948 2375 1236 2432 possumus
1258 2374 1583 2431 permanere
1610 2358 1789 2425 illaesi,
1815 2359 1861 2415 si

267 2458 598 2531 evangelicae
637 2455 898 2512 doctrinae
920 2455 976 2509 in
1002 2452 1108 2508 ﬁde
1136 2459 1337 2508 sancta:
1383 2450 1665 2505 Trinitatis
1703 2450 1864 2521 digne

265 2560 562 2625 operantes
603 2548 813 2606 devotis
863 2546 1136 2603 mentibus
1174 2544 1509 2601 ohediamus.
1536 2540 1649 2597 Hoc
1678 2549 1862 2597 autem

270 2646 420 2719 quod
446 2644 627 2701 omnis
651 2640 839 2713 templi
869 2639 1098 2703 altitudo
1128 2652 1234 2694 cxx
1270 2635 1578 2693 cubitorum
1629 2626 1863 2699 fuit,ad

272 2738 419 2793 idem
461 2741 865 2795 sacramentum
915 2731 1180 2803 respicit:
1210 2726 1356 2800 quod
1398 2736 1452 2782 et
1494 2726 1765 2798 primitiva
1808 2726 1864 2780 in

272 2827 666 2903 Hierosolymis
689 2822 932 2887 Ecclesia
984 2830 1109 2901 post
1143 2822 1472 2901 passionem,
1509 2816 1866 2874 resurrectio-

272 2934 402 2974 nem
423 2926 479 2975 et
498 2915 869 2973 ascensionem
889 2912 1107 2969 Domini
1135 2912 1188 2966 in
1216 2911 1404 2976 caelos,
1438 2910 1491 2964 in
1518 2910 1620 2964 hoc
1641 2923 1867 2965 numero

270 3011 517 3065 virorum
544 3008 777 3082 gratiam
802 3006 978 3063 sancti
1010 3004 1247 3075 Spiritus
1271 3002 1499 3073 accepit.
1527 3001 1715 3073 Itaque
1740 3016 1867 3071 pro-

274 3102 505 3157 cedente
528 3100 794 3163 naturalis
825 3098 1036 3161 numeri
1062 3097 1441 3173 progressione
1468 3095 1538 3151 ab
1560 3110 1667 3150 uno
1694 3108 1867 3175 usque

275 3194 351 3250 ad
379 3209 471 3261 xv,
498 3201 553 3250 et
578 3192 820 3250 collectis
846 3193 902 3247 in
928 3205 1096 3253 unum
1114 3190 1357 3253 omnium
1380 3188 1624 3245 locorum
1647 3188 1867 3247 summi-

275 3286 498 3350 tatibus,
518 3300 622 3342 cxx
646 3285 783 3343 ﬁunt
799 3299 901 3353 xv;
927 3298 1163 3356 namque
1188 3297 1309 3352 quae
1331 3296 1400 3337 ex
1423 3295 1501 3336 vn
1528 3288 1583 3337 et
1608 3295 1703 3336 vm
1728 3296 1862 3336 eon-

275 3384 447 3449 stant,
474 3376 651 3434 solent
678 3391 1066 3447 nonnunquam
1092 3375 1161 3431 ad
1186 3374 1639 3446 signiﬁcatiOnem
1671 3372 1863 3429 referri
1892 3370 1938 3434 C

276 3470 407 3526 vitae
435 3470 651 3538 futurae,
681 3484 802 3549 quae
834 3483 981 3525 nunc
1018 3469 1074 3524 in
1127 3468 1459 3524 sabbatismo
1503 3466 1709 3543 geritur
1752 3468 1870 3523 ani-

274 3576 497 3618 marum
552 3560 813 3629 ﬁdelium,
847 3557 1162 3631 perﬁcietur
1207 3565 1388 3612 autem
1425 3556 1481 3612 in
1531 3556 1639 3612 ﬁne
1690 3556 1870 3614 saeculi

277 3655 687 3719 resurrectione
737 3668 1027 3724 corporum
1072 3649 1481 3707 immortalium.
1532 3650 1870 3722 Quapropter

258 3734 410 3821 lapte
440 3760 668 3803 numero
698 3744 1010 3801 centenario
1035 3752 1091 3805 et
1123 3743 1416 3811 vicenario,
1448 3757 1640 3814 magna
1673 3742 1872 3798 electo-

274 3857 405 3898 rum
428 3839 707 3896 beatitudo
731 3839 787 3894 in
818 3837 998 3900 futura
1028 3838 1139 3893 vita
1169 3835 1500 3908 designatur,
1529 3842 1653 3906 apte
1687 3835 1743 3890 in
1769 3837 1871 3891 hoc

277 3935 507 3991 tertium
543 3932 735 3989 domus
777 3931 989 3990 Domini
1035 3929 1374 3991 etenaculum
1411 3938 1819 3989 consummatur
1855 3947 1872 3985 :

281 4026 413 4100 quia
438 4033 563 4099 post
584 4032 884 4097 praesentes
916 4025 1154 4080 ﬁdelium
1182 4020 1413 4091 labores,
1443 4031 1567 4093 post
1595 4030 1872 4093 acceptam

284 4118 346 4173 in
376 4116 558 4172 futuro
583 4117 824 4187 requiem
850 4116 1175 4183 animarum,
1203 4114 1361 4187 plena
1404 4115 1570 4170 totius
1615 4112 1872 4170 Ecclesia:

285 4207 524 4266 felicis“
568 4208 627 4265 in
684 4208 1101 4269 emunctionis
1143 4207 1317 4280 gloria
1360 4206 1740 4279 complebitur.
1789 4203 1869 4261 Ad

1956 730 2243 789 resurgens
2274 732 2305 771 a
2327 717 2559 773 mortuis
2586 725 2751 789 atque
2779 719 2850 781 ad
2874 718 3042 783 cmlos
3066 722 3391 795 ascendens,
3413 723 3541 783 huic

1955 823 2184 869 numero
2213 809 2453 871 virorum
2483 807 2750 879 Spiritum
2779 818 3032 875 sanctum
3061 812 3120 869 in
3141 812 3340 885 linguis
3367 815 3541 886 igneis

1956 902 2135 970 misit;
2184 916 2386 975 eosque
2410 903 2502 972 qui
2527 902 2841 967 diversitate
2863 902 3173 981 linguarum
3202 905 3275 961 ab
3307 905 3541 963 invicem

1956 994 2419 1071 discrepaverant,
2451 1004 2673 1066 repente
2704 997 2948 1061 omnium
2987 996 3315 1068 cogitatione
3355 996 3544 1069 loque-

1956 1088 2133 1145 larum
2161 1102 2502 1151 communem
2533 1090 2586 1144 in
2618 1089 2776 1147 laude
2802 1105 2898 1151 sua
2934 1089 3063 1155 fecit
3098 1091 3304 1157 habere
3331 1086 3551 1157 sermo?

1956 1198 2099 1238 nem.
2156 1182 2293 1238 Nam
2347 1191 2402 1238 et
2454 1182 2696 1245 Ecclesia
2743 1199 2841 1249 suo
2882 1192 3125 1256 tempore
3174 1200 3466 1257 resurgens
3511 1199 3546 1240 a

1957 1282 2151 1342 morte,
2179 1283 2340 1346 atque
2369 1275 2436 1337 ad
2461 1275 2630 1335 caelos
2656 1275 2954 1337 ascendens
2998 1276 3053 1337 in
3095 1289 3263 1349 carne
3296 1275 3545 1337 incorru-

1956 1365 2153 1437 ptibili,
2177 1365 2335 1436 plene
2361 1379 2427 1427 ac
2456 1363 2695 1435 perfecte
2727 1365 2867 1421 dono
2915 1363 3153 1438 Spiritus
3199 1365 3377 1427 sancti
3422 1365 3546 1422 illu-

1958 1459 2250 1528 strabitur,
2288 1459 2532 1530 quando,
2560 1458 2716 1532 juxta
2761 1458 3089 1535 promissum
3126 1457 3404 1529 Apostoli,
3446 1459 3547 1517 erit

1961 1553 2100 1613 Deus
2132 1552 2392 1609 omniain
2421 1551 2680 1611 omnibus.
2735 1550 2887 1617 Tunc
2932 1551 3092 1631 plena
3137 1551 3243 1613 erit
3288 1552 3548 1611 adunatio
3622 1564 3633 1567 '

1957 1647 2267 1719 linguarum
2318 1647 2375 1703 in
2422 1646 2710 1711 omnibus,
2758 1646 2828 1701 ad
2882 1645 3230 1717 praedicanda
3281 1646 3551 1721 magnalia

1958 1741 2078 1809 Dei,
2132 1740 2260 1811 quia
2320 1753 2558 1802 consona
2606 1745 2789 1794 mente
2836 1751 2901 1797 ac
2946 1752 3080 1797 voce
3116 1752 3309 1803 omnes
3355 1737 3551 1797 divinae

1960 1832 2187 1906 gloriam
2222 1829 2544 1903 maiestatis,
2572 1845 2735 1907 quam
2762 1836 3085 1909 praesentem
3113 1829 3321 1897 vident,
3346 1828 3550 1889 collau-

1961 1925 2122 1992 dant;
2162 1932 2396 1996 tuncque
2432 1939 2534 1985 vox
2562 1922 2651 1983 illa
2676 1921 2873 1995 psalmi
2899 1920 3142 1993 perfecte
3163 1920 3550 2003 complebitur,

1961 2035 2069 2093 qua
2100 2017 2335 2090 Spiritus
2356 2024 2576 2073 sanctus
2621 2030 2721 2086 per
2765 2015 3089 2089 prophetam
3132 2028 3323 2075 omnes
3364 2022 3555 2085 gentes

1962 2114 2031 2171 ad
2087 2112 2300 2169 laudem
2353 2108 2569 2166 Domini
2615 2104 2957 2179 provocando
3000 2106 3340 2173 exhortatur,
3366 2106 3442 2163 ita
3473 2104 3554 2163 di-

1960 2222 2093 2265 cens
2113 2225 2125 2260 :
2143 2204 2385 2261 Laudate
2412 2202 2715 2265 Dominum,
2744 2215 2921 2259 omnes
2948 2208 3142 2271 genter,
3183 2207 3231 2263 et
3256 2196 3556 2264 collaudata

1961 2316 2080 2361 eum
2109 2314 2284 2355 omnes
2312 2295 2515 2367 populi,
2536 2294 2786 2367 quoniam
2819 2293 3132 2364 conﬁrmata
3170 2298 3246 2351 est
3270 2305 3430 2361 super
3458 2302 3556 2344 nos

1962 2389 2323 2449 misericordia
2366 2388 2515 2459 ejus,
2544 2396 2595 2466 get
2626 2387 2815 2441 veritas
2842 2383 3061 2442 Domini
3086 2389 3263 2443 manet
3298 2380 3357 2435 in
3400 2388 3553 2437 arter—

1967 2501 2126 2550 num;
2156 2482 2376 2554 quando
2410 2486 2677 2552 quotquot
2704 2478 2770 2532 de
2795 2476 3050 2533 omnibus
3078 2471 3329 2545 gentibus
3356 2469 3427 2533 ad
3470 2468 3556 2525 vi—

1969 2586 2077 2637 tam
2106 2572 2474 2647 praedestinati
2514 2578 2642 2627 sunt
2675 2577 2955 2639 aeternam,
2988 2564 3242 2629 omnibus
3284 2558 3558 2621 scandulis

1962 2672 2034 2729 de
2057 2668 2299 2731 Ecclesia
2324 2663 2528 2725 Christi
2554 2678 2652 2734 per
2672 2660 2987 2732 angelorum
3004 2656 3176 2721 oﬂicia
3200 2652 3406 2724 ejectis,
3421 2650 3561 2711 uniti

1966 2764 2132 2837 capiti
2156 2778 2254 2821 suo
2288 2775 2451 2819 unam
2479 2757 2694 2819 laudem
2723 2753 2907 2813 omnia
2944 2751 3191 2813 membra
3214 2745 3561 2811 concorditer

1966 2834 2312 2928 et‘perpetuo
2347 2850 2666 2911 cantabunt.
2699 2843 3007 2905 Notandum
3042 2854 3258 2911 quoque
3286 2844 3394 2909 est,
3415 2834 3562 2928 quod

1966 2964 2078 3011 non
2117 2947 2290 3011 solum
2314 2944 2475 3011 lauda
2500 2940 2685 3009 littera
2711 2938 2802 2999 hic
2828 2952 2927 3011 per
2949 2940 3184 3005 quatuor
3212 2930 3329 2997 loca
3359 2927 3561 3000 posita,

1967 3058 2072 3103 cxx
2104 3054 2392 3105 numerum
2430 3036 2490 3095 in
2515 3048 2614 3095 suo
2640 3029 2757 3097 solo
2800 3030 3115 3091 charactere
3159 3020 3420 3091 ostendit,
3449 3033 3561 3077 xxx

1968 3150 2068 3207 per
2101 3130 2366 3203 singulos,
2397 3128 2490 3187 sed
2506 3125 2678 3189 etiam
2705 3135 2898 3185 versus
2922 3114 3167 3207 ipsi,¥iqui
3211 3111 3268 3179 in
3310 3110 3402 3167 illa
3426 3123 3559 3207 con-

1971 3199 2160 3295 scripti
2190 3199 2335 3291 sunt,
2373 3215 2717 3286 unusquique
2767 3209 2990 3281 triginta
3039 3204 3253 3275 litteras
3296 3199 3563 3261 continet.

1968 3317 2070 3379 Est
2102 3315 2303 3387 quippe
2348 3324 2538 3373 versus
2576 3308 2665 3367 hic
2701 3306 2758 3361 in
2808 3314 3061 3373 suprema
3113 3295 3399 3365 laudarunt
3437 3307 3453 3347 :

2222 3426 2307 3481 Est
2321 3423 2430 3475 orbi
2465 3426 2568 3479 toto
2584 3416 2781 3475 Domini
2804 3424 2913 3471 nam
2934 3411 3095 3483 passio
3118 3408 3235 3469 vita,

1971 3531 2082 3588 Iste
2101 3541 2319 3603 quoque
2336 3526 2393 3581 in
2419 3521 2607 3578 inﬁma
2631 3536 2644 3574 :

2224 3642 2356 3694 Arvo
2378 3652 2498 3691 crux
2521 3647 2615 3686 una
2633 3628 3021 3696 spellibertatls
3038 3626 3103 3677 ab
3124 3626 3220 3677 ira.

1976 3753 2077 3811 Hic
2105 3764 2342 3820 namque
2377 3748 2431 3802 in
2464 3740 2774 3799 dexteriore
2813 3754 2827 3791 :

2225 3863 2333 3915 Lux
2357 3861 2471 3911 leta
2502 3857 2637 3915 lucet
2661 3853 2823 3911 divino
2846 3858 3054 3915 munere
3077 3843 3225 3908 plena

1975 3972 2153 4041 Atque
2175 3968 2267 4024 hic
2294 3966 2351 4025 in
2379 3958 2714 4023 sinisteriore
2740 3973 2754 4009 :

2228 4078 2403 4128 Venet
2421 4080 2541 4129 num
2562 4072 2723 4135 Signat
2743 4070 2801 4123 et
2825 4062 3026 4129 prmia
3053 4056 3221 4129 ι’θϐυίο

1696 4398 2170 4429 ..ειμι-...³.-
