3970 6524
235 447 328 511 333

1234 443 1324 501 DE
1358 440 1703 500 LAUDIBUS
1741 439 1800 495 S.
1840 426 2218 524 CRUCISf—
2253 434 2381 490 LIB.
2421 435 2464 488 l.

3343 433 3450 491 εει

1400 575 1914 640 DECLARATIO
1965 572 2305 636 FIGURAE.

297 807 430 864 nam
457 803 620 876 igitur
649 811 872 874 ﬁguram
902 802 1117 872 plenam
1163 814 1286 856 esse
1334 799 1594 870 mysterio
1631 813 1791 868 opor-
1817 778 1871 836 Α
1893 795 2066 864 piunt.
2093 791 2355 848 Omnibus
2400 806 2553 862 aequa
2597 807 2678 860 es,
2722 794 2970 850 omnibus
3007 795 3172 863 bona,
3210 795 3462 858 omnibus

237 907 303 957 ιει
328 895 564 966 intelligi,
595 893 650 948 in
695 909 802 964 qua
848 907 945 962 per
987 899 1217 961 quatuor
1261 891 1596 960 heptagonos
1643 903 1788 943 Lxxu
1887 885 2062 954 justa,
2086 884 2359 953 praeterita
2404 899 2647 946 renovas,
2685 885 2971 955 praesentia
2998 886 3253 955 illustras,
3280 888 3460 946 futura

234 1003 470 1047 numerus
493 988 914 1049 demonstratur,
940 983 1232 1040 secundum
1257 983 1408 1053 cujus
1426 981 1788 1051 pluralitatem

234 1081 452 1153 gentium
475 1077 688 1149 linguas
709 1075 908 1131 divisas
931 1090 1054 1130 esse
1074 1089 1205 1128 vera
1230 1072 1412 1143 opinio
1432 1081 1532 1138 est,
1549 1079 1605 1127 et
1624 1071 1789 1127 libros

233 1170 500 1228 canonicos
523 1167 735 1222 Veteris
755 1181 819 1222 ac
838 1164 973 1220 Novi
995 1163 1327 1220 Testamenti
1349 1163 1490 1217 intra
1505 1163 1620 1232 ejus
1646 1175 1792 1216 sum-

231 1276 360 1316 mam
386 1257 806 1327 comprehensos
834 1270 953 1310 esse
992 1270 1100 1309 non
1127 1254 1347 1309 dubium
1392 1261 1494 1308 est.
1539 1251 1792 1320 Designa-

229 1353 299 1407 vit
330 1355 502 1404 autem
527 1357 583 1404 et
627 1348 742 1416 ipse
781 1346 1077 1411 Dominus,
1106 1345 1345 1414 exceptis
1390 1360 1468 1398 xu
1512 1341 1788 1412 apostolis,

227 1441 349 1499 alios
368 1453 514 1494 Lxxn
537 1435 852 1507 discipulos,
876 1442 933 1488 et
956 1435 1106 1489 misit
1129 1433 1248 1489 illos
1267 1433 1423 1488 binos
1444 1441 1568 1488 ante
1595 1430 1791 1487 faciem

227 1544 366 1584 suam
400 1526 456 1580 in
485 1540 701 1581 omnem
732 1524 912 1579 locum
953 1532 1008 1579 et
1048 1524 1339 1589 civitatem,
1373 1538 1480 1595 quo
1522 1532 1642 1578 erat
1676 1523 1792 1592 ipse

223 1626 492 1681 venturus,
541 1623 603 1669 ut
663 1629 922 1669 numerus
965 1614 1369 1684 designatorum
1408 1613 1794 1685 discipulorum

225 1708 568 1766 concordaret
591 1704 923 1760 multitudini
951 1705 1211 1774 gentium,
1239 1712 1296 1759 et
1313 1705 1563 1760 divisioni
1584 1704 1795 1774 lingua-

219 1817 351 1865 rum,
370 1806 636 1869 quatenus
655 1812 844 1854 omnes
869 1806 1059 1869 gentes
1079 1797 1204 1852 ﬁdei
1231 1797 1414 1852 lumen
1432 1798 1792 1868 perciperent,

218 1901 269 1946 et
295 1892 479 1961 gratiae
521 1888 724 1944 Christi
754 1896 1094 1944 mererentur
1121 1904 1242 1944 esse
1278 1891 1589 1960 participes.
1639 1888 1793 1944 Sicut

215 1997 341 2052 ergo
366 1996 494 2035 xxxv
519 1979 671 2035 horis
697 1987 842 2035 totus
861 1979 1010 2035 orbis
1039 1981 1318 2051 peragitur
1347 1990 1508 2050 atque
1553 1979 1794 2034 illustra-

213 2081 322 2136 tur,
352 2072 428 2125 ita
454 2071 766 2142 mysterium
805 2071 1110 2135 illustrandi
1138 2072 1284 2126 orbis
1309 2062 1418 2140 per
1444 2071 1795 2141 Evangelium

1891 983 2300 1043 praemonstras,
2324 975 2535 1044 perdita
2573 976 2823 1045 requiris,
2846 978 3070 1046 quaesita
3117 979 3345 1047 invenis,
3382 982 3465 1037 in.

1889 1074 2052 1120 venta
2075 1065 2316 1120 custodis
2337 1106 2350 1127 .
2374 1065 2524 1135 lapsa
2567 1068 2830 1135 restituis,
2858 1071 3103 1125 restituta
3153 1073 3318 1143 gradu
3348 1089 3467 1128 mu-

1891 1156 2000 1222 nis,
2022 1157 2227 1211 munita
2249 1157 2306 1211 in
2335 1157 2476 1212 viam
2507 1159 2658 1227 pacis
2683 1159 2889 1229 dirigis.
2932 1161 3012 1215 Tu
3037 1162 3254 1231 quidem
3278 1163 3467 1218 aeterni

1893 1247 2038 1318 regis
2081 1263 2140 1302 es
2195 1247 2444 1313 victoria,
2473 1256 2527 1302 et
2556 1248 2791 1304 ccelestis
2824 1251 3032 1307 militiae
3064 1252 3272 1319 laetitia,
3305 1255 3470 1309 terri-

1894 1353 2261 1410 genarumque
2287 1340 2547 1410 potentia,
2595 1349 2651 1394 tu
2697 1352 3044 1411 peccatorum
3089 1358 3148 1400 es
3196 1345 3466 1411 remissio,

1890 1429 2112 1498 pietatis
2138 1431 2419 1498 exhibitio,
2443 1440 2498 1487 et
2540 1433 2858 1489 meritorum
2903 1435 3301 1506 augmentatio,
3325 1436 3473 1490 inﬁr-

1893 1535 2106 1575 morum
2135 1521 2431 1577 remedium
2451 1564 2466 1588 ,
2498 1523 2861 1582 laborantium
2891 1527 3172 1593 auxilium,
3215 1536 3269 1583 et
3313 1527 3478 1584 lasso-

1893 1625 2018 1665 rum
2063 1612 2438 1684 refrigerium,
2473 1630 2729 1671 sanorum
2775 1617 3140 1686 incolumitas,
3169 1621 3475 1690 quietorum

1895 1702 2182 1769 serenitas,
2211 1713 2266 1758 et
2292 1704 2687 1762 fortunatorum
2727 1707 2973 1764 felicitas.
3012 1710 3092 1764 Tu
3129 1725 3262 1765 crux
3303 1726 3477 1781 aegro-

1895 1801 1982 1849 tos
2035 1795 2313 1851 medicans
2335 1838 2349 1864 ,
2395 1804 2453 1852 tu
2497 1799 2752 1866 gaudium
2795 1808 3014 1856 nicestos
3064 1800 3387 1867 consolans,
3419 1810 3479 1858 tu

1897 1889 2112 1944 sanitas
2158 1889 2402 1946 dolentes
2445 1891 2727 1948 laetiﬁcans
2750 1934 2764 1958 ,
2815 1904 2874 1948 tu
2923 1901 3093 1950 status
3147 1894 3482 1950 credentium

1895 1985 2064 2044 recte,
2094 1985 2154 2032 tu
2178 1977 2408 2035 ﬁrmitas
2430 1983 2770 2051 operantium
2792 1983 2947 2047 bene,
2980 1991 3038 2037 tu
3060 1984 3335 2039 beatitudo
3354 1998 3485 2053 per-

1900 2068 2262 2126 severantium
2293 2071 2413 2125 rite.
2442 2071 2639 2128 Sancta
2659 2113 2674 2140 ,
2701 2073 2822 2143 pia,
2845 2074 3008 2139 bona,
3033 2073 3202 2144 justa,
3227 2074 3480 2142 benigna,

214 2161 500 2215 Trinitatis
531 2161 584 2215 in
617 2177 762 2216 Lxxu
793 2161 1071 2231 discipulis
1119 2161 1418 2216 intimatur.
1451 2161 1610 2216 Vices
1653 2161 1800 2215 enim
1826 2159 1876 2220 B
1905 2159 2263 2226 rationabilis,
2296 2161 2602 2231 laudabilis,
2627 2164 2984 2232 venerabilis,
3013 2165 3275 2230 amabilis,
3306 2164 3484 2230 fortis.

209 2261 408 2320 quater
440 2253 581 2306 terni
627 2253 933 2324 septuagies
967 2253 1270 2323 dipondius.
1305 2251 1414 2308 Sed
1452 2254 1567 2308 haec
1609 2253 1794 2307 distri-

208 2342 360 2397 butio
389 2350 514 2411 apte
559 2342 743 2412 ﬁgurae
794 2351 994 2398 sanctae
1037 2342 1214 2398 crucis
1261 2343 1636 2413 mancipatur,
1669 2343 1795 2412 quia

205 2448 303 2502 per
366 2434 543 2502 ipsam
582 2443 1046 2489 sacramentorum
1101 2434 1305 2490 Christi
1338 2435 1798 2505 dispensationem

207 2531 353 2580 totus
381 2525 536 2579 orbis
561 2523 916 2596 gloriﬁcatur,
951 2526 1068 2596 ipsa
1098 2525 1154 2580 in
1201 2533 1436 2596 quatuor
1481 2527 1800 2598 heptagonis

204 2615 345 2669 hanc
371 2615 627 2686 mysterii
655 2616 922 2671 rationem
943 2622 1094 2671 notat
1121 2633 1134 2669 :
1163 2615 1292 2685 quia
1316 2615 1432 2684 ipsa
1460 2615 1516 2670 in
1544 2632 1597 2670 1v
1626 2615 1801 2671 sancti

201 2703 484 2772 Evangelii
539 2704 690 2759 libris
743 2705 923 2760 divina
981 2706 1310 2761 charismata
1369 2720 1468 2776 per
1521 2721 1573 2759 IV
1617 2707 1803 2778 plagas

200 2801 346 2856 orbis
406 2801 709 2872 dispensat,
763 2802 879 2872 ipsa
923 2804 979 2858 in
1022 2811 1253 2876 utroque
1301 2805 1539 2870 tramite,
1590 2805 1644 2860 id
1693 2813 1799 2871 est,

200 2889 255 2944 in
317 2905 384 2945 eo
445 2891 545 2961 qui
605 2907 818 2947 sursum
871 2901 928 2947 et
977 2893 1032 2947 in
1071 2908 1135 2947 eo
1170 2894 1263 2963 qui
1303 2902 1674 2949 transversum
1710 2909 1805 2948 va-

197 2983 294 3047 dit,
331 2997 435 3053 per
490 2983 630 3038 duos
681 2985 1012 3056 heptagonos
1066 2985 1241 3040 sexies
1299 2987 1573 3040 senarium
1624 2994 1806 3040 osten-

199 3072 306 3137 dit,
349 3072 486 3143 quia
544 3089 759 3129 omnem
805 3074 1192 3144 perfectionem
1237 3090 1336 3147 per
1384 3092 1442 3132 se
1487 3077 1643 3132 nobis
1678 3092 1807 3146 pro-

195 3163 387 3218 venire
437 3164 566 3219 sive
625 3164 679 3218 in
722 3163 1132 3235 longanimitate
1167 3168 1313 3236 spei,
1346 3167 1458 3222 sive
1512 3168 1567 3222 in
1611 3167 1805 3236 ampli-

196 3252 388 3307 tudine
409 3253 733 3318 charitatis,
756 3269 853 3308 seu
878 3256 932 3308 in
956 3256 1360 3324 perseverantia
1383 3257 1538 3311 bonae
1553 3257 1805 3321 actionis,

193 3353 290 3394 seu
313 3340 372 3395 in
400 3341 735 3396 celsitudine
750 3343 1242 3412 contemplationis,
1258 3345 1390 3398 satis
1412 3345 1571 3399 nobis
1593 3346 1804 3400 annuit.

194 3430 316 3501 Ipsa
351 3433 410 3488 in
446 3442 572 3489 toto
612 3433 781 3490 octies
818 3436 1169 3490 novenarium
1209 3435 1265 3489 iu
1298 3451 1361 3490 se
1393 3435 1808 3511 multiplicatum

1903 2251 2105 2318 suavis,
2160 2254 2326 2321 mitis,
2379 2257 2614 2326 sapiens,
2658 2259 2904 2329 patiens,
2951 2268 3164 2329 potens.
3215 2259 3488 2330 Quidquid

1902 2353 2034 2412 ergo
2065 2342 2224 2413 digne
2249 2345 2414 2399 corde
2441 2345 2507 2400 de
2527 2347 2898 2418 redemptione
2919 2360 3104 2403 nostra
3133 2357 3313 2418 potest
3335 2350 3488 2420 cogi-

1908 2432 2034 2496 tari,
2055 2432 2142 2487 vel
2168 2434 2429 2504 quidquid
2457 2435 2638 2507 lingua
2668 2439 2770 2494 rite
2794 2438 3158 2509 loqui,omnia
3184 2441 3249 2495 ad
3276 2439 3488 2495 laudem

1907 2529 2053 2576 tuam
2102 2523 2481 2580 decentissime
2526 2537 2753 2596 possunt
2799 2530 2973 2598 aptari
3008 2548 3022 2584 :
3055 2530 3178 2600 quia
3232 2530 3493 2600 quidquid

1905 2615 1962 2672 in
1993 2625 2045 2673 te
2071 2617 2339 2686 laudatur,
2354 2620 2613 2678 cruciﬁxo
2633 2623 2690 2677 in
2713 2631 2766 2678 te
2790 2622 3006 2681 Christo
3037 2625 3150 2694 regi
3181 2625 3486 2695 deputatur,

1907 2713 1964 2761 et
1987 2708 2251 2776 quidquid
2280 2708 2495 2765 Christo
2524 2712 2746 2767 honoris
2793 2714 2972 2781 datur,
3021 2715 3088 2768 ad
3136 2715 3492 2770 reverentiam

1908 2797 2106 2850 summi
2130 2797 2307 2854 Patris
2336 2799 2590 2866 refertur,
2623 2801 2776 2870 cujus
2815 2804 2929 2872 ipse
2969 2805 3276 2874 unigenitus
3321 2803 3494 2859 Filius

1909 2893 2011 2952 est,
2044 2886 2110 2940 de
2137 2903 2246 2958 quo
2270 2889 2387 2959 ipsa
2417 2889 2631 2946 Veritas
2660 2893 2715 2946 in
2753 2892 3041 2963 Evangelio
3082 2901 3312 2948 testatur
3341 2909 3355 2946 :
3391 2893 3494 2959 Qu:

1908 2993 1990 3031 me
2021 2979 2222 3048 recipit,
2248 2979 2441 3048 inquit,
2468 2982 2649 3050 recipit
2667 2997 2786 3036 eum
2812 2983 2903 3051 qui
2934 2998 3014 3034 uie
3038 2982 3198 3035 misit.
3223 2982 3292 3036 Et
3320 2983 3449 3037 item
3481 3001 3492 3036 :

1915 3067 2021 3133 Qui
2050 3086 2130 3123 me
2160 3072 2381 3140 spernit,
2407 3074 2602 3142 spernit
2626 3089 2744 3126 eum
2766 3073 2854 3144 qui
2881 3089 2964 3127 me
2989 3075 3162 3139 misit,
3191 3083 3240 3128 et
3267 3075 3355 3144 qui
3393 3091 3498 3128 non

1911 3161 2223 3230 honoriﬁcat
2262 3161 2497 3230 Filium,
2526 3181 2630 3218 non
2659 3165 2973 3235 honoriﬁcat
2999 3175 3046 3219 et
3092 3165 3327 3219 Patrem.
3371 3165 3503 3219 0m.

1914 3252 2000 3307 nis
2022 3253 2220 3322 quippe
2250 3255 2340 3323 qui
2368 3264 2530 3325 negat
2549 3255 2768 3322 Filium,
2791 3271 2892 3311 nec
2917 3257 3132 3311 Patrem
3162 3258 3327 3312 habet
3355 3273 3371 3312 :
3408 3256 3500 3325 qui

1915 3350 2096 3396 autem
2124 3342 2412 3399 conﬁtetur
2435 3345 2652 3412 Filium,
2682 3353 2738 3400 et
2780 3345 2995 3400 Patrem
3027 3347 3190 3402 habet
3223 3365 3236 3400 :
3271 3360 3500 3416 quorum

1920 3431 2090 3486 simul
2127 3448 2248 3488 cum
2285 3443 2474 3489 sancto
2527 3435 2731 3505 Spiritu
2779 3450 2883 3489 una
2926 3443 3010 3490 est
3054 3434 3343 3505 maiestas,
3393 3447 3502 3488 una

192 3525 479 3591 continet,
496 3526 627 3595 quia
648 3541 716 3582 ex
745 3527 996 3582 omnibus
1023 3527 1273 3598 gentibus
1316 3527 1372 3580 in
1407 3529 1689 3586 oetenario
1715 3545 1815 3586 nu-
1841 3517 1887 3583 C
1918 3529 2178 3596 potestas,
2208 3524 2381 3583 honor
2401 3534 2456 3583 et
2479 3525 2700 3583 claritas
2729 3525 2786 3582 in
2810 3525 3139 3598 sempiterna
3169 3524 3382 3582 saecula.
3408 3523 3506 3579 Est

191 3630 372 3683 mero,
405 3619 530 3673 hoc
559 3625 664 3685 est,
685 3632 982 3689 corporum
1025 3619 1423 3677 resurrectione
1462 3625 1532 3679 ad
1556 3639 1816 3696 augmen-

193 3712 310 3761 tum
346 3723 567 3762 novem
607 3710 860 3764 ordinum
900 3711 1233 3782 angelorum,
1265 3713 1464 3768 electos
1499 3715 1595 3769 Dei
1624 3731 1816 3786 perve-

191 3796 314 3852 nire
346 3799 591 3854 edocet.
619 3798 664 3854 O
689 3814 817 3854 vere
843 3801 984 3857 bona
1004 3809 1060 3856 et
1090 3819 1218 3859 vere
1260 3813 1449 3859 sancta
1489 3821 1622 3860 crux
1661 3807 1817 3861 Chri-

191 3889 284 3954 sti,
321 3891 471 3960 quis
529 3897 585 3945 te
638 3893 743 3948 rite
791 3902 958 3949 totam
1001 3911 1261 3952 enarrare
1303 3898 1519 3967 potest?
1575 3907 1668 3953 aut
1695 3899 1816 3968 quis

186 3983 488 4053 condigne
538 3981 791 4039 laudare?
847 4000 966 4054 quae
1013 3988 1313 4044 caelestium
1360 4005 1682 4046 arcanorum
1728 3991 1818 4060 pia

187 4085 250 4124 es
279 4073 626 4138 revelatrix,
654 4091 773 4145 qua:
800 4080 1180 4147 mysteriorum
1203 4081 1303 4137 Dei
1328 4097 1483 4137 sacra
1512 4098 1571 4137 es
1599 4098 1820 4138 conser-

182 4165 404 4230 vatrix,
433 4181 685 4239 qumque
700 4179 1160 4228 sacramentorum
1182 4172 1385 4228 Christi
1412 4175 1603 4230 idonea
1629 4189 1689 4230 es
1711 4177 1821 4231 dis-

185 4255 525 4320 pensatrix.
563 4255 623 4310 In
666 4265 720 4313 te
749 4260 921 4330 angeli
960 4263 1154 4330 gaudia
1186 4279 1284 4318 sua
1321 4267 1661 4321 accumulata
1690 4282 1820 4322 con-

183 4343 474 4412 spiciunt,
513 4346 579 4400 in
603 4355 654 4401 te
679 4348 924 4406 homines
941 4349 1064 4419 jura
1095 4352 1286 4408 salutis
1315 4369 1428 4409 suae
1460 4366 1816 4427 cognoscunt,

181 4432 242 4485 in
274 4440 334 4488 te
367 4433 562 4490 inferi
591 4433 796 4504 justam
825 4440 1235 4499 retributionem
1263 4441 1472 4501 fraudis
1506 4461 1618 4501 suae
1645 4443 1821 4516 perci-

672 5977 937 6040 Parnot.
974 5975 1156 6042 CVII.

1919 3633 2155 3688 namque
2180 3633 2372 3674 versus
2395 3619 2450 3674 in
2479 3629 2659 3675 erecta
2680 3619 2859 3676 crucis
2887 3627 3060 3689 parte,
3092 3619 3146 3674 id
3173 3625 3278 3684 est,
3299 3618 3355 3672 iu
3377 3616 3507 3671 duo-

1919 3708 2020 3764 bus
2051 3709 2369 3781 heptagonis
2415 3727 2444 3764 a
2492 3726 2703 3766 summo
2753 3713 3005 3767 deorsum
3047 3709 3402 3775 descendens,
3451 3717 3506 3764 et

1919 3813 2020 3868 per
2047 3808 2415 3855 transversum
2445 3801 2872 3871 heptagonorum
2902 3799 3276 3872 legendus‘hic
3311 3817 3324 3851 :

2107 3931 2166 3981 In
2187 3944 2335 3982 cruce
2356 3932 2441 3983 lex
2463 3931 2656 3983 Domini
2679 3933 2934 3985 decoratur
2965 3933 3079 3983 luce
3101 3943 3318 3982 corusca.

1925 4051 2078 4109 Alter
2100 4055 2156 4108 in
2181 4064 2495 4113 transversa
2529 4056 2645 4126 ejus
2664 4067 2820 4128 parte
2852 4058 2907 4112 in
2938 4056 3146 4113 duobus
3188 4053 3506 4124 heptagonis

1926 4151 2386 4220 comprehensus,
2423 4160 2480 4208 et
2511 4153 2762 4208 similiter
2784 4167 2881 4222 per
2922 4159 3293 4207 transversum
3319 4161 3508 4202 eorum

1927 4237 2186 4310 legendus
2225 4243 2327 4297 iste
2363 4261 2377 4296 :

2117 4351 2306 4405 Gentes
2329 4357 2382 4405 et
2403 4353 2584 4419 linguae
2604 4355 2859 4420 sociantur
2873 4355 3022 4408 laude
3051 4335 3258 4408 sacrata.
