3970 6470
314 412 422 479 εει

315 534 545 612 alleluia
573 536 750 612 son-at,
775 528 898 612 quis
922 525 1000 612 oh
1033 522 1489 612 tamenaulaherit
1510 523 1799 612 l‘mudhtte2

316 608 385 662 Et
410 607 552 660 Deus
579 610 635 658 et
657 595 915 656 Dominus
946 596 1243 669 placandus
1272 598 1457 669 nos‘ter
1488 595 1688 669 ubique
1724 602 1827 661 est,

272 699 277 703 ·
316 677 470 802 gum!
488 682 641 743 iuvet
662 672 729 728 iis
752 686 851 727 nos
874 666 1095 739 scriptio
1114 704 1130 734 ,
1154 674 1216 722 ut
1246 666 1387 721 alma
1411 672 1495 721 est
1521 666 1663 720 aeris
1686 674 1814 719 arce

362 763 451 801 um
473 743 756 802 apparebit
779 757 949 797 ovans
977 753 1257 795 servorum
1297 737 1446 801 hinc,
1488 744 1544 792 et
1587 736 1728 802 rapit
1772 735 1896 793 almi

318 735 451 802 Cum
473 735 756 815 apparebit
779 757 949 797 ovans
977 735 1257 795 servorum
1297 737 1446 801 hinc,
1488 744 1544 792 et
1587 736 1728 807 rapit
1772 735 1900 793 almi

318 816 500 871 Turba
529 812 921 882 nihil‘perdens
948 826 1011 865 ac
1043 807 1297 882 scandala
1332 807 1642 882 inabmovet
1672 809 1759 862 ira

316 885 551 942 Devotos
580 878 811 939 famulos
835 881 1105 949 frumenta
1135 887 1197 934 ut
1222 878 1409 949 mittat
1434 878 1771 949 inherreum

316 955 471 1016 Felix
495 956 590 1032 qui
618 953 764 1013 valet
792 954 957 1026 atque
977 944 1106 1011 licet
1131 949 1221 1008 cui
1247 944 1510 1008 scindere
1535 948 1756 1015 ctelum,

1333 407 1427 466 DE
1454 395 1801 467 EAUBIBUS
1837 404 1899 464 Β.
1937 404 2209 465 (ΙΗῙΙΕΙΘ.
2248 434 2318 447 -
2353 403 2484 460 LIB.
2522 402 2565 460 l.

1924 522 1979 585 Α
2002 521 2069 585 Et
2099 520 2277 576 laetum
2303 518 2519 575 Domini
2556 516 2693 573 bene
2713 515 2912 573 Christi
2941 516 3219 573 intendere
3244 516 3450 572 vultum
3490 532 3506 571 :

2052 591 2105 646 ui
2132 589 2312 647 manet
2340 592 2480 645 altus
2517 604 2671 643 amor
2690 587 2950 659 perfectio
2972 589 3218 644 redditur
3249 588 3445 643 omnis.

2005 661 2389 734 Angelieisque
2409 661 2597 716 choris
2613 658 2915 734 permixtus
2942 660 3136 734 gaudet
3169 660 3370 734 ubique

2005 728 2313 797 Laudibus,
2329 740 2385 787 et
2411 740 2587 788 certat
2607 728 2872 787 cantando
2897 728 3127 801 psallere
3164 728 3400 801 Christo.

2004 802 2232 883 Cantica
2260 806 2360 883 rite
2382 818 2517 883 nova
2544 798 2915 883 hocstudium:
2936 798 3203 883 deponere
3226 799 3446 883 nescit;

2004 873 2212 949 Regina
2237 876 2365 947 quia
2388 882 2591 931 aeterna
2617 873 2696 930 sic
2723 881 2836 933 tum
2865 879 2922 929 et
2940 871 3079 929 bene
3101 871 3298 945 gaudia
3322 871 3492 929 novit.

1480 1104 2004 1186 hastatum
2064 1109 2411 1177 meum.

1835 1243 2044 1280 ...ἰδὲ-ι

387 1381 528 1451 Quid
562 1379 745 1450 itaque
777 1370 900 1434 llaec
931 1372 1103 1448 ﬁgura
1148 1373 1241 1440 sit,
1276 1379 1335 1429 et
1365 1371 1496 1443 quid
1529 1368 1812 1444 signiﬁcet,
1842 1374 1907 1424 ut

317 1480 618 1544 espduamr
654 1478 877 1525 necesse
907 1473 1013 1522 est.
1056 1465 1176 1522 Una
1208 1464 1426 1535 quidem
1458 1463 1560 1520 ista
1594 1470 1683 1518 est
1706 1462 1904 1532 ﬁgura-

317 1580 461 1630 rum;
492 1578 614 1634 qua:
651 1560 991 1633 appellantur
1026 1565 1168 1612 noue
1208 1555 1619 1620 sententiarum,
1658 1551 1905 1623 ﬂeuisti-4
1933 1596 1957 1634 _,

2011 1362 2278 1422 Salutaris
2293 1392 2313 1430 ο
2347 1360 2616 1427 Salvator,
2640 1344 2873 1416 Veritas.
2897 1359 3004 1416 Sed
3024 1362 3131 1416 duo
3155 1361 3375 1418 nomina
3399 1336 3589 1419 Graeca

2007 1458 2311 1531 posteriora
2350 1457 2561 1526 integra
2597 1455 2739 1510 serie
2764 1454 3066 1510 litterarum
3112 1455 3418 1525 cmseripta
3443 1466 3591 1524 sunt,

2010 1550 2065 1605 id
2094 1558 2177 1606 est
2226 1567 2243 1605 :
2284 1556 2460 1609 more
2498 1554 2555 1602 et
2578 1554 2823 1604 mem.
2855 1546 3099 1603 Tertium
3126 1554 3333 1615 autem,
3372 1548 3429 1603 id
3478 1555 3591 1615 est,

318 1672 425 1729 que
440 1621 861 1711 fvdeahuldhec
892 1667 926 1707 a
955 1648 1157 1707 Gracia
1190 1656 1456 1704 vocantur
1486 1621 1800 1711 ehrisiuion,
1838 1658 1907 1699 ex
1932 1621 1981 1680 Β
2008 1652 2217 1709 COTHP,
2251 1642 2545 1698 secundum
2578 1654 2788 1696 morem
2814 1637 3017 1695 Graecae
3040 1639 3456 1712 conseriptionis
3491 1639 3594 1695 tri-

316 1747 593 1804 voluntate
635 1742 1057 1813 uniuscujusque
1101 1742 1169 1798 ad
1215 1740 1421 1811 aliquid
1476 1737 1775 1794 notandum
1824 1736 1907 1791 in—

315 1847 499 1896 venta.
545 1839 655 1895 Sed
693 1837 897 1908 majore
932 1834 1192 1905 dignitate
1224 1845 1255 1886 ι
1289 1829 1612 1887 Christianis
1637 1828 1705 1884 ad
1731 1826 1909 1899 exprié

317 1931 573 1986 mendum
596 1938 793 1986 nomen
818 1926 1022 1983 Christi
1049 1922 1361 1991 assumitur,
1385 1922 1541 1994 quasi
1570 1922 1690 1978 dum
1715 1918 1909 1975 litteraa'

317 2024 510 2095 prima:
551 2022 765 2077 nomine
801 2019 918 2089 eius
946 2032 1057 2075 uno
1084 2022 1547 2089 monogrammate
1594 2011 1755 2069 simul
1800 2010 1911 2067 sint

322 2112 746 2183 comprehensa,
771 2110 825 2165 id
850 2119 956 2175 est,
985 2118 1031 2165 x
1064 2115 1119 2164 et
1149 2118 1204 2163 Ρ.
1244 2106 1353 2163 Cur
1374 2116 1554 2161 autem
1582 2103 1743 2159 modo
1763 2117 1791 2156 a
1813 2104 1911 2156 nol

319 2203 405 2260 bis
436 2203 490 2256 in
512 2203 617 2257 h‘oc
632 2212 767 2271 opus
793 2202 867 2256 sit
893 2200 1188 2270 assuntpta,
1225 2196 1341 2253 haec
1365 2197 1505 2253 ratio
1527 2204 1612 2251 est
1644 2212 1659 2249 :
1690 2184 1912 2249 notatur

318 2293 463 2348 enim
498 2291 552 2347 in
593 2292 712 2363 ipsa
755 2289 845 2346 ille
872 2302 1134 2346 numerus
1173 2288 1409 2354 dierum,
1448 2300 1556 2357 quo
1587 2272 1912 2357 pmdieassé

318 2384 519 2439 mundo
544 2383 797 2440 Christus
820 2382 1081 2449 creditur;
1117 2390 1174 2437 et
1214 2380 1302 2436 ille
1341 2379 1434 2450 qui
1467 2387 1597 2435 ante
1622 2369 1913 2433 adventnni

318 2472 436 2542 ejus
473 2466 792 2542 secundum,
838 2472 905 2530 ab
931 2472 1254 2529 Antichristi
1297 2460 1630 2543 temporibus
1655 2483 1827 2540 usque
1856 2460 1912 2524 in

319 2564 482 2619 tinem
523 2568 710 2622 mundi
760 2566 1014 2633 futurus,
1059 2565 1355 2622 secundum
1396 2550 1634 2619 Danielis
1675 2556 1912 2635 prophe-

320 2655 452 2710 tiam
475 2657 544 2711 ab
566 2657 888 2713 orthodoxis
912 2657 1172 2713 Ecclesia:
1194 2655 1467 2728 magistris
1495 2654 1775 2725 expositus
1794 2660 1879 2709 est
1894 2691 1911 2719 ,

322 2754 381 2801 ut
406 2745 462 2800 in
486 2758 523 2801 P
555 2746 733 2802 littera
765 2748 916 2819 prior
960 2762 1257 2813 numerus,
1295 2747 1349 2801 id
1393 2752 1502 2813 est,
1538 2752 1734 2810 mens,
1769 2736 1915 2814 quod

322 2846 451 2893 sunt
471 2854 532 2893 ut
563 2840 690 2894 anni
711 2848 768 2895 et
786 2840 972 2906 semis,
1004 2841 1332 2906 inveniatur,
1356 2854 1463 2909 quo
1501 2838 1761 2909 temporis
1792 2844 1915 2908 spa-

322 2930 401 2985 tio
422 2930 672 2987 Christus
712 2933 914 2988 mundo
943 2934 1268 3003 praedicasse
1304 2932 1670 3004 cognoscitur.
1702 2929 1915 2986 Menses"
1948 2976 1963 3004 ,

325 3022 466 3076 enim
496 3023 659 3077 trium
689 3025 854 3079 semis
895 3038 1159 3080 armorum
1183 3066 1197 3089 ,
1238 3025 1295 3080 id
1331 3032 1436 3090 est,
1474 3022 1661 3081 tricies
1683 3023 1915 3095 quadra-
1941 2998 1988 3063 CI

325 3111 446 3181 geni
472 3119 528 3165 et
553 3112 689 3177 bini,
728 3128 903 3169 ιοειι
931 3115 1050 3171 dies
1092 3115 1366 3181 eﬁiciunt,
1408 3117 1513 3172 sub
1549 3130 1657 3186 quo
1688 3127 1918 3170 numero

325 3202 519 3258 civitas
551 3214 742 3261 sancta
788 3206 989 3262 calcari
1022 3223 1054 3262 a
1092 3208 1344 3279 gentibus
1384 3208 1440 3263 in
1466 3207 1789 3279 Apotalypsi
1820 3207 1916 3262 de;

326 3293 602 3362 scribitur,
629 3304 685 3350 et
708 3298 903 3352 mulier
926 3312 960 3352 a
983 3297 1122 3355 facie
1148 3299 1405 3355 draconis
1426 3298 1613 3371 fugere
1639 3300 1696 3355 in
1731 3299 1921 3355 solitu-

327 3380 532 3449 dinem,
553 3385 644 3441 ubi
670 3387 834 3442 habet
859 3386 1040 3443 locum
1063 3395 1313 3459 paratum
1332 3403 1363 3444 a
1390 3388 1524 3455 Deo,
1549 3395 1608 3442 ut
1626 3389 1700 3445 ibi
1723 3392 1919 3459 pasca-

328 3481 418 3528 tur
456 3475 647 3531 eodem
690 3492 939 3534 numero'
964 3480 1196 3547 dierum,
1242 3480 1340 3550 qui
1382 3495 1642 3536 numerus
1692 3480 1920 3552 mystice

327 3565 511 3619 omnia
555 3565 983 3625 Christianitatis
1018 3576 1262 3641 tempora
1293 3570 1671 3642 complectitur
1690 3612 1706 3637 ,
1736 3579 1797 3625 ut
1818 3571 1919 3625 Pa-

328 3662 474 3711 trum
505 3656 668 3713 habet
690 3658 849 3715 ﬁrma
889 3661 1132 3716 traditio.
1175 3661 1314 3739 Quia
1349 3661 1605 3719 Christus
1635 3661 1789 3731 cujus
1818 3663 1922 3718 hoc

326 3762 531 3817 corpus
553 3755 640 3801 est
662 3755 873 3805 tantum
919 3751 976 3806 in
1022 3767 1187 3808 carne
1228 3754 1490 3823 temporis
1513 3754 1918 3824 praedicaverit,

327 3855 439 3910 quo
469 3838 585 3894 sive
613 3841 712 3896 sub
755 3856 850 3911 spe
868 3850 1194 3898 memorum
1219 3845 1653 3916 peregrinatione
1680 3860 1920 3915 praesen—

330 3930 403 3985 tis
430 3930 599 3984 eremi
624 3931 840 3999 gaudet,
869 3947 965 3988 seu
992 3934 1387 4004 persecutionis
1412 3934 1713 3989 molestiam
1743 3935 1810 3989 ab
1836 3932 1921 3990 ih-

333 4020 581 4076 fidelibus
605 4022 745 4078 vela
773 4022 924 4079 falsis
948 4024 1208 4083 fratribus
1238 4028 1464 4096 patitur.
1495 4038 1539 4083 Χ
1568 4028 1750 4097 itaque
1780 4024 1926 4083 litte-

335 4129 399 4168 ra
432 4112 581 4168 illum
609 4130 899 4170 numerum
930 4117 1194 4185 continet,
1236 4136 1396 4188 quem
1427 4120 1664 4176 Danielis
1688 4124 1927 4192 prophe-

337 4207 413 4262 tia
445 4207 691 4275 prtedixit
724 4208 780 4261 in
809 4208 1130 4266 Antichristi
1160 4221 1405 4282 tempore
1426 4212 1691 4281 futurum,
1726 4205 1783 4269 id
1817 4223 1923 4279 est,

337 4312 619 4353 ucccxxxv
658 4298 792 4355 dies.
827 4299 907 4354 lta
933 4301 1077 4357 enim
1107 4302 1183 4357 ibi
1209 4303 1469 4373 scriptum
1500 4312 1618 4359 est:
1647 4303 1715 4356 Et
1747 4304 1926 4357 (reatus

336 4390 429 4462 qui
470 4392 825 4469 exspectaret
869 4390 1097 4464 pervenit
1138 4365 1422 4467 usque-ad
1468 4394 1579 4451 dies
1624 4394 1925 4469 ucccxrxi.
1953 4365 2007 4429 D

339 4480 496 4546 Quod
515 4482 705 4537 beatus
734 4466 1091 4557 Hieronymus
1106 4486 1181 4541 ita
1202 4482 1453 4557 exponit:
1485 4485 1706 4564 Beatus,
1737 4466 1927 4563 inquit,

340 4574 459 4641 qui,
483 4574 765 4630 interfeCto
786 4575 1140 4645 Antichristo,
1171 4594 1331 4649 supra
1364 4595 1534 4635 nccxc
1564 4582 1702 4646 dies,
1737 4582 1793 4636 id
1828 4589 1929 4645 est,

342 4673 457 4720 tres
475 4667 638 4722 semis
658 4670 849 4733 annus,
877 4668 993 4724 dies
1007 4684 1110 4725 ην
1133 4671 1499 4741 ρι’ίρειοιιιῑιιτ,
1520 4672 1714 4742 quibus
1729 4681 1811 4726 est
1832 4672 1936 4727 Do-

343 4756 525 4812 minus
539 4758 701 4828 atque
730 4754 982 4814 Salvator
1003 4756 1058 4814 in'
1077 4776 1175 4816 sua
1195 4762 1476 4832 majestate
1491 4762 1769 4817 venturus.
1793 4750 1935 4829 Qua—

344 4862 408 4902 re
435 4854 614 4901 autem
635 4857 759 4919 post
780 4848 1214 4906 interfectionem
1236 4838 1554 4907 Antichristi
1596 4840 1701 4906 nv
1728 4840 1936 4907 dierum

346 4936 623 4991 silentium
664 4940 774 5006 sit,
815 4942 1012 4999 divina
1044 4945 1286 5001 scientiae
1309 4952 1434 5012 est,
1480 4945 1586 5001 nisi
1617 4943 1758 5001 forte
1789 4946 1937 5000 dica-

347 5041 507 5082 mus:
538 5020 739 5099 liila‘ti‘o‘
763 5024 1243 5105 regniSanctoiutit
1268 5034 1515 5108 piobatio
1537 5044 1619 5095 est
1642 5030 1934 5109 patientiae.

351 5116 461 5172 Sed
480 5120 605 5188 quia
638 5122 973 5181 manifestior
1002 5128 1144 5184 ratio
1169 5116 1253 5183 est
1294 5143 1458 5198 supra
1495 5128 1638 5184 dicta
1667 5168 1683 5195 ,
1722 5129 1766 5185 si
1794 5129 1937 5198 ipéas

351 5206 585 5275 litteras,
611 5224 731 5281 quae
774 5213 829 5267 in
860 5215 966 5270 hac
994 5215 1165 5289 ﬁgura
1197 5218 1517 5290 conscriptae
1555 5227 1683 5274 sunt
1715 5226 1770 5274 et
1795 5217 1938 5289 posi-

354 5296 499 5352 tione
523 5313 619 5389 sua
642 5310 1048 5375 monogranmia
1070 5308 1393 5389 conﬁciunt,
1424 5300 1581 5363 simul
1607 5316 1727 5365 cum
1751 5320 1938 5364 earum

352 5390 583 5443 numero
626 5393 921 5449 secundum
958 5388 1203 5453 ordinem
1240 5388 1669 5468 conscribamus,
1706 5388 1938 5470 spatium

354 5474 569 5531 calamo
588 5478 660 5534 ad
684 5480 791 5536 hoc
818 5485 1164 5541 concedatur.
1190 5478 1417 5544 Littera:
1441 5497 1625 5544 autem
1644 5490 1701 5544 in
1732 5502 1765 5543 r
1790 5490 1940 5560 posi-

354 5567 574 5668 taeuhoc
614 5581 834 5668 sonant,
854 5585 935 5668 ρ,
984 5584 1190 5637 corus.
1229 5585 1420 5642 lHCIC.
1468 5588 1695 5638 ΔΛΗΘΙΔ
1724 5584 1827 5637 tria
1858 5584 1939 5639 vi-

355 5652 557 5715 delicet
593 5663 815 5722 nomina
846 5663 1069 5735 Christi,
1116 5683 1237 5739 quae
1278 5669 1444 5728 latine
1492 5671 1936 5744 interpretantur,

2007 1738 2108 1794 bus
2138 1740 2387 1811 (excepto
2409 1746 2452 1792 ο
2478 1735 2731 1806 articulo)
2760 1734 2954 1791 litteris
2996 1744 3247 1803 notatur,
3292 1746 3329 1797 C
3363 1736 3592 1805 scilicet,

2007 1838 2046 1883 ιι
2071 1836 2126 1882 et
2145 1840 2178 1882 P
2206 1845 2221 1883 :
2250 1834 2306 1882 et
2328 1827 2403 1882 ita
2430 1827 2566 1882 fiunt
2591 1840 2780 1881 omnes
2804 1826 3021 1893 litterae,
3067 1838 3188 1896 quae
3220 1828 3281 1882 in
3297 1840 3332 1883 P
3354 1828 3598 1884 conscri—

2008 1926 2116 1989 ptae
2142 1926 2269 1973 sunt
2289 1940 2311 1985 ,ι
2342 1926 2569 1974 numero
2593 1933 2691 1983 xv,
2731 1930 2962 1989 quarum
2994 1919 3170 1991 prima
3197 1927 3280 1976 est
3300 1932 3345 1977 0
3363 1959 3378 1987 ,
3410 1932 3598 1977 nume-

2010 2027 2136 2068 rum
2159 2021 2355 2068 notans
2378 2018 2516 2079 axi;
2542 2012 2775 2069 secunda
2793 2021 2850 2080 0,
2874 2028 2936 2070 cc
2966 2013 3310 2084 signiﬁcans;
3352 2014 3512 2070 tertia
3536 2025 3596 2082 Η,

2012 2100 2149 2160 θωπί
2183 2120 2280 2159 vui
2328 2116 2594 2171 numero;
2648 2115 2841 2174 quarta
2886 2117 2939 2171 r,
2984 2113 3203 2161 centum
3248 2106 3597 2175 exprimens;

2012 2198 2202 2268 quinta
2228 2208 2246 2252 Ι
2281 2196 2498 2264 decem;
2530 2205 2682 2253 sexta
2717 2206 2776 2262 tt,
2807 2203 2961 2263 Octo;
2990 2198 3216 2267 septima
3242 2205 3295 2262 6,
3326 2211 3416 2263 ec;
3446 2204 3598 2251 octa-

2012 2305 2080 2346 va
2107 2301 2167 2357 1‘,
2195 2297 2350 2357 cccc;
2375 2305 2516 2345 nona
2542 2298 2595 2354 e,
2633 2300 2727 2355 cc;
2753 2288 2964 2345 decima
2988 2297 3049 2356 Δ,
3077 2302 3276 2360 unum;
3315 2288 3598 2343 undecima

2013 2384 2078 2447 Δ,
2123 2384 2272 2446 xxi;
2331 2378 2653 2436 duodecima
2694 2390 2751 2446 tt,
2792 2394 2931 2446 vui;
2979 2378 3349 2434 tertiadecima
3393 2384 3459 2443 Θ,
3513 2392 3594 2443 rx;

2014 2473 2419 2545 quartadecima
2458 2464 2513 2540 ι,
2544 2489 2612 2539 x;
2644 2463 3045 2543 quintadecimd
3078 2480 3138 2539 Δ,
3175 2465 3340 2527 unum
3374 2460 3600 2525 demon-

2014 2576 2214 2626 strans.
2237 2565 2368 2635 Quae
2379 2558 2645 2637 copulatae
2654 2558 2863 2632 omnes,
2881 2556 3386 2621 faciuntnunierum
3407 2562 3596 2624 καις,

2016 2668 2073 2716 et
2094 2659 2271 2715 adhuc
2298 2666 2582 2715 remanent
2606 2658 2673 2713 ad
2707 2656 3077 2729 supradictam
3097 2650 3487 2726 plenitudinem
3511 2666 3607 2706 nu-

2016 2750 2153 2807 meri
2181 2765 2235 2818 v,
2268 2765 2391 2821 quae
2418 2750 2477 2804 in
2500 2750 2619 2820 ipso
2641 2749 2818 2805 adhuc
2843 2756 3121 2805 caractere
3154 2760 3189 2803 Ρ
3220 2745 3451 2802 inveniri
3477 2758 3602 2815 pos-

2017 2847 2165 2907 sunt,
2206 2840 2303 2906 ita,
2326 2841 2374 2896 si
2411 2840 2685 2895 dividatur
2724 2840 2899 2911 ipsum
2929 2852 2980 2903 P,
3021 2840 3075 2894 id
3112 2849 3216 2915 est,
3256 2847 3317 2894 ut
3350 2826 3605 2908 suprema

2018 2946 2168 3004 pars,
2194 2947 2317 3003 qua:
2336 2932 2395 2987 in
2414 2948 2477 2988 se
2500 2932 2789 3002 imaginem
2813 2946 2849 2989 Δ
2872 2933 3067 2988 litterae
3104 2932 3289 2997 habet,
3312 2938 3606 3001 quaterna-

2020 3026 2162 3083 rium
2182 3028 2471 3081 numerum
2494 3026 2694 3098 signet,
2722 3034 2776 3081 et
2800 3025 3009 3092 inﬁma;
3029 3040 3149 3095 quae
3168 3033 3194 3079 ι
3217 3023 3471 3079 Latinam
3492 3022 3604 3078 for-

2018 3128 2154 3187 mat,
2181 3134 2348 3176 unum
2375 3126 2663 3176 numerum
2689 3126 2956 3191 potestate
2988 3117 3303 3174 Latinorum
3337 3115 3607 3181 ostendat,

2017 3218 2075 3267 et
2097 3210 2191 3267 ille
2223 3210 2560 3266 milienarius
2589 3218 2646 3267 et
2681 3209 3105 3266 ducentenarius
3132 3217 3189 3263 et
3221 3205 3610 3279 sexagenarius

2019 3316 2276 3357 numerus
2300 3301 2358 3356 in
2389 3314 2425 3356 r
2449 3301 2743 3357 invenitur.
2783 3311 2827 3356 Χ
2855 3307 3060 3365 autem,
3095 3314 3216 3368 qua:
3262 3296 3432 3352 altera
3481 3307 3609 3366 pars

2019 3400 2104 3466 est
2127 3393 2641 3465 monogrammatis,
2688 3392 2795 3446 tria
2834 3392 3053 3447 nomina
3092 3390 3346 3447 similiter
3369 3386 3613 3445 continet

2019 3481 2256 3548 Domini,
2301 3482 2360 3539 in
2399 3489 2525 3539 octo
2563 3481 2763 3538 litteris
2809 3481 3134 3552 conscripta,
3185 3480 3241 3535 id
3286 3488 3389 3545 est,
3430 3486 3609 3539 θεοῦ.

2018 3580 2309 3634 XPHCTI'C.
2356 3580 2544 3635 more.
2606 3571 2831 3627 Littera:
2885 3580 3067 3625 autem
3122 3570 3207 3625 bm
3255 3575 3383 3624 sunt
3422 3576 3497 3634 ο,
3552 3580 3613 3623 rx

2020 3664 2365 3735 exprimens,
2392 3672 2446 3724 C.
2474 3660 2557 3719 cc.
2584 3674 2648 3719 x.
2688 3656 2795 3718 nc.‘
2830 3674 2885 3718 P.
2916 3678 2966 3717 c.
3002 3670 3056 3721 C.
3091 3675 3175 3716 cc.
3210 3669 3250 3715 ι.
3299 3675 3353 3713 x.
3394 3669 3450 3715 tt.
3490 3671 3611 3712 vm.

2022 3761 2075 3816 C.
2104 3771 2187 3812 cc.
2213 3755 2477 3811 denotans
2497 3793 2514 3820 ,
2543 3752 2634 3825 qui
2663 3752 2827 3809 simul
2852 3751 2989 3807 fiunt
3014 3765 3321 3815 noccxxvn,
3356 3756 3413 3804 et
3436 3747 3612 3803 adhuc

2022 3855 2308 3903 remanent
2326 3860 2447 3913 vm,
2470 3846 2565 3917 qui
2594 3853 2881 3916 augentur,
2911 3845 2959 3899 si
2988 3855 3026 3900 tt
3051 3843 3230 3898 littera
3260 3852 3380 3911 qum
3407 3841 3464 3895 in
3492 3853 3609 3894 me-

2026 3932 2117 3995 dio
2158 3939 2466 3994 litterarum
2516 3944 2639 3994 octo
2679 3936 2783 3991 sita
2828 3943 2913 3992 est
2947 3933 3117 3989 vicem
3156 3931 3301 3989 clavi
3335 3930 3613 3996 obtinens,

2026 4020 2148 4088 cum
2191 4046 2417 4086 numero
2456 4028 2739 4087 octonario
2771 4029 2839 4084 de
2865 4040 2901 4084 P
2933 4026 3179 4081 addatur.
3216 4022 3354 4078 Sunt
3396 4035 3615 4092 quoque

2027 4132 2140 4179 tres
2166 4122 2356 4179 tersus
2379 4123 2436 4178 in
2464 4129 2932 4193 monogrammate
2956 4159 2972 4186 ,
3003 4119 3057 4173 in
3086 4115 3382 4187 majoribus
3416 4113 3616 4169 litteris

2028 4208 2151 4271 cum
2186 4215 2487 4271 minoribus
2514 4216 2661 4269 intus
2696 4211 3022 4281 conscripti,
3054 4223 3285 4280 quorum
3313 4206 3522 4278 primus
3545 4205 3615 4261 ab

2031 4307 2076 4363 Ο
2112 4309 2377 4378 incipiens
2412 4323 2512 4378 per
2540 4321 2732 4363 omnes
2768 4301 3003 4371 majores
3038 4302 3247 4355 litteras
3291 4299 3347 4353 in
3388 4295 3620 4354 circuitu

2033 4400 2211 4466 vadit,
2234 4410 2368 4469 quae
2405 4397 2696 4467 auguratu
2736 4406 2898 4467 snpra
2931 4395 2985 4450 in
3013 4405 3049 4449 P
3074 4392 3363 4449 ostendunt
3383 4430 3397 4457 ,
3428 4397 3486 4445 et
3512 4389 3618 4444 duo

2033 4490 2253 4545 nomina
2289 4482 2465 4563 grmca
2497 4482 2702 4556 tenent,
2734 4487 2837 4543 hoc
2872 4490 2976 4555 est,
3015 4478 3075 4542 ὀ.
3099 4486 3305 4547 COTHP.
3339 4490 3526 4545 IHCIC.
3562 4478 3622 4538 in

2034 4594 2227 4636 novem
2258 4580 2457 4635 litteris
2476 4580 2868 4650 comprehensa
2891 4596 2905 4632 :

2034 4701 2153 4766 Nam
2180 4715 2305 4764 alma
2327 4700 2477 4766 decet
2506 4696 2698 4765 radiant
2717 4714 2896 4776 scripta
2917 4713 3031 4762 hinc
3051 4711 3178 4774 quod
3201 4694 3401 4761 nomine
3419 4696 3617 4761 Christi.

2040 4835 2317 4893 Secundus
2344 4840 2561 4908 queque
2587 4830 2641 4893 in
2675 4832 2880 4909 reliqua
2910 4828 3061 4909 parte
3084 4818 3139 4902 ἦ),
3165 4822 3348 4902 idest,
3373 4824 3427 4890 iii
3454 4835 3618 4902 linea,

2039 4945 2158 4999 quae
2196 4938 2343 4984 recta
2376 4931 2629 4985 deorsum
2661 4930 2829 4996 vadit,
2869 4936 2926 4984 et
2950 4944 3145 4983 nomen
3188 4934 3414 4985 AAHOIA
3454 4932 3619 4992 tenet,

2039 5021 2094 5075 in
2123 5036 2217 5077 sex
2251 5021 2448 5078 litteris
2476 5019 2680 5079 Graecis
2701 5016 2933 5094 scriptus
2963 5024 3065 5088 est,
3104 5019 3244 5076 iste:

2164 5155 2339 5207 Sancta
2358 5155 2586 5208 Salutarls
2605 5156 2769 5208 laudat
2788 5157 2897 5208 haec
2925 5156 3122 5237 scriptio
3144 5154 3405 5207 Christum.

2043 5277 2258 5335 Tertius
2280 5294 2517 5351 quoque,
2553 5256 2645 5352 qui
2676 5252 2730 5335 in
2762 5286 2804 5337 x
2832 5280 3014 5337 littera
3041 5290 3136 5336 Vm
3164 5278 3383 5344 litteris,
3422 5277 3475 5333 in
3503 5276 3623 5348 qui-

2040 5370 2143 5426 bus
2170 5378 2296 5426 sunt
2326 5373 2429 5427 tria
2456 5367 2677 5429 nomina
2703 5364 2913 5443 notata;
2952 5376 3055 5430 hoc
3097 5370 3207 5444 est;
3240 5362 3456 5437 ταὲοε.
3483 5367 3620 5445 Χῖὶζι.

2042 5473 2159 5525 ms.
2184 5460 2424 5523 continet
2445 5467 2521 5522 ita
2547 5486 2560 5522 :

2163 5574 2384 5631 Christus
2404 5576 2551 5632 boatu
2573 5580 2652 5631 est
2673 5577 2893 5643 placidus
2911 5570 3093 5645 deripe
3115 5580 3302 5645 arbiter
3323 5579 3405 5628 hic

3247 5586 3627 5703 rsuram
