  <div class='ocr_page' id='page_1' title='image "/cluster/home/n/w/nwhite01/storage/ocr_20150623/107/hvd.32044015466832/126.png"; bbox 0 0 3970 6476; ppageno 0'>
   <div class='ocr_carea' id='block_1_1' title="bbox 306 499 406 555">
    <p class='ocr_par' dir='ltr' id='par_1_1' title="bbox 306 499 406 555">
     <span class='ocr_line' id='line_1_1' title="bbox 306 499 406 555; baseline -0.01 0"><span class='ocrx_word' id='word_1_1' title='bbox 306 499 406 555; x_wconf 69' lang='grc' dir='ltr'><strong>2η</strong></span> 
     </span>
    </p>
   </div>
   <div class='ocr_carea' id='block_1_2' title="bbox 1305 492 2536 552">
    <p class='ocr_par' dir='ltr' id='par_1_2' title="bbox 1305 492 2536 552">
     <span class='ocr_line' id='line_1_2' title="bbox 1305 492 2536 552; baseline 0.002 -4"><span class='ocrx_word' id='word_1_2' title='bbox 1305 493 1392 548; x_wconf 87' lang='lat' dir='ltr'><strong>DE</strong></span> <span class='ocrx_word' id='word_1_3' title='bbox 1429 492 1775 551; x_wconf 82' lang='lat' dir='ltr'><strong>LAUDIBUS</strong></span> <span class='ocrx_word' id='word_1_4' title='bbox 1815 494 1873 549; x_wconf 90' lang='lat' dir='ltr'><strong>S.</strong></span> <span class='ocrx_word' id='word_1_5' title='bbox 1911 494 2181 550; x_wconf 82' lang='lat' dir='ltr'><strong>CRUCIS.</strong></span> <span class='ocrx_word' id='word_1_6' title='bbox 2222 525 2292 535; x_wconf 94' lang='lat'><strong><em>—</em></strong></span> <span class='ocrx_word' id='word_1_7' title='bbox 2327 495 2455 550; x_wconf 85' lang='lat' dir='ltr'><strong>LIB.</strong></span> <span class='ocrx_word' id='word_1_8' title='bbox 2495 496 2536 552; x_wconf 85' lang='grc' dir='ltr'><strong>ι.</strong></span> 
     </span>
    </p>
   </div>
   <div class='ocr_carea' id='block_1_3' title="bbox 3452 503 3569 564">
    <p class='ocr_par' dir='ltr' id='par_1_3' title="bbox 3452 503 3569 564">
     <span class='ocr_line' id='line_1_3' title="bbox 3452 503 3569 564; baseline 0.034 -4"><span class='ocrx_word' id='word_1_9' title='bbox 3452 503 3569 564; x_wconf 64' lang='lat'><strong>24!</strong></span> 
     </span>
    </p>
   </div>
   <div class='ocr_carea' id='block_1_4' title="bbox 1483 623 2397 690">
    <p class='ocr_par' dir='ltr' id='par_1_4' title="bbox 1483 623 2397 690">
     <span class='ocr_line' id='line_1_4' title="bbox 1483 623 2397 690; baseline 0.004 -5"><span class='ocrx_word' id='word_1_10' title='bbox 1483 623 2000 686; x_wconf 81' lang='lat' dir='ltr'><strong>DECLARATIO</strong></span> <span class='ocrx_word' id='word_1_11' title='bbox 2056 625 2397 690; x_wconf 72' lang='lat' dir='ltr'><strong>FIGURE.</strong></span> 
     </span>
    </p>
   </div>
   <div class='ocr_carea' id='block_1_5' title="bbox 373 848 3578 930">
    <p class='ocr_par' dir='ltr' id='par_1_5' title="bbox 373 848 3578 930">
     <span class='ocr_line' id='line_1_5' title="bbox 373 848 3578 930; baseline 0.003 -22"><span class='ocrx_word' id='word_1_12' title='bbox 373 850 520 908; x_wconf 83' lang='lat' dir='ltr'><strong>Ecce</strong></span> <span class='ocrx_word' id='word_1_13' title='bbox 545 849 726 906; x_wconf 87' lang='lat' dir='ltr'><strong>crucis</strong></span> <span class='ocrx_word' id='word_1_14' title='bbox 751 848 966 906; x_wconf 86' lang='lat' dir='ltr'><strong>Domini</strong></span> <span class='ocrx_word' id='word_1_15' title='bbox 1001 858 1232 921; x_wconf 90' lang='lat' dir='ltr'><strong>quatuor</strong></span> <span class='ocrx_word' id='word_1_16' title='bbox 1264 865 1469 907; x_wconf 84' lang='lat' dir='ltr'><strong>cornua</strong></span> <span class='ocrx_word' id='word_1_17' title='bbox 1508 852 1754 909; x_wconf 79' lang='lat' dir='ltr'><strong>senarius</strong></span> <span class='ocrx_word' id='word_1_18' title='bbox 1788 867 1892 908; x_wconf 90' lang='lat' dir='ltr'><strong>nu-</strong></span> <span class='ocrx_word' id='word_1_19' title='bbox 1916 861 1970 922; x_wconf 80' lang='grc' dir='ltr'>Α</span> <span class='ocrx_word' id='word_1_20' title='bbox 1994 853 2071 908; x_wconf 92' lang='lat' dir='ltr'><strong>De</strong></span> <span class='ocrx_word' id='word_1_21' title='bbox 2085 868 2193 924; x_wconf 91' lang='lat' dir='ltr'><strong>qua</strong></span> <span class='ocrx_word' id='word_1_22' title='bbox 2205 854 2493 923; x_wconf 74' lang='lat' dir='ltr'><strong>Apostolus</strong></span> <span class='ocrx_word' id='word_1_23' title='bbox 2512 862 2742 912; x_wconf 89' lang='lat' dir='ltr'><strong>testatus</strong></span> <span class='ocrx_word' id='word_1_24' title='bbox 2766 861 2850 911; x_wconf 88' lang='lat' dir='ltr'><strong>est</strong></span> <span class='ocrx_word' id='word_1_25' title='bbox 2872 853 3162 923; x_wconf 83' lang='lat' dir='ltr'><strong>:Christus,</strong></span> <span class='ocrx_word' id='word_1_26' title='bbox 3186 857 3380 930; x_wconf 85' lang='lat' dir='ltr'><strong>inquit,</strong></span> <span class='ocrx_word' id='word_1_27' title='bbox 3405 857 3578 930; x_wconf 75' lang='lat' dir='ltr'><strong>factus</strong></span> 
     </span>
    </p>
   </div>
   <div class='ocr_carea' id='block_1_6' title="bbox 303 942 1892 1015">
    <p class='ocr_par' dir='ltr' id='par_1_6' title="bbox 303 942 1892 1015">
     <span class='ocr_line' id='line_1_6' title="bbox 303 942 1892 1015; baseline 0 -15"><span class='ocrx_word' id='word_1_28' title='bbox 303 957 487 1001; x_wconf 90' lang='lat' dir='ltr'><strong>merus</strong></span> <span class='ocrx_word' id='word_1_29' title='bbox 539 943 792 998; x_wconf 75' lang='lat' dir='ltr'><strong>decenter</strong></span> <span class='ocrx_word' id='word_1_30' title='bbox 842 942 1134 1009; x_wconf 77' lang='lat' dir='ltr'><strong>concludit,</strong></span> <span class='ocrx_word' id='word_1_31' title='bbox 1184 952 1240 999; x_wconf 93' lang='lat' dir='ltr'><strong>et</strong></span> <span class='ocrx_word' id='word_1_32' title='bbox 1294 951 1462 999; x_wconf 82' lang='lat' dir='ltr'><strong>totam</strong></span> <span class='ocrx_word' id='word_1_33' title='bbox 1503 945 1892 1015; x_wconf 79' lang='lat' dir='ltr'><strong>perfectionem</strong></span> 
     </span>
    </p>
   </div>
   <div class='ocr_carea' id='block_1_7' title="bbox 302 1034 1893 1108">
    <p class='ocr_par' dir='ltr' id='par_1_7' title="bbox 302 1034 1893 1108">
     <span class='ocr_line' id='line_1_7' title="bbox 302 1034 1893 1108; baseline 0 -18"><span class='ocrx_word' id='word_1_34' title='bbox 302 1035 599 1108; x_wconf 77' lang='lat' dir='ltr'><strong>perpetrati</strong></span> <span class='ocrx_word' id='word_1_35' title='bbox 640 1034 819 1104; x_wconf 89' lang='lat' dir='ltr'><strong>operis</strong></span> <span class='ocrx_word' id='word_1_36' title='bbox 847 1034 1084 1090; x_wconf 86' lang='lat' dir='ltr'><strong>ostendit</strong></span> <span class='ocrx_word' id='word_1_37' title='bbox 1117 1053 1130 1088; x_wconf 91' lang='lat'>:</span> <span class='ocrx_word' id='word_1_38' title='bbox 1164 1034 1292 1105; x_wconf 86' lang='lat' dir='ltr'><strong>quia</strong></span> <span class='ocrx_word' id='word_1_39' title='bbox 1323 1036 1380 1090; x_wconf 93' lang='lat' dir='ltr'><strong>in</strong></span> <span class='ocrx_word' id='word_1_40' title='bbox 1417 1036 1532 1106; x_wconf 89' lang='lat' dir='ltr'><strong>ipsa</strong></span> <span class='ocrx_word' id='word_1_41' title='bbox 1555 1051 1738 1091; x_wconf 89' lang='lat' dir='ltr'><strong>rerum</strong></span> <span class='ocrx_word' id='word_1_42' title='bbox 1764 1051 1893 1091; x_wconf 92' lang='lat' dir='ltr'><strong>con-</strong></span> 
     </span>
    </p>
   </div>
   <div class='ocr_carea' id='block_1_8' title="bbox 304 1124 1888 1196">
    <p class='ocr_par' dir='ltr' id='par_1_8' title="bbox 304 1124 1888 1196">
     <span class='ocr_line' id='line_1_8' title="bbox 304 1124 1888 1196; baseline -0.001 -14"><span class='ocrx_word' id='word_1_43' title='bbox 304 1127 446 1183; x_wconf 87' lang='lat' dir='ltr'><strong>ditor</strong></span> <span class='ocrx_word' id='word_1_44' title='bbox 470 1125 950 1181; x_wconf 87' lang='lat' dir='ltr'><strong>consummationis</strong></span> <span class='ocrx_word' id='word_1_45' title='bbox 971 1140 1082 1179; x_wconf 83' lang='lat' dir='ltr'><strong>suae</strong></span> <span class='ocrx_word' id='word_1_46' title='bbox 1108 1124 1234 1180; x_wconf 82' lang='lat' dir='ltr'><strong>fecit</strong></span> <span class='ocrx_word' id='word_1_47' title='bbox 1251 1124 1538 1196; x_wconf 89' lang='lat' dir='ltr'><strong>judicium,</strong></span> <span class='ocrx_word' id='word_1_48' title='bbox 1562 1141 1705 1191; x_wconf 84' lang='lat' dir='ltr'><strong>cum,</strong></span> <span class='ocrx_word' id='word_1_49' title='bbox 1731 1140 1888 1180; x_wconf 89' lang='lat' dir='ltr'><strong>acce-</strong></span> 
     </span>
    </p>
   </div>
   <div class='ocr_carea' id='block_1_9' title="bbox 301 1215 1891 1290">
    <p class='ocr_par' dir='ltr' id='par_1_9' title="bbox 301 1215 1891 1290">
     <span class='ocr_line' id='line_1_9' title="bbox 301 1215 1891 1290; baseline -0.001 -18"><span class='ocrx_word' id='word_1_50' title='bbox 301 1227 394 1290; x_wconf 89' lang='lat' dir='ltr'><strong>pto</strong></span> <span class='ocrx_word' id='word_1_51' title='bbox 409 1217 620 1288; x_wconf 88' lang='lat' dir='ltr'><strong>poculo,</strong></span> <span class='ocrx_word' id='word_1_52' title='bbox 648 1215 1078 1271; x_wconf 83' lang='lat' dir='ltr'><strong>Consummatum</strong></span> <span class='ocrx_word' id='word_1_53' title='bbox 1107 1225 1201 1283; x_wconf 88' lang='lat' dir='ltr'><strong>est,</strong></span> <span class='ocrx_word' id='word_1_54' title='bbox 1227 1217 1382 1272; x_wconf 85' lang='lat' dir='ltr'><strong>dixit.</strong></span> <span class='ocrx_word' id='word_1_55' title='bbox 1411 1216 1576 1272; x_wconf 83' lang='lat' dir='ltr'><strong>Recte</strong></span> <span class='ocrx_word' id='word_1_56' title='bbox 1597 1216 1742 1271; x_wconf 89' lang='lat' dir='ltr'><strong>cnim</strong></span> <span class='ocrx_word' id='word_1_57' title='bbox 1761 1231 1891 1271; x_wconf 92' lang='lat' dir='ltr'><strong>con-</strong></span> 
     </span>
    </p>
   </div>
   <div class='ocr_carea' id='block_1_10' title="bbox 301 1309 1888 1380">
    <p class='ocr_par' dir='ltr' id='par_1_10' title="bbox 301 1309 1888 1380">
     <span class='ocr_line' id='line_1_10' title="bbox 301 1309 1888 1380; baseline -0.002 -15"><span class='ocrx_word' id='word_1_58' title='bbox 301 1319 627 1367; x_wconf 90' lang='lat' dir='ltr'><strong>summatum</strong></span> <span class='ocrx_word' id='word_1_59' title='bbox 668 1324 790 1364; x_wconf 88' lang='lat' dir='ltr'><strong>esse</strong></span> <span class='ocrx_word' id='word_1_60' title='bbox 827 1310 1085 1380; x_wconf 88' lang='lat' dir='ltr'><strong>scriptum</strong></span> <span class='ocrx_word' id='word_1_61' title='bbox 1112 1319 1196 1364; x_wconf 89' lang='lat' dir='ltr'><strong>est</strong></span> <span class='ocrx_word' id='word_1_62' title='bbox 1217 1350 1232 1377; x_wconf 91' lang='lat'><strong>,</strong></span> <span class='ocrx_word' id='word_1_63' title='bbox 1267 1309 1355 1364; x_wconf 90' lang='lat' dir='ltr'><strong>ubi</strong></span> <span class='ocrx_word' id='word_1_64' title='bbox 1394 1311 1687 1364; x_wconf 90' lang='lat' dir='ltr'><strong>humanum</strong></span> <span class='ocrx_word' id='word_1_65' title='bbox 1721 1323 1888 1380; x_wconf 84' lang='lat' dir='ltr'><strong>genus</strong></span> 
     </span>
    </p>
   </div>
   <div class='ocr_carea' id='block_1_11' title="bbox 300 1401 1888 1472">
    <p class='ocr_par' dir='ltr' id='par_1_11' title="bbox 300 1401 1888 1472">
     <span class='ocr_line' id='line_1_11' title="bbox 300 1401 1888 1472; baseline -0.001 -16"><span class='ocrx_word' id='word_1_66' title='bbox 300 1402 588 1457; x_wconf 87' lang='lat' dir='ltr'><strong>liberatum</strong></span> <span class='ocrx_word' id='word_1_67' title='bbox 615 1409 725 1467; x_wconf 88' lang='lat' dir='ltr'><strong>est;</strong></span> <span class='ocrx_word' id='word_1_68' title='bbox 771 1402 896 1471; x_wconf 86' lang='lat' dir='ltr'><strong>quia</strong></span> <span class='ocrx_word' id='word_1_69' title='bbox 939 1417 1044 1456; x_wconf 93' lang='lat' dir='ltr'><strong>non</strong></span> <span class='ocrx_word' id='word_1_70' title='bbox 1083 1401 1254 1456; x_wconf 89' lang='lat' dir='ltr'><strong>solum</strong></span> <span class='ocrx_word' id='word_1_71' title='bbox 1294 1402 1602 1457; x_wconf 88' lang='lat' dir='ltr'><strong>hominibus</strong></span> <span class='ocrx_word' id='word_1_72' title='bbox 1623 1401 1888 1472; x_wconf 86' lang='lat' dir='ltr'><strong>passionis</strong></span> 
     </span>
    </p>
   </div>
   <div class='ocr_carea' id='block_1_12' title="bbox 299 1491 1888 1564">
    <p class='ocr_par' dir='ltr' id='par_1_12' title="bbox 299 1491 1888 1564">
     <span class='ocr_line' id='line_1_12' title="bbox 299 1491 1888 1564; baseline -0.001 -15"><span class='ocrx_word' id='word_1_73' title='bbox 299 1493 498 1549; x_wconf 83' lang='lat' dir='ltr'><strong>Christi</strong></span> <span class='ocrx_word' id='word_1_74' title='bbox 538 1493 738 1547; x_wconf 80' lang='lat' dir='ltr'><strong>factum</strong></span> <span class='ocrx_word' id='word_1_75' title='bbox 777 1491 976 1562; x_wconf 82' lang='lat' dir='ltr'><strong>profuit</strong></span> <span class='ocrx_word' id='word_1_76' title='bbox 999 1533 1014 1558; x_wconf 90' lang='lat'><strong>,</strong></span> <span class='ocrx_word' id='word_1_77' title='bbox 1046 1509 1166 1547; x_wconf 92' lang='lat' dir='ltr'><strong>cum</strong></span> <span class='ocrx_word' id='word_1_78' title='bbox 1209 1493 1310 1562; x_wconf 92' lang='lat' dir='ltr'><strong>ipsi</strong></span> <span class='ocrx_word' id='word_1_79' title='bbox 1340 1494 1727 1563; x_wconf 88' lang='lat' dir='ltr'><strong>redemptionis</strong></span> <span class='ocrx_word' id='word_1_80' title='bbox 1766 1509 1888 1564; x_wconf 88' lang='lat' dir='ltr'><strong>gra-</strong></span> 
     </span>
    </p>
   </div>
   <div class='ocr_carea' id='block_1_13' title="bbox 299 1586 1886 1658">
    <p class='ocr_par' dir='ltr' id='par_1_13' title="bbox 299 1586 1886 1658">
     <span class='ocr_line' id='line_1_13' title="bbox 299 1586 1886 1658; baseline -0.001 -18"><span class='ocrx_word' id='word_1_81' title='bbox 299 1587 431 1641; x_wconf 85' lang='lat' dir='ltr'><strong>tiam</strong></span> <span class='ocrx_word' id='word_1_82' title='bbox 457 1586 731 1641; x_wconf 88' lang='lat' dir='ltr'><strong>consecuti</strong></span> <span class='ocrx_word' id='word_1_83' title='bbox 752 1594 899 1650; x_wconf 88' lang='lat' dir='ltr'><strong>sunt,</strong></span> <span class='ocrx_word' id='word_1_84' title='bbox 939 1587 1032 1640; x_wconf 90' lang='lat' dir='ltr'><strong>sed</strong></span> <span class='ocrx_word' id='word_1_85' title='bbox 1059 1587 1220 1641; x_wconf 85' lang='lat' dir='ltr'><strong>etiam</strong></span> <span class='ocrx_word' id='word_1_86' title='bbox 1241 1587 1553 1641; x_wconf 76' lang='lat' dir='ltr'><strong>ctelestibus</strong></span> <span class='ocrx_word' id='word_1_87' title='bbox 1576 1586 1886 1658; x_wconf 83' lang='lat' dir='ltr'><strong>angelorum</strong></span> 
     </span>
    </p>
   </div>
   <div class='ocr_carea' id='block_1_14' title="bbox 299 1678 1887 1749">
    <p class='ocr_par' dir='ltr' id='par_1_14' title="bbox 299 1678 1887 1749">
     <span class='ocr_line' id='line_1_14' title="bbox 299 1678 1887 1749; baseline 0.001 -17"><span class='ocrx_word' id='word_1_88' title='bbox 299 1679 489 1744; x_wconf 84' lang='lat' dir='ltr'><strong>turbis,</strong></span> <span class='ocrx_word' id='word_1_89' title='bbox 534 1694 656 1733; x_wconf 91' lang='lat' dir='ltr'><strong>cum</strong></span> <span class='ocrx_word' id='word_1_90' title='bbox 692 1678 748 1732; x_wconf 92' lang='lat' dir='ltr'><strong>in</strong></span> <span class='ocrx_word' id='word_1_91' title='bbox 793 1694 857 1733; x_wconf 92' lang='lat' dir='ltr'><strong>eo</strong></span> <span class='ocrx_word' id='word_1_92' title='bbox 884 1680 1092 1734; x_wconf 88' lang='lat' dir='ltr'><strong>numeri</strong></span> <span class='ocrx_word' id='word_1_93' title='bbox 1137 1680 1220 1734; x_wconf 90' lang='lat' dir='ltr'><strong>sui</strong></span> <span class='ocrx_word' id='word_1_94' title='bbox 1268 1680 1655 1749; x_wconf 89' lang='lat' dir='ltr'><strong>plenitudinem</strong></span> <span class='ocrx_word' id='word_1_95' title='bbox 1709 1679 1887 1747; x_wconf 90' lang='lat' dir='ltr'><strong>adepti</strong></span> 
     </span>
    </p>
   </div>
   <div class='ocr_carea' id='block_1_15' title="bbox 297 1769 1886 1843">
    <p class='ocr_par' dir='ltr' id='par_1_15' title="bbox 297 1769 1886 1843">
     <span class='ocr_line' id='line_1_15' title="bbox 297 1769 1886 1843; baseline 0.004 -20"><span class='ocrx_word' id='word_1_96' title='bbox 297 1779 439 1824; x_wconf 90' lang='lat' dir='ltr'><strong>sunt.</strong></span> <span class='ocrx_word' id='word_1_97' title='bbox 480 1769 682 1838; x_wconf 87' lang='lat' dir='ltr'><strong>Quater</strong></span> <span class='ocrx_word' id='word_1_98' title='bbox 718 1770 861 1825; x_wconf 89' lang='lat' dir='ltr'><strong>enim</strong></span> <span class='ocrx_word' id='word_1_99' title='bbox 901 1772 1015 1826; x_wconf 90' lang='lat' dir='ltr'><strong>seni</strong></span> <span class='ocrx_word' id='word_1_100' title='bbox 1057 1788 1186 1827; x_wconf 73' lang='lat' dir='ltr'><strong>xxxv</strong></span> <span class='ocrx_word' id='word_1_101' title='bbox 1218 1773 1478 1840; x_wconf 89' lang='lat' dir='ltr'><strong>reddunt;</strong></span> <span class='ocrx_word' id='word_1_102' title='bbox 1523 1790 1629 1843; x_wconf 88' lang='lat' dir='ltr'><strong>quo</strong></span> <span class='ocrx_word' id='word_1_103' title='bbox 1659 1789 1886 1830; x_wconf 89' lang='lat' dir='ltr'><strong>numero</strong></span> 
     </span>
    </p>
   </div>
   <div class='ocr_carea' id='block_1_16' title="bbox 296 1861 1886 1932">
    <p class='ocr_par' dir='ltr' id='par_1_16' title="bbox 296 1861 1886 1932">
     <span class='ocr_line' id='line_1_16' title="bbox 296 1861 1886 1932; baseline 0.003 -18"><span class='ocrx_word' id='word_1_104' title='bbox 296 1861 552 1916; x_wconf 86' lang='lat' dir='ltr'><strong>horarum</strong></span> <span class='ocrx_word' id='word_1_105' title='bbox 601 1861 840 1916; x_wconf 67' lang='lat' dir='ltr'><strong>caelestis</strong></span> <span class='ocrx_word' id='word_1_106' title='bbox 879 1864 1088 1932; x_wconf 74' lang='lat' dir='ltr'><strong>spherae</strong></span> <span class='ocrx_word' id='word_1_107' title='bbox 1117 1864 1351 1919; x_wconf 90' lang='lat' dir='ltr'><strong>ambitus</strong></span> <span class='ocrx_word' id='word_1_108' title='bbox 1380 1865 1780 1929; x_wconf 82' lang='lat' dir='ltr'><strong>circumfertur,</strong></span> <span class='ocrx_word' id='word_1_109' title='bbox 1831 1872 1886 1919; x_wconf 87' lang='lat' dir='ltr'><strong>et</strong></span> 
     </span>
    </p>
   </div>
   <div class='ocr_carea' id='block_1_17' title="bbox 294 1953 1880 2022">
    <p class='ocr_par' dir='ltr' id='par_1_17' title="bbox 294 1953 1880 2022">
     <span class='ocr_line' id='line_1_17' title="bbox 294 1953 1880 2022; baseline 0.002 -15"><span class='ocrx_word' id='word_1_110' title='bbox 294 1953 562 2007; x_wconf 87' lang='lat' dir='ltr'><strong>naturalis</strong></span> <span class='ocrx_word' id='word_1_111' title='bbox 591 1953 695 2007; x_wconf 88' lang='lat' dir='ltr'><strong>diei</strong></span> <span class='ocrx_word' id='word_1_112' title='bbox 725 1969 915 2008; x_wconf 87' lang='lat' dir='ltr'><strong>cursus</strong></span> <span class='ocrx_word' id='word_1_113' title='bbox 932 1953 1134 2022; x_wconf 88' lang='lat' dir='ltr'><strong>judicio</strong></span> <span class='ocrx_word' id='word_1_114' title='bbox 1160 1957 1398 2010; x_wconf 82' lang='lat' dir='ltr'><strong>siderum</strong></span> <span class='ocrx_word' id='word_1_115' title='bbox 1426 1957 1880 2010; x_wconf 88' lang='lat' dir='ltr'><strong>circumeuntium</strong></span> 
     </span>
    </p>
   </div>
   <div class='ocr_carea' id='block_1_18' title="bbox 294 2045 1882 2115">
    <p class='ocr_par' dir='ltr' id='par_1_18' title="bbox 294 2045 1882 2115">
     <span class='ocr_line' id='line_1_18' title="bbox 294 2045 1882 2115; baseline 0.003 -17"><span class='ocrx_word' id='word_1_116' title='bbox 294 2045 744 2115; x_wconf 83' lang='lat' dir='ltr'><strong>deprehenditur;</strong></span> <span class='ocrx_word' id='word_1_117' title='bbox 784 2062 890 2115; x_wconf 92' lang='lat' dir='ltr'><strong>quo</strong></span> <span class='ocrx_word' id='word_1_118' title='bbox 915 2061 1141 2101; x_wconf 87' lang='lat' dir='ltr'><strong>numero</strong></span> <span class='ocrx_word' id='word_1_119' title='bbox 1164 2047 1522 2103; x_wconf 78' lang='lat' dir='ltr'><strong>libri’Veteris</strong></span> <span class='ocrx_word' id='word_1_120' title='bbox 1549 2047 1882 2103; x_wconf 91' lang='lat' dir='ltr'><strong>Testamenti</strong></span> 
     </span>
    </p>
   </div>
   <div class='ocr_carea' id='block_1_19' title="bbox 296 2139 1882 2210">
    <p class='ocr_par' dir='ltr' id='par_1_19' title="bbox 296 2139 1882 2210">
     <span class='ocr_line' id='line_1_19' title="bbox 296 2139 1882 2210; baseline 0.001 -18"><span class='ocrx_word' id='word_1_121' title='bbox 296 2139 352 2192; x_wconf 92' lang='lat' dir='ltr'><strong>in</strong></span> <span class='ocrx_word' id='word_1_122' title='bbox 394 2139 707 2194; x_wconf 88' lang='lat' dir='ltr'><strong>canonicam</strong></span> <span class='ocrx_word' id='word_1_123' title='bbox 749 2140 1124 2194; x_wconf 85' lang='lat' dir='ltr'><strong>auctoritatem</strong></span> <span class='ocrx_word' id='word_1_124' title='bbox 1153 2141 1293 2210; x_wconf 92' lang='lat' dir='ltr'><strong>apud</strong></span> <span class='ocrx_word' id='word_1_125' title='bbox 1329 2140 1582 2195; x_wconf 74' lang='lat' dir='ltr'><strong>Hebraeos</strong></span> <span class='ocrx_word' id='word_1_126' title='bbox 1613 2141 1882 2210; x_wconf 88' lang='lat' dir='ltr'><strong>recipiun-</strong></span> 
     </span>
    </p>
   </div>
   <div class='ocr_carea' id='block_1_20' title="bbox 1991 943 3580 1018">
    <p class='ocr_par' dir='ltr' id='par_1_20' title="bbox 1991 943 3580 1018">
     <span class='ocr_line' id='line_1_20' title="bbox 1991 943 3580 1018; baseline 0.005 -20"><span class='ocrx_word' id='word_1_127' title='bbox 1991 953 2065 998; x_wconf 84' lang='lat' dir='ltr'><strong>est</strong></span> <span class='ocrx_word' id='word_1_128' title='bbox 2091 961 2184 1013; x_wconf 91' lang='lat' dir='ltr'><strong>pro</strong></span> <span class='ocrx_word' id='word_1_129' title='bbox 2206 943 2353 998; x_wconf 86' lang='lat' dir='ltr'><strong>nobis</strong></span> <span class='ocrx_word' id='word_1_130' title='bbox 2380 946 2619 1000; x_wconf 84' lang='lat' dir='ltr'><strong>obediens</strong></span> <span class='ocrx_word' id='word_1_131' title='bbox 2647 945 2800 1001; x_wconf 81' lang='lat' dir='ltr'><strong>Patri</strong></span> <span class='ocrx_word' id='word_1_132' title='bbox 2818 963 2978 1018; x_wconf 86' lang='lat' dir='ltr'><strong>usque</strong></span> <span class='ocrx_word' id='word_1_133' title='bbox 3005 947 3074 1001; x_wconf 85' lang='lat' dir='ltr'><strong>ad</strong></span> <span class='ocrx_word' id='word_1_134' title='bbox 3099 958 3338 1016; x_wconf 89' lang='lat' dir='ltr'><strong>mortem,</strong></span> <span class='ocrx_word' id='word_1_135' title='bbox 3359 959 3580 1006; x_wconf 88' lang='lat' dir='ltr'><strong>mortem</strong></span> 
     </span>
    </p>
   </div>
   <div class='ocr_carea' id='block_1_21' title="bbox 1991 1035 3580 1110">
    <p class='ocr_par' dir='ltr' id='par_1_21' title="bbox 1991 1035 3580 1110">
     <span class='ocr_line' id='line_1_21' title="bbox 1991 1035 3580 1110; baseline 0.008 -22"><span class='ocrx_word' id='word_1_136' title='bbox 1991 1044 2164 1089; x_wconf 88' lang='lat' dir='ltr'><strong>autem</strong></span> <span class='ocrx_word' id='word_1_137' title='bbox 2188 1038 2375 1101; x_wconf 86' lang='lat' dir='ltr'><strong>crucis,</strong></span> <span class='ocrx_word' id='word_1_138' title='bbox 2403 1035 2768 1109; x_wconf 69' lang='lat' dir='ltr'><strong>propterquod</strong></span> <span class='ocrx_word' id='word_1_139' title='bbox 2802 1048 2848 1095; x_wconf 87' lang='lat' dir='ltr'><strong>et</strong></span> <span class='ocrx_word' id='word_1_140' title='bbox 2878 1039 3018 1096; x_wconf 87' lang='lat' dir='ltr'><strong>Deus</strong></span> <span class='ocrx_word' id='word_1_141' title='bbox 3049 1041 3296 1097; x_wconf 70' lang='lat' dir='ltr'><strong>exultavit</strong></span> <span class='ocrx_word' id='word_1_142' title='bbox 3326 1043 3500 1110; x_wconf 87' lang='lat' dir='ltr'><strong>illum,</strong></span> <span class='ocrx_word' id='word_1_143' title='bbox 3527 1055 3580 1102; x_wconf 86' lang='lat' dir='ltr'><strong>et</strong></span> 
     </span>
    </p>
   </div>
   <div class='ocr_carea' id='block_1_22' title="bbox 1990 1123 3580 1201">
    <p class='ocr_par' dir='ltr' id='par_1_22' title="bbox 1990 1123 3580 1201">
     <span class='ocr_line' id='line_1_22' title="bbox 1990 1123 3580 1201; baseline 0.008 -25"><span class='ocrx_word' id='word_1_144' title='bbox 1990 1123 2130 1178; x_wconf 86' lang='lat' dir='ltr'><strong>dedit</strong></span> <span class='ocrx_word' id='word_1_145' title='bbox 2153 1125 2233 1178; x_wconf 89' lang='lat' dir='ltr'><strong>illi</strong></span> <span class='ocrx_word' id='word_1_146' title='bbox 2259 1142 2445 1181; x_wconf 86' lang='lat' dir='ltr'><strong>nomen</strong></span> <span class='ocrx_word' id='word_1_147' title='bbox 2478 1129 2616 1198; x_wconf 87' lang='lat' dir='ltr'><strong>quod</strong></span> <span class='ocrx_word' id='word_1_148' title='bbox 2664 1139 2740 1184; x_wconf 87' lang='lat' dir='ltr'><strong>est</strong></span> <span class='ocrx_word' id='word_1_149' title='bbox 2786 1147 2941 1201; x_wconf 90' lang='lat' dir='ltr'><strong>super</strong></span> <span class='ocrx_word' id='word_1_150' title='bbox 2978 1147 3130 1187; x_wconf 88' lang='lat' dir='ltr'><strong>omne</strong></span> <span class='ocrx_word' id='word_1_151' title='bbox 3171 1149 3379 1201; x_wconf 84' lang='lat' dir='ltr'><strong>nomen,</strong></span> <span class='ocrx_word' id='word_1_152' title='bbox 3416 1143 3474 1188; x_wconf 91' lang='lat' dir='ltr'><strong>ut</strong></span> <span class='ocrx_word' id='word_1_153' title='bbox 3519 1134 3580 1189; x_wconf 90' lang='lat' dir='ltr'><strong>in</strong></span> 
     </span>
    </p>
   </div>
   <div class='ocr_carea' id='block_1_23' title="bbox 1990 1214 3581 1289">
    <p class='ocr_par' dir='ltr' id='par_1_23' title="bbox 1990 1214 3581 1289">
     <span class='ocr_line' id='line_1_23' title="bbox 1990 1214 3581 1289; baseline 0.008 -23"><span class='ocrx_word' id='word_1_154' title='bbox 1990 1214 2198 1268; x_wconf 81' lang='lat' dir='ltr'><strong>nomine</strong></span> <span class='ocrx_word' id='word_1_155' title='bbox 2235 1215 2362 1270; x_wconf 84' lang='lat' dir='ltr'><strong>Jesu</strong></span> <span class='ocrx_word' id='word_1_156' title='bbox 2403 1233 2552 1271; x_wconf 81' lang='lat' dir='ltr'><strong>omne</strong></span> <span class='ocrx_word' id='word_1_157' title='bbox 2587 1233 2720 1288; x_wconf 87' lang='lat' dir='ltr'><strong>genu</strong></span> <span class='ocrx_word' id='word_1_158' title='bbox 2765 1221 3029 1289; x_wconf 84' lang='lat' dir='ltr'><strong>ﬂectatur,</strong></span> <span class='ocrx_word' id='word_1_159' title='bbox 3071 1221 3373 1289; x_wconf 77' lang='lat' dir='ltr'><strong>caelestium,</strong></span> <span class='ocrx_word' id='word_1_160' title='bbox 3413 1229 3581 1278; x_wconf 83' lang='lat' dir='ltr'><strong>terre-</strong></span> 
     </span>
    </p>
   </div>
   <div class='ocr_carea' id='block_1_24' title="bbox 1989 1308 3580 1386">
    <p class='ocr_par' dir='ltr' id='par_1_24' title="bbox 1989 1308 3580 1386">
     <span class='ocr_line' id='line_1_24' title="bbox 1989 1308 3580 1386; baseline 0.008 -26"><span class='ocrx_word' id='word_1_161' title='bbox 1989 1308 2175 1361; x_wconf 86' lang='lat' dir='ltr'><strong>strium</strong></span> <span class='ocrx_word' id='word_1_162' title='bbox 2216 1318 2264 1362; x_wconf 89' lang='lat' dir='ltr'><strong>et</strong></span> <span class='ocrx_word' id='word_1_163' title='bbox 2311 1309 2669 1379; x_wconf 84' lang='lat' dir='ltr'><strong>infernarum,</strong></span> <span class='ocrx_word' id='word_1_164' title='bbox 2722 1321 2772 1367; x_wconf 88' lang='lat' dir='ltr'><strong>et</strong></span> <span class='ocrx_word' id='word_1_165' title='bbox 2828 1315 2993 1369; x_wconf 88' lang='lat' dir='ltr'><strong>omnis</strong></span> <span class='ocrx_word' id='word_1_166' title='bbox 3050 1314 3228 1385; x_wconf 79' lang='lat' dir='ltr'><strong>lingua</strong></span> <span class='ocrx_word' id='word_1_167' title='bbox 3268 1317 3580 1386; x_wconf 81' lang='lat' dir='ltr'><strong>confiteatur</strong></span> 
     </span>
    </p>
   </div>
   <div class='ocr_carea' id='block_1_25' title="bbox 1988 1399 3576 1475">
    <p class='ocr_par' dir='ltr' id='par_1_25' title="bbox 1988 1399 3576 1475">
     <span class='ocr_line' id='line_1_25' title="bbox 1988 1399 3576 1475; baseline 0.006 -23"><span class='ocrx_word' id='word_1_168' title='bbox 1988 1400 2112 1469; x_wconf 83' lang='lat' dir='ltr'><strong>quia</strong></span> <span class='ocrx_word' id='word_1_169' title='bbox 2135 1399 2391 1456; x_wconf 87' lang='lat' dir='ltr'><strong>Dominus</strong></span> <span class='ocrx_word' id='word_1_170' title='bbox 2415 1402 2569 1458; x_wconf 87' lang='lat' dir='ltr'><strong>Jesus</strong></span> <span class='ocrx_word' id='word_1_171' title='bbox 2597 1405 2649 1458; x_wconf 88' lang='lat' dir='ltr'><strong>in</strong></span> <span class='ocrx_word' id='word_1_172' title='bbox 2670 1403 2841 1475; x_wconf 85' lang='lat' dir='ltr'><strong>gloria</strong></span> <span class='ocrx_word' id='word_1_173' title='bbox 2869 1415 2941 1459; x_wconf 87' lang='lat' dir='ltr'><strong>est</strong></span> <span class='ocrx_word' id='word_1_174' title='bbox 2970 1404 3067 1461; x_wconf 89' lang='lat' dir='ltr'><strong>Dei</strong></span> <span class='ocrx_word' id='word_1_175' title='bbox 3096 1406 3293 1460; x_wconf 85' lang='lat' dir='ltr'><strong>Patris.</strong></span> <span class='ocrx_word' id='word_1_176' title='bbox 3324 1407 3400 1461; x_wconf 90' lang='lat' dir='ltr'><strong>De</strong></span> <span class='ocrx_word' id='word_1_177' title='bbox 3427 1409 3576 1462; x_wconf 89' lang='lat' dir='ltr'><strong>thro-</strong></span> 
     </span>
    </p>
   </div>
   <div class='ocr_carea' id='block_1_26' title="bbox 1987 1495 3578 1567">
    <p class='ocr_par' dir='ltr' id='par_1_26' title="bbox 1987 1495 3578 1567">
     <span class='ocr_line' id='line_1_26' title="bbox 1987 1495 3578 1567; baseline 0.003 -20"><span class='ocrx_word' id='word_1_178' title='bbox 1987 1508 2060 1548; x_wconf 91' lang='lat' dir='ltr'><strong>no</strong></span> <span class='ocrx_word' id='word_1_179' title='bbox 2087 1508 2215 1563; x_wconf 85' lang='lat' dir='ltr'><strong>ergo</strong></span> <span class='ocrx_word' id='word_1_180' title='bbox 2263 1495 2366 1549; x_wconf 90' lang='lat' dir='ltr'><strong>isto</strong></span> <span class='ocrx_word' id='word_1_181' title='bbox 2405 1497 2699 1565; x_wconf 89' lang='lat' dir='ltr'><strong>procedunt</strong></span> <span class='ocrx_word' id='word_1_182' title='bbox 2747 1495 2980 1567; x_wconf 81' lang='lat' dir='ltr'><strong>fulgura,</strong></span> <span class='ocrx_word' id='word_1_183' title='bbox 3023 1511 3184 1551; x_wconf 85' lang='lat' dir='ltr'><strong>voces</strong></span> <span class='ocrx_word' id='word_1_184' title='bbox 3215 1505 3270 1551; x_wconf 89' lang='lat' dir='ltr'><strong>et</strong></span> <span class='ocrx_word' id='word_1_185' title='bbox 3313 1497 3578 1564; x_wconf 86' lang='lat' dir='ltr'><strong>tonitrua,</strong></span> 
     </span>
    </p>
   </div>
   <div class='ocr_carea' id='block_1_27' title="bbox 1987 1583 3584 1654">
    <p class='ocr_par' dir='ltr' id='par_1_27' title="bbox 1987 1583 3584 1654">
     <span class='ocr_line' id='line_1_27' title="bbox 1987 1583 3584 1654; baseline 0.004 -17"><span class='ocrx_word' id='word_1_186' title='bbox 1987 1584 2113 1653; x_wconf 90' lang='lat' dir='ltr'><strong>quia</strong></span> <span class='ocrx_word' id='word_1_187' title='bbox 2159 1591 2279 1653; x_wconf 91' lang='lat' dir='ltr'><strong>post</strong></span> <span class='ocrx_word' id='word_1_188' title='bbox 2319 1584 2622 1654; x_wconf 85' lang='lat' dir='ltr'><strong>passionem</strong></span> <span class='ocrx_word' id='word_1_189' title='bbox 2662 1583 2959 1640; x_wconf 87' lang='lat' dir='ltr'><strong>Salvatoris</strong></span> <span class='ocrx_word' id='word_1_190' title='bbox 2984 1627 2998 1652; x_wconf 91' lang='lat'><strong>,</strong></span> <span class='ocrx_word' id='word_1_191' title='bbox 3033 1587 3488 1642; x_wconf 87' lang='lat' dir='ltr'><strong>resurrectionem</strong></span> <span class='ocrx_word' id='word_1_192' title='bbox 3527 1597 3584 1643; x_wconf 90' lang='lat' dir='ltr'><strong>et</strong></span> 
     </span>
    </p>
   </div>
   <div class='ocr_carea' id='block_1_28' title="bbox 1988 1672 3582 1746">
    <p class='ocr_par' dir='ltr' id='par_1_28' title="bbox 1988 1672 3582 1746">
     <span class='ocr_line' id='line_1_28' title="bbox 1988 1672 3582 1746; baseline 0.004 -21"><span class='ocrx_word' id='word_1_193' title='bbox 1988 1672 2358 1727; x_wconf 88' lang='lat' dir='ltr'><strong>ascensionem</strong></span> <span class='ocrx_word' id='word_1_194' title='bbox 2391 1673 2458 1727; x_wconf 94' lang='lat' dir='ltr'><strong>ad</strong></span> <span class='ocrx_word' id='word_1_195' title='bbox 2484 1672 2652 1728; x_wconf 66' lang='lat' dir='ltr'><strong>caelos</strong></span> <span class='ocrx_word' id='word_1_196' title='bbox 2674 1715 2688 1740; x_wconf 91' lang='lat'><strong>,</strong></span> <span class='ocrx_word' id='word_1_197' title='bbox 2733 1674 2980 1744; x_wconf 89' lang='lat' dir='ltr'><strong>discipuli</strong></span> <span class='ocrx_word' id='word_1_198' title='bbox 3018 1676 3133 1746; x_wconf 87' lang='lat' dir='ltr'><strong>ejus</strong></span> <span class='ocrx_word' id='word_1_199' title='bbox 3154 1717 3168 1740; x_wconf 91' lang='lat'><strong>,</strong></span> <span class='ocrx_word' id='word_1_200' title='bbox 3201 1676 3342 1731; x_wconf 86' lang='lat' dir='ltr'><strong>sicut</strong></span> <span class='ocrx_word' id='word_1_201' title='bbox 3369 1675 3582 1732; x_wconf 84' lang='lat' dir='ltr'><strong>Marcus</strong></span> 
     </span>
    </p>
   </div>
   <div class='ocr_carea' id='block_1_29' title="bbox 1988 1765 3579 1840">
    <p class='ocr_par' dir='ltr' id='par_1_29' title="bbox 1988 1765 3579 1840">
     <span class='ocr_line' id='line_1_29' title="bbox 1988 1765 3579 1840; baseline 0.002 -20"><span class='ocrx_word' id='word_1_202' title='bbox 1988 1765 2213 1829; x_wconf 88' lang='lat' dir='ltr'><strong>scribit,</strong></span> <span class='ocrx_word' id='word_1_203' title='bbox 2263 1765 2482 1835; x_wconf 79' lang='lat' dir='ltr'><strong>profecti</strong></span> <span class='ocrx_word' id='word_1_204' title='bbox 2529 1767 2942 1836; x_wconf 70' lang='lat' dir='ltr'><strong>praedicaverunt</strong></span> <span class='ocrx_word' id='word_1_205' title='bbox 2988 1769 3196 1840; x_wconf 87' lang='lat' dir='ltr'><strong>ubique,</strong></span> <span class='ocrx_word' id='word_1_206' title='bbox 3228 1771 3335 1824; x_wconf 88' lang='lat' dir='ltr'><strong>Deo</strong></span> <span class='ocrx_word' id='word_1_207' title='bbox 3391 1785 3579 1839; x_wconf 78' lang='lat' dir='ltr'><strong>coope-</strong></span> 
     </span>
    </p>
   </div>
   <div class='ocr_carea' id='block_1_30' title="bbox 1987 1859 3576 1932">
    <p class='ocr_par' dir='ltr' id='par_1_30' title="bbox 1987 1859 3576 1932">
     <span class='ocr_line' id='line_1_30' title="bbox 1987 1859 3576 1932; baseline 0.003 -22"><span class='ocrx_word' id='word_1_208' title='bbox 1987 1866 2136 1911; x_wconf 86' lang='lat' dir='ltr'><strong>rante</strong></span> <span class='ocrx_word' id='word_1_209' title='bbox 2190 1866 2240 1910; x_wconf 86' lang='lat' dir='ltr'><strong>et</strong></span> <span class='ocrx_word' id='word_1_210' title='bbox 2278 1874 2568 1912; x_wconf 84' lang='lat' dir='ltr'><strong>sermonem</strong></span> <span class='ocrx_word' id='word_1_211' title='bbox 2613 1859 2976 1928; x_wconf 81' lang='lat' dir='ltr'><strong>conﬁrmante,</strong></span> <span class='ocrx_word' id='word_1_212' title='bbox 3011 1861 3342 1932; x_wconf 76' lang='lat' dir='ltr'><strong>sequentibus</strong></span> <span class='ocrx_word' id='word_1_213' title='bbox 3393 1861 3576 1931; x_wconf 81' lang='lat' dir='ltr'><strong>signis.</strong></span> 
     </span>
    </p>
   </div>
   <div class='ocr_carea' id='block_1_31' title="bbox 1988 1947 3578 2021">
    <p class='ocr_par' dir='ltr' id='par_1_31' title="bbox 1988 1947 3578 2021">
     <span class='ocr_line' id='line_1_31' title="bbox 1988 1947 3578 2021; baseline 0.003 -21"><span class='ocrx_word' id='word_1_214' title='bbox 1988 1947 2228 2014; x_wconf 85' lang='lat' dir='ltr'><strong>Quorum</strong></span> <span class='ocrx_word' id='word_1_215' title='bbox 2249 1963 2387 2002; x_wconf 93' lang='lat' dir='ltr'><strong>unus</strong></span> <span class='ocrx_word' id='word_1_216' title='bbox 2410 1950 2750 2019; x_wconf 81' lang='lat' dir='ltr'><strong>congregatis</strong></span> <span class='ocrx_word' id='word_1_217' title='bbox 2771 1949 3057 2005; x_wconf 90' lang='lat' dir='ltr'><strong>adversum</strong></span> <span class='ocrx_word' id='word_1_218' title='bbox 3078 1966 3135 2005; x_wconf 90' lang='lat' dir='ltr'><strong>se</strong></span> <span class='ocrx_word' id='word_1_219' title='bbox 3159 1950 3356 2005; x_wconf 71' lang='lat' dir='ltr'><strong>Judteis</strong></span> <span class='ocrx_word' id='word_1_220' title='bbox 3383 1965 3578 2021; x_wconf 83' lang='lat' dir='ltr'><strong>magna</strong></span> 
     </span>
    </p>
   </div>
   <div class='ocr_carea' id='block_1_32' title="bbox 1987 2039 3579 2110">
    <p class='ocr_par' dir='ltr' id='par_1_32' title="bbox 1987 2039 3579 2110">
     <span class='ocr_line' id='line_1_32' title="bbox 1987 2039 3579 2110; baseline 0.004 -20"><span class='ocrx_word' id='word_1_221' title='bbox 1987 2039 2310 2093; x_wconf 87' lang='lat' dir='ltr'><strong>auctoritate</strong></span> <span class='ocrx_word' id='word_1_222' title='bbox 2335 2040 2612 2108; x_wconf 89' lang='lat' dir='ltr'><strong>respondit</strong></span> <span class='ocrx_word' id='word_1_223' title='bbox 2638 2057 2649 2092; x_wconf 91' lang='lat'>:</span> <span class='ocrx_word' id='word_1_224' title='bbox 2683 2039 2881 2094; x_wconf 87' lang='lat' dir='ltr'><strong>Notum</strong></span> <span class='ocrx_word' id='word_1_225' title='bbox 2905 2041 2993 2106; x_wconf 85' lang='lat' dir='ltr'><strong>sit,</strong></span> <span class='ocrx_word' id='word_1_226' title='bbox 3017 2042 3208 2110; x_wconf 83' lang='lat' dir='ltr'><strong>inquit,</strong></span> <span class='ocrx_word' id='word_1_227' title='bbox 3234 2043 3469 2097; x_wconf 84' lang='lat' dir='ltr'><strong>omnibus</strong></span> <span class='ocrx_word' id='word_1_228' title='bbox 3491 2059 3579 2096; x_wconf 83' lang='lat' dir='ltr'><strong>vo-</strong></span> 
     </span>
    </p>
   </div>
   <div class='ocr_carea' id='block_1_33' title="bbox 1987 2127 3580 2197">
    <p class='ocr_par' dir='ltr' id='par_1_33' title="bbox 1987 2127 3580 2197">
     <span class='ocr_line' id='line_1_33' title="bbox 1987 2127 3580 2197; baseline 0.003 -18"><span class='ocrx_word' id='word_1_229' title='bbox 1987 2127 2063 2180; x_wconf 85' lang='lat' dir='ltr'><strong>bis</strong></span> <span class='ocrx_word' id='word_1_230' title='bbox 2083 2138 2129 2181; x_wconf 87' lang='lat' dir='ltr'><strong>et</strong></span> <span class='ocrx_word' id='word_1_231' title='bbox 2159 2128 2412 2182; x_wconf 67' lang='lat' dir='ltr'><strong>universae</strong></span> <span class='ocrx_word' id='word_1_232' title='bbox 2431 2127 2566 2197; x_wconf 83' lang='lat' dir='ltr'><strong>plebi</strong></span> <span class='ocrx_word' id='word_1_233' title='bbox 2587 2127 2782 2192; x_wconf 87' lang='lat' dir='ltr'><strong>Israel,</strong></span> <span class='ocrx_word' id='word_1_234' title='bbox 2810 2129 2935 2197; x_wconf 84' lang='lat' dir='ltr'><strong>quia</strong></span> <span class='ocrx_word' id='word_1_235' title='bbox 2965 2129 3018 2182; x_wconf 90' lang='lat' dir='ltr'><strong>in</strong></span> <span class='ocrx_word' id='word_1_236' title='bbox 3044 2131 3250 2182; x_wconf 89' lang='lat' dir='ltr'><strong>nomine</strong></span> <span class='ocrx_word' id='word_1_237' title='bbox 3271 2129 3400 2183; x_wconf 84' lang='lat' dir='ltr'><strong>Jesu</strong></span> <span class='ocrx_word' id='word_1_238' title='bbox 3423 2128 3580 2183; x_wconf 81' lang='lat' dir='ltr'><strong>Chri-</strong></span> 
     </span>
    </p>
   </div>
   <div class='ocr_carea' id='block_1_34' title="bbox 293 2218 1884 2302">
    <p class='ocr_par' dir='ltr' id='par_1_34' title="bbox 293 2229 1878 2302">
     <span class='ocr_line' id='line_1_34' title="bbox 293 2229 1878 2302; baseline 0.003 -20"><span class='ocrx_word' id='word_1_239' title='bbox 293 2237 403 2295; x_wconf 89' lang='lat' dir='ltr'><strong>tur,</strong></span> <span class='ocrx_word' id='word_1_240' title='bbox 439 2229 583 2284; x_wconf 81' lang='lat' dir='ltr'><strong>Ruth</strong></span> <span class='ocrx_word' id='word_1_241' title='bbox 628 2239 682 2284; x_wconf 88' lang='lat' dir='ltr'><strong>et</strong></span> <span class='ocrx_word' id='word_1_242' title='bbox 725 2230 934 2302; x_wconf 85' lang='lat' dir='ltr'><strong>Cynoth</strong></span> <span class='ocrx_word' id='word_1_243' title='bbox 987 2231 1248 2286; x_wconf 85' lang='lat' dir='ltr'><strong>librorum</strong></span> <span class='ocrx_word' id='word_1_244' title='bbox 1291 2232 1409 2286; x_wconf 86' lang='lat' dir='ltr'><strong>vice</strong></span> <span class='ocrx_word' id='word_1_245' title='bbox 1447 2233 1878 2297; x_wconf 88' lang='lat' dir='ltr'><strong>connumeratis;</strong></span> 
     </span>
    </p>
   </div>
   <div class='ocr_carea' id='block_1_35' title="bbox 1989 2218 3579 2302">
    <p class='ocr_par' dir='ltr' id='par_1_35' title="bbox 1989 2218 3579 2291">
     <span class='ocr_line' id='line_1_35' title="bbox 1989 2218 3579 2291; baseline 0.002 -19"><span class='ocrx_word' id='word_1_246' title='bbox 1989 2219 2054 2272; x_wconf 88' lang='lat' dir='ltr'><strong>sti</strong></span> <span class='ocrx_word' id='word_1_247' title='bbox 2077 2218 2378 2283; x_wconf 76' lang='lat' dir='ltr'><strong>Nazareni,</strong></span> <span class='ocrx_word' id='word_1_248' title='bbox 2407 2235 2560 2290; x_wconf 88' lang='lat' dir='ltr'><strong>quem</strong></span> <span class='ocrx_word' id='word_1_249' title='bbox 2591 2219 2956 2288; x_wconf 75' lang='lat' dir='ltr'><strong>cruci/ixistis,</strong></span> <span class='ocrx_word' id='word_1_250' title='bbox 2991 2238 3144 2291; x_wconf 89' lang='lat' dir='ltr'><strong>quem</strong></span> <span class='ocrx_word' id='word_1_251' title='bbox 3175 2221 3318 2276; x_wconf 88' lang='lat' dir='ltr'><strong>Deus</strong></span> <span class='ocrx_word' id='word_1_252' title='bbox 3356 2223 3579 2276; x_wconf 86' lang='lat' dir='ltr'><strong>suscita-</strong></span> 
     </span>
    </p>
   </div>
   <div class='ocr_carea' id='block_1_36' title="bbox 291 2323 1883 2394">
    <p class='ocr_par' dir='ltr' id='par_1_36' title="bbox 291 2323 1883 2394">
     <span class='ocr_line' id='line_1_36' title="bbox 291 2323 1883 2394; baseline 0.001 -17"><span class='ocrx_word' id='word_1_253' title='bbox 291 2338 398 2392; x_wconf 85' lang='lat' dir='ltr'><strong>quo</strong></span> <span class='ocrx_word' id='word_1_254' title='bbox 426 2338 651 2378; x_wconf 89' lang='lat' dir='ltr'><strong>numero</strong></span> <span class='ocrx_word' id='word_1_255' title='bbox 685 2323 741 2378; x_wconf 93' lang='lat' dir='ltr'><strong>in</strong></span> <span class='ocrx_word' id='word_1_256' title='bbox 771 2333 944 2378; x_wconf 86' lang='lat' dir='ltr'><strong>sortes</strong></span> <span class='ocrx_word' id='word_1_257' title='bbox 977 2323 1217 2378; x_wconf 89' lang='lat' dir='ltr'><strong>Levitica</strong></span> <span class='ocrx_word' id='word_1_258' title='bbox 1250 2325 1421 2380; x_wconf 89' lang='lat' dir='ltr'><strong>tribus</strong></span> <span class='ocrx_word' id='word_1_259' title='bbox 1449 2339 1544 2394; x_wconf 90' lang='lat' dir='ltr'><strong>per</strong></span> <span class='ocrx_word' id='word_1_260' title='bbox 1575 2325 1744 2380; x_wconf 90' lang='lat' dir='ltr'><strong>David</strong></span> <span class='ocrx_word' id='word_1_261' title='bbox 1773 2325 1883 2379; x_wconf 90' lang='lat' dir='ltr'><strong>dis-</strong></span> 
     </span>
    </p>
   </div>
   <div class='ocr_carea' id='block_1_37' title="bbox 289 2413 1882 2486">
    <p class='ocr_par' dir='ltr' id='par_1_37' title="bbox 289 2413 1882 2486">
     <span class='ocr_line' id='line_1_37' title="bbox 289 2413 1882 2486; baseline 0.002 -19"><span class='ocrx_word' id='word_1_262' title='bbox 289 2413 493 2468; x_wconf 90' lang='lat' dir='ltr'><strong>tributa</strong></span> <span class='ocrx_word' id='word_1_263' title='bbox 535 2422 656 2480; x_wconf 90' lang='lat' dir='ltr'><strong>est,</strong></span> <span class='ocrx_word' id='word_1_264' title='bbox 700 2422 756 2468; x_wconf 90' lang='lat' dir='ltr'><strong>et</strong></span> <span class='ocrx_word' id='word_1_265' title='bbox 792 2422 1012 2470; x_wconf 90' lang='lat' dir='ltr'><strong>cunctos</strong></span> <span class='ocrx_word' id='word_1_266' title='bbox 1046 2415 1186 2472; x_wconf 90' lang='lat' dir='ltr'><strong>ﬁlios</strong></span> <span class='ocrx_word' id='word_1_267' title='bbox 1234 2415 1418 2472; x_wconf 82' lang='lat' dir='ltr'><strong>Aaron</strong></span> <span class='ocrx_word' id='word_1_268' title='bbox 1462 2431 1560 2486; x_wconf 93' lang='lat' dir='ltr'><strong>per</strong></span> <span class='ocrx_word' id='word_1_269' title='bbox 1598 2417 1743 2471; x_wconf 84' lang='lat' dir='ltr'><strong>vices</strong></span> <span class='ocrx_word' id='word_1_270' title='bbox 1771 2416 1882 2470; x_wconf 92' lang='lat' dir='ltr'><strong>Deo</strong></span> 
     </span>
    </p>
   </div>
   <div class='ocr_carea' id='block_1_38' title="bbox 290 2508 1882 2575">
    <p class='ocr_par' dir='ltr' id='par_1_38' title="bbox 290 2508 1882 2575">
     <span class='ocr_line' id='line_1_38' title="bbox 290 2508 1882 2575; baseline 0.001 -15"><span class='ocrx_word' id='word_1_271' title='bbox 290 2508 605 2561; x_wconf 87' lang='lat' dir='ltr'><strong>ministrare</strong></span> <span class='ocrx_word' id='word_1_272' title='bbox 633 2508 910 2562; x_wconf 89' lang='lat' dir='ltr'><strong>decretum</strong></span> <span class='ocrx_word' id='word_1_273' title='bbox 938 2516 1042 2573; x_wconf 89' lang='lat' dir='ltr'><strong>est,</strong></span> <span class='ocrx_word' id='word_1_274' title='bbox 1071 2518 1124 2564; x_wconf 90' lang='lat' dir='ltr'><strong>et</strong></span> <span class='ocrx_word' id='word_1_275' title='bbox 1147 2509 1341 2564; x_wconf 89' lang='lat' dir='ltr'><strong>merito</strong></span> <span class='ocrx_word' id='word_1_276' title='bbox 1359 2550 1373 2575; x_wconf 90' lang='lat'><strong>,</strong></span> <span class='ocrx_word' id='word_1_277' title='bbox 1399 2516 1459 2563; x_wconf 92' lang='lat' dir='ltr'><strong>ut</strong></span> <span class='ocrx_word' id='word_1_278' title='bbox 1486 2523 1744 2562; x_wconf 89' lang='lat' dir='ltr'><strong>numerus</strong></span> <span class='ocrx_word' id='word_1_279' title='bbox 1772 2508 1882 2562; x_wconf 88' lang='lat' dir='ltr'><strong>ele-</strong></span> 
     </span>
    </p>
   </div>
   <div class='ocr_carea' id='block_1_39' title="bbox 291 2597 1882 2668">
    <p class='ocr_par' dir='ltr' id='par_1_39' title="bbox 291 2597 1882 2668">
     <span class='ocr_line' id='line_1_39' title="bbox 291 2597 1882 2668; baseline 0.003 -18"><span class='ocrx_word' id='word_1_280' title='bbox 291 2605 506 2650; x_wconf 90' lang='lat' dir='ltr'><strong>ctorum</strong></span> <span class='ocrx_word' id='word_1_281' title='bbox 549 2597 863 2666; x_wconf 87' lang='lat' dir='ltr'><strong>pontiﬁcum</strong></span> <span class='ocrx_word' id='word_1_282' title='bbox 908 2607 1351 2668; x_wconf 64' lang='lat' dir='ltr'><strong>praemonstraret</strong></span> <span class='ocrx_word' id='word_1_283' title='bbox 1391 2609 1653 2654; x_wconf 67' lang='lat' dir='ltr'><strong>aeternum</strong></span> <span class='ocrx_word' id='word_1_284' title='bbox 1680 2597 1882 2654; x_wconf 84' lang='lat' dir='ltr'><strong>Christi</strong></span> 
     </span>
    </p>
   </div>
   <div class='ocr_carea' id='block_1_40' title="bbox 290 2689 1884 2760">
    <p class='ocr_par' dir='ltr' id='par_1_40' title="bbox 290 2689 1884 2760">
     <span class='ocr_line' id='line_1_40' title="bbox 290 2689 1884 2760; baseline 0.001 -16"><span class='ocrx_word' id='word_1_285' title='bbox 290 2689 693 2757; x_wconf 87' lang='lat' dir='ltr'><strong>sacerdotium,</strong></span> <span class='ocrx_word' id='word_1_286' title='bbox 732 2691 827 2759; x_wconf 92' lang='lat' dir='ltr'><strong>qui</strong></span> <span class='ocrx_word' id='word_1_287' title='bbox 870 2690 1114 2760; x_wconf 80' lang='lat' dir='ltr'><strong>pontifex</strong></span> <span class='ocrx_word' id='word_1_288' title='bbox 1158 2690 1333 2747; x_wconf 80' lang='lat' dir='ltr'><strong>factus</strong></span> <span class='ocrx_word' id='word_1_289' title='bbox 1387 2691 1683 2747; x_wconf 88' lang='lat' dir='ltr'><strong>secundum</strong></span> <span class='ocrx_word' id='word_1_290' title='bbox 1736 2691 1884 2746; x_wconf 88' lang='lat' dir='ltr'><strong>ordi-</strong></span> 
     </span>
    </p>
   </div>
   <div class='ocr_carea' id='block_1_41' title="bbox 289 2781 1884 2847">
    <p class='ocr_par' dir='ltr' id='par_1_41' title="bbox 289 2781 1884 2847">
     <span class='ocr_line' id='line_1_41' title="bbox 289 2781 1884 2847; baseline 0.001 -11"><span class='ocrx_word' id='word_1_291' title='bbox 289 2797 416 2836; x_wconf 84' lang='lat' dir='ltr'><strong>nem</strong></span> <span class='ocrx_word' id='word_1_292' title='bbox 457 2781 885 2847; x_wconf 85' lang='lat' dir='ltr'><strong>Melchisedech,</strong></span> <span class='ocrx_word' id='word_1_293' title='bbox 924 2783 979 2837; x_wconf 92' lang='lat' dir='ltr'><strong>in</strong></span> <span class='ocrx_word' id='word_1_294' title='bbox 1021 2798 1114 2838; x_wconf 88' lang='lat' dir='ltr'><strong>ara</strong></span> <span class='ocrx_word' id='word_1_295' title='bbox 1151 2784 1328 2838; x_wconf 90' lang='lat' dir='ltr'><strong>crucis</strong></span> <span class='ocrx_word' id='word_1_296' title='bbox 1371 2784 1774 2838; x_wconf 89' lang='lat' dir='ltr'><strong>immaculatam</strong></span> <span class='ocrx_word' id='word_1_297' title='bbox 1825 2799 1884 2839; x_wconf 90' lang='lat' dir='ltr'><strong>se</strong></span> 
     </span>
    </p>
   </div>
   <div class='ocr_carea' id='block_1_42' title="bbox 290 2872 1884 2946">
    <p class='ocr_par' dir='ltr' id='par_1_42' title="bbox 290 2872 1884 2946">
     <span class='ocr_line' id='line_1_42' title="bbox 290 2872 1884 2946; baseline 0.002 -19"><span class='ocrx_word' id='word_1_298' title='bbox 290 2872 486 2928; x_wconf 86' lang='lat' dir='ltr'><strong>obtulit</strong></span> <span class='ocrx_word' id='word_1_299' title='bbox 531 2874 766 2928; x_wconf 90' lang='lat' dir='ltr'><strong>hostiam</strong></span> <span class='ocrx_word' id='word_1_300' title='bbox 817 2873 929 2939; x_wconf 89' lang='lat' dir='ltr'><strong>Deo</strong></span> <span class='ocrx_word' id='word_1_301' title='bbox 958 2917 975 2940; x_wconf 93' lang='lat'><strong>,</strong></span> <span class='ocrx_word' id='word_1_302' title='bbox 1030 2891 1228 2945; x_wconf 85' lang='lat' dir='ltr'><strong>agnum</strong></span> <span class='ocrx_word' id='word_1_303' title='bbox 1281 2875 1530 2931; x_wconf 83' lang='lat' dir='ltr'><strong>videlicet</strong></span> <span class='ocrx_word' id='word_1_304' title='bbox 1584 2876 1736 2932; x_wconf 91' lang='lat' dir='ltr'><strong>illum</strong></span> <span class='ocrx_word' id='word_1_305' title='bbox 1791 2877 1884 2946; x_wconf 92' lang='lat' dir='ltr'><strong>qui</strong></span> 
     </span>
    </p>
   </div>
   <div class='ocr_carea' id='block_1_43' title="bbox 291 2963 1886 3037">
    <p class='ocr_par' dir='ltr' id='par_1_43' title="bbox 291 2963 1886 3037">
     <span class='ocr_line' id='line_1_43' title="bbox 291 2963 1886 3037; baseline 0.003 -19"><span class='ocrx_word' id='word_1_306' title='bbox 291 2963 515 3018; x_wconf 89' lang='lat' dir='ltr'><strong>abstulit</strong></span> <span class='ocrx_word' id='word_1_307' title='bbox 541 2973 764 3035; x_wconf 92' lang='lat' dir='ltr'><strong>peccata</strong></span> <span class='ocrx_word' id='word_1_308' title='bbox 808 2965 1012 3030; x_wconf 88' lang='lat' dir='ltr'><strong>mundi,</strong></span> <span class='ocrx_word' id='word_1_309' title='bbox 1057 2964 1210 3034; x_wconf 88' lang='lat' dir='ltr'><strong>cujus</strong></span> <span class='ocrx_word' id='word_1_310' title='bbox 1258 2967 1535 3034; x_wconf 77' lang='lat' dir='ltr'><strong>sanguinis</strong></span> <span class='ocrx_word' id='word_1_311' title='bbox 1573 2967 1886 3037; x_wconf 85' lang='lat' dir='ltr'><strong>aspersione</strong></span> 
     </span>
    </p>
   </div>
   <div class='ocr_carea' id='block_1_44' title="bbox 290 3059 1885 3125">
    <p class='ocr_par' dir='ltr' id='par_1_44' title="bbox 290 3059 1885 3125">
     <span class='ocr_line' id='line_1_44' title="bbox 290 3059 1885 3125; baseline 0.003 -16"><span class='ocrx_word' id='word_1_312' title='bbox 290 3064 480 3110; x_wconf 66' lang='grc' dir='ltr'><strong>εδηοῑίι</strong></span> <span class='ocrx_word' id='word_1_313' title='bbox 520 3063 572 3111; x_wconf 87' lang='lat' dir='ltr'><strong>et</strong></span> <span class='ocrx_word' id='word_1_314' title='bbox 607 3064 795 3111; x_wconf 89' lang='lat' dir='ltr'><strong>sancta</strong></span> <span class='ocrx_word' id='word_1_315' title='bbox 838 3065 1150 3113; x_wconf 85' lang='lat' dir='ltr'><strong>sanctorum</strong></span> <span class='ocrx_word' id='word_1_316' title='bbox 1189 3059 1445 3113; x_wconf 89' lang='lat' dir='ltr'><strong>mundata</strong></span> <span class='ocrx_word' id='word_1_317' title='bbox 1481 3068 1629 3125; x_wconf 91' lang='lat' dir='ltr'><strong>sunt,</strong></span> <span class='ocrx_word' id='word_1_318' title='bbox 1676 3068 1731 3114; x_wconf 88' lang='lat' dir='ltr'><strong>et</strong></span> <span class='ocrx_word' id='word_1_319' title='bbox 1757 3075 1885 3114; x_wconf 87' lang='lat' dir='ltr'><strong>vera</strong></span> 
     </span>
    </p>
   </div>
   <div class='ocr_carea' id='block_1_45' title="bbox 288 3147 1882 3217">
    <p class='ocr_par' dir='ltr' id='par_1_45' title="bbox 288 3147 1882 3217">
     <span class='ocr_line' id='line_1_45' title="bbox 288 3147 1882 3217; baseline 0.003 -16"><span class='ocrx_word' id='word_1_320' title='bbox 288 3147 598 3216; x_wconf 80' lang='lat' dir='ltr'><strong>expiatione</strong></span> <span class='ocrx_word' id='word_1_321' title='bbox 621 3156 971 3217; x_wconf 83' lang='lat' dir='ltr'><strong>peccatorum</strong></span> <span class='ocrx_word' id='word_1_322' title='bbox 1002 3149 1243 3205; x_wconf 90' lang='lat' dir='ltr'><strong>omnium</strong></span> <span class='ocrx_word' id='word_1_323' title='bbox 1280 3150 1468 3206; x_wconf 90' lang='lat' dir='ltr'><strong>sordes</strong></span> <span class='ocrx_word' id='word_1_324' title='bbox 1506 3150 1703 3206; x_wconf 80' lang='lat' dir='ltr'><strong>ablutae</strong></span> <span class='ocrx_word' id='word_1_325' title='bbox 1735 3158 1882 3206; x_wconf 90' lang='lat' dir='ltr'><strong>sunt.</strong></span> 
     </span>
    </p>
   </div>
   <div class='ocr_carea' id='block_1_46' title="bbox 290 3230 1887 3310">
    <p class='ocr_par' dir='ltr' id='par_1_46' title="bbox 290 3230 1887 3310">
     <span class='ocr_line' id='line_1_46' title="bbox 290 3230 1887 3310; baseline 0.004 -17"><span class='ocrx_word' id='word_1_326' title='bbox 290 3238 468 3309; x_wconf 84' lang='lat' dir='ltr'><strong>Hujus</strong></span> <span class='ocrx_word' id='word_1_327' title='bbox 499 3230 846 3310; x_wconf 87' lang='lat' dir='ltr'><strong>ejusdemque</strong></span> <span class='ocrx_word' id='word_1_328' title='bbox 881 3243 1091 3297; x_wconf 90' lang='lat' dir='ltr'><strong>numeri</strong></span> <span class='ocrx_word' id='word_1_329' title='bbox 1128 3243 1368 3298; x_wconf 81' lang='lat' dir='ltr'><strong>seniores</strong></span> <span class='ocrx_word' id='word_1_330' title='bbox 1399 3244 1454 3298; x_wconf 89' lang='lat' dir='ltr'><strong>in</strong></span> <span class='ocrx_word' id='word_1_331' title='bbox 1485 3244 1713 3298; x_wconf 87' lang='lat' dir='ltr'><strong>circuitu</strong></span> <span class='ocrx_word' id='word_1_332' title='bbox 1744 3245 1887 3300; x_wconf 87' lang='lat' dir='ltr'><strong>sedis</strong></span> 
     </span>
    </p>
   </div>
   <div class='ocr_carea' id='block_1_47' title="bbox 289 3328 1887 3404">
    <p class='ocr_par' dir='ltr' id='par_1_47' title="bbox 289 3328 1887 3404">
     <span class='ocr_line' id='line_1_47' title="bbox 289 3328 1887 3404; baseline 0.004 -21"><span class='ocrx_word' id='word_1_333' title='bbox 289 3328 438 3384; x_wconf 90' lang='lat' dir='ltr'><strong>illius</strong></span> <span class='ocrx_word' id='word_1_334' title='bbox 463 3331 868 3399; x_wconf 70' lang='lat' dir='ltr'><strong>potentissimae,</strong></span> <span class='ocrx_word' id='word_1_335' title='bbox 900 3333 967 3387; x_wconf 91' lang='lat' dir='ltr'><strong>de</strong></span> <span class='ocrx_word' id='word_1_336' title='bbox 991 3349 1097 3402; x_wconf 87' lang='lat' dir='ltr'><strong>qua</strong></span> <span class='ocrx_word' id='word_1_337' title='bbox 1121 3333 1473 3404; x_wconf 86' lang='lat' dir='ltr'><strong>Apocalypsis</strong></span> <span class='ocrx_word' id='word_1_338' title='bbox 1501 3342 1716 3400; x_wconf 88' lang='lat' dir='ltr'><strong>narrat,</strong></span> <span class='ocrx_word' id='word_1_339' title='bbox 1745 3336 1887 3390; x_wconf 90' lang='lat' dir='ltr'><strong>unde</strong></span> 
     </span>
    </p>
   </div>
   <div class='ocr_carea' id='block_1_48' title="bbox 287 3422 1888 3494">
    <p class='ocr_par' dir='ltr' id='par_1_48' title="bbox 287 3422 1888 3494">
     <span class='ocr_line' id='line_1_48' title="bbox 287 3422 1888 3494; baseline 0.002 -18"><span class='ocrx_word' id='word_1_340' title='bbox 287 3423 591 3494; x_wconf 86' lang='lat' dir='ltr'><strong>procedunt</strong></span> <span class='ocrx_word' id='word_1_341' title='bbox 617 3422 828 3494; x_wconf 80' lang='lat' dir='ltr'><strong>fulgura</strong></span> <span class='ocrx_word' id='word_1_342' title='bbox 854 3465 869 3489; x_wconf 94' lang='lat'><strong>,</strong></span> <span class='ocrx_word' id='word_1_343' title='bbox 901 3439 1062 3479; x_wconf 85' lang='lat' dir='ltr'><strong>voces</strong></span> <span class='ocrx_word' id='word_1_344' title='bbox 1085 3434 1141 3480; x_wconf 90' lang='lat' dir='ltr'><strong>et</strong></span> <span class='ocrx_word' id='word_1_345' title='bbox 1171 3425 1429 3490; x_wconf 85' lang='lat' dir='ltr'><strong>tonitrua,</strong></span> <span class='ocrx_word' id='word_1_346' title='bbox 1458 3427 1661 3480; x_wconf 89' lang='lat' dir='ltr'><strong>sedisse</strong></span> <span class='ocrx_word' id='word_1_347' title='bbox 1683 3425 1888 3480; x_wconf 88' lang='lat' dir='ltr'><strong>descri-</strong></span> 
     </span>
    </p>
   </div>
   <div class='ocr_carea' id='block_1_49' title="bbox 287 3513 1888 3586">
    <p class='ocr_par' dir='ltr' id='par_1_49' title="bbox 287 3513 1888 3586">
     <span class='ocr_line' id='line_1_49' title="bbox 287 3513 1888 3586; baseline 0.003 -19"><span class='ocrx_word' id='word_1_348' title='bbox 287 3513 514 3580; x_wconf 89' lang='lat' dir='ltr'><strong>buntur,</strong></span> <span class='ocrx_word' id='word_1_349' title='bbox 556 3514 854 3570; x_wconf 86' lang='lat' dir='ltr'><strong>Ecclesiam</strong></span> <span class='ocrx_word' id='word_1_350' title='bbox 893 3515 1146 3570; x_wconf 87' lang='lat' dir='ltr'><strong>videlicet</strong></span> <span class='ocrx_word' id='word_1_351' title='bbox 1197 3515 1539 3586; x_wconf 87' lang='lat' dir='ltr'><strong>designantes</strong></span> <span class='ocrx_word' id='word_1_352' title='bbox 1584 3532 1681 3586; x_wconf 91' lang='lat' dir='ltr'><strong>per</strong></span> <span class='ocrx_word' id='word_1_353' title='bbox 1718 3518 1888 3586; x_wconf 84' lang='lat' dir='ltr'><strong>gemi-</strong></span> 
     </span>
    </p>
   </div>
   <div class='ocr_carea' id='block_1_50' title="bbox 1980 2311 3575 2377">
    <p class='ocr_par' dir='ltr' id='par_1_50' title="bbox 1980 2311 3575 2377">
     <span class='ocr_line' id='line_1_50' title="bbox 1980 2311 3575 2377; baseline 0.002 -12"><span class='ocrx_word' id='word_1_354' title='bbox 1980 2315 2053 2365; x_wconf 86' lang='lat' dir='ltr'><strong>vit</strong></span> <span class='ocrx_word' id='word_1_355' title='bbox 2084 2329 2116 2364; x_wconf 93' lang='lat' dir='ltr'><strong>a</strong></span> <span class='ocrx_word' id='word_1_356' title='bbox 2145 2311 2399 2377; x_wconf 86' lang='lat' dir='ltr'><strong>mortuis,</strong></span> <span class='ocrx_word' id='word_1_357' title='bbox 2446 2313 2500 2364; x_wconf 91' lang='lat' dir='ltr'><strong>in</strong></span> <span class='ocrx_word' id='word_1_358' title='bbox 2539 2312 2635 2365; x_wconf 81' lang='lat' dir='ltr'><strong>hoc</strong></span> <span class='ocrx_word' id='word_1_359' title='bbox 2675 2313 2771 2366; x_wconf 87' lang='lat' dir='ltr'><strong>iste</strong></span> <span class='ocrx_word' id='word_1_360' title='bbox 2803 2322 2942 2366; x_wconf 86' lang='lat' dir='ltr'><strong>astat</strong></span> <span class='ocrx_word' id='word_1_361' title='bbox 2979 2312 3118 2367; x_wconf 82' lang='lat' dir='ltr'><strong>vobis</strong></span> <span class='ocrx_word' id='word_1_362' title='bbox 3155 2329 3338 2367; x_wconf 88' lang='lat' dir='ltr'><strong>sanus.</strong></span> <span class='ocrx_word' id='word_1_363' title='bbox 3362 2311 3465 2367; x_wconf 85' lang='lat' dir='ltr'><strong>Hic</strong></span> <span class='ocrx_word' id='word_1_364' title='bbox 3503 2323 3575 2368; x_wconf 89' lang='lat' dir='ltr'><strong>est</strong></span> 
     </span>
    </p>
   </div>
   <div class='ocr_carea' id='block_1_51' title="bbox 1983 2405 3577 2478">
    <p class='ocr_par' dir='ltr' id='par_1_51' title="bbox 1983 2405 3577 2478">
     <span class='ocr_line' id='line_1_51' title="bbox 1983 2405 3577 2478; baseline 0 -18"><span class='ocrx_word' id='word_1_365' title='bbox 1983 2405 2137 2478; x_wconf 81' lang='lat' dir='ltr'><strong>lapis,</strong></span> <span class='ocrx_word' id='word_1_366' title='bbox 2164 2409 2252 2478; x_wconf 87' lang='lat' dir='ltr'><strong>qui</strong></span> <span class='ocrx_word' id='word_1_367' title='bbox 2277 2409 2578 2478; x_wconf 82' lang='lat' dir='ltr'><strong>reprobatns</strong></span> <span class='ocrx_word' id='word_1_368' title='bbox 2605 2416 2678 2462; x_wconf 87' lang='lat' dir='ltr'><strong>est</strong></span> <span class='ocrx_word' id='word_1_369' title='bbox 2705 2424 2738 2460; x_wconf 88' lang='lat' dir='ltr'><strong>a</strong></span> <span class='ocrx_word' id='word_1_370' title='bbox 2775 2407 2914 2461; x_wconf 87' lang='lat' dir='ltr'><strong>vobis</strong></span> <span class='ocrx_word' id='word_1_371' title='bbox 2938 2406 3344 2476; x_wconf 64' lang='lat' dir='ltr'><strong>aediﬁcantibus,</strong></span> <span class='ocrx_word' id='word_1_372' title='bbox 3372 2407 3462 2478; x_wconf 88' lang='lat' dir='ltr'><strong>qui</strong></span> <span class='ocrx_word' id='word_1_373' title='bbox 3490 2407 3577 2476; x_wconf 62' lang='grc' dir='ltr'><strong>[απ</strong></span> 
     </span>
    </p>
   </div>
   <div class='ocr_carea' id='block_1_52' title="bbox 1983 2496 3580 2568">
    <p class='ocr_par' dir='ltr' id='par_1_52' title="bbox 1983 2496 3580 2568">
     <span class='ocr_line' id='line_1_52' title="bbox 1983 2496 3580 2568; baseline -0.001 -16"><span class='ocrx_word' id='word_1_374' title='bbox 1983 2508 2096 2552; x_wconf 88' lang='lat' dir='ltr'><strong>ctus</strong></span> <span class='ocrx_word' id='word_1_375' title='bbox 2124 2508 2198 2552; x_wconf 90' lang='lat' dir='ltr'><strong>est</strong></span> <span class='ocrx_word' id='word_1_376' title='bbox 2237 2500 2294 2551; x_wconf 91' lang='lat' dir='ltr'><strong>in</strong></span> <span class='ocrx_word' id='word_1_377' title='bbox 2322 2507 2477 2567; x_wconf 87' lang='lat' dir='ltr'><strong>caput</strong></span> <span class='ocrx_word' id='word_1_378' title='bbox 2507 2497 2686 2568; x_wconf 86' lang='lat' dir='ltr'><strong>anguli</strong></span> <span class='ocrx_word' id='word_1_379' title='bbox 2711 2537 2726 2563; x_wconf 92' lang='lat'><strong>,</strong></span> <span class='ocrx_word' id='word_1_380' title='bbox 2757 2506 2805 2552; x_wconf 90' lang='lat' dir='ltr'><strong>et</strong></span> <span class='ocrx_word' id='word_1_381' title='bbox 2835 2513 2936 2550; x_wconf 87' lang='lat' dir='ltr'><strong>non</strong></span> <span class='ocrx_word' id='word_1_382' title='bbox 2967 2505 3043 2551; x_wconf 88' lang='lat' dir='ltr'><strong>est</strong></span> <span class='ocrx_word' id='word_1_383' title='bbox 3068 2497 3126 2550; x_wconf 89' lang='lat' dir='ltr'><strong>in</strong></span> <span class='ocrx_word' id='word_1_384' title='bbox 3164 2496 3269 2550; x_wconf 87' lang='lat' dir='ltr'><strong>alio</strong></span> <span class='ocrx_word' id='word_1_385' title='bbox 3291 2496 3468 2567; x_wconf 91' lang='lat' dir='ltr'><strong>aliquo</strong></span> <span class='ocrx_word' id='word_1_386' title='bbox 3494 2513 3580 2551; x_wconf 84' lang='lat' dir='ltr'><strong>sa—</strong></span> 
     </span>
    </p>
   </div>
   <div class='ocr_carea' id='block_1_53' title="bbox 1984 2585 3580 2657">
    <p class='ocr_par' dir='ltr' id='par_1_53' title="bbox 1984 2585 3580 2657">
     <span class='ocr_line' id='line_1_53' title="bbox 1984 2585 3580 2657; baseline -0.004 -13"><span class='ocrx_word' id='word_1_387' title='bbox 1984 2589 2091 2657; x_wconf 91' lang='lat' dir='ltr'><strong>lus,</strong></span> <span class='ocrx_word' id='word_1_388' title='bbox 2119 2605 2212 2643; x_wconf 91' lang='lat' dir='ltr'><strong>nec</strong></span> <span class='ocrx_word' id='word_1_389' title='bbox 2234 2590 2370 2643; x_wconf 86' lang='lat' dir='ltr'><strong>enim</strong></span> <span class='ocrx_word' id='word_1_390' title='bbox 2404 2588 2550 2643; x_wconf 84' lang='lat' dir='ltr'><strong>aliud</strong></span> <span class='ocrx_word' id='word_1_391' title='bbox 2581 2605 2767 2643; x_wconf 86' lang='lat' dir='ltr'><strong>nomen</strong></span> <span class='ocrx_word' id='word_1_392' title='bbox 2807 2596 2882 2642; x_wconf 88' lang='lat' dir='ltr'><strong>est</strong></span> <span class='ocrx_word' id='word_1_393' title='bbox 2905 2588 3001 2641; x_wconf 89' lang='lat' dir='ltr'><strong>sub</strong></span> <span class='ocrx_word' id='word_1_394' title='bbox 3037 2585 3164 2641; x_wconf 76' lang='lat' dir='ltr'><strong>etelo</strong></span> <span class='ocrx_word' id='word_1_395' title='bbox 3190 2585 3376 2640; x_wconf 84' lang='lat' dir='ltr'><strong>datum</strong></span> <span class='ocrx_word' id='word_1_396' title='bbox 3411 2586 3580 2640; x_wconf 82' lang='lat' dir='ltr'><strong>homi-</strong></span> 
     </span>
    </p>
   </div>
   <div class='ocr_carea' id='block_1_54' title="bbox 1986 2681 3583 2755">
    <p class='ocr_par' dir='ltr' id='par_1_54' title="bbox 1986 2681 3583 2755">
     <span class='ocr_line' id='line_1_54' title="bbox 1986 2681 3583 2755; baseline -0.004 -16"><span class='ocrx_word' id='word_1_397' title='bbox 1986 2685 2160 2751; x_wconf 86' lang='lat' dir='ltr'><strong>nibus,</strong></span> <span class='ocrx_word' id='word_1_398' title='bbox 2189 2686 2245 2739; x_wconf 88' lang='lat' dir='ltr'><strong>in</strong></span> <span class='ocrx_word' id='word_1_399' title='bbox 2269 2701 2372 2755; x_wconf 87' lang='lat' dir='ltr'><strong>quo</strong></span> <span class='ocrx_word' id='word_1_400' title='bbox 2401 2695 2633 2755; x_wconf 86' lang='lat' dir='ltr'><strong>oporteat</strong></span> <span class='ocrx_word' id='word_1_401' title='bbox 2660 2701 2753 2739; x_wconf 89' lang='lat' dir='ltr'><strong>nos</strong></span> <span class='ocrx_word' id='word_1_402' title='bbox 2782 2682 2950 2738; x_wconf 86' lang='lat' dir='ltr'><strong>salvos</strong></span> <span class='ocrx_word' id='word_1_403' title='bbox 2980 2683 3118 2752; x_wconf 84' lang='lat' dir='ltr'><strong>fieri.</strong></span> <span class='ocrx_word' id='word_1_404' title='bbox 3145 2683 3213 2737; x_wconf 86' lang='lat' dir='ltr'><strong>Et</strong></span> <span class='ocrx_word' id='word_1_405' title='bbox 3237 2681 3427 2737; x_wconf 91' lang='lat' dir='ltr'><strong>doctor</strong></span> <span class='ocrx_word' id='word_1_406' title='bbox 3453 2695 3583 2752; x_wconf 84' lang='lat' dir='ltr'><strong>gen-</strong></span> 
     </span>
    </p>
   </div>
   <div class='ocr_carea' id='block_1_55' title="bbox 1985 2775 3582 2848">
    <p class='ocr_par' dir='ltr' id='par_1_55' title="bbox 1985 2775 3582 2848">
     <span class='ocr_line' id='line_1_55' title="bbox 1985 2775 3582 2848; baseline -0.003 -16"><span class='ocrx_word' id='word_1_407' title='bbox 1985 2779 2121 2834; x_wconf 86' lang='lat' dir='ltr'><strong>tium</strong></span> <span class='ocrx_word' id='word_1_408' title='bbox 2148 2777 2446 2834; x_wconf 86' lang='lat' dir='ltr'><strong>Corinthiis</strong></span> <span class='ocrx_word' id='word_1_409' title='bbox 2489 2780 2565 2834; x_wconf 91' lang='lat' dir='ltr'><strong>ait</strong></span> <span class='ocrx_word' id='word_1_410' title='bbox 2613 2793 2627 2832; x_wconf 91' lang='lat'><strong>:</strong></span> <span class='ocrx_word' id='word_1_411' title='bbox 2681 2777 2806 2832; x_wconf 89' lang='lat' dir='ltr'><strong>Non</strong></span> <span class='ocrx_word' id='word_1_412' title='bbox 2855 2777 2992 2832; x_wconf 89' lang='lat' dir='ltr'><strong>enim</strong></span> <span class='ocrx_word' id='word_1_413' title='bbox 3030 2777 3214 2848; x_wconf 85' lang='lat' dir='ltr'><strong>judico</strong></span> <span class='ocrx_word' id='word_1_414' title='bbox 3260 2775 3460 2847; x_wconf 83' lang='lat' dir='ltr'><strong>aliquid</strong></span> <span class='ocrx_word' id='word_1_415' title='bbox 3500 2790 3582 2827; x_wconf 88' lang='lat' dir='ltr'><strong>me</strong></span> 
     </span>
    </p>
   </div>
   <div class='ocr_carea' id='block_1_56' title="bbox 1984 2870 3586 2939">
    <p class='ocr_par' dir='ltr' id='par_1_56' title="bbox 1984 2870 3586 2939">
     <span class='ocr_line' id='line_1_56' title="bbox 1984 2870 3586 2939; baseline -0.001 -14"><span class='ocrx_word' id='word_1_416' title='bbox 1984 2873 2123 2925; x_wconf 87' lang='lat' dir='ltr'><strong>inter</strong></span> <span class='ocrx_word' id='word_1_417' title='bbox 2140 2887 2231 2925; x_wconf 87' lang='lat' dir='ltr'><strong>vos</strong></span> <span class='ocrx_word' id='word_1_418' title='bbox 2268 2871 2402 2925; x_wconf 87' lang='lat' dir='ltr'><strong>scire</strong></span> <span class='ocrx_word' id='word_1_419' title='bbox 2430 2872 2530 2926; x_wconf 85' lang='lat' dir='ltr'><strong>nisi</strong></span> <span class='ocrx_word' id='word_1_420' title='bbox 2564 2870 2860 2937; x_wconf 80' lang='lat' dir='ltr'><strong>Christum,</strong></span> <span class='ocrx_word' id='word_1_421' title='bbox 2905 2881 2952 2925; x_wconf 87' lang='lat' dir='ltr'><strong>et</strong></span> <span class='ocrx_word' id='word_1_422' title='bbox 2991 2871 3128 2926; x_wconf 82' lang='lat' dir='ltr'><strong>hunc</strong></span> <span class='ocrx_word' id='word_1_423' title='bbox 3157 2871 3494 2939; x_wconf 65' lang='lat' dir='ltr'><strong>cruci/imum,</strong></span> <span class='ocrx_word' id='word_1_424' title='bbox 3527 2875 3586 2923; x_wconf 85' lang='lat' dir='ltr'><strong>et</strong></span> 
     </span>
    </p>
   </div>
   <div class='ocr_carea' id='block_1_57' title="bbox 1986 2959 3584 3034">
    <p class='ocr_par' dir='ltr' id='par_1_57' title="bbox 1986 2959 3584 3034">
     <span class='ocr_line' id='line_1_57' title="bbox 1986 2959 3584 3034; baseline -0.003 -16"><span class='ocrx_word' id='word_1_425' title='bbox 1986 2963 2212 3034; x_wconf 89' lang='lat' dir='ltr'><strong>reliqua.</strong></span> <span class='ocrx_word' id='word_1_426' title='bbox 2249 2963 2317 3017; x_wconf 91' lang='lat' dir='ltr'><strong>Et</strong></span> <span class='ocrx_word' id='word_1_427' title='bbox 2351 2963 2482 3020; x_wconf 90' lang='lat' dir='ltr'><strong>item</strong></span> <span class='ocrx_word' id='word_1_428' title='bbox 2528 2965 2595 3020; x_wconf 89' lang='lat' dir='ltr'><strong>ad</strong></span> <span class='ocrx_word' id='word_1_429' title='bbox 2626 2963 2848 3019; x_wconf 88' lang='lat' dir='ltr'><strong>Galatas</strong></span> <span class='ocrx_word' id='word_1_430' title='bbox 2894 2963 2970 3018; x_wconf 92' lang='lat' dir='ltr'><strong>ait</strong></span> <span class='ocrx_word' id='word_1_431' title='bbox 3009 2982 3022 3017; x_wconf 89' lang='lat'><strong>:</strong></span> <span class='ocrx_word' id='word_1_432' title='bbox 3053 2959 3197 3018; x_wconf 78' lang='lat' dir='ltr'><strong>Mihi</strong></span> <span class='ocrx_word' id='word_1_433' title='bbox 3232 2972 3406 3017; x_wconf 87' lang='lat' dir='ltr'><strong>autem</strong></span> <span class='ocrx_word' id='word_1_434' title='bbox 3447 2961 3584 3016; x_wconf 86' lang='lat' dir='ltr'><strong>absit</strong></span> 
     </span>
    </p>
   </div>
   <div class='ocr_carea' id='block_1_58' title="bbox 1986 3052 3585 3126">
    <p class='ocr_par' dir='ltr' id='par_1_58' title="bbox 1986 3052 3585 3126">
     <span class='ocr_line' id='line_1_58' title="bbox 1986 3052 3585 3126; baseline -0.001 -19"><span class='ocrx_word' id='word_1_435' title='bbox 1986 3055 2206 3126; x_wconf 88' lang='lat' dir='ltr'><strong>gloriari</strong></span> <span class='ocrx_word' id='word_1_436' title='bbox 2246 3055 2347 3108; x_wconf 85' lang='lat' dir='ltr'><strong>nisi</strong></span> <span class='ocrx_word' id='word_1_437' title='bbox 2375 3055 2432 3108; x_wconf 86' lang='lat' dir='ltr'><strong>in</strong></span> <span class='ocrx_word' id='word_1_438' title='bbox 2458 3071 2610 3109; x_wconf 85' lang='lat' dir='ltr'><strong>cruce</strong></span> <span class='ocrx_word' id='word_1_439' title='bbox 2635 3055 2850 3110; x_wconf 90' lang='lat' dir='ltr'><strong>Domini</strong></span> <span class='ocrx_word' id='word_1_440' title='bbox 2881 3055 3046 3110; x_wconf 86' lang='lat' dir='ltr'><strong>nostri</strong></span> <span class='ocrx_word' id='word_1_441' title='bbox 3080 3055 3210 3109; x_wconf 83' lang='lat' dir='ltr'><strong>Jesu</strong></span> <span class='ocrx_word' id='word_1_442' title='bbox 3238 3052 3458 3119; x_wconf 85' lang='lat' dir='ltr'><strong>Christi,</strong></span> <span class='ocrx_word' id='word_1_443' title='bbox 3493 3067 3585 3122; x_wconf 89' lang='lat' dir='ltr'><strong>per</strong></span> 
     </span>
    </p>
   </div>
   <div class='ocr_carea' id='block_1_59' title="bbox 1986 3146 3400 3219">
    <p class='ocr_par' dir='ltr' id='par_1_59' title="bbox 1986 3146 3400 3219">
     <span class='ocr_line' id='line_1_59' title="bbox 1986 3146 3400 3219; baseline 0.001 -19"><span class='ocrx_word' id='word_1_444' title='bbox 1986 3163 2139 3216; x_wconf 83' lang='lat' dir='ltr'><strong>quem</strong></span> <span class='ocrx_word' id='word_1_445' title='bbox 2160 3146 2288 3200; x_wconf 82' lang='lat' dir='ltr'><strong>mihi</strong></span> <span class='ocrx_word' id='word_1_446' title='bbox 2310 3146 2537 3202; x_wconf 85' lang='lat' dir='ltr'><strong>mundus</strong></span> <span class='ocrx_word' id='word_1_447' title='bbox 2564 3149 2847 3217; x_wconf 73' lang='lat' dir='ltr'><strong>cruciﬁxus</strong></span> <span class='ocrx_word' id='word_1_448' title='bbox 2867 3159 2966 3214; x_wconf 90' lang='lat' dir='ltr'><strong>est,</strong></span> <span class='ocrx_word' id='word_1_449' title='bbox 2996 3156 3046 3202; x_wconf 86' lang='lat' dir='ltr'><strong>et</strong></span> <span class='ocrx_word' id='word_1_450' title='bbox 3067 3164 3159 3219; x_wconf 85' lang='lat' dir='ltr'><strong>ego</strong></span> <span class='ocrx_word' id='word_1_451' title='bbox 3184 3147 3400 3202; x_wconf 88' lang='lat' dir='ltr'><strong>mundo.</strong></span> 
     </span>
    </p>
   </div>
   <div class='ocr_carea' id='block_1_60' title="bbox 2060 3238 3578 3313">
    <p class='ocr_par' dir='ltr' id='par_1_60' title="bbox 2060 3238 3578 3313">
     <span class='ocr_line' id='line_1_60' title="bbox 2060 3238 3578 3313; baseline -0.001 -17"><span class='ocrx_word' id='word_1_452' title='bbox 2060 3238 2200 3296; x_wconf 90' lang='lat' dir='ltr'><strong>Sunt</strong></span> <span class='ocrx_word' id='word_1_453' title='bbox 2249 3256 2463 3310; x_wconf 89' lang='lat' dir='ltr'><strong>quoque</strong></span> <span class='ocrx_word' id='word_1_454' title='bbox 2497 3242 2553 3297; x_wconf 93' lang='lat' dir='ltr'><strong>in</strong></span> <span class='ocrx_word' id='word_1_455' title='bbox 2592 3250 2826 3312; x_wconf 90' lang='lat' dir='ltr'><strong>quatuor</strong></span> <span class='ocrx_word' id='word_1_456' title='bbox 2871 3242 3098 3313; x_wconf 85' lang='lat' dir='ltr'><strong>trigonis</strong></span> <span class='ocrx_word' id='word_1_457' title='bbox 3143 3243 3290 3296; x_wconf 90' lang='lat' dir='ltr'><strong>circa</strong></span> <span class='ocrx_word' id='word_1_458' title='bbox 3338 3255 3578 3308; x_wconf 90' lang='lat' dir='ltr'><strong>crucem,</strong></span> 
     </span>
    </p>
   </div>
   <div class='ocr_carea' id='block_1_61' title="bbox 1989 3331 3579 3406">
    <p class='ocr_par' dir='ltr' id='par_1_61' title="bbox 1989 3331 3579 3406">
     <span class='ocr_line' id='line_1_61' title="bbox 1989 3331 3579 3406; baseline -0.002 -19"><span class='ocrx_word' id='word_1_459' title='bbox 1989 3341 2223 3404; x_wconf 90' lang='lat' dir='ltr'><strong>quatuor</strong></span> <span class='ocrx_word' id='word_1_460' title='bbox 2252 3334 2473 3389; x_wconf 91' lang='lat' dir='ltr'><strong>nomina</strong></span> <span class='ocrx_word' id='word_1_461' title='bbox 2514 3335 2926 3406; x_wconf 85' lang='lat' dir='ltr'><strong>triumphatoris</strong></span> <span class='ocrx_word' id='word_1_462' title='bbox 2962 3334 3199 3389; x_wconf 77' lang='lat' dir='ltr'><strong>cmlestis</strong></span> <span class='ocrx_word' id='word_1_463' title='bbox 3236 3331 3540 3401; x_wconf 90' lang='lat' dir='ltr'><strong>conscripta</strong></span> <span class='ocrx_word' id='word_1_464' title='bbox 3563 3371 3579 3398; x_wconf 93' lang='lat'><strong>,</strong></span> 
     </span>
    </p>
   </div>
   <div class='ocr_carea' id='block_1_62' title="bbox 1989 3424 3584 3497">
    <p class='ocr_par' dir='ltr' id='par_1_62' title="bbox 1989 3424 3584 3497">
     <span class='ocr_line' id='line_1_62' title="bbox 1989 3424 3584 3497; baseline -0.003 -15"><span class='ocrx_word' id='word_1_465' title='bbox 1989 3441 2110 3497; x_wconf 63' lang='lat' dir='ltr'><strong>quae</strong></span> <span class='ocrx_word' id='word_1_466' title='bbox 2137 3437 2321 3482; x_wconf 89' lang='lat' dir='ltr'><strong>sancta</strong></span> <span class='ocrx_word' id='word_1_467' title='bbox 2352 3442 2486 3482; x_wconf 82' lang='lat' dir='ltr'><strong>crux</strong></span> <span class='ocrx_word' id='word_1_468' title='bbox 2514 3428 2569 3481; x_wconf 90' lang='lat' dir='ltr'><strong>in</strong></span> <span class='ocrx_word' id='word_1_469' title='bbox 2599 3429 2816 3483; x_wconf 90' lang='lat' dir='ltr'><strong>modum</strong></span> <span class='ocrx_word' id='word_1_470' title='bbox 2847 3427 3097 3484; x_wconf 84' lang='lat' dir='ltr'><strong>foliorum</strong></span> <span class='ocrx_word' id='word_1_471' title='bbox 3119 3425 3342 3496; x_wconf 89' lang='lat' dir='ltr'><strong>repandi</strong></span> <span class='ocrx_word' id='word_1_472' title='bbox 3367 3424 3464 3479; x_wconf 90' lang='lat' dir='ltr'><strong>lilii</strong></span> <span class='ocrx_word' id='word_1_473' title='bbox 3485 3438 3584 3494; x_wconf 91' lang='lat' dir='ltr'><strong>per</strong></span> 
     </span>
    </p>
   </div>
   <div class='ocr_carea' id='block_1_63' title="bbox 1993 3517 3581 3588">
    <p class='ocr_par' dir='ltr' id='par_1_63' title="bbox 1993 3517 3581 3588">
     <span class='ocr_line' id='line_1_63' title="bbox 1993 3517 3581 3588; baseline -0.003 -12"><span class='ocrx_word' id='word_1_474' title='bbox 1993 3535 2196 3576; x_wconf 88' lang='lat' dir='ltr'><strong>cornua</strong></span> <span class='ocrx_word' id='word_1_475' title='bbox 2222 3519 2434 3586; x_wconf 89' lang='lat' dir='ltr'><strong>dilatat,</strong></span> <span class='ocrx_word' id='word_1_476' title='bbox 2459 3528 2514 3574; x_wconf 89' lang='lat' dir='ltr'><strong>et</strong></span> <span class='ocrx_word' id='word_1_477' title='bbox 2544 3535 2575 3574; x_wconf 93' lang='lat' dir='ltr'><strong>a</strong></span> <span class='ocrx_word' id='word_1_478' title='bbox 2606 3521 2782 3576; x_wconf 89' lang='lat' dir='ltr'><strong>medio</strong></span> <span class='ocrx_word' id='word_1_479' title='bbox 2816 3519 3023 3576; x_wconf 89' lang='lat' dir='ltr'><strong>scilicet</strong></span> <span class='ocrx_word' id='word_1_480' title='bbox 3053 3519 3137 3574; x_wconf 91' lang='lat' dir='ltr'><strong>sui</strong></span> <span class='ocrx_word' id='word_1_481' title='bbox 3164 3517 3446 3588; x_wconf 89' lang='lat' dir='ltr'><strong>incipiens,</strong></span> <span class='ocrx_word' id='word_1_482' title='bbox 3477 3517 3581 3572; x_wconf 89' lang='lat' dir='ltr'><strong>hoc</strong></span> 
     </span>
    </p>
   </div>
   <div class='ocr_carea' id='block_1_64' title="bbox 286 3596 3577 3681">
    <p class='ocr_par' dir='ltr' id='par_1_64' title="bbox 286 3596 3577 3681">
     <span class='ocr_line' id='line_1_64' title="bbox 286 3596 3577 3681; baseline 0 -21"><span class='ocrx_word' id='word_1_483' title='bbox 286 3620 419 3660; x_wconf 89' lang='lat' dir='ltr'><strong>num</strong></span> <span class='ocrx_word' id='word_1_484' title='bbox 456 3614 836 3661; x_wconf 87' lang='lat' dir='ltr'><strong>testamentum</strong></span> <span class='ocrx_word' id='word_1_485' title='bbox 865 3606 930 3661; x_wconf 92' lang='lat' dir='ltr'><strong>de</strong></span> <span class='ocrx_word' id='word_1_486' title='bbox 954 3607 1281 3676; x_wconf 90' lang='lat' dir='ltr'><strong>patriarchis</strong></span> <span class='ocrx_word' id='word_1_487' title='bbox 1303 3617 1358 3662; x_wconf 91' lang='lat' dir='ltr'><strong>et</strong></span> <span class='ocrx_word' id='word_1_488' title='bbox 1379 3608 1632 3678; x_wconf 90' lang='lat' dir='ltr'><strong>apostolis</strong></span> <span class='ocrx_word' id='word_1_489' title='bbox 1662 3625 1886 3681; x_wconf 88' lang='lat' dir='ltr'><strong>genera-</strong></span> <span class='ocrx_word' id='word_1_490' title='bbox 1911 3596 1956 3659; x_wconf 86' lang='lat' dir='ltr'><strong>C</strong></span> <span class='ocrx_word' id='word_1_491' title='bbox 1987 3621 2092 3679; x_wconf 89' lang='lat' dir='ltr'><strong>est,</strong></span> <span class='ocrx_word' id='word_1_492' title='bbox 2119 3627 2151 3666; x_wconf 90' lang='lat' dir='ltr'><strong>a</strong></span> <span class='ocrx_word' id='word_1_493' title='bbox 2171 3611 2382 3667; x_wconf 90' lang='lat' dir='ltr'><strong>duobus</strong></span> <span class='ocrx_word' id='word_1_494' title='bbox 2408 3612 2733 3677; x_wconf 88' lang='lat' dir='ltr'><strong>nominibus,</strong></span> <span class='ocrx_word' id='word_1_495' title='bbox 2761 3611 3010 3668; x_wconf 89' lang='lat' dir='ltr'><strong>Christus</strong></span> <span class='ocrx_word' id='word_1_496' title='bbox 3034 3610 3209 3675; x_wconf 85' lang='lat' dir='ltr'><strong>Jesus,</strong></span> <span class='ocrx_word' id='word_1_497' title='bbox 3240 3610 3316 3664; x_wconf 91' lang='lat' dir='ltr'><strong>ita</strong></span> <span class='ocrx_word' id='word_1_498' title='bbox 3337 3607 3577 3678; x_wconf 90' lang='lat' dir='ltr'><strong>quidem,</strong></span> 
     </span>
    </p>
   </div>
   <div class='ocr_carea' id='block_1_65' title="bbox 287 3697 1884 3773">
    <p class='ocr_par' dir='ltr' id='par_1_65' title="bbox 287 3697 1884 3773">
     <span class='ocr_line' id='line_1_65' title="bbox 287 3697 1884 3773; baseline 0.003 -20"><span class='ocrx_word' id='word_1_499' title='bbox 287 3707 422 3762; x_wconf 88' lang='lat' dir='ltr'><strong>tam,</strong></span> <span class='ocrx_word' id='word_1_500' title='bbox 458 3713 580 3767; x_wconf 65' lang='lat' dir='ltr'><strong>qua:</strong></span> <span class='ocrx_word' id='word_1_501' title='bbox 601 3699 670 3752; x_wconf 92' lang='lat' dir='ltr'><strong>ob</strong></span> <span class='ocrx_word' id='word_1_502' title='bbox 691 3697 1031 3766; x_wconf 75' lang='lat' dir='ltr'><strong>iudiciariam</strong></span> <span class='ocrx_word' id='word_1_503' title='bbox 1066 3701 1181 3770; x_wconf 91' lang='lat' dir='ltr'><strong>ejus</strong></span> <span class='ocrx_word' id='word_1_504' title='bbox 1223 3701 1278 3755; x_wconf 92' lang='lat' dir='ltr'><strong>in</strong></span> <span class='ocrx_word' id='word_1_505' title='bbox 1313 3699 1528 3757; x_wconf 89' lang='lat' dir='ltr'><strong>Christo</strong></span> <span class='ocrx_word' id='word_1_506' title='bbox 1568 3703 1884 3773; x_wconf 87' lang='lat' dir='ltr'><strong>dignitatem</strong></span> 
     </span>
    </p>
   </div>
   <div class='ocr_carea' id='block_1_66' title="bbox 285 3789 1882 3864">
    <p class='ocr_par' dir='ltr' id='par_1_66' title="bbox 285 3789 1882 3864">
     <span class='ocr_line' id='line_1_66' title="bbox 285 3789 1882 3864; baseline 0.005 -20"><span class='ocrx_word' id='word_1_507' title='bbox 285 3790 349 3844; x_wconf 90' lang='lat' dir='ltr'><strong>in</strong></span> <span class='ocrx_word' id='word_1_508' title='bbox 374 3789 608 3843; x_wconf 89' lang='lat' dir='ltr'><strong>circuitu</strong></span> <span class='ocrx_word' id='word_1_509' title='bbox 640 3789 783 3845; x_wconf 89' lang='lat' dir='ltr'><strong>illius</strong></span> <span class='ocrx_word' id='word_1_510' title='bbox 825 3791 1026 3847; x_wconf 89' lang='lat' dir='ltr'><strong>sedisse</strong></span> <span class='ocrx_word' id='word_1_511' title='bbox 1056 3793 1314 3848; x_wconf 90' lang='lat' dir='ltr'><strong>cernitur.</strong></span> <span class='ocrx_word' id='word_1_512' title='bbox 1357 3795 1434 3850; x_wconf 92' lang='lat' dir='ltr'><strong>De</strong></span> <span class='ocrx_word' id='word_1_513' title='bbox 1463 3811 1569 3864; x_wconf 88' lang='lat' dir='ltr'><strong>qua</strong></span> <span class='ocrx_word' id='word_1_514' title='bbox 1600 3797 1729 3851; x_wconf 88' lang='lat' dir='ltr'><strong>dicit</strong></span> <span class='ocrx_word' id='word_1_515' title='bbox 1760 3797 1882 3852; x_wconf 84' lang='lat' dir='ltr'><strong>Sal-</strong></span> 
     </span>
    </p>
   </div>
   <div class='ocr_carea' id='block_1_67' title="bbox 285 3881 1884 3960">
    <p class='ocr_par' dir='ltr' id='par_1_67' title="bbox 285 3881 1884 3960">
     <span class='ocr_line' id='line_1_67' title="bbox 285 3881 1884 3960; baseline 0.007 -25"><span class='ocrx_word' id='word_1_516' title='bbox 285 3890 450 3936; x_wconf 81' lang='lat' dir='ltr'><strong>vator</strong></span> <span class='ocrx_word' id='word_1_517' title='bbox 469 3881 622 3952; x_wconf 83' lang='lat' dir='ltr'><strong>regni</strong></span> <span class='ocrx_word' id='word_1_518' title='bbox 649 3882 734 3937; x_wconf 93' lang='lat' dir='ltr'><strong>sui</strong></span> <span class='ocrx_word' id='word_1_519' title='bbox 775 3883 1072 3953; x_wconf 86' lang='lat' dir='ltr'><strong>potentiam</strong></span> <span class='ocrx_word' id='word_1_520' title='bbox 1112 3886 1490 3943; x_wconf 87' lang='lat' dir='ltr'><strong>demonstrans</strong></span> <span class='ocrx_word' id='word_1_521' title='bbox 1517 3906 1530 3940; x_wconf 91' lang='lat'><strong>:</strong></span> <span class='ocrx_word' id='word_1_522' title='bbox 1560 3888 1631 3942; x_wconf 86' lang='lat' dir='ltr'><strong>Et</strong></span> <span class='ocrx_word' id='word_1_523' title='bbox 1659 3906 1772 3960; x_wconf 81' lang='lat' dir='ltr'><strong>ego,</strong></span> <span class='ocrx_word' id='word_1_524' title='bbox 1801 3891 1884 3946; x_wconf 90' lang='lat' dir='ltr'><strong>in-</strong></span> 
     </span>
    </p>
   </div>
   <div class='ocr_carea' id='block_1_68' title="bbox 287 3973 1880 4046">
    <p class='ocr_par' dir='ltr' id='par_1_68' title="bbox 287 3973 1880 4046">
     <span class='ocr_line' id='line_1_68' title="bbox 287 3973 1880 4046; baseline 0.007 -21"><span class='ocrx_word' id='word_1_525' title='bbox 287 3973 434 4042; x_wconf 86' lang='lat' dir='ltr'><strong>quit,</strong></span> <span class='ocrx_word' id='word_1_526' title='bbox 457 3973 505 4027; x_wconf 86' lang='lat' dir='ltr'><strong>si</strong></span> <span class='ocrx_word' id='word_1_527' title='bbox 530 3973 789 4029; x_wconf 77' lang='lat' dir='ltr'><strong>exaltatus</strong></span> <span class='ocrx_word' id='word_1_528' title='bbox 803 3977 952 4046; x_wconf 75' lang='lat' dir='ltr'><strong>fuero</strong></span> <span class='ocrx_word' id='word_1_529' title='bbox 987 3996 1019 4032; x_wconf 92' lang='lat' dir='ltr'><strong>a</strong></span> <span class='ocrx_word' id='word_1_530' title='bbox 1048 3986 1210 4045; x_wconf 86' lang='lat' dir='ltr'><strong>terra,</strong></span> <span class='ocrx_word' id='word_1_531' title='bbox 1233 3981 1412 4034; x_wconf 88' lang='lat' dir='ltr'><strong>omnia</strong></span> <span class='ocrx_word' id='word_1_532' title='bbox 1440 3981 1648 4036; x_wconf 87' lang='lat' dir='ltr'><strong>traham</strong></span> <span class='ocrx_word' id='word_1_533' title='bbox 1678 3982 1748 4036; x_wconf 87' lang='lat' dir='ltr'><strong>ad</strong></span> <span class='ocrx_word' id='word_1_534' title='bbox 1773 3999 1880 4037; x_wconf 86' lang='lat' dir='ltr'><strong>me-</strong></span> 
     </span>
    </p>
   </div>
   <div class='ocr_carea' id='block_1_69' title="bbox 286 4065 1884 4140">
    <p class='ocr_par' dir='ltr' id='par_1_69' title="bbox 286 4065 1884 4140">
     <span class='ocr_line' id='line_1_69' title="bbox 286 4065 1884 4140; baseline 0.007 -21"><span class='ocrx_word' id='word_1_535' title='bbox 286 4066 483 4135; x_wconf 89' lang='lat' dir='ltr'><strong>ipsum.</strong></span> <span class='ocrx_word' id='word_1_536' title='bbox 517 4065 707 4121; x_wconf 77' lang='lat' dir='ltr'><strong>Traxit</strong></span> <span class='ocrx_word' id='word_1_537' title='bbox 726 4068 924 4138; x_wconf 91' lang='lat' dir='ltr'><strong>quippe</strong></span> <span class='ocrx_word' id='word_1_538' title='bbox 955 4070 1021 4124; x_wconf 89' lang='lat' dir='ltr'><strong>ad</strong></span> <span class='ocrx_word' id='word_1_539' title='bbox 1049 4085 1109 4125; x_wconf 90' lang='lat' dir='ltr'><strong>se</strong></span> <span class='ocrx_word' id='word_1_540' title='bbox 1149 4078 1342 4126; x_wconf 90' lang='lat' dir='ltr'><strong>cuncta</strong></span> <span class='ocrx_word' id='word_1_541' title='bbox 1375 4069 1643 4140; x_wconf 84' lang='lat' dir='ltr'><strong>Salvator,</strong></span> <span class='ocrx_word' id='word_1_542' title='bbox 1677 4088 1800 4130; x_wconf 87' lang='lat' dir='ltr'><strong>cum</strong></span> <span class='ocrx_word' id='word_1_543' title='bbox 1825 4074 1884 4130; x_wconf 94' lang='lat' dir='ltr'><strong>in</strong></span> 
     </span>
    </p>
   </div>
   <div class='ocr_carea' id='block_1_70' title="bbox 287 4157 1882 4235">
    <p class='ocr_par' dir='ltr' id='par_1_70' title="bbox 287 4157 1882 4235">
     <span class='ocr_line' id='line_1_70' title="bbox 287 4157 1882 4235; baseline 0.005 -24"><span class='ocrx_word' id='word_1_544' title='bbox 287 4171 457 4211; x_wconf 88' lang='lat' dir='ltr'><strong>cruce</strong></span> <span class='ocrx_word' id='word_1_545' title='bbox 477 4157 708 4227; x_wconf 89' lang='lat' dir='ltr'><strong>positus,</strong></span> <span class='ocrx_word' id='word_1_546' title='bbox 733 4174 949 4216; x_wconf 89' lang='lat' dir='ltr'><strong>omnem</strong></span> <span class='ocrx_word' id='word_1_547' title='bbox 970 4161 1053 4216; x_wconf 90' lang='lat' dir='ltr'><strong>sib</strong></span> <span class='ocrx_word' id='word_1_548' title='bbox 1069 4162 1298 4233; x_wconf 90' lang='lat' dir='ltr'><strong>subjecit</strong></span> <span class='ocrx_word' id='word_1_549' title='bbox 1318 4170 1664 4233; x_wconf 89' lang='lat' dir='ltr'><strong>potestatem,</strong></span> <span class='ocrx_word' id='word_1_550' title='bbox 1692 4164 1761 4219; x_wconf 92' lang='lat' dir='ltr'><strong>de</strong></span> <span class='ocrx_word' id='word_1_551' title='bbox 1775 4179 1882 4235; x_wconf 88' lang='lat' dir='ltr'><strong>qua</strong></span> 
     </span>
    </p>
   </div>
   <div class='ocr_carea' id='block_1_71' title="bbox 289 4252 1882 4324">
    <p class='ocr_par' dir='ltr' id='par_1_71' title="bbox 289 4252 1882 4324">
     <span class='ocr_line' id='line_1_71' title="bbox 289 4252 1882 4324; baseline 0.004 -21"><span class='ocrx_word' id='word_1_552' title='bbox 289 4262 584 4320; x_wconf 86' lang='lat' dir='ltr'><strong>resurgens</strong></span> <span class='ocrx_word' id='word_1_553' title='bbox 603 4252 761 4306; x_wconf 89' lang='lat' dir='ltr'><strong>tertia</strong></span> <span class='ocrx_word' id='word_1_554' title='bbox 781 4252 886 4320; x_wconf 90' lang='lat' dir='ltr'><strong>die,</strong></span> <span class='ocrx_word' id='word_1_555' title='bbox 914 4252 1190 4324; x_wconf 91' lang='lat' dir='ltr'><strong>discipulis</strong></span> <span class='ocrx_word' id='word_1_556' title='bbox 1217 4254 1332 4310; x_wconf 88' lang='lat' dir='ltr'><strong>suis</strong></span> <span class='ocrx_word' id='word_1_557' title='bbox 1351 4253 1561 4312; x_wconf 91' lang='lat' dir='ltr'><strong>locutus</strong></span> <span class='ocrx_word' id='word_1_558' title='bbox 1587 4263 1673 4312; x_wconf 86' lang='lat' dir='ltr'><strong>est</strong></span> <span class='ocrx_word' id='word_1_559' title='bbox 1703 4273 1716 4308; x_wconf 88' lang='lat'><strong>:</strong></span> <span class='ocrx_word' id='word_1_560' title='bbox 1739 4254 1882 4310; x_wconf 83' lang='lat' dir='ltr'><strong>Data</strong></span> 
     </span>
    </p>
   </div>
   <div class='ocr_carea' id='block_1_72' title="bbox 290 4339 1875 4416">
    <p class='ocr_par' dir='ltr' id='par_1_72' title="bbox 290 4339 1875 4416">
     <span class='ocr_line' id='line_1_72' title="bbox 290 4339 1875 4416; baseline 0.003 -19"><span class='ocrx_word' id='word_1_561' title='bbox 290 4347 393 4407; x_wconf 71' lang='lat' dir='ltr'><strong>est,</strong></span> <span class='ocrx_word' id='word_1_562' title='bbox 433 4339 632 4413; x_wconf 78' lang='lat' dir='ltr'><strong>inquit,</strong></span> <span class='ocrx_word' id='word_1_563' title='bbox 670 4342 799 4398; x_wconf 82' lang='lat' dir='ltr'><strong>mihi</strong></span> <span class='ocrx_word' id='word_1_564' title='bbox 841 4345 1008 4402; x_wconf 82' lang='lat' dir='ltr'><strong>omnis</strong></span> <span class='ocrx_word' id='word_1_565' title='bbox 1033 4355 1260 4416; x_wconf 82' lang='lat' dir='ltr'><strong>potestas</strong></span> <span class='ocrx_word' id='word_1_566' title='bbox 1284 4347 1346 4404; x_wconf 88' lang='lat' dir='ltr'><strong>in</strong></span> <span class='ocrx_word' id='word_1_567' title='bbox 1387 4347 1514 4406; x_wconf 64' lang='lat' dir='ltr'><strong>calo</strong></span> <span class='ocrx_word' id='word_1_568' title='bbox 1546 4349 1680 4405; x_wconf 85' lang='lat' dir='ltr'><strong>etin</strong></span> <span class='ocrx_word' id='word_1_569' title='bbox 1714 4357 1875 4404; x_wconf 87' lang='lat' dir='ltr'><strong>terra.</strong></span> 
     </span>
    </p>
   </div>
   <div class='ocr_carea' id='block_1_73' title="bbox 1985 3700 3582 3761">
    <p class='ocr_par' dir='ltr' id='par_1_73' title="bbox 1985 3700 3582 3761">
     <span class='ocr_line' id='line_1_73' title="bbox 1985 3700 3582 3761; baseline -0.004 -2"><span class='ocrx_word' id='word_1_570' title='bbox 1985 3713 2047 3759; x_wconf 92' lang='lat' dir='ltr'><strong>ut</strong></span> <span class='ocrx_word' id='word_1_571' title='bbox 2083 3705 2139 3759; x_wconf 91' lang='lat' dir='ltr'><strong>in</strong></span> <span class='ocrx_word' id='word_1_572' title='bbox 2179 3719 2306 3761; x_wconf 91' lang='lat' dir='ltr'><strong>arce</strong></span> <span class='ocrx_word' id='word_1_573' title='bbox 2333 3704 2509 3760; x_wconf 91' lang='lat' dir='ltr'><strong>crucis</strong></span> <span class='ocrx_word' id='word_1_574' title='bbox 2557 3705 2666 3760; x_wconf 88' lang='lat' dir='ltr'><strong>sint</strong></span> <span class='ocrx_word' id='word_1_575' title='bbox 2710 3711 2766 3760; x_wconf 91' lang='lat' dir='ltr'><strong>et</strong></span> <span class='ocrx_word' id='word_1_576' title='bbox 2803 3705 2857 3759; x_wconf 91' lang='lat' dir='ltr'><strong>in</strong></span> <span class='ocrx_word' id='word_1_577' title='bbox 2901 3704 3012 3760; x_wconf 92' lang='lat' dir='ltr'><strong>imo</strong></span> <span class='ocrx_word' id='word_1_578' title='bbox 3064 3704 3168 3760; x_wconf 91' lang='lat' dir='ltr'><strong>duo</strong></span> <span class='ocrx_word' id='word_1_579' title='bbox 3207 3701 3425 3757; x_wconf 90' lang='lat' dir='ltr'><strong>nomina</strong></span> <span class='ocrx_word' id='word_1_580' title='bbox 3463 3700 3582 3754; x_wconf 85' lang='lat' dir='ltr'><strong>vice</strong></span> 
     </span>
    </p>
   </div>
   <div class='ocr_carea' id='block_1_74' title="bbox 1986 3787 3581 3864">
    <p class='ocr_par' dir='ltr' id='par_1_74' title="bbox 1986 3787 3581 3864">
     <span class='ocr_line' id='line_1_74' title="bbox 1986 3787 3581 3864; baseline -0.007 -11"><span class='ocrx_word' id='word_1_581' title='bbox 1986 3797 2241 3863; x_wconf 89' lang='lat' dir='ltr'><strong>ﬁliorum,</strong></span> <span class='ocrx_word' id='word_1_582' title='bbox 2270 3798 2326 3852; x_wconf 89' lang='lat' dir='ltr'><strong>id</strong></span> <span class='ocrx_word' id='word_1_583' title='bbox 2351 3807 2455 3863; x_wconf 87' lang='lat' dir='ltr'><strong>est,</strong></span> <span class='ocrx_word' id='word_1_584' title='bbox 2485 3797 2664 3863; x_wconf 79' lang='lat' dir='ltr'><strong>fortis,</strong></span> <span class='ocrx_word' id='word_1_585' title='bbox 2691 3797 2888 3861; x_wconf 88' lang='lat' dir='ltr'><strong>virtus,</strong></span> <span class='ocrx_word' id='word_1_586' title='bbox 2913 3803 3075 3864; x_wconf 88' lang='lat' dir='ltr'><strong>atque</strong></span> <span class='ocrx_word' id='word_1_587' title='bbox 3099 3795 3154 3848; x_wconf 93' lang='lat' dir='ltr'><strong>in</strong></span> <span class='ocrx_word' id='word_1_588' title='bbox 3176 3793 3399 3848; x_wconf 83' lang='lat' dir='ltr'><strong>dextera</strong></span> <span class='ocrx_word' id='word_1_589' title='bbox 3426 3798 3481 3844; x_wconf 91' lang='lat' dir='ltr'><strong>et</strong></span> <span class='ocrx_word' id='word_1_590' title='bbox 3508 3787 3581 3844; x_wconf 92' lang='lat' dir='ltr'><strong>si-</strong></span> 
     </span>
    </p>
   </div>
   <div class='ocr_carea' id='block_1_75' title="bbox 1986 3881 3580 3954">
    <p class='ocr_par' dir='ltr' id='par_1_75' title="bbox 1986 3881 3580 3954">
     <span class='ocr_line' id='line_1_75' title="bbox 1986 3881 3580 3954; baseline -0.008 -10"><span class='ocrx_word' id='word_1_591' title='bbox 1986 3890 2154 3944; x_wconf 88' lang='lat' dir='ltr'><strong>nistra</strong></span> <span class='ocrx_word' id='word_1_592' title='bbox 2178 3889 2283 3943; x_wconf 88' lang='lat' dir='ltr'><strong>alia</strong></span> <span class='ocrx_word' id='word_1_593' title='bbox 2304 3889 2432 3954; x_wconf 94' lang='lat' dir='ltr'><strong>duo,</strong></span> <span class='ocrx_word' id='word_1_594' title='bbox 2466 3889 2520 3943; x_wconf 91' lang='lat' dir='ltr'><strong>id</strong></span> <span class='ocrx_word' id='word_1_595' title='bbox 2541 3896 2642 3954; x_wconf 90' lang='lat' dir='ltr'><strong>est,</strong></span> <span class='ocrx_word' id='word_1_596' title='bbox 2673 3887 2869 3952; x_wconf 90' lang='lat' dir='ltr'><strong>victor,</strong></span> <span class='ocrx_word' id='word_1_597' title='bbox 2893 3885 3091 3951; x_wconf 89' lang='lat' dir='ltr'><strong>clarus,</strong></span> <span class='ocrx_word' id='word_1_598' title='bbox 3119 3883 3305 3952; x_wconf 91' lang='lat' dir='ltr'><strong>sicque</strong></span> <span class='ocrx_word' id='word_1_599' title='bbox 3331 3881 3437 3935; x_wconf 93' lang='lat' dir='ltr'><strong>duo</strong></span> <span class='ocrx_word' id='word_1_600' title='bbox 3458 3893 3580 3934; x_wconf 87' lang='lat' dir='ltr'><strong>ver-</strong></span> 
     </span>
    </p>
   </div>
   <div class='ocr_carea' id='block_1_76' title="bbox 1984 3969 3576 4051">
    <p class='ocr_par' dir='ltr' id='par_1_76' title="bbox 1984 3969 3576 4051">
     <span class='ocr_line' id='line_1_76' title="bbox 1984 3969 3576 4051; baseline -0.009 -13"><span class='ocrx_word' id='word_1_601' title='bbox 1984 3997 2078 4038; x_wconf 90' lang='lat' dir='ltr'><strong>sus</strong></span> <span class='ocrx_word' id='word_1_602' title='bbox 2126 3981 2314 4051; x_wconf 89' lang='lat' dir='ltr'><strong>scripti</strong></span> <span class='ocrx_word' id='word_1_603' title='bbox 2346 3980 2692 4036; x_wconf 90' lang='lat' dir='ltr'><strong>inveniuntur</strong></span> <span class='ocrx_word' id='word_1_604' title='bbox 2719 3979 2775 4033; x_wconf 90' lang='lat' dir='ltr'><strong>in</strong></span> <span class='ocrx_word' id='word_1_605' title='bbox 2821 3991 2985 4033; x_wconf 91' lang='lat' dir='ltr'><strong>cruce</strong></span> <span class='ocrx_word' id='word_1_606' title='bbox 3023 3976 3091 4030; x_wconf 92' lang='lat' dir='ltr'><strong>ab</strong></span> <span class='ocrx_word' id='word_1_607' title='bbox 3128 3991 3236 4030; x_wconf 91' lang='lat' dir='ltr'><strong>uno</strong></span> <span class='ocrx_word' id='word_1_608' title='bbox 3283 3972 3494 4046; x_wconf 87' lang='lat' dir='ltr'><strong>trigono</strong></span> <span class='ocrx_word' id='word_1_609' title='bbox 3519 3969 3576 4025; x_wconf 91' lang='lat' dir='ltr'><strong>in</strong></span> 
     </span>
    </p>
   </div>
   <div class='ocr_carea' id='block_1_77' title="bbox 1987 4066 3354 4144">
    <p class='ocr_par' dir='ltr' id='par_1_77' title="bbox 1987 4066 3354 4144">
     <span class='ocr_line' id='line_1_77' title="bbox 1987 4066 3354 4144; baseline -0.007 -15"><span class='ocrx_word' id='word_1_610' title='bbox 1987 4072 2174 4140; x_wconf 91' lang='lat' dir='ltr'><strong>alium,</strong></span> <span class='ocrx_word' id='word_1_611' title='bbox 2205 4088 2436 4144; x_wconf 89' lang='lat' dir='ltr'><strong>quorum</strong></span> <span class='ocrx_word' id='word_1_612' title='bbox 2465 4073 2567 4128; x_wconf 87' lang='lat' dir='ltr'><strong>iste</strong></span> <span class='ocrx_word' id='word_1_613' title='bbox 2587 4077 2672 4127; x_wconf 88' lang='lat' dir='ltr'><strong>est</strong></span> <span class='ocrx_word' id='word_1_614' title='bbox 2702 4077 2882 4127; x_wconf 82' lang='lat' dir='ltr'><strong>textus</strong></span> <span class='ocrx_word' id='word_1_615' title='bbox 2905 4068 2961 4124; x_wconf 92' lang='lat' dir='ltr'><strong>in</strong></span> <span class='ocrx_word' id='word_1_616' title='bbox 2978 4066 3314 4139; x_wconf 86' lang='lat' dir='ltr'><strong>longitudine</strong></span> <span class='ocrx_word' id='word_1_617' title='bbox 3340 4082 3354 4119; x_wconf 88' lang='lat'><strong>:</strong></span> 
     </span>
    </p>
   </div>
   <div class='ocr_carea' id='block_1_78' title="bbox 2113 4168 3360 4252">
    <p class='ocr_par' dir='ltr' id='par_1_78' title="bbox 2113 4168 3360 4252">
     <span class='ocr_line' id='line_1_78' title="bbox 2113 4168 3360 4252; baseline -0.008 -14"><span class='ocrx_word' id='word_1_618' title='bbox 2113 4186 2275 4238; x_wconf 83' lang='lat' dir='ltr'><strong>Fortis</strong></span> <span class='ocrx_word' id='word_1_619' title='bbox 2297 4187 2566 4252; x_wconf 88' lang='lat' dir='ltr'><strong>complevit</strong></span> <span class='ocrx_word' id='word_1_620' title='bbox 2584 4187 2803 4240; x_wconf 84' lang='lat' dir='ltr'><strong>Christus</strong></span> <span class='ocrx_word' id='word_1_621' title='bbox 2831 4197 2922 4236; x_wconf 89' lang='lat' dir='ltr'><strong>sua</strong></span> <span class='ocrx_word' id='word_1_622' title='bbox 2955 4183 3136 4235; x_wconf 83' lang='lat' dir='ltr'><strong>famlna</strong></span> <span class='ocrx_word' id='word_1_623' title='bbox 3158 4183 3330 4234; x_wconf 86' lang='lat' dir='ltr'><strong>virtus.</strong></span> <span class='ocrx_word' id='word_1_624' title='bbox 3353 4168 3360 4178; x_wconf 86' lang='grc'><em>’</em></span> 
     </span>
    </p>
   </div>
   <div class='ocr_carea' id='block_1_79' title="bbox 1983 4288 2648 4360">
    <p class='ocr_par' dir='ltr' id='par_1_79' title="bbox 1983 4288 2648 4360">
     <span class='ocr_line' id='line_1_79' title="bbox 1983 4288 2648 4360; baseline -0.002 -15"><span class='ocrx_word' id='word_1_625' title='bbox 1983 4289 2045 4346; x_wconf 87' lang='lat' dir='ltr'><strong>In</strong></span> <span class='ocrx_word' id='word_1_626' title='bbox 2070 4288 2354 4345; x_wconf 90' lang='lat' dir='ltr'><strong>latitudine</strong></span> <span class='ocrx_word' id='word_1_627' title='bbox 2383 4305 2600 4360; x_wconf 91' lang='lat' dir='ltr'><strong>quoque</strong></span> <span class='ocrx_word' id='word_1_628' title='bbox 2632 4305 2648 4344; x_wconf 88' lang='lat'>:</span> 
     </span>
    </p>
   </div>
   <div class='ocr_carea' id='block_1_80' title="bbox 2110 4375 3278 4446">
    <p class='ocr_par' dir='ltr' id='par_1_80' title="bbox 2110 4375 3278 4446">
     <span class='ocr_line' id='line_1_80' title="bbox 2110 4375 3278 4446; baseline -0.009 -10"><span class='ocrx_word' id='word_1_629' title='bbox 2110 4380 2278 4436; x_wconf 76' lang='lat' dir='ltr'><strong>Victor</strong></span> <span class='ocrx_word' id='word_1_630' title='bbox 2301 4386 2598 4446; x_wconf 77' lang='lat' dir='ltr'><strong>conslgnans</strong></span> <span class='ocrx_word' id='word_1_631' title='bbox 2609 4380 2760 4434; x_wconf 69' lang='lat' dir='ltr'><strong>Iesus</strong></span> <span class='ocrx_word' id='word_1_632' title='bbox 2775 4381 2856 4444; x_wconf 79' lang='lat' dir='ltr'><strong>pia</strong></span> <span class='ocrx_word' id='word_1_633' title='bbox 2877 4378 3080 4444; x_wconf 61' lang='lat' dir='ltr'><strong>praemia</strong></span> <span class='ocrx_word' id='word_1_634' title='bbox 3099 4375 3278 4428; x_wconf 85' lang='lat' dir='ltr'><strong>clarus.</strong></span> 
     </span>
    </p>
   </div>
  </div>
