3970 6484
1340 376 1430 435 DE
1464 373 1811 432 LAUDIBUS
1847 373 1905 429 8.
1946 369 2216 430 CRUCIS.
2250 402 2323 415 —
2357 374 2487 432 LIB.
2524 375 2567 437 Ι.

1517 488 2033 555 DECLARATIO
2084 489 2427 555 FIGURAE.

1738 610 2137 633 Μ

395 686 650 746 conﬁne:
669 695 800 755 ergo
821 681 940 739 hoc
964 678 1138 752 ﬁgura
1159 682 1361 733 sanctae
1384 673 1565 735 crucis
1593 672 1650 729 in
1676 681 1907 743 quantor
1931 675 1988 743 Α
2009 686 2111 733 sua
2128 680 2351 735 cantant
2371 657 2502 744 Deo,
2526 675 2621 746 qui
2646 676 2903 748 angelicae
2916 676 3200 757 privilegio
3221 681 3487 741 castitatis
3503 691 3584 741 to-

324 778 645 856 pcntagonis
689 775 939 840 formata,
973 785 1259 829 numerum
1300 783 1459 825 cxuv
1489 767 1814 831 litterarum,
1849 766 1907 825 in

325 880 559 945 quatuor
584 867 831 926 versibus
853 863 1219 932 conscriptum
1246 879 1260 914 :
1292 859 1589 918 secundum
1615 856 1770 927 cujus
1789 856 1908 928 plu-

326 966 597 1021 ralitatem
622 957 920 1016 milienario
939 953 1290 1022 multiplicato
1315 950 1370 1009 in
1387 949 1708 1020 Apocalypsi
1726 947 1907 1011 multi-

328 1056 457 1112 tudo
486 1054 577 1110 illa
625 1052 978 1122 signatorum,
1013 1061 1080 1101 ex
1117 1044 1263 1100 omni
1308 1042 1452 1097 tribu
1482 1041 1715 1097 ﬁliorum
1744 1040 1909 1101 Israel

328 1153 692 1218 computatur,
738 1152 1103 1207 numerusque
1145 1135 1234 1190 ille
1273 1134 1593 1199 albatorum,
1644 1132 1737 1203 qui
1783 1147 1909 1187 cum

327 1254 467 1311 agno
489 1252 653 1309 super
680 1241 916 1290 montem
938 1230 1069 1289 Sion
1099 1228 1348 1291 stabant,
1381 1227 1668 1281 denotatur
1693 1242 1706 1279 :
1731 1225 1907 1296 primo

325 1329 577 1397 videlicet
602 1327 655 1380 in
681 1325 1014 1397 signatorum
1035 1319 1269 1375 millibus
1296 1315 1706 1381 innumerabilis
1736 1315 1908 1386 signi-

326 1420 518 1477 ﬁcatur
538 1417 701 1477 totius
723 1411 975 1475 Ecclesia:
997 1409 1302 1475 multitudo,
1325 1423 1445 1478 quae
1468 1409 1533 1469 de
1559 1405 1905 1478 patriarchis,
1944 1444 1953 1451 .

326 1509 408 1564 vei
423 1507 669 1581 prosapia
696 1502 998 1569 carni<,vel
1026 1500 1151 1559 ﬁdei
1166 1508 1253 1555 est
1282 1498 1582 1554 imitatione
1601 1499 1902 1569 progenita.

326 1598 384 1653 Si
408 1598 565 1661 enim,
598 1595 795 1667 inquit,
817 1610 902 1655 uos
928 1591 1141 1658 Christi,
1167 1607 1288 1662 ergo
1318 1589 1544 1651 Abrahaz
1565 1605 1738 1644 semen
1760 1589 1901 1642 estis.

325 1691 407 1749 Ad
450 1696 800 1762 augmentum
831 1695 1010 1745 autem
1040 1683 1393 1755 perfectionis
1431 1683 1665 1752 pertinet
1698 1688 1752 1735 et
1791 1681 1904 1752 ipsa

325 1797 400 1837 xu
454 1778 740 1843 duodecies
771 1775 1142 1851 multiplicari,
1170 1781 1226 1830 et
1268 1775 1336 1829 ad
1366 1788 1632 1829 summam
1663 1768 1908 1826 millens-

324 1875 407 1928 rio
434 1870 646 1943 perﬁci,
682 1869 774 1940 qui
801 1877 886 1924 est
912 1868 1162 1924 denarius
1207 1881 1466 1929 numerus
1489 1866 1785 1936 quadratus
1812 1879 1904 1919 so-

325 1967 490 2037 lidus,
526 1960 833 2040 significans
864 1958 1114 2021 stabilem
1147 1956 1401 2014 Ecclesiae
1446 1956 1635 2011 vitam.
1674 1955 1755 2008 Ex
1798 1968 1906 2025 quo

2010 771 2098 821 tos
2119 780 2180 827 se
2206 766 2434 824 Domino
2459 768 2664 825 iaciunt
2688 770 3083 838 holocaustum,
3108 781 3167 829 et
3193 773 3442 835 tollentes
3459 792 3585 833 cru-

2011 869 2128 915 cem
2171 871 2325 913 suam
2366 869 2662 928 sequuntur
2688 876 2884 933 agnum
2918 877 3239 935 quocunque
3268 865 3423 935 ierit,
3452 882 3585 924 can-

2011 947 2305 1018 tabuntque
2335 950 2488 1020 quasi
2518 951 2788 1009 canticum
2820 957 3216 1027 novum,'quod
3245 972 3406 1014 nemo
3444 957 3583 1015 alius

2008 1044 2188 1108 potest
2210 1046 2436 1105 canere;
2471 1039 2596 1109 quia
2620 1040 2968 1113 singulariter
2992 1045 3263 1105 canticum
3293 1061 3433 1116 agno
3454 1062 3585 1103 can-

2011 1135 2147 1194 tare,
2179 1137 2262 1193 est
2284 1145 2405 1191 cum
2434 1144 2498 1185 eo
2529 1131 2581 1189 in
2610 1142 2930 1202 perpetuum
2962 1150 3073 1205 prae
3097 1136 3307 1195 cunctis
3339 1138 3587 1199 ﬁdelibus

2010 1223 2174 1277 etiam
2201 1224 2265 1277 de
2297 1222 2476 1277 carnis
2502 1222 2905 1294 incorruptione
2929 1228 3184 1297 gaudere.
3214 1228 3368 1296 Quod
3403 1236 3588 1295 tamen

2010 1311 2168 1367 electi
2197 1312 2375 1366 caeteri
2405 1312 2675 1367 canticum
2716 1314 2904 1369 audire
2944 1322 3193 1386 pessunt,
3238 1316 3369 1377 licet
3408 1317 3589 1375 dicere

2009 1414 2298 1481 nequeant,
2323 1406 2447 1477 quia
2467 1424 2564 1480 per
2584 1407 2906 1469 charitatem
2928 1410 3141 1481 quidem
3167 1411 3221 1465 in
3244 1410 3459 1467 illorum
3483 1411 3593 1468 cel-

2011 1498 2247 1554 situdine
2273 1494 2382 1561 laeti
2429 1507 2574 1567 sunt,
2609 1502 2857 1572 quamvis
2896 1503 2964 1558 ad
3001 1518 3187 1567 eorum
3217 1503 3442 1575 przemia
3481 1519 3590 1559 non

2010 1599 2319 1661 assurgunt.
2356 1590 2522 1653 Vetus
2546 1592 2764 1669 quidem
2791 1600 2909 1646 erat
2937 1593 3209 1648 canticum
3239 1610 3253 1647 :
3284 1591 3479 1648 Beatus
3501 1595 3593 1666 qui

2009 1679 2163 1735 habet
2188 1697 2361 1736 semen
2394 1681 2449 1736 in
2489 1681 2640 1749 Sion,
2667 1692 2715 1737 et
2737 1684 3046 1738 domesticos
3066 1685 3123 1738 in
3150 1681 3498 1740 Hierusalem.
3524 1682 3594 1740 Et

2009 1774 2141 1830 item
2186 1793 2199 1829 :
2247 1772 2472 1831 Crescite
2499 1784 2547 1831 et
2583 1775 3003 1849 multiplicamini
3047 1786 3096 1833 et
3142 1777 3330 1853 replete
3372 1788 3588 1835 terram.

2009 1864 2219 1922 Novum
2258 1868 2402 1922 enim
2430 1876 2513 1923 est
2549 1866 2813 1935 :Laztare,
2862 1869 3077 1940 sterilis,
3118 1888 3236 1943 qua:
3265 1886 3370 1927 non
3409 1875 3594 1943 paris;

2011 1975 2221 2041 erumpe
2261 1972 2309 2015 et
2335 1960 2523 2026 clama,
2554 1978 2672 2039 qua:
2698 1978 2802 2017 non
2825 1966 3091 2039 parturis,
3122 1965 3250 2036 quia
3276 1962 3453 2043 plures
3490 1965 3593 2035 filii

326 2029 493 2125 igitur
523 2029 773 2109 deinus
805 2066 1000 2122 passus
1039 2056 1141 2115 est,
1177 2048 1472 2105 contritum
1509 2053 1593 2101 est
1620 2045 1907 2116 imperium
1933 2029 1983 2090 B
2011 2029 2228 2111 deserta:
2260 2053 2430 2122 magis
2458 2029 2616 2125 quam
2655 2054 2768 2124 ejus
2793 2029 2911 2125 qua:
2950 2029 3104 2117 habet
3132 2029 3321 2111 uirum.
3364 2055 3433 2111 Et
3460 2029 3593 2111 item

326 2144 586 2209 mundani
611 2143 960 2215 principatus,
995 2150 1048 2197 et
1073 2141 1140 2196 ad
1171 2141 1274 2196 hoc
1302 2139 1543 2210 gentium
1572 2138 1908 2194 c’onfractum

322 2244 409 2291 est
441 2234 748 2305 imperium,
780 2240 841 2295 ut
879 2233 1034 2313 signo
1083 2231 1208 2288 ﬁdei
1238 2232 1328 2287 cui
1380 2231 1694 2297 restiterant
1740 2229 1911 2286 facies

322 2333 632 2381 sanctorum
666 2325 835 2385 libere
861 2324 1269 2385 denotarentur.
1314 2321 1538 2393 Signum
1570 2320 1755 2394 itaque
1782 2320 1908 2379 ﬁdei

321 2423 407 2472 est
433 2431 569 2473 crux
592 2414 820 2481 Christi,
851 2414 918 2475 ad
938 2412 1091 2484 cujus
1118 2412 1528 2475 similitudinem
1568 2412 1683 2470 Tau
1726 2412 1908 2468 littera

320 2507 558 2563 formata
601 2512 708 2573 est,
739 2500 939 2577 de‘qua
982 2507 1037 2561 in
1070 2506 1353 2571 Ezechiele
1380 2505 1456 2562 ita
1483 2506 1744 2577 scriptum
1775 2514 1859 2563 est
1889 2525 1904 2563 :

322 2597 391 2652 Et
414 2596 585 2668 gloria
609 2597 822 2652 Domini
850 2597 1021 2652 Israel
1055 2607 1326 2668 assumpta
1348 2609 1421 2653 est
1445 2597 1510 2653 de
1543 2599 1749 2663 cherub,
1790 2614 1908 2670 qua:

254 2762 259 2767 ἡ
321 2699 434 2743 erat
465 2688 642 2744 subter
673 2704 792 2744 eum
840 2688 908 2743 ad
937 2687 1095 2743 limen
1135 2689 1343 2757 domus,
1392 2698 1439 2743 et
1492 2690 1692 2744 vocavit
1739 2691 1907 2745 virum

322 2783 413 2853 qui
460 2782 677 2837 indutus
711 2790 824 2841 erat
858 2780 1031 2847 lineis,
1065 2790 1114 2835 et
1162 2782 1600 2837 atramentarium
1631 2782 1905 2851 scriptoris

326 2873 547 2929 habebat
577 2874 635 2930 in
662 2872 852 2928 lumbis
879 2875 1013 2939 suis,
1043 2883 1090 2928 et
1122 2873 1256 2927 dixit
1286 2873 1357 2928 ad
1385 2888 1504 2927 eum
1532 2888 1552 2927 :
1595 2870 1784 2928 Transi
1815 2889 1909 2944 per

323 2965 550 3021 mediam
586 2966 850 3039 ciuitatem
872 2966 928 3019 in
956 2964 1126 3027 medio
1153 2963 1508 3029 Hierusalem,
1533 2973 1580 3018 et
1606 2965 1757 3035 signa
1794 2962 1908 3020 Tau

324 3073 480 3127 super
508 3056 702 3127 frontes
728 3058 959 3111 virorum
997 3056 1312 3125 gementium
1341 3062 1390 3109 et
1430 3054 1716 3110 dolentium
1753 3068 1911 3112 suner

325 3149 526 3205 cunctis
558 3147 1033 3203 abominationibus
1062 3160 1181 3217 qua:
1203 3146 1337 3215 ﬁunt
1365 3145 1419 3200 in
1453 3145 1625 3200 medio
1661 3147 1795 3216 ejus.
1837 3146 1912 3201 Et

325 3238 459 3293 dixit
499 3237 605 3293 illis
650 3237 895 3293 audiente
925 3252 1006 3292 me
1036 3252 1055 3289 :
1101 3236 1341 3291 Transite
1389 3252 1480 3308 per
1532 3237 1793 3292 civitatem
1828 3252 1912 3293 se-

323 3338 535 3402 quentes
570 3344 687 3384 cum
728 3338 777 3395 et
816 3328 1089 3401 percutite,
1147 3344 1252 3382 non
1279 3336 1461 3399 parcat
1496 3328 1678 3382 oculus
1722 3337 1907 3396 vester,

2012 2143 2155 2199 idem
2183 2141 2452 2223 Propheta
2482 2143 2613 2198 dicit
2645 2160 2657 2196 :
2691 2142 2761 2197 Et
2806 2161 2910 2199 non
2948 2145 3091 2201 dicat
3119 2145 3412 2213 eunuchus,
3458 2145 3594 2201 Ecce

2013 2234 2212 2308 lignum
2242 2236 2491 2301 aridum;
2529 2236 2641 2290 haec
2664 2237 2791 2297 dicit
2818 2234 3078 2301 Dominus
3116 2237 3367 2301 eunuchis
3395 2239 3483 2310 qui
3510 2253 3597 2292 cu-

1988 2326 2301 2382 stodierunt
2317 2327 2533 2385 sabbata
2556 2338 2691 2394 mea,
2709 2337 2756 2382 et
2771 2328 3031 2400 elegerunt
3045 2344 3163 2401 qua:
3175 2329 3336 2397 valui,
3352 2336 3401 2384 et
3423 2338 3595 2385 tenue-

2013 2430 2136 2485 runt
2151 2421 2322 2492 [cedas
2351 2436 2523 2475 meum
2547 2419 2730 2474 :Dabo
2761 2421 2835 2475 eis
2863 2422 2918 2475 in
2952 2422 3106 2476 demo
3135 2437 3254 2478 mea
3277 2429 3327 2483 et
3356 2421 3412 2476 in
3429 2422 3595 2476 muris

2011 2514 2139 2569 meis
2153 2513 2345 2580 locum,
2359 2522 2406 2567 et
2420 2528 2604 2568 nomen
2618 2512 2801 2567 melius
2816 2512 2943 2583 ﬁliis
2959 2521 3005 2567 et
3021 2512 3255 2582 ﬁliabus,
3268 2522 3455 2569 nomen
3466 2528 3597 2566 sem-

2008 2607 2269 2687 piternum
2296 2607 2431 2661 dabo
2468 2607 2542 2660 eis
2565 2606 2705 2679 quod
2742 2620 2844 2660 non
2868 2604 3072 2677 peribit.
3114 2607 3183 2662 Et
3219 2607 3348 2662 item
3377 2603 3595 2660 :Beatte

2011 2698 2211 2753 steriles
2232 2714 2349 2768 qua:
2371 2715 2474 2753 non
2498 2706 2807 2769 genuerunt,
2834 2709 2883 2753 et
2899 2699 3059 2753 ubera
3072 2713 3189 2770 qua:
3226 2708 3331 2753 nan
3372 2694 3598 2751 lactave-

2012 2802 2155 2856 runt,
2180 2800 2233 2846 et
2246 2792 2474 2865 reliqua.
2504 2791 2930 2863 Habentquippe
2942 2794 3139 2846 nomen
3163 2792 3281 2862 ejus
3310 2795 3367 2847 et
3396 2804 3595 2845 nomen

2010 2879 2188 2937 Patris
2205 2880 2319 2950 ejus
2346 2882 2604 2950 scriptum
2635 2880 2689 2935 in
2702 2879 2970 2936 frontibus
2997 2881 3274 2951 suis,quia
3304 2881 3357 2936 in
3380 2879 3596 2936 confes-

2012 2971 2164 3028 sione
2189 2981 2393 3027 sancta:
2421 2971 2703 3026 Trinitatis
2730 2970 2973 3026 dedicata
3010 2971 3255 3027 Ecclesia
3281 2971 3461 3027 fronte
3491 2985 3590 3025 sua

2011 3060 2139 3116 ﬁdei
2176 3077 2288 3117 suae
2324 3069 2499 3134 gestat
2539 3061 2781 3132 insigne,
2836 3064 2980 3132 quod
3026 3078 3124 3134 per
3168 3046 3596 3119 sanctm'crucis

2010 3155 2331 3226 mysterium
2359 3153 2415 3210 in
2441 3153 2876 3210 Christianorum
2917 3156 3185 3212 frontibus
3224 3155 3498 3229 pingitur,
3543 3168 3598 3211 et

1988 3242 2281 3314 frequenti
2323 3260 2517 3300 manus
2551 3245 2905 3315 inscriptione
2945 3246 3210 3318 signatur.
3254 3245 3393 3302 Ecce
3423 3260 3596 3300 unus-

2014 3337 2244 3409 quisque
2292 3353 2347 3391 IV
2380 3346 2809 3408 pentagonorum
2856 3352 3021 3391 xxxv:
3060 3337 3269 3393 litteras
3309 3336 3592 3403 continet;

323 3435 486 3492 neque
516 3420 886 3486 misereamini,
918 3433 1112 3485 senem,
1143 3416 1609 3485 adolescentulum,
1647 3428 1697 3474 et
1741 3421 1903 3491 virgi-
1934 3408 1982 3485 Ε
2013 3428 2108 3484 sed
2131 3408 2239 3483 nun
2277 3427 2397 3482 ideo
2424 3428 2566 3497 quod
2590 3428 2681 3483 hic
2720 3442 2979 3482 numerus
3007 3428 3246 3499 quinque
3275 3426 3594 3499 angulorum

325 3528 463 3588 nem,
491 3510 788 3583 parvulum,
830 3520 880 3565 et
914 3507 1158 3564 mulieres
1186 3508 1483 3578 interﬁcite,
1516 3525 1679 3581 usque
1707 3511 1776 3565 ad
1817 3509 1904 3567 in-

323 3604 707 3670 ternecionem;
736 3618 941 3657 omnem
971 3612 1144 3656 autem
1170 3617 1326 3671 super
1351 3616 1501 3673 quem
1532 3602 1763 3657 videritis
1792 3601 1906 3663 Tau

324 3711 389 3751 ne
425 3693 698 3759 occidatis,
734 3701 789 3747 et
831 3691 1063 3763 reliqua.
1109 3690 1281 3747 Recte
1310 3693 1454 3747 enim
1482 3693 1659 3747 omnis
1688 3693 1906 3762 iniquus

320 3798 586 3841 mucrone
618 3782 948 3838 infidelitatis
994 3782 1334 3848 interﬁcitur,
1379 3780 1474 3852 qui
1520 3781 1733 3853 signum
1781 3782 1905 3837 ﬁdei

320 3876 468 3931 bono
495 3884 659 3946 opere
690 3874 743 3929 in
782 3874 1076 3943 semetipso
1114 3874 1400 3929 ostendere
1436 3874 1737 3944 neglexisse
1773 3889 1906 3929 con-

324 3967 562 4022 vincitur
592 4006 608 4034 ,
655 3974 710 4022 et
757 3966 952 4021 merito
991 3962 1139 4043 juste
1189 3966 1419 4037 quisque
1469 3966 1737 4021 bonorum
1771 3981 1906 4036 opus

323 4059 597 4130 operando
641 4072 741 4127 per
793 4057 973 4113 erucis
997 4057 1205 4111 Christi
1254 4057 1558 4127 potentiam
1600 4058 1902 4113 liberatur:

324 4147 451 4217 quia
483 4147 694 4213 Domini
724 4145 1103 4216 ﬁdem,‘quam
1141 4146 1198 4210 in
1226 4145 1498 4216 baptismo
1528 4148 1792 4219 percepit,
1818 4150 1903 4209 ina-

324 4236 579 4299 violatam
609 4250 780 4307 usque
822 4235 879 4293 in
906 4236 1069 4297 linem
1102 4236 1356 4299 mandata
1400 4235 1602 4299 Christi
1634 4237 1906 4309 implendo

326 4342 679 4385 conservasse
705 4327 1070 4401 cognoscitur.
1092 4327 1298 4391 Deinde
1337 4342 1467 4398 grex
1500 4327 1589 4391 ille
1626 4330 1904 4389 dealbato-

326 4432 448 4471 rum
476 4417 531 4479 in
557 4416 794 4491 ejusdem
828 4416 1040 4481 numeri
1073 4418 1378 4487 quantitate
1416 4432 1822 4486 annumeratur,
1851 4430 1907 4477 et

328 4517 528 4564 sancta:
570 4508 895 4581 virginitatis
945 4509 1001 4569 in
1049 4509 1239 4573 electis
1285 4512 1503 4582 copiosa
1544 4514 1904 4577 numerositas

327 4602 628 4667 intimatur.
657 4601 765 4661 Sed
792 4602 1005 4667 ﬁnitum
1040 4611 1222 4666 tamen
1249 4620 1535 4667 numerum
1562 4622 1661 4678 pro
1695 4608 1904 4665 inﬁnito

328 4694 417 4749 hic
453 4695 707 4765 positum.
740 4695 970 4767 quisque
994 4710 1185 4757 sanum
1214 4697 1432 4768 sapiens
1467 4700 1767 4772 intelligere
1805 4700 1902 4756 de-

324 4785 434 4849 bet.
465 4785 662 4851 secreti
699 4785 1095 4855 signiﬁcatione
1135 4789 1379 4858 mysterii
1426 4789 1676 4860 virginali
1717 4800 1902 4862 aptum

326 4876 587 4943 examini.
616 4877 759 4949 Quod
790 4878 959 4944 Deum
988 4895 1058 4939 ex
1082 4888 1196 4943 toto
1225 4883 1408 4951 corde,
1437 4898 1504 4941 ex
1546 4891 1658 4938 tota
1687 4884 1864 4940 anima
1886 4927 1900 4952 ,

328 4977 551 5040 totaque
571 4978 753 5035 mente
783 4971 1028 5043 diligens,
1062 4975 1309 5044 corporis
1332 4991 1567 5046 quoque,
1599 4978 1740 5047 quod
1761 4994 1828 5034 ex
1850 4994 1905 5033 ιν

328 5070 540 5121 constat
567 5062 868 5133 elementis,
914 5064 989 5120 illi
1036 5075 1120 5123 est
1149 5068 1459 5137 integritate
1501 5080 1779 5136 sacratus,
1821 5080 1905 5126 ter

285 5212 293 5219 ,
328 5155 473 5209 enim
502 5155 641 5213 terni
686 5171 766 5221 ιι,
792 5164 849 5213 et
892 5166 1084 5228 quater-
1111 5160 1359 5229 quaterni
1399 5175 1510 5225 xw,
1539 5161 1780 5217 sedecies
1805 5178 1900 5217 au-

330 5252 438 5299 tem
483 5260 676 5303 novem
700 5261 858 5311 est.“
882 5248 1131 5318 implent,
1161 5261 1221 5307 ut
1244 5265 1368 5309 cum
1388 5251 1457 5307 de
1480 5250 1565 5307 his
1594 5251 1685 5321 qui
1716 5251 1771 5315 in
1808 5267 1898 5305 ar-

328 5335 516 5391 ctioris
539 5335 662 5395 vitae
689 5337 857 5408 gradu
882 5339 1180 5405 constituti,
1214 5340 1411 5399 mer-ito
1436 5340 1491 5405 in
1537 5340 1667 5397 Sion
1713 5350 1896 5397 monte

327 5440 451 5479 cum
476 5417 754 5498 agno'tam
772 5427 1009 5498 perfecta
1034 5431 1321 5491 multitudo
1344 5440 1623 5497 cernatur,
1649 5429 1719 5485 de
1745 5442 1897 5488 caete-

327 5517 405 5571 ris
451 5517 711 5579 Ecciedte
754 5521 1021 5585 membris
1045 5539 1152 5581 non
1181 5524 1473 5600 dubitatur,
1527 5524 1597 5578 Et
1622 5525 1901 5580 cantabant

325 5609 478 5676 ρυαεί
521 5612 785 5671 anticum
830 5629 1017 5673 nouum
1052 5626 1174 5675 ante
1220 5617 1412 5681 sedem,
1458 5626 1507 5671 et
1533 5625 1654 5671 ante
1675 5624 1902 5688 quatuor

327 5698 585 5769 απίτκαιῦα
617 5710 669 5767 et
700 5704 967 5775 entiam,
1009 5714 1068 5765 et
1110 5707 1337 5780 reliqua.
1383 5707 1464 5769 Illi
1492 5708 1649 5780 quasi
1692 5708 1899 5764 cithara

2009 3519 2238 3590 ﬁguram
2262 3516 2421 3584 facit,
2450 3528 2574 3572 nam
2610 3532 2755 3572 xxxv
2783 3524 3117 3590 pentagonus
3144 3525 3257 3584 est;
3290 3518 3384 3573 sed
3412 3517 3480 3571 ad
3507 3517 3592 3571 in-

2006 3610 2307 3665 timandum
2364 3610 2580 3680 aliquod
2638 3619 3044 3666 sacramentum
3097 3611 3174 3665 ita
3218 3612 3429 3682 positus
3488 3619 3591 3666 est.

2008 3702 2300 3770 Quinarius
2327 3718 2455 3773 ergo
2484 3703 2655 3775 legem
2686 3703 2881 3776 signat,
2911 3712 2967 3759 et
2989 3705 3370 3773 qusternarius
3412 3704 3592 3758 Evan-

2008 3793 2235 3864 gelium;
2265 3802 2321 3847 at
2347 3802 2579 3863 quatuor
2604 3794 2894 3865 pentagoni
2920 3807 3044 3850 cum
3067 3795 3469 3852 adhmrentibus
3490 3794 3595 3849 sibi

2008 3894 2241 3956 quatuor
2287 3885 2582 3939 unitatibus
2631 3900 2686 3938 ιν
2733 3898 2938 3940 cornua
2976 3885 3269 3954 complent,
3306 3885 3431 3954 quia
3460 3898 3587 3955 pas-

2008 3979 2160 4033 sione
2193 3974 2393 4031 Christi
2420 3981 2474 4030 et
2504 3976 2905 4030 resurrectione
2940 3975 3207 4046 completa
3241 3975 3328 4030 lex
3353 3974 3515 4030 simul
3536 3982 3592 4030 et

2007 4071 2379 4143 Evangelium,
2401 4070 2454 4124 in
2478 4076 2647 4124 totam
2685 4070 2870 4124 mundi
2895 4068 3229 4124 latitudinem
3249 4068 3591 4139 praedicanda

2008 4164 2319 4221 doctoribus
2341 4163 2633 4228 commissa
2666 4170 2793 4218 sunt
2818 4179 2834 4217 ε
2876 4176 3042 4229 unum
3073 4161 3129 4217 in
3153 4160 3462 4232 exemplum
3487 4159 3586 4215 da-

2010 4267 2094 4314 tos
2142 4259 2425 4329 utriusque
2477 4255 2789 4319 testamenti
2828 4263 3032 4325 patres,
3078 4252 3265 4309 ﬁdeles
3292 4254 3491 4325 ubique
3535 4252 3590 4307 in

2007 4349 2259 4407 universo
2308 4347 2441 4403 orbe
2469 4346 2778 4402 castitatem
2803 4345 3070 4403 servando
3113 4344 3327 4407 imitare
3372 4350 3588 4416 satage-

2006 4439 2158 4505 bant,
2198 4438 2290 4509 qui
2338 4452 2476 4503 τιςηο
2506 4437 2698 4499 sociati
2746 4452 2907 4509 super
2964 4442 3202 4499 monietn
3258 4433 3390 4495 Sion
3431 4434 3586 4506 quasi

2007 4533 2278 4589 canticum
2326 4545 2527 4591 novum
2561 4530 2617 4586 in
2667 4529 2895 4591 citharis
2928 4528 3042 4591 suis
3078 4525 3392 4592 cantabant.
3446 4525 3589 4597 Ergo

2006 4637 2241 4699 quatuor
2278 4628 2513 4685 unitates
2542 4641 2662 4696 qua:
2699 4625 3017 4696 pentagonis
3044 4623 3387 4685 extrinsecus
3406 4622 3588 4683 adhae-

2007 4728 2149 4785 rent,
2190 4721 2244 4775 in
2275 4727 2509 4788 quatuor
2557 4717 2754 4773 litteris
2802 4732 2970 4771 unum
3010 4729 3206 4779 nomen
3247 4713 3587 4773 conﬁcienti-

2005 4812 2125 4875 bus,
2152 4810 2329 4873 idest,
2353 4823 2503 4869 crux,
2531 4807 3017 4867 demonstravimus
3046 4825 3059 4871 ε
3095 4815 3158 4865 ιιι
3185 4815 3241 4869 ct
3259 4808 3583 4879 pentagonis
3623 4811 3637 4882 ξ

2007 4904 2118 4958 suis
2138 4902 2204 4957 ad
2225 4916 2416 4957 versus
2428 4899 2774 4970 complendus
2795 4901 3149 4968 cohaererent,
3166 4907 3224 4956 et
3240 4899 3408 4969 adius
3424 4915 3581 4958 suum

2006 4996 2481 5052 demonstrandum
2506 4995 2608 5051 sibi
2629 5001 2817 5052 mutuo
2846 5010 2954 5051 uno
2977 4995 3195 5052 nomine
3214 5001 3577 5059 necterentur.

2005 5087 2103 5143 Est
2125 5102 2338 5157 quoque
2383 5086 2474 5143 hic
2495 5101 2687 5143 versus
2724 5086 2781 5141 in
2810 5086 3151 5143 eminentiori
3174 5092 3330 5156 parte
3355 5085 3575 5153 erucis:

2193 5199 2497 5250 immaculata
2528 5199 2704 5251 cohors
2720 5204 2886 5251 mutes
2919 5204 2970 5249 tu
2992 5199 3194 5251 vocibus
3214 5199 3328 5251 title.

2001 5282 2069 5338 Et
2095 5284 2150 5338 in
2180 5283 2288 5338 ima
2321 5282 2411 5338 hic
2433 5302 2447 5337 :

2187 5372 2294 5423 Rex
2320 5373 2402 5423 ubi
2421 5372 2567 5421 Jesus
2584 5377 2695 5423 ovat
2714 5385 2813 5437 quo
2825 5373 2977 5436 pascit
2998 5373 3203 5437 Vinici
3216 5385 3393 5439 agna.

2000 5454 2059 5509 ln
2088 5457 2308 5512 dextera
2336 5471 2465 5511 vero
2491 5456 2631 5512 iste:

2185 5548 2409 5601 Carmina
2431 5562 2542 5610 qua
2562 5548 2721 5599 nullus
2735 5548 2912 5601 dim
2924 5546 3105 5603 huius
3122 5557 3300 5603 mut.

2006 5625 2073 5680 Et
2103 5627 2155 5681 in
2190 5629 2411 5685 sinistra
2441 5630 2582 5686 iste:

2185 5717 2460 5777 Hierone:
2481 5730 2610 5782 eros
2631 5717 3361 5791 nisainuuclondtdosm
