3970 6466
249 434 358 489 249

1255 425 1343 482 DE
1378 420 1722 480 LAUDIBUS
1760 421 1818 476 S.
1858 416 2125 476 CRUCIS.
2160 447 2230 458 —
2265 417 2390 474 LIB.
2426 419 2471 476 1.

1448 550 1962 617 DECLARATIO
2025 527 2366 614 FIGUI'UE.

323 821 449 879 [stic
478 831 608 889 ergo
633 816 748 872 laus
774 815 884 883 illa,
914 830 1077 887 quam
1114 822 1425 872 sanctorum
1457 828 1562 868 vox
1588 813 1643 867 in
1669 813 1821 867 coelis
1847 813 1902 873 Α
1926 776 2258 880 apparebunt
2284 809 2424 880 agni,
2464 825 2586 865 cum
2615 817 2727 866 tota
2755 810 2995 870 Ecclesia
3014 813 3243 874 Domino
3268 815 3327 874 iu
3363 817 3486 878 tha-

255 914 497 973 creditur
540 915 798 980 perpetuo
840 907 952 962 Deo
1001 915 1242 972 cantare,
1293 913 1493 960 sancta:
1545 905 1722 960 crucis
1765 904 1822 957 in

257 1009 480 1076 scriptu,
505 1003 750 1056 imitatur
773 1000 997 1069 figuram
1028 999 1237 1054 alleluia
1269 997 1516 1051 videlicet
1543 1004 1598 1050 et
1642 1009 1821 1059 amen,

258 1115 415 1170 quam
457 1094 690 1151 Joannes
737 1090 1011 1160 apostolus
1054 1097 1108 1144 et
1148 1087 1478 1157 evangelista
1527 1085 1580 1138 in
1617 1082 1824 1152 Apoca-

256 1188 393 1261 lypsi
444 1184 652 1249 scribit,
701 1190 822 1252 post
873 1179 1302 1234 interfectionem
1335 1184 1388 1230 et
1444 1173 1825 1228 dimersionem

257 1260 559 1335 meretricis
589 1288 815 1344 magnae,
843 1286 961 1340 qum
999 1268 1289 1324 seducebat
1333 1279 1521 1320 omnes
1547 1271 1732 1333 gentes
1773 1260 1828 1314 in

259 1367 614 1422 fornicatione
644 1379 763 1427 sua,
795 1369 851 1415 et
885 1375 1004 1415 cum
1043 1374 1148 1428 qua
1190 1372 1344 1428 reges
1387 1364 1547 1410 terra:
1577 1350 1828 1407 fornicati

257 1470 404 1521 sunt,
432 1472 489 1510 se
511 1455 724 1510 audisse
748 1465 934 1506 vocem
959 1449 1235 1504 turbarum
1259 1447 1546 1501 multarum
1565 1445 1753 1498 devote
1775 1443 1830 1495 in

259 1548 397 1603 caelo
427 1544 712 1606 cecinisse,
739 1551 794 1596 et
827 1541 1020 1610 saepius
1049 1540 1294 1593 iterasse.
1325 1537 1401 1590 Ita
1429 1535 1571 1591 enim
1601 1534 1673 1589 ibi
1699 1532 1831 1586 scri-

260 1647 405 1708 ptum
438 1644 521 1690 est
546 1651 559 1687 :
593 1632 718 1686 Post
749 1632 845 1685 hoc
871 1631 1049 1684 audivi
1070 1630 1220 1700 quasi
1252 1643 1421 1682 vocem
1452 1640 1693 1694 magnam
1722 1631 1834 1675 tur-

261 1727 444 1779 barum
478 1722 762 1777 multarum
791 1722 846 1774 in
871 1719 996 1775 caelo
1021 1720 1298 1773 dicentium
1322 1735 1340 1772 :
1365 1714 1612 1780 Alleluia,
1649 1714 1764 1767 laus
1785 1720 1834 1766 et

258 1816 429 1887 gloria
461 1823 509 1869 et
541 1815 702 1867 virtus
731 1811 840 1866 Deo
871 1820 1046 1865 nostro
1076 1818 1173 1874 est,
1200 1810 1324 1879 quia
1350 1824 1470 1862 vera
1494 1815 1540 1860 et
1560 1805 1709 1874 justa
1745 1803 1834 1871 ju-

259 1909 400 1962 dicia
435 1905 546 1976 ejus
579 1913 722 1968 sunt,
773 1903 896 1973 quia
920 1902 1176 1970 judicavit
1205 1900 1269 1953 de
1296 1899 1561 1953 meretrice
1608 1911 1798 1966 magna
1818 1934 1836 1960 ,

257 2020 380 2074 qua:
428 2001 658 2070 corrupit
704 2006 896 2052 terram
947 1996 1004 2048 in
1049 1995 1414 2064 prostitutione
1443 2009 1542 2046 sua
1571 2029 1588 2058 ,
1631 1998 1677 2043 et
1719 1991 1838 2042 vin—

263 2095 460 2148 dicavit
515 2092 816 2161 sanguinem
868 2105 1130 2143 servorum
1196 2103 1413 2141 suorum
1477 2085 1541 2138 de
1600 2083 1839 2136 manibus

1921 900 2062 954 lamo
2092 900 2241 968 regni
2261 899 2496 955 caelestis
2518 902 2833 968 sociabitur,
2856 911 2910 958 et
2939 911 3064 960 tunc
3088 906 3325 976 perfecte
3348 911 3492 968 istud

1922 990 2352 1059 frequentabitur
2407 991 2699 1057 canticum,
2765 994 2980 1062 quando
3027 997 3188 1052 totius
3240 998 3494 1055 Ecclesiae

1924 1081 2174 1150 gaudium
2205 1081 2308 1133 erit
2355 1081 2671 1148 perfectum.
2717 1081 2842 1137 Hinc
2882 1099 3010 1153 ergo
3058 1087 3164 1142 duo
3186 1089 3351 1144 verba
3386 1090 3494 1146 He-

1924 1170 2127 1236 braica,
2183 1170 2235 1224 id
2283 1179 2380 1231 est,
2414 1170 2636 1224 Alleluia
2667 1179 2721 1225 et
2762 1173 2954 1239 Amen,
2983 1190 3104 1229 cum
3151 1177 3495 1247 interpretari

1926 1267 2142 1327 queant,
2172 1273 2294 1311 nam
2343 1257 2567 1312 Alleluia
2597 1259 2808 1314 laudate
2854 1261 3135 1317 Dominum
3182 1265 3500 1335 interpreta-
3542 1313 3551 1321 .

1928 1357 2036 1414 tur,
2061 1349 2228 1403 Amen
2253 1364 2466 1418 quoque
2492 1351 2544 1402 in
2564 1351 2718 1417 ﬁdem
2741 1351 2852 1406 sive
2872 1354 3133 1407 veritatem
3156 1356 3499 1424 transfertur,

1927 1447 2148 1508 propter
2181 1439 2537 1492 reverentiam
2587 1449 2765 1494 tamen
2809 1443 3110 1496 sanctitatis
3138 1445 3325 1512 prima:
3361 1448 3503 1502 illius

1929 1527 2125 1598 linguae
2153 1537 2399 1583 servatur
2425 1531 2749 1596 auctoritas;
2793 1540 2955 1602 atque
2981 1533 3208 1589 Alleluia
3238 1537 3293 1590 in
3329 1539 3507 1593 Domi-

1931 1619 2068 1672 nicis
2095 1619 2284 1674 diebus
2327 1628 2546 1689 totoque
2575 1621 3030 1693 quinquagesimae
3070 1633 3332 1696 tempore,
3379 1646 3507 1700 pro-

1932 1717 2053 1780 pter
2079 1725 2232 1780 spem
2275 1712 2711 1777 resurrectionis,
2742 1730 2860 1783 quae
2892 1715 2946 1768 in
2977 1716 3186 1771 Domini
3228 1728 3310 1773 est
3354 1719 3509 1775 laude

1935 1800 2139 1866 futura,
2169 1803 2421 1857 continue
2445 1804 2590 1857 canit
2614 1805 2888 1869 Ecclesia;
2931 1806 3101 1862 Amen
3132 1823 3260 1863 vero
3288 1819 3512 1880 propter

1937 1897 2326 1969 impetrandam
2359 1898 2604 1953 eamdem
2631 1907 2946 1968 perpetuam
2982 1902 3147 1956 vitam
3177 1920 3188 1950 τ
3220 1903 3327 1958 imo
3352 1906 3510 1960 olnne

1939 1991 2135 2045 bonum
2165 1993 2307 2060 quod
2358 1990 2413 2045 in
2457 1992 2707 2061 praesenti
2759 1993 2871 2046 sive
2911 1993 2964 2047 in
3014 1993 3195 2050 futuro
3225 2012 3253 2049 a
3284 1997 3512 2052 Domino

1941 2093 2090 2153 optat
2115 2085 2380 2153 accipere,
2410 2085 2476 2138 ad
2506 2085 2800 2139 sacerdotis
2827 2086 3255 2156 deprecationem
3291 2103 3386 2142 seu
3414 2089 3512 2144 be-

261 2185 400 2254 ejus.
435 2183 502 2236 Et
529 2183 713 2236 iterum
744 2180 987 2234 dixerunt
1018 2177 1244 2233 Alleluia
1285 2191 1301 2228 :
1329 2185 1377 2229 et
1407 2176 1581 2245 fumus
1605 2174 1720 2244 ejus
1756 2189 1843 2226 as-
1868 2166 1917 2226 Β
1946 2173 2326 2236 nedictionem,
2375 2175 2478 2227 rite
2503 2174 2714 2229 devotio
2762 2176 3049 2245 respondet
3079 2175 3335 2232 fidelium.
3379 2177 3517 2247 Apte

261 2273 434 2328 cendit
468 2273 522 2325 in
559 2270 752 2325 stecula
791 2269 1123 2323 saeculorum.
1173 2266 1237 2320 Et
1275 2266 1586 2320 ceciderunt“
1617 2263 1844 2318 seniores

263 2379 394 2419 xxxv
422 2372 469 2416 et
513 2377 565 2414 ιν
596 2361 872 2426 animalia,
923 2368 972 2414 et
1005 2360 1356 2413 adoraverunt
1387 2356 1555 2410 Deum
1584 2354 1846 2408 sedentem

262 2468 419 2520 super
447 2452 688 2504 thronum
718 2451 945 2504 dicentes
971 2463 990 2502 :
1037 2449 1221 2514 Amen,
1272 2447 1517 2502 Alleluia.
1561 2445 1632 2499 Et
1658 2461 1755 2500 vox
1783 2443 1848 2499 de

265 2544 453 2597 throno
484 2543 639 2596 exivit
671 2542 845 2597 dicens
876 2558 894 2596 :
926 2541 1159 2594 Laudem
1190 2540 1345 2594 dicite
1389 2539 1498 2592 Deo
1529 2546 1707 2591 nostro
1736 2552 1848 2589 om-

267 2648 358 2685 nes
385 2633 517 2686 servi
545 2632 680 2699 eius,
711 2639 760 2684 et
787 2633 875 2701 qui
906 2631 1096 2684 timetis
1125 2647 1242 2690 eum
1273 2627 1450 2699 pusilli
1477 2636 1526 2680 et
1556 2626 1752 2697 magni.
1778 2623 1862 2678 Et.

267 2722 446 2776 audivi
474 2723 626 2792 quasi
658 2739 830 2776 vocem
857 2723 1022 2776 turbae
1044 2721 1243 2787 multae,
1261 2730 1308 2774 et
1333 2723 1468 2774 sicut
1494 2735 1665 2773 vocem
1693 2735 1852 2789 aqua-

267 2826 389 2863 rum
433 2809 720 2864 multarum
747 2851 762 2876 ,
810 2820 859 2865 et
905 2812 1038 2865 sicut
1089 2827 1264 2866 vocem
1319 2810 1670 2864 tonitruorum
1731 2826 1849 2862 ma-

274 2916 499 2968 gnorum
528 2900 831 2966 dicentium,
864 2899 1087 2954 Alleluia
1121 2914 1139 2952 :
1185 2900 1431 2970 quoniam
1476 2899 1708 2969 regnavit
1752 2897 1855 2952 Do-

269 2992 446 3046 minus
503 2992 643 3047 Deus
675 3002 849 3046 noster
905 2994 1246 3062 omnipotens,
1303 2992 1624 3062 gaudeamus
1656 2999 1705 3046 et
1760 3008 1854 3046 ea:-

271 3083 521 3138 sultemus
569 3094 616 3137 et
673 3084 852 3138 demus
889 3083 1112 3155 gloriam
1161 3084 1356 3137 nomini
1405 3084 1547 3152 ejus,
1606 3083 1855 3153 quoniam

274 3186 522 3230 venerunt
551 3179 745 3247 nuptice
787 3179 934 3248 agni,
965 3187 1013 3231 et
1045 3193 1178 3231 uxor
1206 3178 1320 3247 ejus
1356 3178 1670 3248 praeparavit
1697 3195 1772 3242 se,
1808 3186 1857 3232 et

273 3266 459 3320 datum
493 3277 567 3320 est
598 3269 882 3336 byssinum,
911 3275 967 3320 ut
991 3268 1252 3338 cooperiat
1281 3285 1355 3333 se,
1389 3268 1654 3338 byssinum
1685 3267 1858 3337 splen-

273 3357 404 3411 dens
449 3358 769 3424 candidum;
814 3358 1078 3428 byssinum
1107 3360 1247 3412 enim
1289 3360 1698 3428 justi/icationes
1736 3368 1858 3413 sunt

273 3459 599 3515 sanctorum,
630 3459 684 3504 et
712 3449 937 3519 reliqua.
969 3448 1096 3503 Haec
1131 3449 1276 3503 enim
1305 3449 1486 3503 omnia
1515 3450 1646 3505 licet
1664 3449 1860 3519 praedi-

1947 2278 2075 2332 ergo
2099 2264 2380 2318 conveniet
2407 2272 2606 2320 sanctae
2628 2268 2775 2322 cruci
2802 2267 2995 2322 harum
3021 2268 3313 2323 dictionum
3340 2269 3519 2338 dispo-

1948 2355 2101 2419 sitio;
2135 2355 2261 2423 quia
2290 2371 2390 2424 per
2418 2356 2588 2425 ipsam
2614 2358 2854 2412 omnium
2883 2373 3066 2413 rerum
3097 2359 3150 2412 in
3179 2358 3390 2414 laudem
3415 2359 3521 2415 Do-

1949 2447 2084 2502 mini
2131 2447 2362 2501 adunata
2391 2456 2474 2501 est
2519 2448 2806 2513 confessio,
2856 2449 3167 2520 angelorum
3196 2449 3519 2520 adimpletur

1950 2553 2240 2603 numerus,
2285 2538 2523 2595 caelestis
2572 2548 2797 2611 augetur
2855 2543 3142 2606 exercitus,
3209 2549 3520 2597 sanctorum

1953 2638 2312 2700 congregatur
2353 2631 2603 2701 populus,
2652 2641 2866 2688 aeternae
2913 2633 2992 2688 eis
3038 2634 3164 2688 vita:
3209 2633 3524 2688 conceditur

1955 2718 2152 2784 aditus,
2195 2727 2249 2773 et
2276 2728 2487 2775 vetusta
2527 2720 2831 2776 dissolvitur
2860 2721 3184 2787 maledictio,
3215 2721 3340 2791 quia
3385 2733 3526 2774 nova

1955 2810 2207 2865 conditur
2249 2809 2572 2865 benedictio.
2618 2811 2771 2867 Unde
2801 2813 2855 2866 in
2897 2819 3196 2866 memorato
3224 2809 3363 2864 libro
3397 2823 3527 2862 xxrv

1957 2903 2199 2959 seniores
2227 2911 2282 2958 et
2321 2919 2374 2957 ιν
2413 2903 2664 2958 animalia
2693 2920 2830 2975 agno
2857 2905 3216 2958 d‘ecantabant
3256 2902 3526 2958 canticum

1957 3014 2157 3053 novum
2194 2997 2434 3054 dicentes
2472 3017 2484 3052 :
2513 2997 2714 3067 Dignus
2742 3015 2816 3064 es,
2848 2997 3067 3052 Domine
3104 2995 3266 3061 Deus,
3301 2995 3531 3064 accipere

1960 3090 2172 3156 librum,
2205 3098 2252 3144 et
2283 3090 2482 3160 aperire
2511 3089 2785 3160 signacula
2801 3089 2913 3159 ejus
2929 3090 3208 3161 ;quoniam
3235 3087 3433 3140 occisus
3457 3100 3531 3150 es,

1959 3188 2008 3234 et
2040 3179 2305 3233 redemisti
2334 3195 2427 3233 nos
2462 3179 2570 3233 Deo
2599 3181 2656 3232 in
2704 3181 2957 3249 sanguine
2987 3188 3096 3243 tuo,
3129 3193 3193 3232 ea:
3221 3177 3361 3231 omni
3392 3175 3532 3228 tribu

1961 3279 2010 3324 et
2034 3269 2217 3339 lingua
2243 3278 2289 3322 et
2305 3268 2495 3338 populo
2521 3277 2569 3323 et
2591 3270 2884 3334 natione,ct
2911 3269 3076 3338 fecisti
3105 3285 3198 3322 nos
3221 3267 3328 3320 Dea
3357 3273 3535 3320 nostro
3613 3265 3630 3276 '

1962 3379 2178 3431 regnum
2205 3371 2253 3416 et
2279 3362 2592 3425 sacerdotes,
2618 3371 2666 3415 et
2696 3361 2984 3430 regnabant
3012 3376 3166 3430 super
3212 3367 3426 3413 terram.
3469 3355 3539 3410 Et

1965 3454 2069 3508 vidi
2098 3463 2146 3506 et
2174 3453 2354 3506 audivi
2379 3469 2550 3506 vocem
2583 3450 2889 3521 angelorum
2921 3450 3204 3506 multorum
3233 3451 3290 3504 in
3316 3449 3539 3503 circuitu

273 3550 367 3596 cta
397 3542 505 3595 sint
553 3542 618 3595 de
653 3541 838 3597 futuro
887 3545 943 3596 in
978 3544 1130 3598 cmlis
1177 3553 1488 3598 sanctorum
1517 3546 1712 3615 gaudio
1739 3557 1863 3616 post
1888 3535 1933 3600 C
1965 3545 2138 3599 throni
2165 3553 2213 3598 et
2243 3543 2553 3597 animalium
2589 3550 2636 3596 et
2667 3541 2960 3608 seniorum;
2987 3550 3035 3595 et
3065 3550 3177 3595 erat
3201 3555 3543 3595 numeruseo-

274 3631 753 3695 resurrectionem,
792 3639 970 3686 tamen
997 3646 1061 3686 ea
1082 3630 1198 3699 jam
1246 3647 1390 3686 nunc
1432 3647 1498 3686 ex
1523 3641 1676 3702 parte
1712 3636 1858 3690 canit

272 3723 526 3778 Ecclesia
554 3738 647 3793 spe
664 3723 777 3792 jam
811 3723 960 3778 salva
984 3724 1162 3790 facta;
1209 3733 1336 3780 tunc
1373 3734 1552 3781 autem
1584 3727 1854 3798 perfecte,

275 3829 405 3869 cum
437 3814 696 3869 discessio
742 3814 886 3870 facta
930 3815 1112 3882 fuerit,
1157 3824 1210 3872 et
1244 3832 1366 3872 cum
1404 3817 1645 3886 apertius
1686 3819 1862 3873 vindi-

279 3913 428 3962 cata.
459 3905 590 3961 Post
617 3907 920 3962 universale
943 3923 1072 3978 ergo
1095 3906 1359 3978 judicium
1384 3910 1598 3964 Domini
1640 3923 1862 3979 separa-

277 3997 488 4052 buntur
515 3998 729 4067 penitus
766 3999 834 4053 ab
873 3999 1057 4063 haedis,
1109 4011 1164 4055 et
1207 4000 1355 4055 ibunt
1406 4002 1552 4072 impii
1587 4003 1640 4056 in
1668 4002 1864 4073 suppli-

280 4085 426 4138 cium
455 4094 725 4151 aeternum,
746 4087 882 4156 justi
928 4097 1102 4142 autem
1128 4089 1181 4143 in
1225 4091 1380 4143 vitam
1409 4100 1678 4145 (sternam.
1711 4091 1866 4148 Nunc

283 4174 504 4245 quidem
531 4185 838 4231 sanctorum
865 4178 1058 4233 anima:
1077 4187 1200 4247 post
1223 4188 1455 4235 mortem
1479 4181 1534 4234 in
1557 4182 1866 4250 paradisum

283 4265 510 4330 vadunt,
547 4272 603 4320 et
652 4265 936 4335 impiorum
981 4267 1038 4320 in
1080 4281 1318 4337 poenam,
1365 4268 1595 4324 Domino
1645 4270 1870 4324 manife-

287 4364 469 4411 stante
498 4357 552 4410 in
572 4371 807 4426 paupere
833 4366 888 4412 et
907 4357 1099 4424 divite;
1129 4359 1223 4414 sed
1243 4374 1470 4430 corpora
1499 4361 1686 4415 mundi
1706 4361 1870 4415 ﬁnem

287 4454 628 4516 exspectant,
650 4456 706 4502 et
731 4449 928 4503 dantur
947 4465 1091 4504 nunc
1105 4449 1268 4520 justis
1288 4451 1510 4521 singula:
1536 4451 1687 4506 stola:
1716 4451 1869 4516 albae,

290 4551 418 4589 cum
447 4535 501 4590 in
525 4537 807 4594 animabus
835 4540 948 4594 suis
976 4541 1218 4610 requiem
1247 4543 1553 4612 percipiunt
1575 4550 1869 4607 aeternam;

293 4634 424 4680 tunc
455 4635 636 4682 autem
667 4629 939 4685 dabuntur
988 4632 1130 4687 binae
1177 4633 1346 4698 stolae,
1401 4634 1615 4702 quando
1644 4648 1874 4702 corpora

291 4731 484 4773 eorum
507 4720 910 4777 immortalitate
937 4722 1134 4786 dedita,
1159 4724 1317 4779 simul
1331 4739 1453 4779 cum
1479 4725 1761 4779 animabus
1786 4739 1876 4779 re-

294 4824 462 4878 gnum
489 4812 756 4881 accipient
782 4813 1191 4884 sempiternum.
1219 4813 1431 4885 Nuptiae
1449 4829 1579 4886 ergo
1598 4821 1729 4870 tunc
1747 4827 1878 4870 vere

1963 3652 2078 3691 rum
2126 3634 2295 3689 millia
2323 3632 2548 3687 millium
2579 3633 2859 3688 dicentium
2911 3649 3030 3688 voce
3056 3649 3246 3704 magna
3283 3647 3302 3685 :
3340 3631 3544 3702 Dignus

1961 3735 2036 3780 est
2065 3743 2229 3796 agnus
2257 3726 2346 3795 qui
2374 3725 2573 3779 occisus
2595 3734 2689 3790 est,
2721 3727 2953 3794 accipere
2989 3725 3252 3787 virtutem,
3277 3730 3327 3776 et
3354 3722 3545 3776 divini~

1964 3829 2119 3874 tatem
2152 3829 2197 3872 et
2231 3818 2562 3890 sapientiam,
2606 3826 2654 3871 et
2696 3817 3075 3887 fortitudinem,
3117 3824 3165 3868 et
3194 3815 3460 3876 honorem,
3497 3821 3545 3866 et

1965 3912 2208 3985 gloriam,
2238 3920 2286 3966 et
2312 3910 2739 3975 benedictionem,
2768 3916 2816 3962 et
2828 3924 3030 3962 omnem
3046 3913 3340 3960 creaturam
3360 3919 3476 3974 qua:
3491 3902 3545 3956 in

1967 4004 2092 4060 ctelo
2117 4013 2194 4059 est
2217 4012 2264 4058 et
2293 4019 2451 4074 super
2477 4011 2673 4056 terram
2700 4010 2749 4055 et
2776 3999 2870 4055 sub
2897 4008 3037 4054 terra
3062 4038 3077 4063 ,
3115 4004 3162 4050 et
3188 4009 3302 4066 quae
3337 4001 3458 4048 sunt
3490 3993 3547 4046 in

1966 4097 2124 4160 mari,
2167 4105 2358 4166 etquae
2396 4095 2453 4148 in
2472 4109 2565 4160 eo,
2597 4109 2772 4148 omnes
2815 4092 2993 4147 audivi
3020 4091 3288 4145 dicentes:
3335 4085 3546 4142 Sedenti

1968 4189 2023 4242 in
2037 4188 2224 4242 throno
2237 4195 2284 4241 et
2299 4203 2455 4257 agno,
2471 4179 2776 4250 benedictio,
2792 4193 2840 4238 et
2864 4185 3052 4247 honor,
3065 4189 3113 4235 et
3134 4187 3359 4251 potestas
3380 4178 3434 4230 in
3449 4191 3548 4230 sw-

1972 4279 2092 4334 cula
2111 4277 2443 4333 swculorum.
2462 4276 2532 4329 Et
2546 4282 2770 4347 quatuor
2783 4273 3036 4328 animalia
3055 4270 3293 4325 dicebant
3318 4281 3337 4320 :
3358 4266 3544 4320 Amen.

2043 4371 2141 4426 Est
2181 4378 2360 4423 autem
2388 4382 2578 4422 versus
2611 4366 2700 4420 hic
2727 4366 2784 4420 in
2816 4363 3045 4419 Alleluia
3072 4361 3326 4432 scriptus,
3352 4367 3408 4414 et
3451 4372 3550 4428 per

1974 4461 2172 4517 seriem
2206 4459 2511 4514 litterarum
2537 4455 2777 4526 ejusdem
2821 4453 3069 4510 dictionis
3098 4452 3172 4506 ita
3198 4449 3454 4521 legendus
3495 4466 3510 4501 :

2097 4551 2223 4602 Crux
2245 4557 2427 4599 aeterna
2445 4547 2540 4598 Dei
2557 4558 2620 4596 es
2634 4546 2760 4608 laus,
2787 4545 2910 4593 vivis
2928 4545 2978 4592 in
2994 4553 3107 4591 arce
3127 4538 3364 4602 polorum.

1975 4635 2148 4689 Amen
2173 4646 2384 4701 quoque
2406 4637 2637 4700 quatuor
2664 4626 2858 4682 litteris
2899 4624 3012 4679 suis
3037 4635 3133 4692 per
3177 4628 3409 4689 quatuor
3431 4631 3552 4670 cor-

1978 4740 2086 4780 nua
2112 4723 2291 4778 crucis
2318 4721 2555 4792 primum
2601 4718 2791 4788 incipit
2819 4731 2889 4772 ex
2910 4712 3145 4777 alleluia,
3191 4708 3385 4767 litteris
3428 4713 3552 4764 octo

1982 4811 2318 4884 complenda.

3574 4905 3605 5018 (ζ
