3970 6488
1273 425 1363 490 ΒΕ
1396 418 1745 489 MUWUS
1778 418 1839 487 ὃν
1875 417 2144 487 βλυωδ,
2183 447 2254 479 -τ
2289 418 2416 485 LIB.
2453 421 2496 477 1.

1396 551 1912 623 ΒΕΕΒΛΜΤΙΟ
1971 552 2308 616 FIGUIUE.

323 809 384 881 In
411 810 554 876 hanc
577 804 774 887 quippe
794 802 1044 879 paginam
1067 802 1222 869 libuit
1250 800 1553 867 testimonia
1579 805 1825 882 quaedam
1850 808 1903 870 A
1925 804 2083 877 pulit.
2111 813 2163 867 et
2195 805 2512 877 congregabo
2538 821 2628 867 eos
2653 806 2719 865 de
2745 806 2920 876 terris,
2945 816 2996 871 et
3034 807 3283 877 inducam.
3308 829 3400 875 us
3436 816 3495 877 in

252 902 320 971 de
348 900 734 979 prophetarum
767 895 926 961 dictis
953 909 1303 971 congregare,
1335 908 1455 963 quae
1479 894 1545 955 de
1575 895 1826 969 passione

250 992 453 1061 Christi
480 990 795 1069 prophetam
824 993 967 1059 sunt.
1000 993 1055 1049 et
1082 986 1148 1051 ad
1177 994 1373 1045 sancta:
1400 984 1576 1047 crucis
1601 984 1826 1056 gloriam

248 1084 637 1159 pertingereui:
666 1079 791 1149 Haec
817 1078 941 1147 licet
962 1076 1127 1140 multa
1149 1075 1374 1141 inveniri
1397 1076 1622 1151 possint.
1648 1083 1826 1139 tamen

248 1183 473 1254 propter
499 1171 737 1249 opusculi
764 1171 1080 1235 brevitatem
1110 1184 1140 1235 .a
1169 1167 1323 1233 nobis
1344 1167 1433 1231 hic
1456 1168 1635 1231 omnia
1663 1169 1827 1233 deno—

249 1265 355 1328 tari
385 1280 489 1331 non
526 1268 803 1341 poterunt;
851 1258 944 1321 sed
988 1273 1051 1323 ea
1082 1268 1258 1323 tamen
1286 1257 1680 1327 introduximus
1706 1272 1826 1331 quae

246 1355 473 1421 dictanti
499 1354 649 1423 acinis
678 1353 729 1421 in
758 1359 991 1419 mentem
1020 1357 1297 1419 venerant,
1322 1358 1377 1409 et
1400 1365 1430 1404 a
1455 1358 1727 1425 (intercute
1752 1350 1826 1413 ta-

245 1445 404 1509 cilius
432 1443 660 1509 inveniri
688 1450 957 1515 poterant,
998 1440 1167 1505 David
1207 1456 1334 1512 ergo
1361 1442 1623 1519 propheta
1662 1449 1825 1519 atque

246 1535 525 1609 psalmista
558 1533 722 1601 multa
751 1531 1119 1609 hujuscemodi
1161 1532 1322 1597 habet
1364 1516 1687 1599 tesurnonia.
1725 1516 1825 1595 Hic

245 1626 313 1681 de
336 1624 494 1681 modo
518 1625 784 1695 passionis
805 1623 1013 1693 Domini
1045 1623 1223 1691 taliter
1245 1623 1298 1687 in
1325 1624 1533 1701 psalmo
1560 1640 1670 1685 xxu
1694 1624 1823 1688 dicit

244 1730 311 1769 ex
339 1730 568 1783 persona
594 1714 794 1785 Christi
825 1729 840 1783 ;
873 1712 1142 1781 Fuderunt
1182 1730 1369 1771 manus
1409 1731 1551 1769 meas
1582 1722 1629 1779 et
1668 1714 1822 1785 pedes

244 1822 407 1877 meos,
435 1806 894 1875 dinumeraverunt
917 1807 1091 1871 omnia
1117 1823 1234 1861 ossa
1260 1823 1396 1875 meq,
1429 1805 1541 1878 Ipsi
1568 1823 1684 1869 vero
1707 1823 1825 1863 con-

242 1895 600 1964 sideraverunt
630 1904 679 1950 et
705 1905 1077 1971 compegerunt
1104 1912 1205 1968 me,
1234 1896 1519 1965 diviserunt
1549 1897 1646 1959 sibi
1677 1897 1825 1959 vesti-

241 1996 418 2054 menta
442 2005 578 2055 mea,
601 1997 647 2042 et
672 2004 823 2058 super
846 1997 1030 2053 vestem
1058 2003 1225 2042 meam
1248 1989 1498 2049 miserunt
1522 1995 1731 2049 sortem.
1755 1986 1823 2041 Et

218 2079 375 2143 item
406 2079 456 2143 in
483 2080 691 2151 psalmo
718 2095 840 2148 uix
868 2097 880 2147 ;
914 2079 983 2133 Et
1011 2078 1296 2145 dederunt,
1332 2078 1537 2159 inquit,
1569 2080 1624 2137 in
1650 2094 1820 2143 escam

1925 905 2120 961 terram
2160 912 2331 962 ouant,
2363 904 2412 957 et
2437 912 2649 966 pascant
2690 912 2779 959 cas
2819 897 2877 955 in
2914 901 3176 961 montibus
3207 900 3397 965 Israel.
3427 905 3497 965 Et

1924 986 2083 1057 paulo
2102 993 2225 1057 post
2250 1005 2263 1040 :
2298 985 2428 1056 Ego.
2458 986 2653 1057 inquit,
2676 1002 2889 1056 pascam
2913 1005 3027 1051 oves
3052 1007 3194 1053 meas
3219 1003 3268 1049 et
3292 1011 3380 1053 eos
3406 1012 3495 1057 ac-

1924 1077 2114 1141 cubare
2133 1077 2346 1147 faciam,
2366 1076 2492 1135 dicit
2512 1076 2790 1147 Dominus,
2810 1079 2948 1149 quod
2966 1084 3191 1152 perierat
3211 1086 3492 1153 requiram,

1923 1175 1973 1227 et
2001 1168 2139 1237 quod
2169 1166 2427 1236 abjectum
2457 1175 2566 1223 erat
2592 1167 2861 1237 reducam.
2889 1177 2938 1227 et
2962 1171 3101 1243 quod
3129 1173 3355 1241 fractum
3382 1185 3493 1238 erat

1924 1255 2170 1326 alligabo,
2203 1263 2250 1309 et
2280 1253 2419 1325 quod
2444 1253 2710 1325 inﬁrmum
2752 1264 2863 1313 erat
2906 1260 3256 1327 consolidaba,
3283 1264 3492 1333 etquod

1922 1351 2112 1423 pingue
2147 1358 2196 1409 et
2226 1348 2358 1421 forte
2386 1349 2699 1414 custodiam,
2723 1357 2771 1409 et
2794 1367 3005 1421 pascam
3034 1351 3153 1409 illas
3180 1354 3237 1408 in
3264 1355 3490 1423 judicio.

1923 1441 2111 1505 Daniel
2137 1456 2284 1502 vero,
2320 1439 2761 1512 chronographus
2788 1440 3137 1506 certissimus.
3166 1450 3376 1514 tempus
3413 1444 3497 1503 in-

1923 1528 2250 1595 carnationis
2276 1526 2485 1591 Domini
2514 1536 2567 1591 et
2600 1527 3024 1599 redemptionem
3057 1539 3297 1591 nostram
3325 1530 3498 1589 ﬁdeli-

1922 1628 2005 1683 ter
2025 1617 2316 1683 intimavit,
2345 1616 2535 1687 angelo
2555 1616 2656 1681 sibi
2682 1616 2785 1677 hoc
2811 1616 3099 1680 ret'elante.
3128 1617 3495 1693 Septuaginta,

1921 1711 2128 1783 inquit,
2182 1707 2520 1773 hebdomade:
2554 1706 2862 1769 abbreviatre
2899 1716 3021 1769 sunt
3056 1725 3211 1783 super
3245 1710 3497 1783 populum

1920 1815 2067 1870 tuum
2092 1812 2139 1861 et
2167 1819 2322 1874 super
2347 1801 2525 1859 urbem
2551 1809 2787 1859 sanctam
2826 1808 2993 1871 tuam,
3026 1809 3084 1859 ut
3113 1812 3499 1861 consummatur

1919 1894 2305 1970 praevaricatio,
2333 1901 2381 1951 et
2411 1892 2567 1965 ﬁnem
2609 1890 2831 1963 accipiat
2861 1899 3149 1963 peccatum,
3191 1899 3237 1953 et
3262 1891 3498 1953 deleatur

1919 1987 2189 2059 iniquitas,
2214 1994 2263 2043 et
2286 1984 2581 2049 adducatur
2598 1983 2813 2054 justitia
2835 1984 3167 2055 seatpiterna,
3191 1992 3246 2039 ut
3274 1982 3494 2054 implea-
3578 2020 3583 2025 ς

1920 2085 2007 2135 tur
2035 2077 2160 2141 visio
2183 2084 2230 2139 et
2260 2074 2550 2148 prophetia,
2581 2083 2629 2131 et
2665 2081 2895 2144 ungatur
2919 2082 3131 2135 sanctus
3171 2082 3492 2133 sanctorum.

239 2185 415 2229 meam
443 2168 532 2241 fel,
562 2179 609 2224 et
634 2171 688 2239 in
710 2170 796 2224 siti
821 2186 934 2235 mea
954 2178 1261 2243 putaverunt
1285 2186 1365 2235 me
1392 2178 1553 2237 aceto,
1580 2170 1646 2231 Et
1674 2170 1817 2240 quod
1843 2172 1892 2233 B
1919 2166 2061 2225 Scito
2083 2183 2203 2238 ergo
2232 2174 2280 2227 et
2304 2164 2654 2227 animadverte
2682 2164 2747 2223 ab
2775 2166 2917 2227 exitu
2938 2164 3211 2232 sermonis,
3233 2173 3289 2235 ut
3308 2165 3494 2227 iterum

240 2257 296 2311 in
335 2257 479 2330 ligno
506 2274 763 2330 passurus
787 2266 962 2335 esset,
992 2259 1047 2317 in
1072 2257 1279 2337 psalmo
1310 2274 1446 2317 CXLV
1469 2259 1702 2315 ostendit
1740 2260 1821 2319 di-

239 2364 369 2403 cens
393 2368 404 2422 ;
433 2350 831 2415 Commoveatur
854 2369 886 2405 a
914 2351 1049 2431 facie
1071 2351 1186 2427 ejus
1215 2351 1455 2417 universa
1477 2360 1639 2418 terra,
1665 2351 1819 2407 dicite

240 2440 297 2493 in
333 2442 669 2511 nationibus:
700 2441 955 2509 Dominus
982 2442 1215 2514 regnabit
1244 2460 1275 2498 a
1307 2443 1468 2515 ligno,
1499 2451 1555 2497 et
1591 2443 1817 2514 reliqua,

241 2527 407 2583 Isaias
439 2544 650 2611 quoque
679 2531 806 2585 hinc
829 2532 905 2585 ait
936 2550 949 2585 :
987 2531 1250 2601 Parvulas
1274 2534 1411 2598 enim
1440 2543 1593 2597 natus
1623 2541 1698 2595 est
1728 2549 1821 2588 no-

243 2616 338 2680 bis,
380 2628 426 2672 et
457 2620 601 2702 filius
630 2619 788 2685 datus
818 2630 892 2674 est
925 2619 1093 2697 nobis,
1119 2629 1167 2691 et
1196 2619 1367 2705 factus
1394 2629 1466 2688 est
1496 2622 1820 2693 principatus

241 2722 395 2791 super
420 2708 692 2763 humerum
719 2711 854 2780 ejus,
887 2718 941 2767 et
964 2710 1189 2785 reliqua.
1220 2709 1285 2764 Et
1316 2710 1444 2777 item
1475 2724 1490 2764 :
1522 2709 1589 2775 In
1612 2711 1696 2765 die
1725 2710 1821 2765 illa

242 2797 338 2863 erit
363 2800 515 2861 radix
541 2798 709 2867 lesse,
742 2801 829 2881 qui
852 2809 954 2855 stat
978 2802 1031 2855 in
1055 2803 1261 2877 signum
1289 2800 1620 2873 populorum,
1650 2804 1820 2873 ipsum

242 2900 417 2973 gentes
448 2890 882 2975 deprecabuntur,
925 2903 973 2947 et
1015 2894 1112 2947 erit
1140 2892 1433 2975 sepulcrum
1474 2893 1589 2967 ejus
1629 2890 1824 2965 glorio-

242 3001 380 3051 sum.
414 2984 479 3040 Et
506 2984 664 3069 paulo
690 2994 807 3067 post
840 3004 853 3040 :
886 2985 1143 3055 Elevabit,
1180 2986 1370 3057 inquit,
1408 2988 1615 3058 signum
1648 2987 1702 3041 in
1728 3002 1824 3045 na-

242 3074 492 3143 tionibus,
531 3087 578 3131 et
610 3078 939 3155 congregabit
973 3079 1220 3155 profugos
1258 3078 1448 3145 Israel,
1478 3087 1526 3132 et
1565 3077 1822 3159 dispersos

242 3165 390 3233 Iuda
419 3168 619 3245 colliget
659 3188 690 3229 a
722 3180 949 3249 quatuor
984 3170 1151 3243 plagis
1181 3179 1349 3239 terrae,
1395 3178 1450 3226 et
1485 3171 1710 3257 reliqua.
1756 3169 1822 3224 Et

242 3260 376 3315 item
405 3280 417 3315 :
448 3262 704 3319 Dominus
736 3265 906 3336 posuit
932 3265 989 3318 in
1018 3281 1076 3317 eo
1110 3264 1437 3335 iniquitatem
1467 3263 1698 3317 omnium
1728 3279 1824 3327 no-
1850 3314 1855 3317 .

243 3362 446 3431 stram;
472 3354 674 3410 oblatus
700 3365 796 3422 est,
823 3357 947 3426 quia
973 3356 1078 3426 ipse
1108 3354 1288 3422 voluit,
1315 3364 1364 3409 et
1399 3371 1503 3408 non
1537 3354 1739 3424 aperuit
1766 3370 1822 3408 os

242 3460 418 3509 suum,
445 3445 575 3499 sicut
596 3447 701 3501 ovis
727 3447 794 3502 ad
816 3448 1124 3501 occisionem
1145 3447 1383 3511 ducetur,
1409 3454 1457 3499 et
1480 3445 1630 3516 quasi
1657 3460 1821 3515 agnus

241 3548 421 3586 coram
439 3534 680 3597 tondente
704 3553 758 3590 se
780 3536 1109 3600 obmutescet,
1132 3544 1179 3589 et
1205 3552 1310 3589 non
1334 3535 1528 3604 aperiet
1549 3552 1605 3588 os
1644 3551 1815 3589 suum.

244 3625 313 3679 Et
334 3626 460 3680 item
485 3642 552 3681 ex
575 3644 808 3698 persona
835 3629 1048 3685 Domini
1075 3628 1204 3682 dicit
1234 3643 1249 3681 :
1282 3627 1481 3697 Corpus
1509 3643 1679 3684 meum
1702 3627 1825 3680 dedi

242 3718 646 3787 percutientibus
673 3728 721 3773 et
747 3736 903 3789 genas
924 3736 1067 3773 meas
1094 3718 1411 3782 vellentibus,
1441 3719 1628 3788 faciem
1656 3734 1826 3772 meam

243 3826 349 3863 non
377 3811 539 3864 averti
562 3811 625 3864 ab
653 3812 1034 3883 increpantibus
1062 3821 1107 3866 et
1133 3813 1529 3881 conspuentibus
1555 3811 1611 3865 in
1635 3828 1735 3876 me,
1770 3818 1827 3865 et
1874 3880 1879 3885 ,

243 3901 475 3970 reliqua.
502 3900 571 3956 Et
595 3902 791 3957 iterum
820 3921 834 3956 :
865 3902 1110 3974 Expandi
1135 3919 1322 3956 manus
1352 3917 1493 3955 meas
1518 3909 1625 3955 tota
1650 3901 1734 3954 die
1756 3901 1826 3954 ad

240 3991 496 4063 pupulum
530 3994 885 4061 incredulum,
931 3997 1019 4066 qui
1059 3995 1300 4066 graditur
1326 3995 1381 4049 in
1421 3996 1506 4049 via
1547 4011 1650 4048 non
1693 3995 1827 4049 bona

242 4092 364 4156 post
410 4086 742 4155 cogitationes
769 4104 913 4141 suas.
957 4085 1231 4141 Jeremias
1265 4095 1445 4140 autem
1489 4101 1556 4140 ex
1597 4099 1829 4154 persona

245 4175 463 4230 Domini
491 4176 620 4232 dicit
651 4194 665 4231 :
696 4177 810 4248 Ego
833 4180 981 4249 quasi
1005 4195 1169 4248 agnus
1198 4188 1517 4243 mansuetus,
1546 4178 1634 4248 qui
1657 4187 1831 4247 porta-

247 4276 345 4319 tur
364 4266 432 4318 ad
453 4267 730 4330 victimam,
759 4276 805 4322 et
831 4285 933 4322 non
957 4270 1186 4339 cognovi,
1213 4270 1335 4339 quia
1365 4269 1720 4338 cogitaverunt
1746 4286 1831 4322 su-

248 4370 347 4425 per
370 4371 449 4408 me
473 4355 709 4421 consilia,
742 4357 968 4411 dicentes
991 4372 1008 4409 :
1036 4357 1306 4412 Mittamus
1340 4356 1537 4428 lignum
1560 4358 1615 4411 in
1644 4374 1831 4428 panem

249 4444 389 4513 ejus,
418 4454 466 4498 et
500 4448 776 4511 eradamus
806 4465 922 4502 eum
960 4449 1023 4502 de
1064 4457 1203 4503 terra
1230 4450 1528 4513 viventium,
1571 4458 1618 4503 et
1646 4466 1831 4504 nomen

253 4534 372 4603 ejus
399 4550 500 4588 non
527 4547 836 4589 memoretur
855 4537 1097 4607 amplius.
1138 4538 1207 4592 Et
1237 4538 1364 4593 item
1395 4556 1408 4592 :
1451 4537 1712 4609 Spiritus,
1750 4538 1833 4592 iu-

254 4625 416 4695 quit,
472 4628 578 4681 oris
626 4631 789 4683 nostri
831 4628 1068 4684 Christus
1115 4631 1371 4685 Dominus
1424 4642 1605 4701 captus
1654 4641 1731 4685 est
1777 4634 1834 4685 in

253 4718 481 4788 peccatis
513 4722 722 4775 nostris.
767 4722 1013 4776 Ezechiel
1043 4738 1171 4793 ergo
1206 4723 1537 4792 signaculum
1565 4723 1741 4778 crucis
1778 4724 1832 4777 in

257 4807 429 4879 ﬁgura
462 4809 503 4863 T
538 4811 728 4867 litterae
747 4815 1009 4884 expressit
1040 4815 1224 4870 dicens
1253 4834 1265 4869 :
1298 4814 1365 4868 Et
1387 4815 1519 4869 dixit
1555 4816 1623 4868 ad
1667 4816 1834 4868 virum

1921 2258 2265 2329 remdificetur
2295 2254 2650 2323 Hierusalem,
2695 2271 2857 2331 usque
2901 2254 2970 2317 ad
3010 2253 3274 2321 Christum
3312 2255 3496 2315 ducem

1918 2346 2257 2411 hebdomadw
2282 2354 2474 2420 sentem
2497 2354 2546 2405 et
2574 2346 2845 2420 sexaginta
2874 2344 2995 2407 dare
3018 2352 3189 2401 erunt.
3230 2344 3299 2407 Et
3335 2343 3496 2417 paulo

1918 2450 2041 2511 post
2079 2439 2357 2512 subjunxit
2397 2440 2471 2505 ita
2512 2455 2528 2492 :
2569 2438 2639 2497 Et
2680 2446 2794 2509 post
2834 2438 3185 2503 hebdomadas
3225 2441 3497 2510 sexaginta

1921 2531 2055 2595 duas
2095 2531 2356 2593 occidetur
2389 2529 2625 2595 Christus
2663 2536 2710 2589 et
2754 2545 2859 2599 non
2897 2529 3013 2599 erit,
3059 2538 3108 2590 et
3153 2530 3410 2593 civitatem
3448 2538 3495 2584 et

1920 2625 2279 2691 sanctuarium
2317 2621 2591 2695 dissipabit
2625 2620 2845 2695 populus
2876 2637 2995 2685 cum
3031 2621 3160 2683 duce
3188 2622 3386 2695 futuro.
3430 2623 3498 2679 Et

1921 2726 1982 2785 ut
2002 2716 2380 2787 ostenderetur
2420 2713 2567 2783 illam
2607 2710 2996 2779 hebdomadam
3035 2727 3295 2775 annorum
3323 2712 3499 2769 excel-

1922 2809 2035 2873 lere
2061 2807 2291 2873 caeteris,
2320 2805 2376 2869 in
2400 2820 2506 2875 qua
2529 2802 2776 2870 Christus
2807 2800 3151 2873 Evangelium
3187 2802 3500 2872 pmdicavit

1921 2910 1977 2967 et
2000 2898 2258 2965 miracula
2286 2897 2435 2963 fecit.
2470 2897 2522 2959 in
2552 2910 2657 2973 qua
2680 2901 2734 2953 et
2758 2907 2945 2967 passus
2972 2899 3054 2949 est
3077 2900 3131 2955 et
3150 2892 3443 2963 resurrexit
3468 2907 3500 2949 a

1922 2991 2171 3059 mortuis.
2202 3003 2444 3051 seorsum
2472 2987 2537 3051 de
2566 3000 2628 3047 ea
2650 2984 2860 3041 locutus
2883 2983 2959 3047 ait
2989 3000 3002 3047 ;
3033 2980 3375 3058 Conﬁrmabit
3404 2998 3500 3045 au-

1922 3092 2025 3143 tem
2052 3090 2317 3156 peccatum
2356 3077 2532 3141 multis
2568 3075 2902 3137 hebdomadis
2930 3090 3058 3145 una,
3097 3081 3147 3139 et
3187 3072 3242 3135 in
3282 3072 3498 3135 dimidio

1922 3172 2257 3247 hebdomadis
2282 3170 2483 3243 deﬁciet
2517 3168 2686 3225 hostia
2714 3176 2763 3227 et
2792 3164 3133 3243 sacrificium,
3159 3172 3206 3219 et
3233 3164 3287 3231 in
3313 3162 3499 3235 templo

1923 3266 2021 3329 erit
2044 3262 2364 3327 abominatio
2390 3258 2726 3319 desolationis
2749 3266 2797 3317 et
2817 3273 2979 3331 usque
3003 3256 3072 3321 ad
3099 3253 3500 3319 consummatio-

1924 3374 2041 3419 nem
2071 3367 2118 3423 et
2141 3356 2297 3427 finem
2321 3352 2664 3429 perseverabit
2688 3350 2962 3415 desolatio,
2996 3347 3146 3413 Oscae
3172 3361 3386 3417 quoque
3409 3345 3501 3399 de—

1924 3451 2196 3515 rationem
2237 3446 2476 3522 gentium
2518 3452 2573 3505 et
2615 3440 3061 3511 condunatiunem
3109 3438 3360 3505 Ecclesiae
3404 3452 3502 3513 per

1848 3530 1893 3594 C
1924 3541 2198 3609 Christum
2247 3545 2585 3613 congregata:
2631 3522 3065 3597 manifestissime
3109 3528 3383 3605 praedicat.
3430 3525 3499 3583 Et

1925 3634 2058 3707 erit,
2101 3634 2303 3709 inquit,
2348 3631 2403 3695 in
2445 3629 2557 3695 loco
2582 3626 2905 3693 ubidicilur,
2945 3623 3066 3691 Non
3094 3620 3314 3699 populus
3357 3636 3500 3687 meus

1925 3742 2033 3789 vos,
2070 3724 2270 3777 dicetur
2303 3722 2399 3785 eis,
2435 3717 2563 3771 Filii
2589 3717 2683 3770 Dei
2706 3716 2938 3770 viventis.
2961 3713 3029 3766 Et
3057 3711 3503 3781 congregabuntur

1926 3817 2024 3887 ﬁlii
2045 3815 2191 3869 Iuda
2233 3822 2282 3868 et
2309 3812 2409 3882 ﬁlii
2456 3809 2621 3865 Israel
2647 3810 2865 3880 pariter,
2892 3817 2941 3861 et
2965 3813 3154 3876 ponent
3179 3804 3381 3857 sibimet
3408 3819 3499 3855 ca-

1926 3916 2017 3980 put
2052 3923 2236 3971 unum,
2268 3911 2322 3958 et
2350 3901 2573 3971 reliqua.
2605 3899 2675 3953 Et
2699 3898 2764 3952 de
2789 3896 3065 3966 ereptione
3102 3901 3285 3948 nostra
3320 3892 3388 3945 ab
3416 3891 3500 3944 in-

1929 3998 2058 4055 feris
2082 3997 2382 4065 mortisque
2409 3991 2785 4048 interiectione
2806 4031 2821 4055 ,
2854 3987 3264 4059 promissionem
3290 3983 3501 4039 Domini

1929 4091 2166 4148 declarat
2194 4088 2380 4142 dicens
2411 4104 2424 4140 :
2457 4085 2535 4138 De
2563 4098 2725 4137 manu
2756 4080 2935 4134 mortis
2965 4076 3190 4131 liberabo
3224 4091 3333 4139 eos,
3365 4081 3411 4127 et
3440 4072 3504 4126 de

1928 4187 2092 4234 morte
2121 4176 2372 4232 redimam
2406 4189 2530 4239 eos;
2571 4189 2658 4226 ero
2699 4186 2837 4223 mors
2874 4178 2984 4231 tua,
3028 4184 3058 4220 ο
3098 4181 3259 4230 mors,
3299 4177 3503 4217 morsus

1931 4279 2052 4324 tuus
2087 4284 2196 4333 ero,
2240 4266 2462 4335 inferne.
2493 4262 2609 4318 Joel
2645 4275 2879 4328 namque
2916 4255 3206 4310 Dominica:
3241 4251 3505 4322 passionis

1931 4368 1985 4414 et
2013 4358 2361 4414 salvationem
2396 4354 2629 4408 ﬁdelium
2659 4351 3013 4411 demonstrat,
3042 4346 3115 4400 ita
3149 4345 3334 4398 dicens
3361 4357 3376 4395 :
3414 4339 3505 4395 Sol

1931 4459 1978 4506 et
2019 4450 2145 4502 luna
2176 4443 2491 4500 obtenebrati
2527 4450 2649 4496 sunt
2684 4447 2732 4494 et
2766 4437 2929 4492 stella:
2970 4441 3294 4489 retraxerunt
3331 4430 3506 4484 lumen

1932 4559 2109 4608 suum,
2156 4549 2203 4595 et
2234 4539 2488 4593 Dominus
2517 4535 2582 4589 de
2623 4532 2752 4589 Sion
2781 4530 2966 4601 rugiet,
2993 4537 3041 4582 et
3069 4526 3133 4580 de
3175 4520 3505 4578 Hierusalem

1932 4636 2078 4689 dabit
2114 4648 2287 4687 vocem
2327 4645 2499 4693 suam,
2546 4635 2595 4680 et
2634 4623 2971 4679 movebuntur
3017 4616 3129 4671 caeli
3159 4624 3207 4668 et
3250 4623 3412 4677 terra,
3459 4619 3507 4664 et

1934 4725 2191 4780 Dominus
2220 4704 2334 4791 spe's
2360 4715 2536 4789 populi
2564 4716 2666 4779 sui,
2692 4721 2739 4766 et
2766 4708 3018 4778 fortitudo
3044 4706 3273 4775 ﬁliorum
3315 4699 3504 4764 Israel,

1936 4826 1986 4873 et
2019 4816 2189 4871 scietis
2232 4813 2355 4883 quia
2394 4826 2487 4880 ego
2530 4806 2785 4862 Dominus
2822 4802 2961 4856 Deus
3001 4807 3161 4855 vester
3186 4796 3426 4850 habitans
3454 4793 3508 4845 in

256 4903 349 4973 qui
382 4904 596 4957 indutus
617 4915 727 4959 erat
753 4905 942 4960 lineis:
973 4906 1162 4962 Transi
1189 4924 1281 4978 per
1306 4908 1530 4962 mediam
1556 4907 1831 4972 civitatem,
1859 4885 1912 4945 D
1936 4916 2108 4962 monte
2148 4912 2328 4959 sancto
2370 4917 2506 4967 meo,
2548 4907 2597 4953 et
2657 4898 2755 4952 erit
2818 4890 3149 4948 Hierusalem
3192 4897 3404 4950 sancta,
3463 4893 3510 4938 et

258 4993 316 5046 in
340 4993 509 5046 medio
535 4992 886 5062 Hierusalem,
910 5006 957 5051 et
984 4999 1131 5068 signa
1162 4997 1272 5051 Tau
1298 5015 1452 5067 super
1479 4997 1674 5066 frontes
1700 4997 1839 5050 viro-

262 5098 379 5135 rum
409 5085 720 5152 gementium
748 5096 795 5140 et
820 5086 1123 5153 dolentium,
1168 5105 1323 5158 super
1343 5088 1540 5141 cunctis
1570 5086 1839 5141 abomina-

261 5174 491 5229 tionibus
523 5176 659 5244 fiunt
693 5179 748 5231 in
788 5180 958 5232 medio
1000 5179 1130 5247 ejus,
1175 5188 1229 5233 et
1263 5178 1488 5248 reliqua.
1527 5177 1595 5231 Et
1636 5172 1837 5231 bonum

263 5264 414 5319 illum
441 5275 712 5333 pastorem
741 5270 1067 5338 exprimens,
1097 5269 1188 5338 qui
1226 5269 1405 5338 posuit
1429 5268 1661 5322 animam
1687 5282 1841 5321 suam

263 5370 365 5424 pro
392 5356 579 5410 ovibus
626 5358 759 5421 suis,
802 5359 877 5412 ait
909 5378 920 5411 :
963 5358 1089 5413 Haec
1114 5360 1239 5412 dicit
1264 5359 1519 5413 Dominus
1545 5372 1563 5410 :
1594 5357 1727 5411 Ecce
1750 5373 1841 5425 ego

261 5447 376 5514 ipse
407 5447 664 5517 requiram
692 5465 806 5501 oves
835 5466 975 5503 meas
1018 5460 1065 5503 et
1108 5451 1322 5504 visitabo
1365 5467 1470 5511 eas,
1502 5450 1635 5502 sicut
1666 5449 1839 5502 visitat

263 5547 445 5606 pastor
462 5542 672 5607 gregem
709 5555 864 5593 suum
902 5541 958 5593 in
1000 5541 1083 5594 die
1121 5540 1330 5610 quando
1373 5540 1530 5609 fuerit
1574 5539 1630 5592 in
1670 5537 1840 5591 medio

267 5627 443 5679 ovium
467 5644 684 5682 suarum
710 5630 1104 5701 dissipatarum,
1126 5632 1200 5684 sic
1232 5632 1445 5685 visitabo
1468 5646 1581 5684 oves
1609 5646 1771 5693 meas,
1792 5637 1841 5680 et

268 5718 499 5773 liberabo
552 5738 640 5775 eas
692 5722 756 5776 de
802 5723 1038 5777 omnibus
1085 5722 1209 5777 locis
1264 5724 1319 5776 in
1364 5721 1547 5792 quibus
1596 5722 1843 5790 dispersa:

268 5819 443 5879 erant,
485 5810 540 5869 in
573 5811 657 5867 die
684 5812 833 5868 nubis
862 5822 911 5868 et
937 5811 1194 5887 caliginis,
1233 5822 1282 5868 et
1307 5812 1523 5868 educam
1549 5829 1639 5868 eas
1662 5812 1726 5866 de
1750 5826 1843 5883 po—

1938 4999 2095 5053 alieni
2132 5013 2236 5051 non
2269 4991 2653 5064 pertransibunt
2673 5006 2765 5060 per
2792 5004 2905 5043 eam
2928 4984 3172 5056 amplius,
3203 4988 3259 5036 et
3282 4978 3506 5045 reliqua.

1939 5086 2077 5140 Hinc
2117 5084 2282 5139 Amos
2316 5082 2434 5136 ait:
2465 5080 2533 5134 Et
2573 5079 2669 5132 erit
2710 5079 2766 5132 in
2805 5076 2889 5129 die
2918 5073 3033 5137 illa,
3077 5071 3204 5124 dicit
3230 5066 3508 5129 Dominus,

1939 5172 2142 5228 occidat
2167 5170 2245 5227 sol
2274 5169 2490 5223 meridie
2509 5178 2558 5223 et
2579 5167 2922 5221 tenebrescere
2941 5161 3102 5231 faciat
3131 5167 3322 5211 terram
3349 5156 3405 5209 in
3428 5153 3511 5206 die

1942 5263 2177 5327 luminis,
2200 5270 2244 5316 et
2276 5268 2566 5315 convertam
2596 5256 2895 5327 festivitates
2923 5260 3113 5306 vestras
3140 5248 3197 5300 in
3225 5246 3440 5309 luctum,
3463 5253 3510 5298 et

1943 5356 2116 5410 omnia
2142 5355 2345 5408 cantica
2368 5362 2533 5408 vestra
2557 5352 2612 5404 in
2634 5349 2918 5420 planctum,
2941 5352 2993 5398 et
3014 5342 3240 5412 reliqua.
3267 5339 3333 5393 Et
3355 5337 3512 5407 paulo

1941 5453 2064 5517 post
2092 5464 2105 5498 :
2137 5444 2203 5498 In
2225 5444 2308 5497 die
2335 5442 2448 5507 illa,
2481 5441 2682 5511 inquit,
2710 5435 2968 5491 suscitabo
2993 5430 3381 5488 tabernaculum
3412 5427 3514 5479 Da-

1943 5534 2027 5589 vid
2061 5533 2197 5604 quod
2223 5533 2429 5597 cecidit,
2473 5539 2521 5584 et
2559 5526 2883 5595 retudiﬁcabo
2924 5534 3193 5595 aperturas
3221 5533 3512 5580 murorum,

1946 5634 1992 5678 et
2022 5642 2082 5678 ea
2109 5640 2225 5694 qua?
2254 5629 2557 5676 corruerant
2602 5615 2926 5679 instaurabo,
2970 5623 3026 5670 et
3061 5613 3288 5682 reliqua.
3318 5608 3516 5663 Abdias

1947 5722 2127 5767 autem
2158 5712 2306 5767 dolos
2331 5710 2636 5765 Judceorum
2676 5714 2860 5762 contra
2891 5705 3174 5760 Dominum
3210 5700 3515 5771 exprimens

1946 5816 2001 5863 et
2026 5805 2283 5869 Ecclesia:
2310 5802 2658 5862 salvatiouem
2684 5814 2699 5856 :
2727 5797 2942 5865 Omnes,
2968 5795 3163 5871 inquit,
3187 5793 3283 5850 viri
3312 5788 3514 5863 flecteris
