3970 6472
506 431 615 489 255

1148 428 1213 484 Β.
1253 425 1508 484 RABANI
1543 426 1765 486 MAURI
1798 425 2116 486 ARCHIEP.
2157 426 2467 487 MOGUNT.
2502 428 2787 489 OPERUM
2824 430 3006 490 PARS
3041 434 3086 490 Ι.

488 547 567 604 tui
597 544 876 601 illuserunt
910 543 1025 610 tibi,
1066 540 1399 599 invaluerunt
1423 542 1700 596 adversum
1726 550 1776 597 te
1800 543 1901 596 uiri
1923 543 2069 613 pacis
2094 544 2151 606 Α
2172 540 2401 615 reliqua.
2425 542 2641 615 Aggeus
2661 542 3023 601 desideratum
3047 549 3332 606 annuntiat
3349 553 3611 612 omnibus
3635 572 3765 629 gen.

487 644 619 704 tute,
645 643 696 691 et
716 636 808 707 qui
839 633 1107 689 comedent
1134 641 1305 687 tecum
1343 640 1534 702 ponent
1560 630 1783 685 insidias
1810 647 1967 703 super
2000 639 2073 699 te,

486 733 545 780 et
573 724 799 796 reliqua.
825 724 894 779 Et
920 722 1081 793 paulo
1108 731 1267 794 post:
1294 721 1363 776 In
1385 730 1579 787 monte,
1604 721 1800 792 inquit,
1823 720 2076 803 Sionterit

486 814 728 881 saluatio,
755 822 802 869 et
832 816 931 869 erit
956 819 1189 878 sanctus,
1213 820 1263 866 et
1286 810 1567 882 possidebit
1591 810 1775 864 domus
1794 810 1830 864 Ι
1834 811 1961 865 acab
1985 827 2072 866 eos

485 905 577 977 qui
604 920 660 959 se
686 902 1022 975 possederant
1051 916 1069 953 :
1095 901 1164 956 Et
1191 901 1322 956 item
1353 899 1631 968 subjunxit
1662 917 1676 954 :
1718 900 2074 970 Ascendetque

486 994 734 1050 Salvator
756 996 814 1049 in
854 1003 1083 1048 montem
1126 992 1255 1048 Sion
1285 993 1536 1063 judicare
1572 1001 1795 1047 montem
1826 993 1994 1059 Esau,
2024 1000 2074 1046 et

485 1087 582 1141 erit
608 1085 834 1140 Domino
869 1101 1104 1155 regnum.
1152 1083 1302 1140 Jonas
1342 1099 1556 1154 quoque
1597 1085 1938 1153 prophetiam
1964 1085 2073 1141 Do-

484 1177 665 1232 minus
689 1176 802 1245 ipse
829 1176 1068 1231 ostendit
1090 1175 1276 1231 dicens
1301 1194 1313 1229 :
1339 1174 1486 1229 Sicut
1511 1175 1611 1243 fuit
1633 1175 1801 1230 Jonas
1825 1178 1882 1230 in
1902 1186 2075 1232 ventre

486 1267 603 1322 creti
628 1268 795 1321 tribus
816 1266 997 1321 diebus
1020 1274 1068 1321 et
1099 1266 1265 1320 tribus
1288 1267 1545 1330 noctibus,
1576 1266 1652 1321 ita
1680 1267 1777 1321 erit
1806 1266 1951 1336 ﬁlius
1979 1267 2076 1321 ho—

485 1360 644 1413 minis
690 1359 748 1412 in
790 1359 948 1413 corde
991 1368 1163 1413 terra.
1212 1357 1448 1413 Micheas
1493 1359 1708 1428 quidem
1753 1369 2073 1416 conventum

484 1450 807 1521 populorum
849 1451 916 1506 ad
962 1449 1239 1506 Christum
1278 1450 1568 1519 praedicat,
1619 1453 1792 1522 ipsum
1835 1462 2074 1509 montem

486 1539 699 1594 Domini
726 1554 791 1595 ac
823 1540 1013 1595 ducem
1039 1540 1329 1595 ostendens
1372 1558 1385 1593 :
1431 1540 1497 1595 In
1534 1542 1832 1607 novissimo,
1877 1543 2072 1612 inquit,

486 1628 691 1683 dierum
713 1630 809 1684 erit
834 1646 982 1684 mons
1005 1631 1193 1685 domus
1216 1630 1428 1687 Domini
1453 1642 1780 1702 prwparatns
1804 1633 1861 1687 in
1886 1636 2075 1688 vertice

485 1719 761 1785 montium,
787 1712 855 1775 et
867 1719 1093 1790 reliqua.
1120 1720 1189 1775 Et
1204 1721 1335 1776 item
1362 1739 1376 1775 :
1408 1721 1509 1786 Tu,
1532 1721 1796 1777 Bethleem
1814 1722 2069 1793 Ephrata,

482 1809 701 1881 parvula
726 1827 780 1865 es
804 1811 861 1866 in
888 1810 1118 1866 millibus
1144 1811 1311 1878 Juda,
1332 1829 1398 1867 ea:
1424 1822 1472 1867 te
1496 1814 1624 1867 mihi
1647 1814 1940 1884 egredietur
1963 1816 2073 1872 dua:

483 1900 573 1970 qui
595 1900 662 1953 sit
683 1899 985 1955 dominator
1006 1901 1064 1956 in
1086 1901 1282 1968 Israel,
1306 1909 1362 1958 et
1390 1903 1617 1973 reliqua.
1647 1903 1821 1960 Naum
1844 1905 2073 1961 ultorem
2102 1898 2148 1957 B

483 1988 772 2046 Dominum
795 1992 1055 2062 praedicat
1078 1993 1335 2061 inimicis,
1358 2003 1414 2050 et
1431 1994 1632 2050 bonum
1660 1996 1763 2065 piis
1790 2005 1845 2051 et
1866 1998 2071 2055 amicis.

483 2079 649 2147 Deus,
679 2083 886 2153 inquit,
920 2083 1200 2139 wmulator
1226 2096 1326 2151 est,
1352 2095 1402 2139 et
1438 2086 1691 2141 ulciscens
1720 2086 1996 2155 Dominus,
2028 2101 2077 2144 et

482 2170 678 2227 habens
709 2173 964 2243 furorem,
996 2173 1249 2230 ulciscens
1286 2174 1543 2230 Dominus
1582 2177 1639 2230 in
1680 2177 1849 2232 hostes
1878 2195 2000 2233 suos
2027 2189 2077 2233 et

481 2263 714 2319 irascens
739 2265 965 2321 inimicis
990 2267 1123 2333 suis,
1169 2276 1224 2322 et
1269 2267 1498 2337 reliqua.
1542 2268 1612 2323 Et
1651 2268 1781 2323 item
1824 2269 2077 2340 pietatem

482 2356 774 2412 ostendens
803 2356 879 2412 ait
909 2372 925 2411 :
966 2357 1146 2413 Bonus
1177 2357 1435 2413 Dominus
1465 2368 1513 2413 et
1553 2359 1859 2430 confortans
1898 2362 1954 2415 in
1994 2361 2079 2416 die

481 2444 859 2513 tribulationis,
906 2456 954 2502 et
988 2448 1156 2503 sciens
1202 2458 1469 2519 sperantes
1504 2450 1561 2503 in
1593 2465 1666 2505 se.
1712 2449 1964 2507 Habacuc
1992 2451 2076 2506 lu-

482 2545 687 2593 strator
709 2537 866 2594 i‘ortis
892 2545 949 2594 et
979 2539 1205 2610 rigidus,
1235 2548 1344 2595 stat
1390 2555 1553 2612 super
1593 2542 1897 2597 custodiam
1925 2558 2077 2598 suam

483 2635 538 2683 et
566 2627 683 2700 ﬁgit
709 2630 937 2699 gradum
979 2644 1144 2701 super
1190 2631 1577 2700 munitionem,
1625 2641 1685 2687 ut
1713 2631 1988 2688 Christum
2021 2633 2077 2688 in

482 2735 646 2776 cruce
679 2722 1099 2792 contempletur,
1132 2733 1189 2781 et
1222 2725 1368 2781 dicat
1405 2740 1420 2780 :
1462 2723 1681 2796 Operuit
1715 2724 1868 2781 calas
1906 2725 2079 2796 gloria

480 2811 617 2881 ejus,
649 2822 695 2867 et
723 2813 900 2869 laudis
928 2815 1046 2886 ejus
1075 2816 1230 2886 plena
1267 2827 1342 2873 est
1380 2827 1543 2873 terra.
1579 2817 1845 2889 Splendor
1870 2818 1986 2888 ejus
2018 2825 2078 2872 ut

480 2899 574 2956 lux
597 2903 718 2967 erit,
749 2919 949 2958 cornua
981 2915 1101 2960 sunt
1136 2907 1195 2962 in
1225 2908 1469 2965 manibus
1494 2910 1631 2980 ejus.
1660 2908 1746 2964 Ibi
1772 2910 2078 2967 abscondita

480 3001 555 3046 est
595 2992 850 3062 fortitudo
891 2995 1023 3066 ejus.
1075 2994 1381 3068 Sophonias
1412 3013 1581 3070 prope
1621 3014 1742 3057 esse
1785 3002 2078 3057 adventum

480 3083 588 3139 diei
610 3083 825 3158 Domini
853 3095 1043 3142 narrat
1067 3095 1123 3144 et
1145 3089 1336 3144 horam
1367 3090 1637 3161 passionis
1664 3091 1783 3163 ejus
1808 3099 1864 3145 et
1890 3106 2074 3148 resur-

479 3176 738 3232 rectionis
767 3195 784 3233 :
812 3177 981 3234 Juxta
1024 3191 1118 3247 est,
1162 3181 1366 3252 inquit,
1414 3183 1525 3238 dies
1568 3183 1784 3239 Domini
1830 3201 2074 3256 magnus,

2170 635 2317 692 tibus
2350 653 2361 690 :
2402 636 2587 690 Adhuc
2628 636 2889 692 modicum
2925 645 3032 707 est,
3079 639 3205 695 dicit
3247 640 3529 713 Dominus,
3573 656 3631 703 et
3670 667 3767 721 ego

2171 726 2497 784 commonebo
2530 726 2715 782 ctelum
2756 736 2804 782 et
2845 737 3039 784 terram
3077 739 3129 786 et
3168 749 3312 787 mare
3348 743 3398 789 et
3428 737 3666 809 aridam,
3710 750 3768 797 et

2171 818 2401 888 reliqua.
2432 817 2725 874 Zacharias
2753 833 2902 885 vero,
2950 836 3158 878 memor
3197 824 3410 883 Domini
3448 830 3570 896 sui,
3616 832 3766 891 videt

2166 906 2355 967 Jesum
2379 911 2435 966 in
2461 911 2698 967 vestibus
2725 912 2977 979 sordidis,
3012 922 3069 970 et
3097 914 3327 986 lapidem
3360 919 3653 977 oculorum
3682 940 3767 981 se-

2171 1010 2318 1072 ptem
2352 988 2733 1059 candelabrum
2757 1018 2971 1073 quoque
2993 1020 3246 1075 aureum,
3278 1016 3334 1063 et
3357 1009 3591 1081 reliqua.
3627 1013 3767 1070 Dicit

2171 1110 2386 1165 quoque
2410 1110 2475 1151 ex
2506 1111 2736 1165 persona
2764 1097 2975 1154 Domini
3004 1118 3016 1153 :
3062 1100 3430 1173 Appenderunt
3467 1108 3765 1164 mercedem

2172 1202 2340 1240 meam
2378 1186 2593 1257 triginta
2633 1189 2909 1258 argenteis.
2953 1191 3020 1245 Et
3049 1192 3179 1247 item
3220 1208 3236 1248 :
3274 1193 3569 1266 Effundam
3608 1216 3768 1269 super

2171 1275 2385 1330 domum
2408 1276 2580 1331 David
2609 1279 2849 1349 spiritum
2877 1283 3062 1350 gratiae
3095 1293 3144 1337 et
3179 1301 3410 1354 precum,
3438 1300 3487 1343 et
3512 1291 3768 1360 aspicient

2172 1366 2242 1419 ad
2278 1383 2359 1421 me
2403 1384 2557 1438 quem
2604 1370 2962 1438 conﬁxerunt,
3013 1382 3061 1427 et
3104 1373 3347 1445 plangent
3380 1392 3502 1432 eum
3548 1379 3769 1449 planctu

2172 1462 2322 1532 quasi
2364 1478 2521 1532 super
2550 1463 2891 1533 unigenitum,
2923 1473 2980 1519 et
3007 1465 3232 1536 reliqua.
3265 1468 3332 1524 Et
3373 1470 3502 1524 item
3542 1492 3556 1526 :
3592 1472 3768 1529 Adam

2172 1552 2461 1622 exemplum
2483 1569 2654 1607 meum
2674 1556 2739 1607 ab
2765 1554 3113 1612 adolescentia
3132 1575 3268 1625 mea,
3289 1569 3336 1614 et
3356 1560 3564 1617 dicetur
3584 1579 3604 1617 :
3630 1563 3771 1629 Quot

2172 1652 2293 1697 sunt
2321 1643 2488 1715 plaga:
2514 1645 2628 1700 ista:
2652 1647 2707 1699 in
2733 1647 2904 1702 medio
2932 1666 3183 1705 manuum
3212 1656 3463 1709 tuarum?
3502 1664 3552 1709 et
3584 1657 3725 1711 dicet
3750 1672 3770 1711 :

2175 1735 2275 1790 His
2303 1736 2544 1807 plagatus
2582 1755 2699 1792 sum
2727 1740 2781 1793 in
2813 1741 2966 1795 domo
2990 1759 3171 1798 eorum
3206 1747 3295 1816 qui
3338 1747 3630 1819 diligebant
3667 1768 3767 1806 me.

2175 1827 2403 1884 Framea
2439 1833 2692 1885 suscitare
2720 1849 2874 1903 super
2899 1844 3157 1904 pastorem
3196 1855 3395 1905 meum,
3424 1852 3473 1895 et
3508 1859 3675 1913 super
3702 1845 3772 1898 ri-

2177 1933 2293 1971 rum
2315 1918 2658 1973 coluerentem
2676 1922 2826 1987 mihi,
2841 1922 2966 1977 dicit
2986 1923 3239 1981 Dominus
3262 1931 3588 1986 exercituum
3602 1946 3620 1983 :
3640 1932 3772 1987 Per-

2176 2019 2291 2063 cute
2321 2020 2579 2080 pastorem
2612 2023 2661 2067 et
2690 2014 3051 2085 dispergentur
3079 2035 3196 2073 oves
3238 2024 3426 2093 gregis.
3478 2024 3546 2078 Et
3589 2026 3767 2081 item:

2176 2101 2244 2154 Et
2274 2104 2369 2156 erit
2400 2103 2654 2158 Dominus
2681 2122 2774 2160 rex
2799 2123 2955 2178 super
2980 2125 3181 2165 omnem
3209 2122 3423 2169 terram.
3469 2116 3539 2170 In
3567 2118 3653 2171 die
3680 2118 3771 2173 illa

2175 2196 2272 2248 erit
2316 2193 2571 2250 Dominus
2601 2213 2758 2262 unus,
2803 2207 2850 2252 et
2887 2200 2982 2253 erit
3019 2217 3204 2256 nomen
3247 2202 3360 2273 ejus
3386 2222 3573 2260 unum.
3607 2207 3772 2263 Mala-

2176 2285 2325 2340 chias
2350 2285 2621 2342 salubrem
2651 2289 2939 2345 adventum
2970 2291 3181 2347 Domini
3209 2306 3395 2350 narrat
3421 2315 3434 2350 :
3470 2296 3542 2351 Et
3567 2302 3770 2367 statim,

2175 2375 2371 2446 inquit,
2396 2378 2558 2432 veniet
2584 2378 2653 2432 ad
2680 2380 2929 2453 templum
2952 2398 3104 2436 suum
3127 2384 3448 2453 dominator,
3477 2397 3525 2441 et
3552 2390 3772 2460 angelus

2175 2472 2468 2523 testamenti
2507 2488 2659 2542 quem
2687 2489 2773 2527 vos
2810 2473 2963 2528 uultis
3001 2492 3115 2531 ecce
3147 2480 3314 2545 venit,
3354 2480 3483 2534 dicit
3509 2481 3772 2539 Dominus

2175 2561 2529 2629 exercituum,
2574 2572 2622 2617 et
2668 2565 2786 2636 quis
2828 2568 3015 2634 poterit
3059 2570 3290 2640 cogitare
3329 2572 3467 2626 diem
3514 2574 3773 2632 aduentus

2173 2652 2308 2721 ejus,
2338 2661 2386 2706 et
2411 2654 2527 2724 quis
2550 2654 2706 2709 stabit
2733 2656 2802 2710 ad
2827 2658 3104 2712 uidendum
3131 2661 3289 2715 eum?
3311 2660 3433 2734 Ipse
3457 2665 3600 2719 enim
3621 2684 3774 2737 quas:

2174 2744 2312 2814 ignis
2340 2746 2572 2815 conﬂans
2600 2754 2647 2801 et
2673 2749 2824 2818 quasi
2852 2749 3012 2803 herba
3038 2750 3320 2819 fullonum,
3346 2764 3396 2807 et
3422 2756 3623 2810 sedebit
3651 2774 3773 2813 con-

2175 2835 2313 2906 ﬂans
2335 2843 2383 2889 et
2412 2836 2703 2892 emundans
2732 2848 3024 2909 argentum,
3048 2852 3096 2896 et
3120 2844 3362 2914 purgabit
3390 2844 3529 2914 filios
3553 2845 3706 2912 Levi,
3727 2863 3771 2903 et

2176 2927 2425 2998 conflabit
2453 2943 2541 2983 eos
2563 2928 2715 3000 quasi
2747 2945 2936 2985 aurum
2966 2940 3014 2985 et
3039 2934 3190 3005 quasi
3220 2945 3515 3006 argentum,
3542 2947 3596 2992 et
3622 2955 3768 2992 erum

2174 3015 2401 3072 Domino
2427 3020 2700 3089 offerentes
2725 3022 2989 3091 sacriﬁcia
3012 3026 3069 3080 in
3087 3024 3324 3095 justitia,
3343 3034 3395 3080 et
3414 3024 3644 3097 placebit
3663 3027 3771 3086 Deo

2174 3109 2493 3178 sacri/icium
2515 3109 2660 3165 Iuda
2686 3121 2735 3167 et
2763 3111 3115 3183 Hierusalem,
3142 3125 3199 3172 et
3222 3117 3447 3189 reliqua.

2246 3199 2344 3255 Est
2370 3216 2586 3273 quoque
2608 3219 2798 3261 versus
2824 3205 2914 3262 hic
2937 3206 2994 3262 in
3015 3223 3178 3266 cruce
3207 3213 3442 3283 scriptus
3466 3229 3662 3271 mvn
3686 3215 3774 3273 lit-

470 3267 632 3338 juxta
655 3277 705 3324 et
735 3269 884 3325 uelox
918 3273 1093 3328 nimis.
1136 3272 1253 3329 Vox
1277 3274 1383 3329 diei
1418 3275 1634 3331 Domini
1669 3292 1874 3342 amara,
1903 3278 2073 3331 tribu-
2100 3264 2145 3329 C
2176 3264 2415 3350 ιεηι-υιξι
2448 3314 2462 3351 ε

478 3359 676 3415 labitur
702 3361 777 3416 ibi
804 3363 959 3433 fortis
1007 3365 1075 3420 Et
1113 3367 1276 3437 paulo
1303 3376 1427 3437 post
1461 3385 1477 3421 :
1509 3366 1811 3434 Tribulabo,
1850 3369 1946 3435 ait,
1976 3370 2072 3423 ho-

478 3454 666 3518 mines,
694 3463 742 3508 et
778 3456 1121 3513 ambulabunt
1149 3460 1383 3516 homines
1423 3468 1483 3515 ut
1516 3460 1661 3528 ca’ci,
1691 3461 1817 3533 quia
1844 3460 2071 3518 Domino

478 3555 837 3612 peccauerunt.
867 3547 940 3601 Et
972 3548 1105 3604 item
1133 3567 1148 3604 :
1177 3550 1508 3623 Quapropter
1545 3561 1787 3623 exspecta
1810 3569 1914 3620 me,
1942 3554 2071 3609 dicit

479 3628 760 3703 Dominus,
793 3636 852 3693 in
894 3637 981 3696 die
1022 3642 1586 3719 resurrectionigmea:
1623 3645 1680 3699 in
1709 3644 1977 3715 futurum,
2014 3654 2072 3702 et

2302 3405 2368 3459 Es
2391 3406 2575 3470 placida
2610 3413 2820 3474 superis,
2850 3425 2991 3478 crux,
3019 3414 3133 3467 huic
3152 3428 3207 3468 es
3226 3420 3388 3470 navita
3411 3418 3615 3471 mundo.

2176 3506 2280 3577 Qui
2309 3510 2377 3566 ad
2401 3510 2665 3569 directum
2692 3516 3009 3575 hexameter
3029 3528 3141 3588 est,
3171 3528 3226 3576 et
3262 3523 3581 3596 reciprocus
3620 3525 3770 3582 nulla

2175 3613 2423 3678 exempta
2445 3605 2650 3678 syllaba
2678 3608 2742 3667 ﬁt
2768 3610 2911 3670 idem
2935 3621 3289 3688 pentameter.
