3970 6470
206 421 318 480 257

1209 425 1298 489 DE
1332 423 1677 483 LAUDIBUS
1712 425 1770 482 s.
1811 393 2079 484 caucis.
2115 454 2187 467 --
2218 424 2345 482 LIB.
2385 426 2430 482 ι.

1506 538 1802 602 FIGURA
1856 539 2127 602 XXVII.

979 658 1060 714 De
1087 659 1441 730 apostolorum
1473 659 1627 715 dictis
1655 676 1720 716 ea:
1745 659 1927 717 eadem
1950 661 2085 718 rein
2117 661 2268 718 Novo
2298 661 2644 722 Testamento.

457 790 3171 866 Necminusergotuaculsltoditiuracaracter

458 884 3172 966 Bitenouitestament|1|etpiamunerapandit

461 977 3174 1046 Quaedeusaltushomolnliuinosdetulitorbi

456 1070 1736 1128 Pertecruxsacravot

1886 1077 3172 1151 venerandafreqenti

1889 1188 3175 1261 veraxdogmatavatum

1888 1281 3171 1356 gisveterisq;nouaeq;

1891 1373 3169 1446 everbol‘ecitabysum

1891 1467 3176 1522 ansvotoanteriores

1887 1557 3177 1628 onusomnibusaequus

459 1183 1736 1258 Promisumconplense

455 1277 1732 1338 Sedominumtestansl

458 1368 1734 1444 Quigeminummundopa

454 1459 1736 1520 Noshi.laratactusat

452 1549 1739 1617 Quisolabaturverax

1808 1659 3172 1717 IuStapertamlnarida

1792 1761 3176 1834 uocruxlaudatvbique

1798 1852 3177 1925 aximopectorepetrus

1797 1944 3174 2017 rupiusoptimedicens

1795 2038 3180 2109 novobisstipitepass

1797 2127 3179 2199 arumvestigiaqodvos

1801 2221 3178 2278 sacravulnerasanant

1797 2312 3174 2370 Orantisfaminaiesus

1757 2395 3193 2481 γ

1797 2497 3176 2552 ordentmunerahaecei

612 2497 1736 2553 sequtamitisnons

1893 2513 1920 2549 ι·

691 2572 3175 2656 iacobushincno'slnlortaturfaminepuro

671 2665 3179 2738 mplumponenschrlxlstumdefinelaborum

611 2578 633 2623 ι

603 2677 636 2718 e

597 2790 3177 2851 ncq;monetscribenlslalt:duxoreiohannes

602 2879 3170 2940 stusamormaneatel-rlsobriav'otaserenet

188 4198 287 4255 Nec
311 4201 488 4257 minus
517 4216 645 4274 ergo
674 4213 764 4261 tua
794 4210 1030 4266 custodit
1049 4210 1175 4280 jura
1202 4226 1447 4275 caracter

189 4289 300 4345 Rite
325 4290 458 4346 Novi
490 4290 822 4351 Testamenti
851 4317 863 4352 :
895 4308 949 4354 et
977 4301 1065 4371 pia
1094 4319 1319 4361 munera
1345 4309 1569 4377 pandit,

192 4382 309 4448 Qum
336 4384 477 4440 Deus
510 4385 647 4441 altus
674 4387 835 4444 homo
861 4391 1076 4450 divinus
1105 4397 1294 4453 detulit
1320 4401 1459 4455 orbi.

190 4471 284 4526 Per
307 4483 376 4541 te,
406 4491 541 4530 crux
569 4493 744 4545 sacra,
772 4488 896 4536 voto
920 4487 1226 4542 veneranda
1250 4488 1523 4559 frequenti

193 4561 515 4621 Promissum
543 4569 834 4639 complens,
865 4580 920 4626 et
949 4589 1112 4629 verax
1137 4577 1388 4648 dogmata
1416 4587 1594 4633 vatum
1619 4597 1634 4635 :

195 4651 256 4707 Se
281 4655 566 4712 Dominum
592 4663 796 4716 testans
824 4661 983 4733 Legis
1010 4664 1330 4736 Veterisque
1360 4670 1628 4740 Novaeque
1658 4685 1675 4726 :

194 4739 286 4805 Qui
315 4749 590 4815 geminum
619 4751 819 4805 mundo
845 4761 971 4821 pate
998 4757 1164 4811 verbo
1189 4756 1320 4812 fecit
1349 4739 1622 4830 abyssum.

195 4831 292 4889 Nos
316 4837 516 4893 hilarat
543 4848 666 4896 actu
695 4843 902 4898 satians
928 4857 1055 4902 voto
1085 4844 1418 4916 anteriores,

195 4920 285 5011 Qui
314 4927 594 4983 solabatur
621 4945 816 4996 verax,
843 4934 1048 5002 bonus,
1080 4939 1328 4994 omnibus
1357 4956 1561 5011 mquus.

186 5010 336 5073 Unde
364 5017 693 5086 apostolicus
710 5019 858 5088 justa
886 5038 983 5092 per
1010 5023 1210 5081 lamina
1239 5027 1346 5082 ﬁda

197 5099 340 5158 Alma
364 5113 568 5176 tropaea
600 5115 690 5163 tua
719 5123 896 5165 sermo
922 5127 1056 5167 crux
1083 5114 1266 5171 laudat
1291 5117 1508 5188 ubique.

199 5191 440 5268 Princeps
464 5199 600 5254 orbe
624 5209 782 5255 sonat
809 5217 874 5258 ex
911 5204 1020 5259 imo
1044 5215 1263 5274 pectore
1286 5207 1480 5264 Petrus

203 5283 390 5344 Taliter
414 5307 480 5347 en
506 5291 695 5348 Iaudes
721 5292 834 5350 fatu
861 5297 1003 5366 pius,
1030 5299 1233 5368 optime
1259 5299 1444 5356 dicens
1473 5319 1488 5356 :

203 5372 290 5430 Est
314 5377 477 5435 frater
505 5379 754 5438 Christus
776 5399 877 5454 pro
901 5386 1055 5442 vobis
1080 5388 1262 5458 stipite
1286 5405 1494 5459 passus,

203 5465 508 5540 Exemplum
535 5473 758 5530 tradens
783 5475 984 5532 clarum
1001 5519 1017 5544 ,
1049 5481 1274 5551 vestigia
1302 5482 1443 5551 quod
1470 5495 1567 5539 vos

207 5553 326 5625 Ejus
349 5563 602 5632 pergatis,
635 5562 788 5633 cujus
808 5580 962 5621 sacra
986 5568 1208 5626 vulnera
1235 5578 1450 5627 sanant.

210 5644 336 5704 Hinc
357 5653 518 5708 credo
546 5655 811 5725 accipiant
836 5659 1042 5715 orantis
1071 5660 1272 5718 lamina
1301 5657 1514 5730 Hiesus,

212 5733 269 5790 Si
298 5738 363 5795 do
394 5742 544 5803 nisus
575 5745 626 5804 ei
662 5755 720 5803 et
750 5747 796 5804 si
829 5748 1000 5804 honos
1033 5757 1204 5808 artem
1235 5752 1334 5810 ibit
1364 5762 1421 5811 et
1455 5753 1576 5812 odis
1605 5772 1620 5809 :

1787 4229 1839 4289 A
1865 4225 1984 4295 Ipse
2019 4230 2146 4298 quia
2183 4231 2351 4295 mitis,
2391 4243 2498 4284 non
2536 4230 2757 4286 sordent
2790 4242 3018 4285 munera
3056 4227 3172 4282 haec
3204 4225 3272 4281 ei.

1869 4318 1970 4372 Ast
2001 4319 2232 4376 Jacobus
2267 4322 2393 4375 hinc
2430 4336 2529 4376 nos
2561 4322 2808 4375 hortatur
2837 4319 3038 4374 famine
3076 4333 3210 4387 puro
3242 4332 3256 4370 :

1869 4408 2184 4478 Exemplum
2223 4426 2429 4479 ponens
2465 4411 2737 4466 Christum
2773 4411 2838 4466 de
2874 4409 2980 4465 line
3012 4401 3280 4464 laborum.

1872 4499 2114 4569 Hinoque
2146 4510 2329 4556 monet
2366 4501 2610 4558 scribens
2647 4502 2788 4557 altus
2823 4501 2931 4556 dux
2969 4515 3064 4556 ore
3099 4500 3362 4554 Iohannes
3397 4515 3412 4554 :

1869 4589 2064 4644 Castus
2095 4606 2249 4645 amor
2279 4599 2495 4647 maneat
2531 4599 2586 4647 et
2625 4591 2805 4646 sobria
2836 4599 2961 4646 vota
3001 4596 3214 4644 serenet

1869 4678 2086 4745 Hiesus,
2121 4689 2183 4734 ut
2213 4688 2296 4736 est
2323 4697 2514 4749 passus
2545 4683 2734 4735 devote
2768 4687 2990 4749 propter
3017 4693 3256 4732 amorem
3288 4695 3300 4729 :

1871 4769 1964 4825 Sic
1997 4787 2098 4826 nos
2134 4780 2313 4826 mente
2347 4773 2437 4841 pia
2471 4771 2618 4827 socio
2653 4771 2923 4841 patiamur
2959 4785 3163 4835 amore,
3201 4769 3290 4824 hic

1869 4859 2088 4918 Hiesum
2121 4878 2219 4932 per
2248 4863 2485 4934 typicum
2519 4863 2607 4933 pie
2639 4877 2826 4919 verum
2861 4863 3042 4934 psallit
3072 4864 3267 4919 Iesum.

1867 4949 2034 5007 Iudas
2065 4953 2340 5008 ductorem
2371 4960 2425 5007 et
2452 4967 2668 5023 pessum
2698 4953 2818 5009 ﬁdis
2846 4961 2902 5008 et
2927 4954 3126 5024 iniquis
3157 4972 3169 5007 :

1867 5043 2169 5100 Pauxillum
2194 5046 2338 5100 haud
2365 5044 2564 5100 Paulus
2591 5046 2799 5111 oravit,
2830 5055 2996 5101 temet
3023 5045 3076 5098 in
3108 5059 3205 5099 ore

1869 5132 2014 5189 Crux
2043 5150 2198 5190 saera
2223 5149 2346 5191 cum
2370 5135 2536 5202 dixit,
2565 5151 2624 5192 se
2639 5134 2755 5204 jam
2779 5135 2992 5190 nescire
3017 5131 3284 5202 loquelam

1869 5222 1947 5279 Te
1970 5225 2087 5280 sine
2111 5240 2213 5280 nec
2237 5225 2448 5281 laudem
2474 5216 2616 5282 scire
2639 5227 2769 5281 dare
2795 5225 3038 5279 faucibus
3066 5224 3228 5278 ullam
3255 5238 3271 5278 :

1867 5310 1928 5367 In
1953 5313 2123 5379 caalis,
2153 5315 2314 5369 terris
2342 5331 2598 5386 magnum
2621 5331 2720 5385 per
2746 5323 2952 5370 tartara
2975 5328 3205 5380 nomen,

1868 5401 1946 5458 Te
1971 5412 2191 5473 propter
2215 5403 2417 5460 Christi
2445 5405 2670 5476 spondet
2693 5412 2778 5461 sat
2806 5405 2910 5460 rite
2940 5405 3144 5460 valere.

1870 5489 1962 5546 Sic
1987 5499 2043 5545 et
2066 5492 2391 5561 apostolicus
2419 5493 2602 5549 laudat
2626 5495 2966 5550 concorditer
2990 5494 3140 5552 ordo.

1796 5583 1846 5643 B
1871 5582 2098 5638 Vatibus
2123 5585 2361 5654 antiquis
2389 5583 2668 5655 conjungis
2693 5593 2886 5641 cuncta
2910 5586 3120 5657 rapina.

1873 5670 2060 5728 Passio
2084 5681 2268 5729 sancta
2290 5674 2377 5743 pie
2398 5672 2560 5732 Hiesu
2583 5689 2683 5746 per
2706 5676 2901 5733 saecula
2925 5676 3147 5734 Christi.

1566 5858 2073 5885 *-
