3970 6480
427 357 536 414 265

430 468 619 528 Hostia
641 465 785 537 quod
806 471 898 520 tua
918 464 1020 519 sim
1045 480 1058 516 :
1090 471 1292 519 memet
1316 456 1595 516 cruciﬁxio
1619 461 1791 510 totum

433 560 552 616 Jam
579 566 669 613 tua
707 563 1026 620 consumat;
1065 561 1122 608 et
1153 551 1334 624 passio
1362 549 1573 619 mitiget
1599 554 1790 601 mstum

435 649 737 714 Carnalem,
775 647 904 701 vitia
931 643 1257 713 confringat,
1291 640 1554 711 deprimat
1580 637 1737 703 iram,

435 740 690 796 Refrenet
711 737 968 807 linguam,
993 733 1212 804 pietatis
1231 731 1392 786 verba
1421 734 1662 798 reponat.

438 827 669 884 Mentem
693 825 940 897 paciﬁcet
960 840 975 878 :
999 824 1164 879 vitam
1204 823 1433 877 deducat
1453 821 1754 873 honestam.

437 915 682 985 Namque
709 923 836 969 tuus
857 915 1074 984 quando
1105 921 1217 969 toto
1245 910 1505 980 fulgescet
1528 905 1752 976 Olympo

439 1000 633 1072 Igneus
655 1002 936 1067 adventus,
966 1002 1193 1057 torrebit
1219 1009 1276 1056 et
1304 1000 1465 1055 ardor
1493 997 1728 1065 iniquos,

447 1091 766 1162 Tempestas
795 1089 1005 1154 stridet,
1037 1108 1204 1146 cornu
1226 1089 1340 1160 jam
1367 1087 1540 1159 mugit
1570 1093 1625 1140 et
1651 1084 1782 1139 orbe

441 1178 582 1234 Ante
603 1183 884 1249 apparebit
904 1181 1119 1252 quando
1145 1181 1325 1236 crucis
1352 1194 1478 1234 aere
1503 1178 1717 1248 signum
1741 1186 1756 1226 :

445 1266 582 1323 Tum
606 1283 740 1338 rogo
775 1284 861 1323 me
885 1270 1080 1338 eripiat
1103 1268 1334 1324 flammis
1357 1265 1637 1322 ultricibus
1656 1263 1809 1332 ipsa:

447 1354 620 1426 Atque
643 1366 862 1428 poetam
897 1360 1022 1431 agni
1044 1359 1324 1432 proprium
1354 1356 1603 1414 defendat
1637 1355 1705 1408 ab
1731 1351 1835 1415 ira,

1095 345 1158 400 Β.
1199 339 1458 399 RABANI
1493 333 1715 394 MAURI
1745 329 2060 391 ARCHIEP.
2102 325 2412 388 MOGUNT.
2452 320 2737 381 OPERUM
2770 317 2952 377 PARS
2986 317 3031 372 l.

2025 452 2080 512 Α
2100 448 2200 505 Cui
2227 460 2363 502 cano
2388 459 2404 500 :
2421 445 2545 515 jure
2568 455 2758 498 canam
2784 436 3068 492 Hrabanus
3091 425 3338 486 versibus
3364 436 3484 488 ore,

2035 587 2044 592 .
2104 539 2299 604 Corde,
2330 551 2514 601 manu,
2555 544 2770 602 semper
2795 529 2994 584 donum
3016 517 3366 578 memorabile
3388 522 3552 570 cantu
3579 529 3596 568 :

2106 628 2259 697 Quod
2286 627 2510 681 dederat
2544 623 2670 676 vitae
2694 626 2890 674 memet
2917 615 3209 671 clementer
3237 609 3292 662 in
3319 621 3434 661 ara.

2109 718 2332 786 Quando
2347 717 2463 786 ipsa
2485 713 2679 768 Hiesus
2699 709 2934 764 clemens
2957 719 3084 775 rogo
3107 702 3173 755 ab
3198 697 3340 754 eruit
3364 697 3474 750 imo

2106 809 2309 867 Inferni
2332 807 2589 876 requiem,
2617 817 2780 867 nunc,
2810 815 2843 854 ο
2867 796 3100 862 Christe,
3130 805 3254 847 arce
3289 788 3538 858 polorum

2111 900 2189 955 Da
2213 900 2367 962 mihi,
2401 875 2501 952 hoc
2523 910 2706 965 posco,
2738 903 2917 962 spero,
2947 896 3002 943 et
3025 901 3154 941 vera
3191 881 3372 937 omnia
3396 875 3584 942 credo,

2113 990 2242 1059 Quae
2268 988 2586 1061 promisisti,
2613 987 2717 1039 hoc
2745 991 2900 1038 teneo
2926 981 3126 1050 pietate
3155 975 3384 1043 ﬁdeque.

3559 306 3675 366 254

2115 1082 2270 1150 Quod
2298 1095 2462 1135 verax
2491 1078 2625 1133 facis
2642 1075 2827 1131 ordine
2846 1070 3050 1142 judicio
3086 1067 3264 1121 omnia
3292 1077 3441 1118 vera.

2107 1170 2294 1229 Lnunc
2314 1173 2382 1227 ad
2413 1185 2660 1242 superos,
2697 1168 2752 1221 in
2779 1164 2925 1220 caelis
2953 1162 3056 1216 rite
3086 1158 3404 1227 triumphas.

2112 1263 2157 1320 Ο
2185 1263 2302 1318 laus
2323 1263 2463 1318 alma
2496 1259 2672 1316 crucis
2695 1269 2909 1325 semper
2936 1252 3052 1308 sine
3073 1249 3181 1304 ﬁne
3203 1245 3399 1302 valeto.

1610 1635 2124 1703 DECLARATIO
2168 1634 2514 1697 FIGUIUE.

516 1876 657 1932 Deus
682 1874 1041 1945 omnipotens,
1078 1871 1238 1928 Pater
1264 1871 1476 1928 Domini
1506 1870 1676 1927 nostri
1705 1867 1831 1925 Jesu
1865 1869 2021 1926 Chri-

446 1968 536 2031 sti,
583 1967 674 2035 qui
726 1966 1067 2038 Unigenitum
1113 1970 1264 2019 tuum
1313 1972 1366 2018 et
1427 1970 1552 2018 ante
1596 1961 1792 2018 saecula
1835 1969 2020 2015 natum

417 2057 419 2062 “
445 2073 663 2112 carnem
695 2064 752 2111 et
780 2057 1015 2110 animam
1055 2056 1344 2110 humanam
1374 2055 1427 2108 in
1457 2063 1696 2123 tempore
1725 2065 2020 2116 assumere,

445 2155 500 2201 et
531 2161 747 2202 crucem
779 2146 960 2200 subire
987 2161 1084 2215 pro
1126 2146 1344 2200 humani
1385 2145 1598 2216 generis
1641 2145 1812 2200 salute
1855 2142 2023 2198 volui-

447 2237 515 2291 sti
546 2254 559 2289 :
593 2245 644 2290 te
689 2233 880 2298 adoro,
930 2234 1024 2289 tibi
1074 2236 1275 2305 gratias
1305 2252 1425 2305 ago,
1479 2234 1623 2303 quod
1660 2234 1791 2288 mihi
1827 2232 2025 2287 misero

444 2325 646 2380 famulo
677 2334 768 2378 tuo
798 2323 1111 2379 concessisti
1149 2326 1380 2395 gratiam
1411 2336 1557 2379 tuam
1592 2323 1861 2395 (quamvis
1892 2323 2030 2377 indi-

446 2433 550 2488 gno
576 2426 631 2471 et
655 2417 947 2471 multorum
983 2416 1280 2471 facinorum
1329 2417 1469 2472 mole
1504 2416 1812 2488 aggravato)
1853 2423 1912 2470 ut
1948 2415 2031 2469 di-

447 2507 572 2561 lecti
615 2506 735 2560 Filii
774 2508 850 2560 tui
878 2507 1184 2575 passionem
1229 2507 1477 2562 laudibus
1523 2506 1672 2577 (licet
1707 2523 1814 2562 non
1851 2506 2035 2560 condi-

448 2595 587 2665 gnis,
617 2603 796 2648 tamen
820 2595 1049 2666 devotis)
1077 2595 1318 2649 canendo
1348 2605 1401 2649 et
1430 2595 1819 2650 conscribendo
1841 2593 2035 2664 depro-

449 2698 675 2737 merem.
719 2683 874 2748 Tibi,
919 2685 1143 2739 Domine
1176 2683 1301 2740 Jesu
1351 2684 1584 2750 Christe,
1628 2685 1728 2739 Fili
1772 2685 1865 2739 Dei
1907 2686 2032 2742 uni-

450 2772 650 2841 genite,
683 2772 914 2827 humiles
953 2788 1139 2842 preces
1184 2772 1351 2828 offero
1376 2784 1431 2828 et
1459 2782 1582 2829 vota
1627 2774 1737 2829 oris
1765 2773 2031 2844 persolvo,

449 2861 594 2929 quod
626 2862 756 2915 mihi
786 2864 1056 2931 peccatori
1099 2863 1364 2934 inspirare
1398 2866 1647 2935 dignatus
1687 2880 1747 2920 es
1775 2866 2036 2920 honorem

451 2960 655 3006 sancta:
681 2954 860 3008 crucis
903 2963 1008 3010 tuae
1050 2957 1582 3026 quantulumcunque
1626 2958 1938 3022 decantare,
1983 2961 2039 3009 et
2075 2979 2092 2992 ρ

451 3055 787 3096 communem
851 3045 1094 3098 omnium
1145 3056 1389 3100 nostrum
1465 3047 1693 3100 salutem
1760 3045 2039 3101 conservis

454 3133 589 3186 meis
617 3134 931 3202 praedicare.
979 3133 1090 3189 Nec
1117 3151 1205 3189 me
1245 3136 1311 3189 ab
1336 3136 1571 3207 incoepto
1599 3137 1894 3192 retardavit
1917 3153 2040 3205 proo

397 3286 409 3294 _
453 3221 698 3290 priorum
747 3219 1087 3279 Conscientia
1136 3224 1478 3290 delictorum,
1537 3226 1631 3280 sed
1692 3226 1864 3295 magis
1913 3226 2040 3282 illud

455 3313 586 3366 mihi
615 3313 866 3369 ﬁduciam
893 3315 1080 3370 tribuit
1123 3316 1266 3385 quod
1304 3316 1410 3371 hoc
1441 3316 1497 3370 in
1525 3315 1767 3370 carmine
1793 3315 2039 3371 celebra-

456 3422 570 3461 rem
598 3408 648 3460 in
678 3424 784 3478 quo
808 3411 1018 3478 peccati
1045 3426 1271 3482 regnum
1309 3411 1623 3467 destruxisti
1663 3418 1715 3466 et
1741 3418 1852 3466 tcto
1878 3424 2038 3463 mun-

459 3495 526 3548 do
556 3498 770 3551 veniam
808 3500 1125 3555 delictorum
1156 3502 1396 3556 omnium
1422 3502 1637 3557 dedisti.
1669 3502 1819 3567 Tibi,
1854 3509 2040 3556 sancte

461 3583 699 3654 Spiritus
727 3589 1017 3657 paraclete,
1048 3593 1174 3645 totis
1203 3594 1518 3661 praecordiis
1559 3593 1696 3647 meis
1738 3601 1918 3662 grates
1951 3605 2038 3644 re-

460 3673 596 3741 fero,
633 3679 776 3745 quod
804 3694 892 3733 me
921 3687 1012 3734 tua
1054 3683 1229 3750 gratia
1271 3684 1324 3736 in
1362 3685 1480 3752 ipso
1509 3695 1672 3752 opere
1700 3683 1957 3751 adjuvare
1983 3689 2038 3734 et

465 3769 732 3825 consolari
763 3770 1014 3843 dignatus
1041 3789 1118 3829 es.
1150 3775 1225 3830 Te
1255 3776 1513 3846 deprecor
1533 3784 1592 3829 ut
1619 3777 1662 3830 si
1703 3775 1903 3844 aliqua,
1936 3789 2036 3844 pro

461 3857 750 3928 fragilitate
795 3877 936 3929 mea,
985 3865 1422 3920 inconvenienter
1460 3865 1635 3935 posui,
1668 3880 1763 3920 seu
1801 3866 1904 3920 rite
1932 3879 2040 3919 non

464 3947 726 4016 intellexi,
761 3958 853 4006 tua
894 3953 1200 4010 visitatione
1250 3972 1337 4010 me
1376 3955 1645 4010 illustrare
1684 3956 1939 4024 digneris,
1980 3961 2041 4007 ut

464 4054 530 4094 ea
554 4042 804 4096 decenter
824 4045 1111 4115 corrigam,
1141 4047 1355 4116 meique
1383 4046 1587 4100 erroris
1615 4061 1714 4114 per
1743 4054 1796 4100 te
1825 4045 2039 4098 veniam

466 4153 788 4208 consequar,
825 4149 886 4194 ut
933 4143 1066 4211 ipse,
1105 4159 1264 4212 quem
1308 4153 1433 4199 ante
1475 4146 1768 4214 inemptum
1811 4159 1946 4213 opus
1985 4145 2041 4198 in

467 4229 728 4282 auxilium
757 4231 1034 4296 advocavi,
1063 4234 1178 4287 sine
1211 4233 1492 4303 naufragio
1531 4234 1599 4288 ad
1623 4241 1866 4302 optatum
1892 4233 2040 4288 littus

470 4334 558 4374 me
594 4321 877 4388 perducas.
909 4322 984 4376 Te
1012 4331 1211 4378 aeterna
1251 4332 1305 4378 et
1333 4330 1593 4393 perpetua
1636 4325 1778 4378 Deus
1809 4323 2043 4378 Trinitas

467 4420 523 4468 et
543 4414 918 4485 inseparabilis
947 4418 1147 4484 unitas,
1177 4427 1292 4475 toto
1322 4421 1503 4486 corde,
1536 4427 1648 4473 tota
1690 4420 1893 4484 anima,
1933 4426 2045 4474 tota

467 4514 650 4561 mente
687 4515 742 4562 et
769 4515 881 4564 tota
899 4509 1101 4565 virtute
1127 4510 1267 4576 colo,
1297 4511 1484 4577 adoro,
1516 4519 1732 4582 exopto,
1777 4511 2043 4566 desidero.

470 4597 550 4652 Tu
594 4599 916 4658 illuminatio
953 4617 1094 4670 mea,
1132 4611 1192 4659 tu
1239 4604 1566 4669 salus‘mea,
1593 4612 1651 4658 tu
1678 4604 1795 4657 laus
1819 4617 1959 4666 mea,
1987 4609 2046 4656 tu

468 4686 641 4743 virtus
690 4705 831 4753 mea,
877 4700 1108 4758 creator,
1156 4692 1489 4764 redemptor,
1527 4701 1826 4762 reparator,
1865 4699 2043 4760 pater,

471 4779 692 4843 arbiter,
742 4782 1024 4852 magister,
1070 4783 1370 4848 beatitudo,
1411 4781 1686 4846 fortitudo,
1726 4781 2046 4846 alacritudo,

470 4869 767 4934 aeternitas,
790 4869 1044 4937 felicitas,
1067 4875 1350 4939 serenitas,
1375 4873 1515 4928 Deus
1534 4889 1673 4929 unus
1683 4875 2047 4944 omnipotens,

471 4957 615 5014 Deus
643 4959 866 5016 deorum
886 4963 1163 5030 Dominus,
1187 4965 1329 5019 Deus
1345 4980 1525 5020 rerum
1548 4975 1761 5021 creator
1782 4967 2045 5031 omnium,
2071 5003 2125 5062 Β

472 5046 615 5104 Deus
648 5049 741 5106 lux
769 5061 823 5107 et
849 5053 961 5108 vita
982 5054 1239 5122 ﬁdelium,
1262 5057 1372 5111 vita
1393 5057 1601 5121 vivens,
1626 5058 1736 5111 vita
1759 5071 1790 5110 a
1811 5058 2045 5123 vivente,

473 5139 778 5200 viviﬁcator
805 5146 1120 5210 viventium,
1161 5161 1349 5202 amans
1393 5156 1450 5202 et
1502 5157 1736 5212 amatus,
1789 5161 2050 5216 amorque

477 5227 857 5296 amicissimus,
890 5234 1101 5302 genitor
1123 5241 1178 5289 et
1201 5236 1413 5304 genitus
1437 5244 1793 5305 potenterque
1825 5249 2049 5305 regene—

479 5332 628 5386 rans,
664 5318 852 5378 dicens
879 5330 935 5378 et
971 5326 1196 5380 verbum
1242 5340 1308 5381 ac
1348 5326 1649 5394 procedens
1683 5327 1750 5380 ab
1779 5325 2046 5395 utrisque,

2055 2281 2104 2342 B

2124 1867 2350 1938 diligens
2373 1872 2429 1920 et
2458 1862 2688 1919 dilectus
2729 1859 3118 1929 amborumque
3143 1857 3377 1925 dilectio,
3403 1872 3598 1914 verum
3623 1860 3709 1915 lu-

2123 1973 2270 2024 men,
2304 1958 2482 2012 lumen
2511 1972 2576 2012 ex
2602 1954 2823 2020 lumine,
2851 1967 2977 2008 vera
3000 1953 3338 2016 illuminatio,
3362 1953 3707 2016 consiliator,

2126 2048 2411 2105 consilium
2447 2056 2502 2102 et
2539 2045 2974 2109 communicatio,
3007 2060 3038 2099 a
3067 2058 3189 2114 quo,
3231 2059 3330 2115 per
3356 2060 3516 2114 quem
3548 2055 3604 2100 et
3654 2047 3712 2099 in

2127 2159 2234 2214 quo
2263 2150 2386 2198 sunt
2415 2141 2616 2203 omnia,
2655 2140 2749 2195 tibi
2792 2141 2910 2194 laus
2953 2147 3008 2193 et
3052 2139 3220 2206 gloria
3271 2139 3326 2192 in
3373 2135 3709 2208 sempiterna

2129 2233 2343 2287 saecula.
2375 2232 2472 2298 Te,
2501 2239 2656 2299 pater
2684 2228 3118 2293 clementissime,
3149 2235 3272 2297 peto
3307 2235 3366 2281 ut
3391 2228 3480 2296 qui
3512 2229 3681 2296 primi

2132 2330 2219 2376 tus
2267 2338 2354 2376 me
2398 2323 2501 2376 hoc
2552 2334 2687 2390 opus
2735 2318 3122 2373 conscribendo
3157 2316 3373 2370 voluisti
3417 2317 3712 2385 perﬁcere,

2135 2415 2276 2483 quod
2303 2414 2371 2468 ad
2420 2413 2633 2466 laudem
2683 2409 3057 2480 Redemptoris
3101 2415 3155 2461 et
3193 2406 3488 2462 Salvatoris
3537 2407 3715 2461 nostri

2133 2504 2387 2575 pertinet,
2420 2502 2808 2571 redemptionis
2827 2510 2883 2555 et
2912 2500 3225 2556 salvationis
3251 2498 3367 2567 ejus
3393 2499 3448 2553 in
3477 2500 3718 2568 gratiam

2134 2611 2230 2667 per
2267 2597 2439 2666 ipsum
2466 2595 2721 2664 consequi
2753 2607 3006 2649 merear:
3050 2599 3105 2645 et
3150 2590 3408 2659 quidquid
3457 2589 3720 2658 deinceps

2136 2687 2314 2756 operis
2344 2701 2524 2757 agam,
2554 2701 2621 2740 ex
2647 2695 2761 2750 tua,
2794 2695 2847 2739 et
2892 2697 2988 2754 per
3015 2690 3186 2746 tuam,
3215 2687 3268 2735 et
3311 2679 3367 2733 in
3419 2687 3510 2746 tua
3541 2679 3721 2748 gratia

2137 2778 2205 2833 ad
2267 2777 2481 2832 laudem
2529 2785 2675 2831 tuam
2721 2783 2892 2830 totum
2953 2773 3239 2844 pervenire
3282 2769 3468 2835 facias,
3518 2783 3722 2838 meque

2138 2869 2390 2940 deinceps
2425 2870 2675 2924 tutiorem
2718 2885 2748 2921 a
2791 2867 3050 2938 peccatis,
3081 2874 3138 2920 et
3185 2865 3238 2918 in
3277 2864 3433 2919 bonis
3460 2863 3723 2931 operibus

2137 2959 2451 3015 validiorem
2479 2973 2599 3014 esse
2625 2958 2938 3030 praecipias;
2985 2967 3040 3012 et
3081 2955 3317 3027 quandiu
3361 2955 3415 3009 in
3447 2955 3555 3009 hoc
3603 2969 3725 3009 cor-

2137 3052 2362 3121 pusculo
2407 3051 2607 3115 vivam,
2649 3049 2850 3118 aliquid
2900 3047 3106 3102 servitii
3157 3046 3254 3100 tibi
3307 3059 3521 3113 semper
3563 3044 3724 3098 exhi-

2138 3143 2314 3199 beam.
2371 3142 2498 3197 Post
2551 3142 2758 3196 exitum
2787 3155 2917 3196 vero
2971 3139 3163 3193 animae
3210 3152 3342 3193 meae
3381 3150 3412 3190 a
3469 3151 3722 3206 corpore,

2139 3235 2353 3288 veniam
2380 3241 2724 3301 peccatorum
2749 3231 2987 3285 omnium
3017 3229 3273 3298 consequi
3296 3235 3350 3283 et
3367 3228 3533 3284 vitam
3563 3237 3728 3282 mter-

2141 3339 2266 3378 nam
2295 3323 2574 3394 percipere
2609 3336 2705 3393 per
2747 3321 2920 3390 ipsum
2949 3319 3079 3374 mihi
3118 3319 3382 3374 concedas
3409 3319 3504 3388 qui
3545 3326 3726 3372 tecum

2142 3425 2341 3471 etcum
2367 3415 2566 3486 Spiritu
2591 3422 2777 3469 sancto
2803 3412 3090 3482 coaequalis
3113 3412 3244 3466 vivit
3270 3419 3325 3467 et
3338 3418 3530 3482 regnat
3554 3410 3724 3474 Deus,

2141 3521 2240 3576 per
2283 3506 2466 3560 omnia
2494 3503 2696 3559 saecula
2728 3502 3063 3558 smculorum.
3101 3501 3292 3556 Amen.

2212 3622 2270 3676 In
2300 3635 2460 3677 cruce
2481 3636 2608 3676 vero
2632 3617 2998 3674 antecedentis
3018 3617 3225 3688 pag-inae
3251 3623 3335 3670 est
3361 3630 3502 3669 unus
3527 3630 3729 3669 versus

2139 3715 2390 3784 scriptus,
2418 3713 2605 3782 viginti
2643 3718 2846 3781 septem
2874 3709 3197 3773 litterarum,
3222 3709 3316 3779 qui
3346 3708 3551 3764 eisdem
3585 3705 3731 3760 litte-

2140 3808 2215 3862 ris
2245 3807 2348 3878 legi
2371 3814 2427 3860 et
2457 3804 2619 3874 relegi
2643 3811 2822 3874 potest
2843 3803 2899 3856 in
2925 3799 3077 3856 hunc
3107 3800 3326 3856 modum
3351 3819 3364 3852 :

2383 3937 2485 3988 Oro
2507 3943 2559 3989 te
2582 3948 2747 3987 ramus
2772 3945 2904 3986 aram
2923 3945 3005 3983 ara
3026 3944 3190 3983 sumar
3215 3937 3267 3982 et
3289 3943 3396 3981 oro,

2139 4063 2318 4135 Imago
2346 4076 2475 4118 vero
2504 4077 2646 4127 mea,
2673 4075 2834 4131 quam
2859 4057 3042 4113 subter
3064 4071 3278 4113 crucem
3309 4070 3480 4126 genua
3505 4054 3729 4110 ﬂecten-

2142 4165 2249 4210 tem
2310 4161 2364 4210 et
2420 4163 2668 4209 orantem
2723 4151 3092 4220 depinxeram,
3148 4148 3503 4218 Asclepiadeo
3550 4159 3729 4203 me.er

2143 4244 2449 4314 conscripta
2499 4251 2604 4309 est,
2666 4240 2904 4312 priorem
2959 4252 3176 4294 versum
3225 4246 3414 4292 tenens
3462 4237 3724 4292 hexame-

2144 4346 2288 4392 trum
2339 4335 2638 4400 heroicum,
2691 4331 2988 4387 secundum
3028 4329 3432 4385 hemistichium
3476 4329 3733 4386 heroici.

2144 4429 2276 4483 ita:

2267 4555 2515 4605 Rabanum
2537 4559 2721 4605 memet
2737 4552 2956 4603 clemens
2974 4563 3114 4614 rogo,
3135 4549 3344 4612 Christe,
3367 4552 3537 4611 tuere,

2270 4616 2310 4667 0
2331 4619 2415 4679 pie
2432 4616 2630 4678 judicio.

2148 4735 2398 4792 Continet
2429 4743 2608 4790 autem
2637 4742 2785 4790 totus
2828 4733 2966 4792 liber
3009 4734 3114 4790 iste
3139 4734 3327 4806 viginti
3365 4743 3492 4790 octo
3521 4733 3728 4804 ﬁguras

2149 4828 2402 4882 metricas
2435 4842 2560 4882 cum
2603 4833 2862 4896 sequente
2899 4841 2996 4880 sua
3043 4840 3223 4897 prosa,
3267 4826 3470 4894 absque
3497 4823 3730 4893 superli-

2152 4916 2347 4971 minari
2375 4916 2571 4986 pagina
2599 4923 2654 4969 et
2677 4915 2896 4986 prologo
2922 4933 2935 4968 :
2970 4915 3064 4984 qui
3090 4927 3346 4969 numerus
3374 4913 3517 4967 intra
3547 4921 3730 4968 cente-

2149 5009 2359 5063 narium
2389 5007 2503 5062 suis
2546 5007 2791 5075 partibus
2836 5006 3107 5075 perfectus
3147 5014 3250 5073 est,
3301 5005 3533 5075 ideoque
3573 5003 3729 5073 juxta

2150 5095 2604 5164 huiussummam
2647 5111 2782 5166 opus
2822 5109 3199 5151 consummare
3234 5093 3398 5161 volui,
3437 5093 3534 5162 qui
3579 5093 3727 5148 illam

2149 5185 2378 5242 formam
2419 5187 2473 5241 in
2502 5201 2568 5243 eo
2608 5186 2823 5242 cantavi
2850 5200 2972 5257 quae
2997 5184 3420 5243 consummatrix
3449 5191 3508 5239 et
3550 5183 3731 5254 perfe-

2151 5276 2259 5332 ctio
2284 5291 2466 5332 rerum
2491 5283 2596 5331 est.

1629 5589 2568 5624 *ἥθ’-α·-
