3970 6468
247 399 357 458 265

1244 405 1334 461 DE
1371 403 1716 462 LAUDIBUS
1755 403 1815 461 S.
1854 402 2125 474 CRUCIS.
2166 436 2235 448 —
2272 406 2401 463 LIB.
2442 408 2502 465 II.

3402 416 3519 487 9'66.

1414 658 1712 737 LIBER
1784 659 2341 743 SECUNDUS.
3530 668 3539 685 ”

841 977 1232 1035 ΡΒᾹΞΡΑΤΙΟ.

315 1099 433 1155 Mos
477 1096 619 1168 apud
666 1102 875 1150 veteres
922 1093 1024 1150 fuit
1068 1104 1129 1150 ut
1171 1095 1384 1166 gemino
1426 1092 1565 1165 stylo
1606 1092 1829 1163 propria

236 1191 546 1246 conderent
581 1200 784 1258 opera,
823 1201 931 1256 quo
963 1185 1288 1257 jucundiora
1331 1184 1490 1243 simul
1524 1194 1581 1241 et
1613 1185 1828 1241 utiliora

237 1295 341 1335 sua
381 1278 686 1350 legentibus
721 1274 901 1331 forent
936 1275 1175 1347 ingenia.
1205 1275 1358 1333 Unde
1395 1284 1452 1332 et
1485 1276 1625 1347 apud
1661 1290 1830 1331 saecu-

237 1371 385 1426 lares
423 1378 479 1425 et
512 1367 653 1440 apud
680 1367 1082 1424 ecclesiasticos
1105 1368 1327 1440 plurimi
1365 1367 1712 1423 inveniuntur
1734 1367 1826 1436 qui

237 1470 419 1516 metro
460 1467 517 1515 et
557 1474 721 1530 prosa
764 1474 931 1514 unam
968 1459 1322 1529 eamdemque
1365 1473 1482 1513 rem
1523 1458 1826 1529 descripse-

238 1559 391 1605 runt.
437 1550 509 1606 Ut
548 1551 615 1606 de
646 1549 864 1605 caeteris
899 1556 1140 1616 taceam,
1169 1550 1297 1619 quid
1332 1550 1479 1605 aliud
1504 1549 1736 1620 Prosper
1762 1563 1827 1605 ac

233 1644 582 1701 venerandus
615 1643 704 1699 vir
746 1642 999 1699 Sedulius
1035 1642 1230 1700 fecisse
1275 1645 1610 1700 cernuntur?
1636 1642 1827 1700 Nonne

227 1735 310 1791 ob
360 1734 415 1790 id
463 1733 681 1807 gemino
727 1733 853 1805 styli
894 1734 1209 1790 charactere
1249 1732 1445 1803 duplex
1489 1749 1624 1805 opus
1668 1749 1825 1789 suum

228 1827 440 1893 edunt,
480 1833 539 1881 ut
575 1824 813 1882 varietas
848 1826 963 1896 ipsa
999 1834 1055 1881 et
1090 1824 1366 1881 fastidium
1404 1825 1706 1897 legentibus
1731 1841 1826 1880 au-

230 1916 415 1984 ferat,
456 1926 514 1974 et
544 1917 593 1974 si
630 1917 762 1987 quid
797 1916 939 1973 forte
963 1917 1017 1973 in
1045 1917 1152 1974 alio
1175 1919 1356 1974 minus
1381 1918 1504 1988 quis
1529 1918 1821 1989 intelligat,

232 2010 295 2066 in
319 2010 427 2066 alio
452 2025 578 2066 mox
605 2010 814 2080 plenius
840 2010 1166 2081 edissertum
1192 2011 1495 2081 agnoscat?
1520 2009 1637 2066 Hoc
1660 2010 1825 2082 igitur

225 2101 490 2172 exemplo
536 2108 702 2171 atque
737 2101 840 2156 hac
875 2101 943 2156 de
967 2116 1128 2157 causa
1157 2116 1257 2172 ego
1284 2101 1504 2171 quidem
1529 2101 1823 2157 vilissimus

224 2190 562 2258 homuncio,
587 2206 723 2261 opus
746 2191 889 2262 quod
918 2192 973 2246 in
1001 2191 1217 2248 laudem
1255 2200 1459 2248 sanctae
1494 2194 1675 2250 crucis
1710 2209 1823 2252 me-

225 2281 376 2338 trico
416 2282 556 2354 stylo
598 2284 844 2348 condidi,
885 2283 941 2339 in
982 2299 1201 2355 prosam
1241 2294 1458 2341 vertere
1498 2287 1715 2354 curavi,
1758 2295 1819 2342 ut

218 2373 359 2441 quia
394 2371 466 2428 ob
501 2372 873 2430 diliicultatem
914 2376 1122 2432 ordinis
1159 2386 1215 2431 et
1251 2377 1541 2448 figurarum
1581 2380 1818 2435 necessi-

225 2472 400 2520 tatem
443 2466 678 2522 obscura
717 2466 918 2523 locutio
955 2468 1243 2539 minusque
1275 2477 1467 2539 patens
1503 2485 1695 2527 sensus
1736 2470 1818 2526 vi-

220 2553 389 2609 detur
425 2564 601 2612 metro
641 2555 857 2624 inesse,
896 2557 1093 2614 saltem
1137 2560 1190 2614 in
1232 2576 1390 2631 prosa
1432 2561 1661 2618 lucidior
1699 2562 1812 2618 flat.

224 2643 349 2699 Non
399 2645 547 2701 enim
589 2648 906 2718 satageham
946 2658 1031 2704 ιη’
1054 2650 1245 2705 iisdem
1289 2652 1472 2708 verbis
1516 2653 1713 2724 quibus
1761 2653 1815 2709 in

222 2746 405 2792 metro
440 2753 573 2794 usus
604 2754 759 2804 sum,
801 2740 900 2797 sed
936 2741 1126 2796 eodem
1144 2758 1311 2798 sensu
1339 2744 1392 2799 in
1419 2744 1524 2800 hoc
1548 2760 1711 2816 opere
1738 2742 1819 2802 lo-

219 2840 388 2889 cutus
419 2847 615 2889 essem.
654 2833 770 2890 Hoc
805 2835 948 2891 idem
987 2826 1269 2902 Horatius,
1296 2835 1379 2890 vir
1403 2847 1594 2892 acutus
1630 2844 1685 2893 et
1722 2837 1818 2893 do-

220 2933 382 2990 ctus,
431 2923 486 2979 in
528 2924 663 2981 Arte
706 2926 921 2996 poetica
966 2927 1183 2983 erudito
1230 2927 1513 2999 interpreti
1559 2927 1815 2999 praecepit

221 3013 419 3071 dicens
442 3032 459 3070 :

352 3125 461 3176 Nec
500 3128 707 3180 verbum
728 3129 878 3182 verbo
899 3130 1094 3183 curabis
1116 3131 1331 3185 reddere
1349 3133 1471 3185 ﬁdus

362 3188 630 3253 Interpres.

221 3289 498 3360 lnterpres
526 3292 668 3348 enim
699 3308 799 3365 ego
827 3294 1223 3365 quodammodo
1246 3298 1301 3353 in
1330 3299 1435 3354 hoc
1460 3313 1624 3370 opere
1658 3316 1776 3356 sum
1795 3340 1811 3368 ,

221 3394 340 3434 non
390 3380 615 3438 alterius
661 3383 903 3457 linguae,
953 3388 1049 3442 sed
1094 3386 1323 3443 alterius
1373 3388 1662 3446 locutionis
1692 3430 1709 3456 ,
1754 3397 1815 3445 ut

219 3469 473 3541 ejusdem
521 3488 715 3531 sensus
761 3478 1048 3533 veritatem
1094 3479 1403 3548 explanem.
1474 3480 1816 3553 Quapropter

224 3574 366 3631 rogo
406 3559 665 3619 lectorem
709 3572 771 3620 ut
813 3582 923 3623 non
970 3568 1250 3625 fastidiose
1291 3570 1529 3641 accipiat
1566 3582 1815 3630 nostrum

220 3648 521 3706 laborem:
569 3654 815 3725 sciatque
869 3672 960 3713 me
1014 3673 1123 3714 non
1181 3659 1539 3730 superliuitati
1597 3665 1815 3721 studere
1844 3679 1889 3742 ί]

224 3743 405 3810 velle,
453 3746 551 3801 sed
597 3747 856 3815 utilitati;
904 3765 1006 3805 nec
1052 3751 1146 3806 ulli
1189 3752 1465 3820 invidere,
1507 3756 1601 3811 sed
1642 3756 1816 3827 magis

221 3831 478 3888 fraterna
519 3835 817 3904 charitate,
847 3839 1110 3911 quidquid
1145 3843 1318 3914 gratia
1346 3843 1525 3899 divina
1559 3860 1813 3915 possum,

220 3922 299 3977 ad
328 3923 620 3980 utilitatem
658 3928 890 3997 proximi
919 3931 1208 3988 scribendo
1232 3933 1373 3989 velle
1399 3934 1669 3992 conferre.
1711 3935 1817 3991 Bo—

220 4013 376 4069 nitas
402 4016 792 4087 omnipotentis
828 4019 925 4075 Dei
970 4022 1105 4077 mihi
1138 4025 1406 4081 concedat
1448 4032 1510 4080 ut
1549 4026 1817 4097 quidquid

220 4102 358 4158 boni
381 4115 561 4160 mente
589 4114 834 4175 teneam,
863 4126 1029 4181 opere
1052 4114 1330 4184 perliciam
1357 4133 1371 4169 :
1413 4124 1468 4171 et
1507 4117 1819 4188 quicunque

219 4204 476 4253 nostrum
519 4198 756 4256 laborem
800 4201 1041 4260 fraterne
1083 4205 1346 4276 accipiat,
1374 4207 1486 4262 Deo
1530 4207 1812 4280 largiente,

219 4287 417 4343 aeterni
443 4289 623 4361 gaudii
651 4291 937 4347 nobiscum
964 4293 1242 4364 particeps
1266 4295 1484 4352 existat.

747 4380 978 4453 Explicit
1040 4379 1317 4453 Prwfatio.

693 4508 967 4567 CAPUT
1014 4512 1358 4571 PRIMUM.

226 4618 306 4673 De
334 4621 504 4689 prima
534 4621 826 4699 ﬁgura,‘in
853 4642 958 4695 qua
986 4625 1180 4680 Christi
1206 4628 1379 4699 imago
1406 4645 1592 4685 manus
1616 4632 1671 4686 in
1699 4647 1816 4686 mo-

722 4694 851 4748 dum
867 4694 1123 4767 expandit
1152 4694 1341 4754 crucis.

299 4801 443 4858 Ecce
483 4802 653 4861 Filius
692 4804 789 4861 Dei
833 4814 890 4863 et
938 4808 1201 4865 Dominus
1246 4811 1676 4881 dominantium,
1719 4829 1817 4870 ex-

224 4896 421 4966 pansis
464 4897 721 4954 manibus
768 4900 909 4966 suis,
960 4902 1195 4972 speciem
1243 4907 1603 4963 restaurantis
1649 4907 1818 4964 hono-

1854 978 1910 1039 Α
1933 989 2057 1073 eum
2096 979 2267 1052 gloria
2292 998 2616 1060 resurgens,
2639 1007 2793 1051 arma
2820 992 3105 1067 impiorum
3146 1015 3247 1073 per
3283 1007 3510 1064 verbum

1929 1068 2210 1146 Evangelii
2247 1080 2331 1169 sui
2357 1086 2650 1143 secundum
2674 1092 3092 1159 promissionem
3117 1068 3508 1169 prophetarum

1929 1168 2185 1260 potenter
2212 1165 2498 1226 subvertit.
2528 1174 2600 1231 At
2623 1192 2724 1234 nos
2749 1181 2844 1250 qui
2868 1181 2924 1237 in
2947 1183 3098 1240 illum
3119 1165 3424 1260 credimus,
3450 1193 3510 1249 in

1929 1248 2048 1341 ipso
2085 1252 2371 1314 lattemur:
2415 1262 2541 1318 dum
2583 1248 2890 1341 quicunque
2930 1281 3194 1333 aeternum
3218 1248 3510 1336 Dominum

1928 1340 2079 1399 illum
2114 1361 2241 1403 esse
2279 1366 2385 1407 non
2412 1354 2721 1424 confitetur,
2763 1340 2905 1419 male
2931 1378 2997 1421 ac
3018 1367 3315 1436 pernitiose
3352 1371 3512 1427 dubi-

1928 1441 2042 1502 tet,
2083 1440 2212 1508 quia
2251 1443 2341 1500 hic
2378 1455 2573 1505 auctor
2608 1453 2851 1509 omnium
2894 1470 3077 1514 rerum
3112 1458 3172 1514 in
3213 1467 3332 1518 toto
3372 1464 3510 1519 orbe

1925 1525 2141 1617 colitur,
2154 1531 2247 1586 cui
2269 1533 2424 1591 decet
2441 1548 2638 1596 cuncta
2657 1542 2849 1614 subjici
2874 1564 2889 1600 :
2909 1548 3040 1617 quia
3060 1550 3281 1607 dextera
3308 1554 3509 1609 summi

1924 1616 2101 1705 Patris
2127 1623 2294 1694 proba
2320 1635 2375 1682 et
2399 1640 2587 1687 sancta
2614 1633 2849 1692 oblatam
2874 1616 3117 1708 praedam
3142 1645 3209 1697 de
3233 1642 3509 1714 profundo

1925 1713 2122 1788 inferni
2157 1721 2422 1792 sanguine
2453 1739 2557 1781 suo
2587 1728 2817 1798 eripuit,
2843 1740 2899 1785 et
2926 1732 3105 1789 taliter
3130 1734 3184 1790 in
3211 1713 3376 1793 cruce
3401 1751 3500 1807 po-

1924 1808 2094 1875 situs,
2139 1812 2363 1871 caeleste
2402 1832 2630 1889 regnum
2664 1821 2781 1879 suis
2814 1827 3088 1883 concessit
3111 1826 3379 1886 ﬁdelibus.
3407 1829 3511 1886 llic

1924 1897 1993 1953 de
2038 1913 2097 1956 se
2146 1902 2475 1975 principium
2522 1910 2765 1968 omnium
2811 1929 2994 1971 rerum
3022 1957 3038 1983 ,
3087 1918 3177 1975 hic
3220 1921 3508 1981 nobiscum

1924 1984 2067 2044 Deus
2084 2030 2100 2055 ,
2129 1990 2219 2048 hic
2255 1994 2408 2066 origo
2435 2004 2492 2052 et
2515 1998 2640 2056 ﬁnis
2676 2002 3052 2062 universorum
3079 2016 3193 2076 est,
3222 2010 3314 2067 lux
3339 2026 3505 2081 vera,

1922 2076 2100 2149 imago
2142 2081 2238 2137 Dei
2276 2082 2454 2143 Patris
2491 2088 2809 2159 invisibilis,
2847 2109 2911 2151 os
2952 2096 3201 2167 Domini,
3242 2076 3500 2173 Splendor

1920 2168 2058 2267 lucis
2085 2183 2300 2267 aeterna:
2327 2196 2340 2232 :
2373 2179 2464 2250 qui
2504 2185 2978 2246 consubstantialis
3013 2190 3162 2249 Patri
3183 2234 3200 2261 ,
3225 2168 3309 2252 sol
3338 2196 3507 2267 justi-

1922 2258 2044 2326 tire,
2095 2259 2334 2320 Verbum
2377 2266 2506 2336 Dei,
2554 2279 2610 2327 et
2654 2288 2722 2329 ex
2771 2275 2976 2336 lumine
3024 2258 3206 2339 lumen
3251 2258 3358 2343 est:
3405 2288 3508 2347 llic

1920 2350 2210 2421 eomqualis
2244 2355 2420 2413 virtus
2456 2367 2513 2415 et
2550 2376 2745 2422 manus
2780 2364 2996 2425 Domini
3028 2379 3147 2440 est,
3190 2376 3298 2431 dux
3331 2377 3509 2448 justo-

1923 2452 2042 2538 rum
2081 2447 2138 2494 et
2174 2444 2455 2538 propheta
2480 2463 2676 2520 verus,
2707 2469 2875 2526 quem
2901 2457 3100 2516 Filium
3134 2462 3233 2519 Dei
3260 2444 3510 2538 unigeni-

1918 2532 2033 2582 tum
2065 2537 2126 2628 et
2160 2532 2579 2606 primogenitum
2596 2539 2746 2612 juste
2769 2548 3109 2605 confitemur.
3140 2552 3238 2610 Hic
3259 2532 3507 2628 estlapis

1918 2619 2608 2717 angulariscredentibus,
2630 2632 2876 2707 lapisque
2902 2639 3218 2700 offensionis
3255 2654 3313 2702 et
3349 2619 3505 2717 petra

1917 2713 2157 2770 scandali
2198 2716 2545 2778 infidelibus:
2590 2725 2840 2800 idemque
2875 2734 3075 2790 ostium
3115 2736 3239 2794 vitre
3273 2713 3379 2795 est.
3420 2724 3507 2797 En

1919 2800 2139 2860 indutus
2175 2816 2328 2865 veste
2362 2809 2612 2870 Christus
2651 2819 2854 2877 veritas
2894 2822 3023 2894 quid
3063 2828 3291 2898 mystice
3331 2830 3504 2900 signi-

1918 2895 2045 2953 ficet
2064 2914 2353 2972 exponam.
2388 2904 2564 2965 Vestis
2591 2925 2809 2983 quoque
2830 2914 3036 2973 Christi
3064 2895 3151 2975 lex
3178 2920 3359 2978 divina
3385 2895 3502 2989 est,

1915 3003 2039 3058 quae
2065 2991 2160 3047 vili
2188 2995 2428 3066 tegmine
2461 2997 2767 3058 litterarum
2808 3013 3085 3063 auctorem
3111 3024 3295 3065 rerum
3321 3012 3507 3069 omnia

1916 3082 2282 3142 continentem
2334 3090 2732 3160 quodammodo
2781 3098 3149 3170 amplectitur.
3202 3101 3288 3160 Ad
3337 3119 3504 3175 quem

1918 3181 2063 3230 totus
2088 3178 2323 3235 mundus
2341 3220 2358 3248 ,
2386 3181 2583 3239 coelum
2608 3194 2664 3241 et
2683 3193 2833 3243 terra
2854 3227 2870 3255 ,
2897 3195 2953 3243 et
2976 3204 3157 3258 mare,
3184 3200 3243 3247 et
3277 3193 3502 3250 univer-

1916 3268 2051 3325 sitas
2094 3282 2362 3331 creaturae
2399 3280 2683 3348 pertinet:
2729 3283 2821 3353 qui
2858 3284 3063 3356 pugillo
3100 3285 3301 3342 etelum
3344 3286 3506 3343 meti~

1916 3366 2027 3428 tur,
2055 3371 2109 3418 et
2135 3370 2336 3422 terram
2365 3368 2549 3439 palmo
2580 3371 2873 3428 concludit.
2904 3374 3037 3428 Item
3064 3383 3249 3431 nostra
3275 3383 3502 3443 natura,

1917 3466 2079 3522 quam
2117 3470 2218 3525 pro
2242 3465 2428 3513 nostra
2456 3460 2827 3534 redemptione
2852 3464 3117 3535 suscepit,
3148 3466 3304 3537 quasi
3331 3466 3502 3523 vesti-

1915 3551 2157 3600 mentum
2183 3546 2483 3606 divinitatis
2522 3551 2638 3623 ejus
2679 3560 2782 3609 est.
2827 3552 2963 3610 Nam
3006 3555 3121 3612 b:ee
3156 3555 3501 3628 splendorem

1920 3635 2223 3707 majestatis
2258 3639 2407 3710 ejus,
2434 3645 2584 3700 etab
2621 3646 2873 3703 humanis
2908 3650 3285 3720 conspectibus
3319 3652 3500 3719 celat;

1920 3734 1976 3781 et
1999 3729 2180 3786 radios
2205 3731 2471 3790 claritatis
2496 3734 2614 3805 ejus
2638 3753 2826 3794 coram
2853 3740 3025 3797 oculis
3049 3742 3339 3813 impiorum
3375 3746 3505 3801 abs-

1916 3819 2157 3878 condens
2178 3822 2408 3881 claudit:
2438 3826 2555 3898 ipse
2580 3836 2758 3886 tamen
2789 3832 3065 3890 miraculis
3087 3837 3502 3893 eoruseantibus

1917 3924 1983 3966 ac
2010 3918 2229 3969 tonante
2254 3915 2547 3989 Evangelio
2571 3936 2732 3978 verus
2756 3922 2900 3980 Deus
2938 3924 3193 3983 innotuit.
3225 3928 3332 3984 Iste
3360 3944 3499 4001 quo-

1914 4014 2021 4070 que
2048 4003 2227 4074 magni
2253 4007 2463 4063 consilii
2487 4009 2710 4080 angelus
2726 4053 2741 4079 ,
2766 4027 2830 4069 ac
2857 4028 3067 4072 summa
3092 4017 3379 4075 devotione
3402 4021 3500 4079 Dei

1915 4092 2114 4162 populo
2160 4096 2361 4153 missus
2398 4109 2519 4156 est:
2570 4103 2769 4160 docens
2808 4105 3060 4164 videlicet
3099 4111 3399 4181 sapientia,
3444 4122 3503 4171 et

1919 4190 2102 4238 custos
2126 4185 2416 4257 pacificus,
2446 4188 2566 4248 fons
2601 4193 2728 4249 vita:
2765 4203 3017 4265 aeternae,
3060 4199 3345 4259 brachium
3388 4203 3500 4261 Do-

1920 4270 2084 4364 mini,
2128 4282 2183 4329 et
2224 4278 2380 4346 panis
2419 4281 2575 4337 vivus
2615 4284 2706 4353 qui
2735 4285 2801 4340 de
2824 4286 2962 4342 caelo
2999 4289 3315 4347 descendit:
3346 4302 3501 4364 petra

1923 4358 2106 4429 utique
2145 4362 2427 4434 Christus,
2466 4370 2648 4427 oriens
2688 4372 2899 4443 lucifer,
2938 4385 2993 4433 et
3026 4394 3188 4438 verus
3221 4358 3497 4453 medicus,

1922 4450 2087 4508 clavis
2111 4453 2314 4524 David,
2342 4459 2429 4514 via
2457 4462 2610 4527 vitae,
2639 4472 2693 4519 et
2725 4462 2912 4537 Agnus
2935 4468 3030 4525 Dei
3067 4472 3160 4542 qui
3200 4473 3341 4529 tollit
3373 4450 3502 4546 pec;

1925 4551 2014 4598 cat
2054 4547 2274 4614 mundi,
2304 4564 2529 4621 serpens
2564 4555 2655 4624 qui
2693 4557 2962 4615 exaltatus
2998 4564 3289 4619 morituros
3327 4564 3503 4620 vivifi-

1919 4640 2040 4700 cat,
2067 4644 2122 4691 et
2147 4639 2413 4695 mediator
2444 4641 2538 4697 Dei
2588 4653 2646 4699 et
2671 4645 2945 4703 hominum
2968 4689 2984 4714 ,
3005 4651 3207 4705 vermis
3225 4662 3281 4707 et
3300 4653 3493 4722 homo,

1919 4725 2189 4795 captivam
2236 4729 2439 4787 ducens
2481 4734 2896 4802 captivitatem:
2945 4754 3102 4797 mons
3146 4742 3274 4809 Dei,
3315 4746 3500 4816 aquila

1921 4815 2029 4871 alta
2066 4828 2286 4888 petens,
2326 4822 2620 4880 advocatus
2655 4842 2755 4897 pro
2792 4830 2964 4886 nobis.
3005 4832 3116 4888 Leo
3143 4834 3209 4890 de
3237 4835 3377 4892 tribu
3404 4835 3499 4892 Ju-

1919 4905 2007 4971 da,
2039 4916 2223 4978 pastor
2246 4911 2449 4978 bonus,
2478 4922 2533 4969 et
2559 4916 2745 4973 haedus
2769 4929 2992 4990 peccata
3021 4932 3208 4979 nostra
3232 4935 3455 4996 portans
3479 4947 3495 4984 .'

225 4984 458 5040 randam
491 4987 579 5043 hic
603 4990 859 5046 ostendit.
900 4991 967 5046 Et
992 5001 1141 5049 recte
1168 4994 1311 5051 hunc
1332 5012 1499 5052 unum
1537 5007 1812 5069 pastorem
1840 5035 1892 5095 Β
1923 4998 2330 5059 fundamentum
2362 5004 2483 5061 ﬁdei
2503 5047 2516 5072 ,
2545 5009 2665 5065 ovis
2699 4984 2986 5080 innocens,
3026 4984 3280 5072 sacerdos
3304 5030 3499 5074 secun-

222 5093 364 5149 grex
412 5094 567 5134 sacer
607 5080 869 5140 Ecclesia:
903 5083 1112 5153 justum
1154 5089 1324 5157 colit;
1354 5098 1409 5145 et
1448 5092 1501 5146 iu
1544 5108 1610 5149 eo
1650 5096 1812 5151 modo

225 5183 339 5236 quo
383 5167 439 5222 in
480 5185 643 5227 cruce
690 5189 786 5229 sua
832 5177 1075 5232 membra
1119 5177 1335 5251 fatigari
1383 5184 1669 5252 permisit,
1708 5186 1814 5241 rite

226 5272 424 5312 omnes
473 5260 655 5331 populi
707 5262 942 5333 probant
989 5266 1383 5339 redemptorem
1412 5313 1428 5338 ,
1487 5274 1613 5344 quia
1667 5276 1813 5333 hunc

229 5349 400 5403 totius
417 5347 557 5416 juris
581 5362 859 5422 parentem
886 5372 1008 5414 esse
1032 5374 1187 5416 sacra
1214 5362 1493 5432 Scriptura
1532 5369 1808 5436 prtedicat.

228 5435 349 5491 Hoc
391 5453 606 5510 quoque
645 5456 746 5513 ego
789 5445 1041 5517 indignus
1081 5465 1414 5520 agnoscens,
1455 5470 1555 5524 pro
1596 5458 1812 5515 modulo

230 5544 357 5584 meo
382 5533 624 5589 omnium
652 5537 1027 5595 summitatum
1053 5542 1268 5600 culmen
1312 5546 1481 5603 adoro
1523 5550 1809 5606 Dominum

229 5618 450 5688 Iesum,
491 5633 546 5678 et
586 5627 751 5682 credo
789 5630 933 5698 quod
972 5632 1086 5701 ipse
1126 5643 1212 5689 est
1254 5636 1367 5692 Rex
1394 5654 1599 5710 regum.
1627 5639 1811 5698 Judtea

234 5724 405 5776 vero,
455 5728 611 5783 quae,
663 5717 977 5775 stimulante
1026 5722 1264 5793 invidia,
1321 5728 1589 5786 inventrix
1640 5733 1809 5789 malo-

232 5816 358 5857 rum
395 5812 512 5873 est,
554 5808 738 5881 inique
774 5826 930 5866 suum
974 5812 1174 5869 occidit
1234 5833 1433 5890 regem.
1474 5820 1588 5893 Ipse
1630 5832 1806 5881 tamen

718 5926 990 5989 ΡΑΤκοι..
1037 5928 1225 5993 CVII.

1920 5092 2048 5146 dum
2083 5095 2329 5150 ordinem
2365 5096 2755 5158 Melchisedech
2776 5144 2791 5169 ,
2829 5102 3063 5162 offerens
3099 5122 3293 5177 panem
3326 5117 3383 5165 et
3416 5110 3497 5166 vi-

1920 5200 2048 5238 num
2077 5202 2092 5238 :
2120 5185 2318 5243 vitulus
2342 5204 2575 5261 namque
2603 5201 2659 5249 et
2682 5194 2825 5251 aries
2860 5212 2959 5267 pro
2994 5199 3152 5256 nobis
3187 5200 3497 5260 immolatus

1920 5281 2004 5329 est
2031 5274 2269 5332 victima.
2298 5279 2399 5347 Qui
2426 5282 2593 5339 Filius
2617 5293 2703 5340 est
2726 5285 2904 5342 Patris
2929 5290 3116 5345 aeterni
3132 5331 3148 5356 ,
3174 5291 3318 5348 idem
3344 5295 3498 5350 dam-

1922 5373 2084 5420 natus
2128 5376 2214 5423 est
2253 5371 2320 5425 ad
2364 5386 2579 5440 poenam
2625 5374 2774 5448 ligni.
2827 5377 2925 5434 llic
2965 5380 3151 5451 utique
3190 5393 3317 5440 ante
3358 5384 3494 5442 luci-

1923 5459 2095 5516 ferum
2114 5503 2130 5529 ,
2158 5471 2212 5519 et
2235 5473 2362 5521 ante
2385 5482 2601 5523 omnem
2645 5479 2948 5527 creaturam
2969 5513 2983 5539 ,
3025 5489 3091 5529 ex
3118 5474 3298 5533 Patris
3338 5486 3496 5533 utero

1915 5559 2000 5606 est
2032 5554 2243 5621 genitus
2275 5573 2289 5609 :
2332 5566 2389 5611 et
2426 5559 2795 5628 temporaliter
2830 5561 2885 5616 in
2922 5574 3195 5620 momento
3230 5569 3496 5638 processit

1914 5654 1980 5694 ex
2024 5642 2213 5697 matris
2239 5644 2391 5710 alvo,
2421 5656 2582 5717 atque
2607 5656 2664 5701 ut
2688 5648 2922 5705 salvaret
2945 5668 3114 5723 genus
3155 5657 3448 5712 humanum
3473 5698 3490 5724 ,

1916 5734 1983 5789 ad
2020 5748 2236 5791 erucem
2266 5740 2413 5794 venit
2443 5748 2674 5797 aeternus
2707 5734 2957 5800 conditor
2979 5736 3230 5804 Christus
3248 5788 3262 5814 ,
3291 5748 3381 5820 qui
3407 5759 3493 5807 est

1917 5842 2079 5897 super
2104 5828 2284 5886 omnia
2313 5831 2454 5888 Deus
2479 5832 2790 5891 benedictus
2818 5836 2872 5891 in
2898 5836 3092 5892 stecula

3016 5955 3059 6023 9,
