  <div class='ocr_page' id='page_1' title='image "/cluster/home/n/w/nwhite01/storage/ocr_20150623/107/hvd.32044015466832/139.png"; bbox 0 0 3970 6460; ppageno 0'>
   <div class='ocr_carea' id='block_1_1' title="bbox 481 381 585 437">
    <p class='ocr_par' dir='ltr' id='par_1_1' title="bbox 481 381 585 437">
     <span class='ocr_line' id='line_1_1' title="bbox 481 381 585 437; baseline -0.029 0"><span class='ocrx_word' id='word_1_1' title='bbox 481 381 585 437; x_wconf 71' lang='lat'><strong>267</strong></span> 
     </span>
    </p>
   </div>
   <div class='ocr_carea' id='block_1_2' title="bbox 1119 483 1432 541">
    <p class='ocr_par' dir='ltr' id='par_1_2' title="bbox 1119 483 1432 541">
     <span class='ocr_line' id='line_1_2' title="bbox 1119 483 1432 541; baseline -0.006 -1"><span class='ocrx_word' id='word_1_2' title='bbox 1119 484 1344 541; x_wconf 80' lang='lat' dir='ltr'><strong>CAPUT</strong></span> <span class='ocrx_word' id='word_1_3' title='bbox 1370 483 1432 538; x_wconf 88' lang='lat' dir='ltr'><strong>ll.</strong></span> 
     </span>
    </p>
   </div>
   <div class='ocr_carea' id='block_1_3' title="bbox 430 570 2058 647">
    <p class='ocr_par' dir='ltr' id='par_1_3' title="bbox 430 570 2058 647">
     <span class='ocr_line' id='line_1_3' title="bbox 430 570 2058 647; baseline -0.012 -8"><span class='ocrx_word' id='word_1_4' title='bbox 430 617 435 623; x_wconf 92' lang='lat'><strong><em>-</em></strong></span> <span class='ocrx_word' id='word_1_5' title='bbox 484 583 563 638; x_wconf 87' lang='lat' dir='ltr'><strong>De</strong></span> <span class='ocrx_word' id='word_1_6' title='bbox 588 583 817 637; x_wconf 74' lang='lat' dir='ltr'><strong>secunda</strong></span> <span class='ocrx_word' id='word_1_7' title='bbox 846 578 1018 647; x_wconf 80' lang='lat' dir='ltr'><strong>figura</strong></span> <span class='ocrx_word' id='word_1_8' title='bbox 1037 616 1053 639; x_wconf 91' lang='lat'><strong>,</strong></span> <span class='ocrx_word' id='word_1_9' title='bbox 1080 576 1136 629; x_wconf 82' lang='lat' dir='ltr'><strong>in</strong></span> <span class='ocrx_word' id='word_1_10' title='bbox 1162 591 1266 647; x_wconf 82' lang='lat' dir='ltr'><strong>qua</strong></span> <span class='ocrx_word' id='word_1_11' title='bbox 1284 582 1471 647; x_wconf 74' lang='lat' dir='ltr'><strong>sancta</strong></span> <span class='ocrx_word' id='word_1_12' title='bbox 1499 587 1630 625; x_wconf 73' lang='lat' dir='ltr'><strong>crux</strong></span> <span class='ocrx_word' id='word_1_13' title='bbox 1656 570 1795 624; x_wconf 82' lang='lat' dir='ltr'><strong>intra</strong></span> <span class='ocrx_word' id='word_1_14' title='bbox 1829 576 2058 638; x_wconf 83' lang='lat' dir='ltr'><strong>tetrago-</strong></span> 
     </span>
    </p>
   </div>
   <div class='ocr_carea' id='block_1_4' title="bbox 1024 645 1501 715">
    <p class='ocr_par' dir='ltr' id='par_1_4' title="bbox 1024 645 1501 715">
     <span class='ocr_line' id='line_1_4' title="bbox 1024 645 1501 715; baseline -0.01 -15"><span class='ocrx_word' id='word_1_15' title='bbox 1024 660 1147 700; x_wconf 81' lang='lat' dir='ltr'><strong>num</strong></span> <span class='ocrx_word' id='word_1_16' title='bbox 1176 645 1379 715; x_wconf 75' lang='lat' dir='ltr'><strong>depicta</strong></span> <span class='ocrx_word' id='word_1_17' title='bbox 1407 652 1501 696; x_wconf 78' lang='lat' dir='ltr'><strong>est.</strong></span> 
     </span>
    </p>
   </div>
   <div class='ocr_carea' id='block_1_5' title="bbox 555 755 2060 831">
    <p class='ocr_par' dir='ltr' id='par_1_5' title="bbox 555 755 2060 831">
     <span class='ocr_line' id='line_1_5' title="bbox 555 755 2060 831; baseline -0.011 -5"><span class='ocrx_word' id='word_1_18' title='bbox 555 770 600 827; x_wconf 94' lang='grc' dir='ltr'>Ο</span> <span class='ocrx_word' id='word_1_19' title='bbox 624 774 810 825; x_wconf 91' lang='lat' dir='ltr'><strong>sancta</strong></span> <span class='ocrx_word' id='word_1_20' title='bbox 836 780 971 821; x_wconf 80' lang='lat' dir='ltr'><strong>crux</strong></span> <span class='ocrx_word' id='word_1_21' title='bbox 999 761 1239 827; x_wconf 89' lang='lat' dir='ltr'><strong>Christi,</strong></span> <span class='ocrx_word' id='word_1_22' title='bbox 1264 774 1384 831; x_wconf 69' lang='lat' dir='ltr'><strong>qua:</strong></span> <span class='ocrx_word' id='word_1_23' title='bbox 1420 765 1692 829; x_wconf 75' lang='lat' dir='ltr'><strong>potestate</strong></span> <span class='ocrx_word' id='word_1_24' title='bbox 1730 757 1829 813; x_wconf 84' lang='lat' dir='ltr'><strong>tibi</strong></span> <span class='ocrx_word' id='word_1_25' title='bbox 1867 755 2060 812; x_wconf 87' lang='lat' dir='ltr'><strong>collata</strong></span> 
     </span>
    </p>
   </div>
   <div class='ocr_carea' id='block_1_6' title="bbox 484 851 2060 928">
    <p class='ocr_par' dir='ltr' id='par_1_6' title="bbox 484 851 2060 928">
     <span class='ocr_line' id='line_1_6' title="bbox 484 851 2060 928; baseline -0.01 -11"><span class='ocrx_word' id='word_1_26' title='bbox 484 859 706 917; x_wconf 78' lang='lat' dir='ltr'><strong>excellis</strong></span> <span class='ocrx_word' id='word_1_27' title='bbox 742 871 907 928; x_wconf 87' lang='lat' dir='ltr'><strong>super</strong></span> <span class='ocrx_word' id='word_1_28' title='bbox 938 854 1121 911; x_wconf 86' lang='lat' dir='ltr'><strong>omnia</strong></span> <span class='ocrx_word' id='word_1_29' title='bbox 1146 853 1159 907; x_wconf 89' lang='lat'><strong>!</strong></span> <span class='ocrx_word' id='word_1_30' title='bbox 1191 860 1248 907; x_wconf 91' lang='lat' dir='ltr'><strong>tu</strong></span> <span class='ocrx_word' id='word_1_31' title='bbox 1272 852 1326 906; x_wconf 92' lang='lat' dir='ltr'><strong>in</strong></span> <span class='ocrx_word' id='word_1_32' title='bbox 1354 851 1615 906; x_wconf 74' lang='lat' dir='ltr'><strong>cmlorum</strong></span> <span class='ocrx_word' id='word_1_33' title='bbox 1642 864 1766 904; x_wconf 89' lang='lat' dir='ltr'><strong>arce</strong></span> <span class='ocrx_word' id='word_1_34' title='bbox 1792 862 2023 918; x_wconf 88' lang='lat' dir='ltr'><strong>superna</strong></span> <span class='ocrx_word' id='word_1_35' title='bbox 2045 888 2060 913; x_wconf 93' lang='lat'><strong>,</strong></span> 
     </span>
    </p>
   </div>
   <div class='ocr_carea' id='block_1_7' title="bbox 476 938 2064 1018">
    <p class='ocr_par' dir='ltr' id='par_1_7' title="bbox 476 938 2064 1018">
     <span class='ocr_line' id='line_1_7' title="bbox 476 938 2064 1018; baseline -0.009 -10"><span class='ocrx_word' id='word_1_36' title='bbox 476 950 744 1008; x_wconf 64' lang='lat' dir='ltr'><strong>calorum</strong></span> <span class='ocrx_word' id='word_1_37' title='bbox 763 954 964 1018; x_wconf 83' lang='lat' dir='ltr'><strong>potens</strong></span> <span class='ocrx_word' id='word_1_38' title='bbox 986 943 1133 1015; x_wconf 85' lang='lat' dir='ltr'><strong>regis</strong></span> <span class='ocrx_word' id='word_1_39' title='bbox 1176 943 1438 1013; x_wconf 87' lang='lat' dir='ltr'><strong>agmina:</strong></span> <span class='ocrx_word' id='word_1_40' title='bbox 1467 941 1592 1009; x_wconf 86' lang='lat' dir='ltr'><strong>quia</strong></span> <span class='ocrx_word' id='word_1_41' title='bbox 1630 939 1873 997; x_wconf 79' lang='lat' dir='ltr'><strong>cruciﬁxi</strong></span> <span class='ocrx_word' id='word_1_42' title='bbox 1913 938 1967 993; x_wconf 90' lang='lat' dir='ltr'><strong>in</strong></span> <span class='ocrx_word' id='word_1_43' title='bbox 2010 948 2064 995; x_wconf 84' lang='lat' dir='ltr'><strong>te</strong></span> 
     </span>
    </p>
   </div>
   <div class='ocr_carea' id='block_1_8' title="bbox 470 1033 2063 1111">
    <p class='ocr_par' dir='ltr' id='par_1_8' title="bbox 470 1033 2063 1111">
     <span class='ocr_line' id='line_1_8' title="bbox 470 1033 2063 1111; baseline -0.006 -17"><span class='ocrx_word' id='word_1_44' title='bbox 470 1039 628 1111; x_wconf 73' lang='lat' dir='ltr'><strong>regis</strong></span> <span class='ocrx_word' id='word_1_45' title='bbox 661 1039 836 1093; x_wconf 78' lang='lat' dir='ltr'><strong>virtus</strong></span> <span class='ocrx_word' id='word_1_46' title='bbox 871 1044 927 1091; x_wconf 90' lang='lat' dir='ltr'><strong>et</strong></span> <span class='ocrx_word' id='word_1_47' title='bbox 960 1033 1216 1090; x_wconf 83' lang='lat' dir='ltr'><strong>divinitas</strong></span> <span class='ocrx_word' id='word_1_48' title='bbox 1232 1041 1409 1087; x_wconf 83' lang='lat' dir='ltr'><strong>totam</strong></span> <span class='ocrx_word' id='word_1_49' title='bbox 1441 1040 1492 1086; x_wconf 91' lang='lat' dir='ltr'><strong>te</strong></span> <span class='ocrx_word' id='word_1_50' title='bbox 1516 1037 1791 1102; x_wconf 87' lang='lat' dir='ltr'><strong>potentem</strong></span> <span class='ocrx_word' id='word_1_51' title='bbox 1815 1037 1872 1085; x_wconf 88' lang='lat' dir='ltr'><strong>et</strong></span> <span class='ocrx_word' id='word_1_52' title='bbox 1895 1037 2063 1085; x_wconf 88' lang='lat' dir='ltr'><strong>totam</strong></span> 
     </span>
    </p>
   </div>
   <div class='ocr_carea' id='block_1_9' title="bbox 484 1120 2063 1193">
    <p class='ocr_par' dir='ltr' id='par_1_9' title="bbox 484 1120 2063 1193">
     <span class='ocr_line' id='line_1_9' title="bbox 484 1120 2063 1193; baseline -0.006 -10"><span class='ocrx_word' id='word_1_53' title='bbox 484 1136 728 1183; x_wconf 87' lang='lat' dir='ltr'><strong>sanctam</strong></span> <span class='ocrx_word' id='word_1_54' title='bbox 754 1125 887 1182; x_wconf 81' lang='lat' dir='ltr'><strong>fecit</strong></span> <span class='ocrx_word' id='word_1_55' title='bbox 905 1165 920 1189; x_wconf 92' lang='lat'><strong>,</strong></span> <span class='ocrx_word' id='word_1_56' title='bbox 948 1123 1184 1180; x_wconf 81' lang='lat' dir='ltr'><strong>maxime</strong></span> <span class='ocrx_word' id='word_1_57' title='bbox 1207 1139 1330 1178; x_wconf 88' lang='lat' dir='ltr'><strong>cum</strong></span> <span class='ocrx_word' id='word_1_58' title='bbox 1362 1122 1632 1193; x_wconf 78' lang='lat' dir='ltr'><strong>passionis</strong></span> <span class='ocrx_word' id='word_1_59' title='bbox 1661 1122 1778 1191; x_wconf 83' lang='lat' dir='ltr'><strong>ejus</strong></span> <span class='ocrx_word' id='word_1_60' title='bbox 1807 1120 2063 1177; x_wconf 90' lang='lat' dir='ltr'><strong>indicium</strong></span> 
     </span>
    </p>
   </div>
   <div class='ocr_carea' id='block_1_10' title="bbox 484 1211 2063 1289">
    <p class='ocr_par' dir='ltr' id='par_1_10' title="bbox 484 1211 2063 1289">
     <span class='ocr_line' id='line_1_10' title="bbox 484 1211 2063 1289; baseline -0.007 -14"><span class='ocrx_word' id='word_1_61' title='bbox 484 1232 701 1289; x_wconf 82' lang='lat' dir='ltr'><strong>semper</strong></span> <span class='ocrx_word' id='word_1_62' title='bbox 728 1217 784 1273; x_wconf 92' lang='lat' dir='ltr'><strong>in</strong></span> <span class='ocrx_word' id='word_1_63' title='bbox 813 1225 866 1272; x_wconf 90' lang='lat' dir='ltr'><strong>te</strong></span> <span class='ocrx_word' id='word_1_64' title='bbox 891 1216 1113 1272; x_wconf 79' lang='lat' dir='ltr'><strong>existat.</strong></span> <span class='ocrx_word' id='word_1_65' title='bbox 1153 1215 1494 1284; x_wconf 79' lang='lat' dir='ltr'><strong>Quapropter</strong></span> <span class='ocrx_word' id='word_1_66' title='bbox 1522 1213 1717 1268; x_wconf 87' lang='lat' dir='ltr'><strong>merito</strong></span> <span class='ocrx_word' id='word_1_67' title='bbox 1746 1220 1799 1267; x_wconf 89' lang='lat' dir='ltr'><strong>te</strong></span> <span class='ocrx_word' id='word_1_68' title='bbox 1825 1211 2063 1279; x_wconf 79' lang='lat' dir='ltr'><strong>reginam</strong></span> 
     </span>
    </p>
   </div>
   <div class='ocr_carea' id='block_1_11' title="bbox 462 1299 2063 1375">
    <p class='ocr_par' dir='ltr' id='par_1_11' title="bbox 462 1299 2063 1375">
     <span class='ocr_line' id='line_1_11' title="bbox 462 1299 2063 1375; baseline -0.006 -15"><span class='ocrx_word' id='word_1_69' title='bbox 462 1305 765 1360; x_wconf 27' lang='lat' dir='ltr'><strong>‘a-Christo</strong></span> <span class='ocrx_word' id='word_1_70' title='bbox 791 1319 919 1375; x_wconf 88' lang='lat' dir='ltr'><strong>rege</strong></span> <span class='ocrx_word' id='word_1_71' title='bbox 949 1318 1237 1367; x_wconf 89' lang='lat' dir='ltr'><strong>vocamus,</strong></span> <span class='ocrx_word' id='word_1_72' title='bbox 1265 1302 1390 1372; x_wconf 88' lang='lat' dir='ltr'><strong>quia</strong></span> <span class='ocrx_word' id='word_1_73' title='bbox 1420 1300 1571 1372; x_wconf 89' lang='lat' dir='ltr'><strong>regni</strong></span> <span class='ocrx_word' id='word_1_74' title='bbox 1598 1299 1838 1356; x_wconf 73' lang='lat' dir='ltr'><strong>cmlestis</strong></span> <span class='ocrx_word' id='word_1_75' title='bbox 1861 1299 2063 1354; x_wconf 81' lang='lat' dir='ltr'><strong>aditum</strong></span> 
     </span>
    </p>
   </div>
   <div class='ocr_carea' id='block_1_12' title="bbox 474 1387 2066 1467">
    <p class='ocr_par' dir='ltr' id='par_1_12' title="bbox 474 1387 2066 1467">
     <span class='ocr_line' id='line_1_12' title="bbox 474 1387 2066 1467; baseline -0.005 -15"><span class='ocrx_word' id='word_1_76' title='bbox 474 1412 584 1467; x_wconf 70' lang='lat' dir='ltr'><strong>per</strong></span> <span class='ocrx_word' id='word_1_77' title='bbox 609 1406 663 1452; x_wconf 91' lang='lat' dir='ltr'><strong>te</strong></span> <span class='ocrx_word' id='word_1_78' title='bbox 686 1396 920 1467; x_wconf 88' lang='lat' dir='ltr'><strong>primum</strong></span> <span class='ocrx_word' id='word_1_79' title='bbox 944 1394 1241 1450; x_wconf 90' lang='lat' dir='ltr'><strong>meruimus</strong></span> <span class='ocrx_word' id='word_1_80' title='bbox 1268 1411 1281 1447; x_wconf 90' lang='lat'><strong>:</strong></span> <span class='ocrx_word' id='word_1_81' title='bbox 1310 1393 1545 1461; x_wconf 87' lang='lat' dir='ltr'><strong>dumque</strong></span> <span class='ocrx_word' id='word_1_82' title='bbox 1571 1389 1924 1446; x_wconf 81' lang='lat' dir='ltr'><strong>humanitatis</strong></span> <span class='ocrx_word' id='word_1_83' title='bbox 1949 1387 2066 1457; x_wconf 84' lang='lat' dir='ltr'><strong>ejus</strong></span> 
     </span>
    </p>
   </div>
   <div class='ocr_carea' id='block_1_13' title="bbox 487 1479 2063 1555">
    <p class='ocr_par' dir='ltr' id='par_1_13' title="bbox 487 1479 2063 1555">
     <span class='ocr_line' id='line_1_13' title="bbox 487 1479 2063 1555; baseline -0.005 -14"><span class='ocrx_word' id='word_1_84' title='bbox 487 1502 553 1542; x_wconf 87' lang='lat' dir='ltr'><strong>ac</strong></span> <span class='ocrx_word' id='word_1_85' title='bbox 576 1486 878 1542; x_wconf 83' lang='lat' dir='ltr'><strong>divinitatis</strong></span> <span class='ocrx_word' id='word_1_86' title='bbox 901 1486 1128 1555; x_wconf 80' lang='lat' dir='ltr'><strong>gratiam</strong></span> <span class='ocrx_word' id='word_1_87' title='bbox 1157 1483 1330 1553; x_wconf 89' lang='lat' dir='ltr'><strong>ipsum</strong></span> <span class='ocrx_word' id='word_1_88' title='bbox 1358 1490 1579 1553; x_wconf 85' lang='lat' dir='ltr'><strong>portans</strong></span> <span class='ocrx_word' id='word_1_89' title='bbox 1603 1480 1981 1553; x_wconf 81' lang='lat' dir='ltr'><strong>promeruisti,</strong></span> <span class='ocrx_word' id='word_1_90' title='bbox 2009 1479 2063 1532; x_wconf 90' lang='lat' dir='ltr'><strong>in</strong></span> 
     </span>
    </p>
   </div>
   <div class='ocr_carea' id='block_1_14' title="bbox 485 1569 2065 1642">
    <p class='ocr_par' dir='ltr' id='par_1_14' title="bbox 485 1569 2065 1642">
     <span class='ocr_line' id='line_1_14' title="bbox 485 1569 2065 1642; baseline -0.004 -13"><span class='ocrx_word' id='word_1_91' title='bbox 485 1575 649 1630; x_wconf 91' lang='lat' dir='ltr'><strong>unius</strong></span> <span class='ocrx_word' id='word_1_92' title='bbox 688 1574 784 1630; x_wconf 87' lang='lat' dir='ltr'><strong>Dei</strong></span> <span class='ocrx_word' id='word_1_93' title='bbox 828 1573 1216 1642; x_wconf 86' lang='lat' dir='ltr'><strong>omnipotentis</strong></span> <span class='ocrx_word' id='word_1_94' title='bbox 1259 1571 1472 1626; x_wconf 87' lang='lat' dir='ltr'><strong>laudem</strong></span> <span class='ocrx_word' id='word_1_95' title='bbox 1518 1584 1675 1625; x_wconf 90' lang='lat' dir='ltr'><strong>sacra</strong></span> <span class='ocrx_word' id='word_1_96' title='bbox 1721 1569 2065 1625; x_wconf 88' lang='lat' dir='ltr'><strong>confessione</strong></span> 
     </span>
    </p>
   </div>
   <div class='ocr_carea' id='block_1_15' title="bbox 485 1660 2063 1734">
    <p class='ocr_par' dir='ltr' id='par_1_15' title="bbox 485 1660 2063 1734">
     <span class='ocr_line' id='line_1_15' title="bbox 485 1660 2063 1734; baseline -0.006 -11"><span class='ocrx_word' id='word_1_97' title='bbox 485 1666 836 1723; x_wconf 87' lang='lat' dir='ltr'><strong>Christicolas</strong></span> <span class='ocrx_word' id='word_1_98' title='bbox 872 1665 1113 1721; x_wconf 85' lang='lat' dir='ltr'><strong>sociasti.</strong></span> <span class='ocrx_word' id='word_1_99' title='bbox 1138 1663 1271 1719; x_wconf 88' lang='lat' dir='ltr'><strong>Nam</strong></span> <span class='ocrx_word' id='word_1_100' title='bbox 1298 1662 1626 1734; x_wconf 85' lang='lat' dir='ltr'><strong>multiplices</strong></span> <span class='ocrx_word' id='word_1_101' title='bbox 1652 1661 1839 1717; x_wconf 90' lang='lat' dir='ltr'><strong>laudes</strong></span> <span class='ocrx_word' id='word_1_102' title='bbox 1869 1660 1981 1715; x_wconf 89' lang='lat' dir='ltr'><strong>Deo</strong></span> <span class='ocrx_word' id='word_1_103' title='bbox 2009 1660 2063 1714; x_wconf 89' lang='lat' dir='ltr'><strong>in</strong></span> 
     </span>
    </p>
   </div>
   <div class='ocr_carea' id='block_1_16' title="bbox 484 1752 2062 1826">
    <p class='ocr_par' dir='ltr' id='par_1_16' title="bbox 484 1752 2062 1826">
     <span class='ocr_line' id='line_1_16' title="bbox 484 1752 2062 1826; baseline -0.004 -14"><span class='ocrx_word' id='word_1_104' title='bbox 484 1757 693 1812; x_wconf 77' lang='lat' dir='ltr'><strong>sanctis</strong></span> <span class='ocrx_word' id='word_1_105' title='bbox 718 1756 1031 1826; x_wconf 76' lang='lat' dir='ltr'><strong>angelorum</strong></span> <span class='ocrx_word' id='word_1_106' title='bbox 1059 1755 1294 1810; x_wconf 71' lang='lat' dir='ltr'><strong>cmtihus</strong></span> <span class='ocrx_word' id='word_1_107' title='bbox 1316 1754 1555 1821; x_wconf 77' lang='lat' dir='ltr'><strong>excitas,</strong></span> <span class='ocrx_word' id='word_1_108' title='bbox 1582 1761 1640 1809; x_wconf 90' lang='lat' dir='ltr'><strong>et</strong></span> <span class='ocrx_word' id='word_1_109' title='bbox 1661 1752 1825 1809; x_wconf 90' lang='lat' dir='ltr'><strong>simili</strong></span> <span class='ocrx_word' id='word_1_110' title='bbox 1851 1752 2062 1807; x_wconf 89' lang='lat' dir='ltr'><strong>ratione</strong></span> 
     </span>
    </p>
   </div>
   <div class='ocr_carea' id='block_1_17' title="bbox 1108 362 3090 430">
    <p class='ocr_par' dir='ltr' id='par_1_17' title="bbox 1108 362 3090 430">
     <span class='ocr_line' id='line_1_17' title="bbox 1108 362 3090 430; baseline -0.004 0"><span class='ocrx_word' id='word_1_111' title='bbox 1108 379 1120 389; x_wconf 88' lang='lat'><strong>&#39;</strong></span> <span class='ocrx_word' id='word_1_112' title='bbox 1154 377 1210 430; x_wconf 88' lang='grc' dir='ltr'><strong>Β.</strong></span> <span class='ocrx_word' id='word_1_113' title='bbox 1254 372 1505 430; x_wconf 74' lang='grc' dir='ltr'>ΒΑΒΑΜ</span> <span class='ocrx_word' id='word_1_114' title='bbox 1542 368 1758 425; x_wconf 69' lang='lat' dir='ltr'><strong>MAURI</strong></span> <span class='ocrx_word' id='word_1_115' title='bbox 1796 364 2117 423; x_wconf 83' lang='lat' dir='ltr'><strong>ARClIlEP.</strong></span> <span class='ocrx_word' id='word_1_116' title='bbox 2159 362 2469 423; x_wconf 81' lang='lat' dir='ltr'><strong>MOGUNT.</strong></span> <span class='ocrx_word' id='word_1_117' title='bbox 2507 365 2793 425; x_wconf 82' lang='lat' dir='ltr'><strong>OPERUM</strong></span> <span class='ocrx_word' id='word_1_118' title='bbox 2830 366 3009 423; x_wconf 82' lang='lat' dir='ltr'><strong>PARS</strong></span> <span class='ocrx_word' id='word_1_119' title='bbox 3046 367 3090 423; x_wconf 88' lang='lat' dir='ltr'><strong>l.</strong></span> 
     </span>
    </p>
   </div>
   <div class='ocr_carea' id='block_1_18' title="bbox 3633 366 3745 424">
    <p class='ocr_par' dir='ltr' id='par_1_18' title="bbox 3633 366 3745 424">
     <span class='ocr_line' id='line_1_18' title="bbox 3633 366 3745 424; baseline 0.027 -3"><span class='ocrx_word' id='word_1_120' title='bbox 3633 366 3745 424; x_wconf 69' lang='lat'><strong>268</strong></span> 
     </span>
    </p>
   </div>
   <div class='ocr_carea' id='block_1_19' title="bbox 2086 476 3753 549">
    <p class='ocr_par' dir='ltr' id='par_1_19' title="bbox 2086 476 3753 549">
     <span class='ocr_line' id='line_1_19' title="bbox 2086 476 3753 549; baseline 0.002 -18"><span class='ocrx_word' id='word_1_121' title='bbox 2086 476 2305 539; x_wconf 76' lang='lat' dir='ltr'><strong>Aeitus</strong></span> <span class='ocrx_word' id='word_1_122' title='bbox 2356 478 2669 549; x_wconf 80' lang='lat' dir='ltr'><strong>angelorum</strong></span> <span class='ocrx_word' id='word_1_123' title='bbox 2698 518 2713 546; x_wconf 92' lang='lat'><strong>,</strong></span> <span class='ocrx_word' id='word_1_124' title='bbox 2765 479 2859 549; x_wconf 93' lang='lat' dir='ltr'><strong>qui</strong></span> <span class='ocrx_word' id='word_1_125' title='bbox 2922 479 2979 537; x_wconf 90' lang='lat' dir='ltr'><strong>in</strong></span> <span class='ocrx_word' id='word_1_126' title='bbox 3035 478 3283 534; x_wconf 85' lang='lat' dir='ltr'><strong>claritate</strong></span> <span class='ocrx_word' id='word_1_127' title='bbox 3336 476 3473 533; x_wconf 91' lang='lat' dir='ltr'><strong>lucis</strong></span> <span class='ocrx_word' id='word_1_128' title='bbox 3522 487 3753 534; x_wconf 69' lang='lat' dir='ltr'><strong>acterna:</strong></span> 
     </span>
    </p>
   </div>
   <div class='ocr_carea' id='block_1_20' title="bbox 2161 569 3752 642">
    <p class='ocr_par' dir='ltr' id='par_1_20' title="bbox 2161 569 3752 642">
     <span class='ocr_line' id='line_1_20' title="bbox 2161 569 3752 642; baseline 0 -16"><span class='ocrx_word' id='word_1_129' title='bbox 2161 579 2408 637; x_wconf 90' lang='lat' dir='ltr'><strong>manent,</strong></span> <span class='ocrx_word' id='word_1_130' title='bbox 2436 578 2492 626; x_wconf 92' lang='lat' dir='ltr'><strong>et</strong></span> <span class='ocrx_word' id='word_1_131' title='bbox 2528 572 2670 642; x_wconf 89' lang='lat' dir='ltr'><strong>apud</strong></span> <span class='ocrx_word' id='word_1_132' title='bbox 2708 572 2987 636; x_wconf 89' lang='lat' dir='ltr'><strong>homines,</strong></span> <span class='ocrx_word' id='word_1_133' title='bbox 3014 571 3211 640; x_wconf 87' lang='lat' dir='ltr'><strong>quibus</strong></span> <span class='ocrx_word' id='word_1_134' title='bbox 3238 569 3383 626; x_wconf 91' lang='lat' dir='ltr'><strong>salus</strong></span> <span class='ocrx_word' id='word_1_135' title='bbox 3419 578 3477 626; x_wconf 92' lang='lat' dir='ltr'><strong>et</strong></span> <span class='ocrx_word' id='word_1_136' title='bbox 3511 571 3752 641; x_wconf 79' lang='lat' dir='ltr'><strong>pulchra</strong></span> 
     </span>
    </p>
   </div>
   <div class='ocr_carea' id='block_1_21' title="bbox 2162 661 3753 733">
    <p class='ocr_par' dir='ltr' id='par_1_21' title="bbox 2162 661 3753 733">
     <span class='ocr_line' id='line_1_21' title="bbox 2162 661 3753 733; baseline -0.001 -16"><span class='ocrx_word' id='word_1_137' title='bbox 2162 661 2440 717; x_wconf 84' lang='lat' dir='ltr'><strong>renovatio</strong></span> <span class='ocrx_word' id='word_1_138' title='bbox 2481 670 2603 733; x_wconf 91' lang='lat' dir='ltr'><strong>post</strong></span> <span class='ocrx_word' id='word_1_139' title='bbox 2643 662 2904 717; x_wconf 86' lang='lat' dir='ltr'><strong>diutinam</strong></span> <span class='ocrx_word' id='word_1_140' title='bbox 2949 661 3320 717; x_wconf 85' lang='lat' dir='ltr'><strong>inﬁrmitatem</strong></span> <span class='ocrx_word' id='word_1_141' title='bbox 3364 669 3421 715; x_wconf 91' lang='lat' dir='ltr'><strong>et</strong></span> <span class='ocrx_word' id='word_1_142' title='bbox 3458 661 3753 731; x_wconf 85' lang='lat' dir='ltr'><strong>antiquam</strong></span> 
     </span>
    </p>
   </div>
   <div class='ocr_carea' id='block_1_22' title="bbox 2160 750 3756 823">
    <p class='ocr_par' dir='ltr' id='par_1_22' title="bbox 2160 750 3756 823">
     <span class='ocr_line' id='line_1_22' title="bbox 2160 750 3756 823; baseline 0 -16"><span class='ocrx_word' id='word_1_143' title='bbox 2160 760 2509 823; x_wconf 88' lang='lat' dir='ltr'><strong>peccatorum</strong></span> <span class='ocrx_word' id='word_1_144' title='bbox 2558 760 2885 807; x_wconf 78' lang='lat' dir='ltr'><strong>vetustatem</strong></span> <span class='ocrx_word' id='word_1_145' title='bbox 2930 751 3206 807; x_wconf 77' lang='lat' dir='ltr'><strong>exstitisti.</strong></span> <span class='ocrx_word' id='word_1_146' title='bbox 3260 750 3338 806; x_wconf 88' lang='lat' dir='ltr'><strong>Te</strong></span> <span class='ocrx_word' id='word_1_147' title='bbox 3391 759 3546 807; x_wconf 89' lang='lat' dir='ltr'><strong>totus</strong></span> <span class='ocrx_word' id='word_1_148' title='bbox 3596 753 3756 807; x_wconf 81' lang='lat' dir='ltr'><strong>orbis</strong></span> 
     </span>
    </p>
   </div>
   <div class='ocr_carea' id='block_1_23' title="bbox 2161 842 3756 914">
    <p class='ocr_par' dir='ltr' id='par_1_23' title="bbox 2161 842 3756 914">
     <span class='ocr_line' id='line_1_23' title="bbox 2161 842 3756 914; baseline -0.002 -14"><span class='ocrx_word' id='word_1_149' title='bbox 2161 842 2465 908; x_wconf 81' lang='lat' dir='ltr'><strong>beatificat,</strong></span> <span class='ocrx_word' id='word_1_150' title='bbox 2512 851 2565 899; x_wconf 88' lang='lat' dir='ltr'><strong>te</strong></span> <span class='ocrx_word' id='word_1_151' title='bbox 2609 843 2871 899; x_wconf 81' lang='lat' dir='ltr'><strong>caelorum</strong></span> <span class='ocrx_word' id='word_1_152' title='bbox 2913 842 3127 914; x_wconf 87' lang='lat' dir='ltr'><strong>agmina</strong></span> <span class='ocrx_word' id='word_1_153' title='bbox 3168 842 3496 898; x_wconf 88' lang='lat' dir='ltr'><strong>collaudant.</strong></span> <span class='ocrx_word' id='word_1_154' title='bbox 3544 842 3659 897; x_wconf 87' lang='lat' dir='ltr'><strong>Per</strong></span> <span class='ocrx_word' id='word_1_155' title='bbox 3702 852 3756 897; x_wconf 89' lang='lat' dir='ltr'><strong>te</strong></span> 
     </span>
    </p>
   </div>
   <div class='ocr_carea' id='block_1_24' title="bbox 2163 932 3756 1004">
    <p class='ocr_par' dir='ltr' id='par_1_24' title="bbox 2163 932 3756 1004">
     <span class='ocr_line' id='line_1_24' title="bbox 2163 932 3756 1004; baseline -0.001 -15"><span class='ocrx_word' id='word_1_156' title='bbox 2163 934 2217 989; x_wconf 91' lang='lat' dir='ltr'><strong>in</strong></span> <span class='ocrx_word' id='word_1_157' title='bbox 2249 935 2467 989; x_wconf 88' lang='lat' dir='ltr'><strong>nomine</strong></span> <span class='ocrx_word' id='word_1_158' title='bbox 2497 932 2622 989; x_wconf 88' lang='lat' dir='ltr'><strong>Jesu</strong></span> <span class='ocrx_word' id='word_1_159' title='bbox 2654 933 2787 1004; x_wconf 90' lang='lat' dir='ltr'><strong>(qui</strong></span> <span class='ocrx_word' id='word_1_160' title='bbox 2815 942 3007 989; x_wconf 89' lang='lat' dir='ltr'><strong>cuncta</strong></span> <span class='ocrx_word' id='word_1_161' title='bbox 3039 933 3224 989; x_wconf 90' lang='lat' dir='ltr'><strong>mundi</strong></span> <span class='ocrx_word' id='word_1_162' title='bbox 3254 940 3465 1001; x_wconf 86' lang='lat' dir='ltr'><strong>sceptra</strong></span> <span class='ocrx_word' id='word_1_163' title='bbox 3498 933 3671 988; x_wconf 85' lang='lat' dir='ltr'><strong>simul</strong></span> <span class='ocrx_word' id='word_1_164' title='bbox 3699 943 3756 988; x_wconf 88' lang='lat' dir='ltr'><strong>et</strong></span> 
     </span>
    </p>
   </div>
   <div class='ocr_carea' id='block_1_25' title="bbox 2162 1025 3758 1097">
    <p class='ocr_par' dir='ltr' id='par_1_25' title="bbox 2162 1025 3758 1097">
     <span class='ocr_line' id='line_1_25' title="bbox 2162 1025 3758 1097; baseline 0 -15"><span class='ocrx_word' id='word_1_165' title='bbox 2162 1042 2351 1096; x_wconf 87' lang='lat' dir='ltr'><strong>regum</strong></span> <span class='ocrx_word' id='word_1_166' title='bbox 2394 1034 2587 1082; x_wconf 83' lang='lat' dir='ltr'><strong>curvat</strong></span> <span class='ocrx_word' id='word_1_167' title='bbox 2623 1025 2895 1097; x_wconf 88' lang='lat' dir='ltr'><strong>imperia)</strong></span> <span class='ocrx_word' id='word_1_168' title='bbox 2931 1041 3091 1080; x_wconf 92' lang='lat' dir='ltr'><strong>omne</strong></span> <span class='ocrx_word' id='word_1_169' title='bbox 3130 1040 3269 1095; x_wconf 88' lang='lat' dir='ltr'><strong>genu</strong></span> <span class='ocrx_word' id='word_1_170' title='bbox 3308 1026 3422 1080; x_wconf 87' lang='lat' dir='ltr'><strong>sive</strong></span> <span class='ocrx_word' id='word_1_171' title='bbox 3460 1025 3758 1082; x_wconf 80' lang='lat' dir='ltr'><strong>voluntate</strong></span> 
     </span>
    </p>
   </div>
   <div class='ocr_carea' id='block_1_26' title="bbox 2163 1115 3758 1183">
    <p class='ocr_par' dir='ltr' id='par_1_26' title="bbox 2163 1115 3758 1183">
     <span class='ocr_line' id='line_1_26' title="bbox 2163 1115 3758 1183; baseline -0.001 -10"><span class='ocrx_word' id='word_1_172' title='bbox 2163 1118 2276 1173; x_wconf 85' lang='lat' dir='ltr'><strong>sive</strong></span> <span class='ocrx_word' id='word_1_173' title='bbox 2322 1117 2373 1171; x_wconf 89' lang='lat' dir='ltr'><strong>vi</strong></span> <span class='ocrx_word' id='word_1_174' title='bbox 2419 1117 2675 1183; x_wconf 82' lang='lat' dir='ltr'><strong>ﬂectitur,</strong></span> <span class='ocrx_word' id='word_1_175' title='bbox 2723 1115 3025 1172; x_wconf 79' lang='lat' dir='ltr'><strong>ccelestium</strong></span> <span class='ocrx_word' id='word_1_176' title='bbox 3066 1116 3353 1181; x_wconf 77' lang='lat' dir='ltr'><strong>videlicet,</strong></span> <span class='ocrx_word' id='word_1_177' title='bbox 3402 1118 3758 1172; x_wconf 83' lang='lat' dir='ltr'><strong>terrestrium</strong></span> 
     </span>
    </p>
   </div>
   <div class='ocr_carea' id='block_1_27' title="bbox 2163 1207 3760 1279">
    <p class='ocr_par' dir='ltr' id='par_1_27' title="bbox 2163 1207 3760 1279">
     <span class='ocr_line' id='line_1_27' title="bbox 2163 1207 3760 1279; baseline -0.001 -15"><span class='ocrx_word' id='word_1_178' title='bbox 2163 1219 2217 1265; x_wconf 92' lang='lat' dir='ltr'><strong>et</strong></span> <span class='ocrx_word' id='word_1_179' title='bbox 2244 1208 2602 1264; x_wconf 84' lang='lat' dir='ltr'><strong>infernorum.</strong></span> <span class='ocrx_word' id='word_1_180' title='bbox 2633 1208 2704 1263; x_wconf 82' lang='lat' dir='ltr'><strong>At</strong></span> <span class='ocrx_word' id='word_1_181' title='bbox 2731 1207 2992 1273; x_wconf 85' lang='lat' dir='ltr'><strong>Michael,</strong></span> <span class='ocrx_word' id='word_1_182' title='bbox 3038 1208 3147 1263; x_wconf 81' lang='lat' dir='ltr'><strong>dux</strong></span> <span class='ocrx_word' id='word_1_183' title='bbox 3190 1217 3245 1261; x_wconf 88' lang='lat' dir='ltr'><strong>et</strong></span> <span class='ocrx_word' id='word_1_184' title='bbox 3280 1207 3537 1278; x_wconf 87' lang='lat' dir='ltr'><strong>princeps</strong></span> <span class='ocrx_word' id='word_1_185' title='bbox 3574 1208 3760 1279; x_wconf 77' lang='lat' dir='ltr'><strong>plebis</strong></span> 
     </span>
    </p>
   </div>
   <div class='ocr_carea' id='block_1_28' title="bbox 2163 1296 3759 1365">
    <p class='ocr_par' dir='ltr' id='par_1_28' title="bbox 2163 1296 3759 1365">
     <span class='ocr_line' id='line_1_28' title="bbox 2163 1296 3759 1365; baseline -0.001 -10"><span class='ocrx_word' id='word_1_186' title='bbox 2163 1300 2290 1365; x_wconf 89' lang='lat' dir='ltr'><strong>Dei,</strong></span> <span class='ocrx_word' id='word_1_187' title='bbox 2320 1309 2372 1356; x_wconf 90' lang='lat' dir='ltr'><strong>te</strong></span> <span class='ocrx_word' id='word_1_188' title='bbox 2399 1300 2739 1356; x_wconf 78' lang='lat' dir='ltr'><strong>confessione</strong></span> <span class='ocrx_word' id='word_1_189' title='bbox 2763 1306 3031 1353; x_wconf 89' lang='lat' dir='ltr'><strong>memorat</strong></span> <span class='ocrx_word' id='word_1_190' title='bbox 3055 1306 3248 1353; x_wconf 89' lang='lat' dir='ltr'><strong>cuncta</strong></span> <span class='ocrx_word' id='word_1_191' title='bbox 3276 1296 3541 1352; x_wconf 69' lang='lat' dir='ltr'><strong>cozlorum</strong></span> <span class='ocrx_word' id='word_1_192' title='bbox 3569 1299 3759 1353; x_wconf 82' lang='lat' dir='ltr'><strong>sidera</strong></span> 
     </span>
    </p>
   </div>
   <div class='ocr_carea' id='block_1_29' title="bbox 2163 1392 3759 1463">
    <p class='ocr_par' dir='ltr' id='par_1_29' title="bbox 2163 1392 3759 1463">
     <span class='ocr_line' id='line_1_29' title="bbox 2163 1392 3759 1463; baseline -0.001 -17"><span class='ocrx_word' id='word_1_193' title='bbox 2163 1400 2219 1446; x_wconf 84' lang='lat' dir='ltr'><strong>et</strong></span> <span class='ocrx_word' id='word_1_194' title='bbox 2263 1393 2461 1448; x_wconf 83' lang='lat' dir='ltr'><strong>virtute</strong></span> <span class='ocrx_word' id='word_1_195' title='bbox 2498 1406 2686 1463; x_wconf 89' lang='lat' dir='ltr'><strong>regere</strong></span> <span class='ocrx_word' id='word_1_196' title='bbox 2727 1400 2783 1446; x_wconf 90' lang='lat' dir='ltr'><strong>et</strong></span> <span class='ocrx_word' id='word_1_197' title='bbox 2816 1398 3086 1462; x_wconf 86' lang='lat' dir='ltr'><strong>potestate</strong></span> <span class='ocrx_word' id='word_1_198' title='bbox 3126 1399 3338 1461; x_wconf 82' lang='lat' dir='ltr'><strong>tegere,</strong></span> <span class='ocrx_word' id='word_1_199' title='bbox 3372 1404 3439 1444; x_wconf 92' lang='lat' dir='ltr'><strong>eo</strong></span> <span class='ocrx_word' id='word_1_200' title='bbox 3467 1392 3622 1460; x_wconf 89' lang='lat' dir='ltr'><strong>quod</strong></span> <span class='ocrx_word' id='word_1_201' title='bbox 3662 1406 3759 1445; x_wconf 82' lang='lat' dir='ltr'><strong>ara</strong></span> 
     </span>
    </p>
   </div>
   <div class='ocr_carea' id='block_1_30' title="bbox 2163 1479 3760 1552">
    <p class='ocr_par' dir='ltr' id='par_1_30' title="bbox 2163 1479 3760 1552">
     <span class='ocr_line' id='line_1_30' title="bbox 2163 1479 3760 1552; baseline 0.001 -18"><span class='ocrx_word' id='word_1_202' title='bbox 2163 1479 2259 1536; x_wconf 88' lang='lat' dir='ltr'><strong>Dei</strong></span> <span class='ocrx_word' id='word_1_203' title='bbox 2304 1481 2413 1546; x_wconf 91' lang='lat' dir='ltr'><strong>sis,</strong></span> <span class='ocrx_word' id='word_1_204' title='bbox 2457 1481 2510 1535; x_wconf 88' lang='lat' dir='ltr'><strong>in</strong></span> <span class='ocrx_word' id='word_1_205' title='bbox 2554 1497 2660 1552; x_wconf 90' lang='lat' dir='ltr'><strong>qua</strong></span> <span class='ocrx_word' id='word_1_206' title='bbox 2701 1480 3008 1535; x_wconf 88' lang='lat' dir='ltr'><strong>immolatus</strong></span> <span class='ocrx_word' id='word_1_207' title='bbox 3046 1488 3129 1535; x_wconf 90' lang='lat' dir='ltr'><strong>est</strong></span> <span class='ocrx_word' id='word_1_208' title='bbox 3167 1479 3353 1550; x_wconf 83' lang='lat' dir='ltr'><strong>Agnus</strong></span> <span class='ocrx_word' id='word_1_209' title='bbox 3389 1482 3482 1550; x_wconf 88' lang='lat' dir='ltr'><strong>qui</strong></span> <span class='ocrx_word' id='word_1_210' title='bbox 3529 1480 3760 1536; x_wconf 86' lang='lat' dir='ltr'><strong>abstulit</strong></span> 
     </span>
    </p>
   </div>
   <div class='ocr_carea' id='block_1_31' title="bbox 2162 1571 3755 1642">
    <p class='ocr_par' dir='ltr' id='par_1_31' title="bbox 2162 1571 3755 1642">
     <span class='ocr_line' id='line_1_31' title="bbox 2162 1571 3755 1642; baseline 0.002 -18"><span class='ocrx_word' id='word_1_211' title='bbox 2162 1580 2383 1641; x_wconf 85' lang='lat' dir='ltr'><strong>peccata</strong></span> <span class='ocrx_word' id='word_1_212' title='bbox 2413 1572 2642 1627; x_wconf 89' lang='lat' dir='ltr'><strong>mundi:</strong></span> <span class='ocrx_word' id='word_1_213' title='bbox 2686 1588 2793 1642; x_wconf 91' lang='lat' dir='ltr'><strong>quo</strong></span> <span class='ocrx_word' id='word_1_214' title='bbox 2839 1571 3026 1641; x_wconf 87' lang='lat' dir='ltr'><strong>clypeo</strong></span> <span class='ocrx_word' id='word_1_215' title='bbox 3064 1571 3455 1626; x_wconf 70' lang='lat' dir='ltr'><strong>benevolentia:</strong></span> <span class='ocrx_word' id='word_1_216' title='bbox 3498 1571 3623 1642; x_wconf 87' lang='lat' dir='ltr'><strong>ipse</strong></span> <span class='ocrx_word' id='word_1_217' title='bbox 3665 1588 3755 1627; x_wconf 89' lang='lat' dir='ltr'><strong>se-</strong></span> 
     </span>
    </p>
   </div>
   <div class='ocr_carea' id='block_1_32' title="bbox 2161 1658 3751 1731">
    <p class='ocr_par' dir='ltr' id='par_1_32' title="bbox 2161 1658 3751 1731">
     <span class='ocr_line' id='line_1_32' title="bbox 2161 1658 3751 1731; baseline 0.001 -19"><span class='ocrx_word' id='word_1_218' title='bbox 2161 1659 2287 1715; x_wconf 91' lang='lat' dir='ltr'><strong>dulo</strong></span> <span class='ocrx_word' id='word_1_219' title='bbox 2322 1660 2589 1727; x_wconf 78' lang='lat' dir='ltr'><strong>exsultat,</strong></span> <span class='ocrx_word' id='word_1_220' title='bbox 2615 1677 2722 1731; x_wconf 80' lang='lat' dir='ltr'><strong>qua</strong></span> <span class='ocrx_word' id='word_1_221' title='bbox 2760 1659 3114 1716; x_wconf 65' lang='lat' dir='ltr'><strong>confessionis</strong></span> <span class='ocrx_word' id='word_1_222' title='bbox 3143 1658 3347 1714; x_wconf 87' lang='lat' dir='ltr'><strong>framea</strong></span> <span class='ocrx_word' id='word_1_223' title='bbox 3379 1658 3588 1725; x_wconf 83' lang='lat' dir='ltr'><strong>fidens,</strong></span> <span class='ocrx_word' id='word_1_224' title='bbox 3633 1660 3751 1715; x_wconf 87' lang='lat' dir='ltr'><strong>bel-</strong></span> 
     </span>
    </p>
   </div>
   <div class='ocr_carea' id='block_1_33' title="bbox 2163 1748 3754 1820">
    <p class='ocr_par' dir='ltr' id='par_1_33' title="bbox 2163 1748 3754 1820">
     <span class='ocr_line' id='line_1_33' title="bbox 2163 1748 3754 1820; baseline 0.002 -18"><span class='ocrx_word' id='word_1_225' title='bbox 2163 1748 2273 1803; x_wconf 92' lang='lat' dir='ltr'><strong>lum</strong></span> <span class='ocrx_word' id='word_1_226' title='bbox 2310 1748 2410 1804; x_wconf 89' lang='lat' dir='ltr'><strong>init</strong></span> <span class='ocrx_word' id='word_1_227' title='bbox 2449 1758 2637 1805; x_wconf 90' lang='lat' dir='ltr'><strong>contra</strong></span> <span class='ocrx_word' id='word_1_228' title='bbox 2674 1750 2962 1805; x_wconf 88' lang='lat' dir='ltr'><strong>draconem</strong></span> <span class='ocrx_word' id='word_1_229' title='bbox 3005 1750 3316 1816; x_wconf 77' lang='lat' dir='ltr'><strong>horridum,</strong></span> <span class='ocrx_word' id='word_1_230' title='bbox 3353 1750 3754 1820; x_wconf 85' lang='lat' dir='ltr'><strong>antiquumque</strong></span> 
     </span>
    </p>
   </div>
   <div class='ocr_carea' id='block_1_34' title="bbox 481 1822 3752 1920">
    <p class='ocr_par' dir='ltr' id='par_1_34' title="bbox 481 1822 3752 1920">
     <span class='ocr_line' id='line_1_34' title="bbox 481 1822 3752 1920; baseline -0.002 -17"><span class='ocrx_word' id='word_1_231' title='bbox 481 1848 552 1903; x_wconf 83' lang='lat' dir='ltr'><strong>ad</strong></span> <span class='ocrx_word' id='word_1_232' title='bbox 570 1822 984 1920; x_wconf 75' lang='lat' dir='ltr'><strong>glorificandum</strong></span> <span class='ocrx_word' id='word_1_233' title='bbox 1008 1846 1195 1901; x_wconf 77' lang='lat' dir='ltr'><strong>-Deum</strong></span> <span class='ocrx_word' id='word_1_234' title='bbox 1224 1845 1447 1901; x_wconf 87' lang='lat' dir='ltr'><strong>devotos</strong></span> <span class='ocrx_word' id='word_1_235' title='bbox 1477 1845 1658 1901; x_wconf 87' lang='lat' dir='ltr'><strong>reddis</strong></span> <span class='ocrx_word' id='word_1_236' title='bbox 1686 1852 1955 1899; x_wconf 86' lang='lat' dir='ltr'><strong>terrarum</strong></span> <span class='ocrx_word' id='word_1_237' title='bbox 1982 1843 2062 1896; x_wconf 91' lang='lat' dir='ltr'><strong>in-</strong></span> <span class='ocrx_word' id='word_1_238' title='bbox 2090 1822 2138 1883; x_wconf 76' lang='grc' dir='ltr'>Β</span> <span class='ocrx_word' id='word_1_239' title='bbox 2166 1851 2470 1909; x_wconf 88' lang='lat' dir='ltr'><strong>serpentem</strong></span> <span class='ocrx_word' id='word_1_240' title='bbox 2497 1856 2513 1907; x_wconf 92' lang='lat'><strong>;</strong></span> <span class='ocrx_word' id='word_1_241' title='bbox 2552 1850 2607 1896; x_wconf 90' lang='lat' dir='ltr'><strong>et</strong></span> <span class='ocrx_word' id='word_1_242' title='bbox 2630 1840 2697 1896; x_wconf 91' lang='lat' dir='ltr'><strong>de</strong></span> <span class='ocrx_word' id='word_1_243' title='bbox 2734 1841 2891 1895; x_wconf 89' lang='lat' dir='ltr'><strong>hoste</strong></span> <span class='ocrx_word' id='word_1_244' title='bbox 2919 1840 3258 1911; x_wconf 88' lang='lat' dir='ltr'><strong>triumphans</strong></span> <span class='ocrx_word' id='word_1_245' title='bbox 3275 1881 3290 1907; x_wconf 91' lang='lat'><strong>,</strong></span> <span class='ocrx_word' id='word_1_246' title='bbox 3317 1849 3441 1895; x_wconf 85' lang='lat' dir='ltr'><strong>ovat</strong></span> <span class='ocrx_word' id='word_1_247' title='bbox 3467 1856 3597 1895; x_wconf 90' lang='lat' dir='ltr'><strong>cum</strong></span> <span class='ocrx_word' id='word_1_248' title='bbox 3624 1857 3752 1897; x_wconf 87' lang='lat' dir='ltr'><strong>san-</strong></span> 
     </span>
    </p>
   </div>
   <div class='ocr_carea' id='block_1_35' title="bbox 479 1934 2061 2013">
    <p class='ocr_par' dir='ltr' id='par_1_35' title="bbox 479 1934 2061 2013">
     <span class='ocr_line' id='line_1_35' title="bbox 479 1934 2061 2013; baseline -0.003 -20"><span class='ocrx_word' id='word_1_249' title='bbox 479 1938 648 2013; x_wconf 88' lang='lat' dir='ltr'><strong>colas.</strong></span> <span class='ocrx_word' id='word_1_250' title='bbox 683 1936 1109 2009; x_wconf 82' lang='lat' dir='ltr'><strong>Tegeneraliter</strong></span> <span class='ocrx_word' id='word_1_251' title='bbox 1134 1945 1280 1992; x_wconf 83' lang='lat' dir='ltr'><strong>totus</strong></span> <span class='ocrx_word' id='word_1_252' title='bbox 1302 1936 1482 2001; x_wconf 89' lang='lat' dir='ltr'><strong>orbis,</strong></span> <span class='ocrx_word' id='word_1_253' title='bbox 1511 1950 1625 2002; x_wconf 90' lang='lat' dir='ltr'><strong>aer,</strong></span> <span class='ocrx_word' id='word_1_254' title='bbox 1652 1950 1804 1990; x_wconf 90' lang='lat' dir='ltr'><strong>mare</strong></span> <span class='ocrx_word' id='word_1_255' title='bbox 1828 1942 1883 1990; x_wconf 89' lang='lat' dir='ltr'><strong>et</strong></span> <span class='ocrx_word' id='word_1_256' title='bbox 1909 1934 2061 2005; x_wconf 91' lang='lat' dir='ltr'><strong>ignea</strong></span> 
     </span>
    </p>
   </div>
   <div class='ocr_carea' id='block_1_36' title="bbox 484 2025 2065 2096">
    <p class='ocr_par' dir='ltr' id='par_1_36' title="bbox 484 2025 2065 2096">
     <span class='ocr_line' id='line_1_36' title="bbox 484 2025 2065 2096; baseline -0.003 -14"><span class='ocrx_word' id='word_1_257' title='bbox 484 2026 745 2082; x_wconf 72' lang='lat' dir='ltr'><strong>cmlorum</strong></span> <span class='ocrx_word' id='word_1_258' title='bbox 765 2027 942 2083; x_wconf 87' lang='lat' dir='ltr'><strong>sidera</strong></span> <span class='ocrx_word' id='word_1_259' title='bbox 957 2025 1314 2090; x_wconf 84' lang='lat' dir='ltr'><strong>sanctiﬁcant,</strong></span> <span class='ocrx_word' id='word_1_260' title='bbox 1331 2041 1396 2081; x_wconf 88' lang='lat' dir='ltr'><strong>ac</strong></span> <span class='ocrx_word' id='word_1_261' title='bbox 1406 2025 1715 2096; x_wconf 87' lang='lat' dir='ltr'><strong>specialiter</strong></span> <span class='ocrx_word' id='word_1_262' title='bbox 1731 2037 2065 2094; x_wconf 67' lang='lat' dir='ltr'><strong>unaquaeque</strong></span> 
     </span>
    </p>
   </div>
   <div class='ocr_carea' id='block_1_37' title="bbox 489 2118 2063 2191">
    <p class='ocr_par' dir='ltr' id='par_1_37' title="bbox 489 2118 2063 2191">
     <span class='ocr_line' id='line_1_37' title="bbox 489 2118 2063 2191; baseline -0.001 -18"><span class='ocrx_word' id='word_1_263' title='bbox 489 2119 995 2191; x_wconf 81' lang='lat' dir='ltr'><strong>speciescreaturae</strong></span> <span class='ocrx_word' id='word_1_264' title='bbox 1020 2133 1087 2175; x_wconf 82' lang='lat' dir='ltr'><strong>ex</strong></span> <span class='ocrx_word' id='word_1_265' title='bbox 1113 2127 1345 2189; x_wconf 85' lang='lat' dir='ltr'><strong>quatuor</strong></span> <span class='ocrx_word' id='word_1_266' title='bbox 1375 2118 1559 2173; x_wconf 87' lang='lat' dir='ltr'><strong>mundi</strong></span> <span class='ocrx_word' id='word_1_267' title='bbox 1583 2118 1831 2189; x_wconf 89' lang='lat' dir='ltr'><strong>partibus</strong></span> <span class='ocrx_word' id='word_1_268' title='bbox 1868 2131 2063 2188; x_wconf 84' lang='lat' dir='ltr'><strong>magna</strong></span> 
     </span>
    </p>
   </div>
   <div class='ocr_carea' id='block_1_38' title="bbox 484 2209 2063 2281">
    <p class='ocr_par' dir='ltr' id='par_1_38' title="bbox 484 2209 2063 2281">
     <span class='ocr_line' id='line_1_38' title="bbox 484 2209 2063 2281; baseline -0.002 -16"><span class='ocrx_word' id='word_1_269' title='bbox 484 2210 777 2280; x_wconf 79' lang='lat' dir='ltr'><strong>devotione</strong></span> <span class='ocrx_word' id='word_1_270' title='bbox 822 2210 1078 2266; x_wconf 81' lang='lat' dir='ltr'><strong>celebrat.</strong></span> <span class='ocrx_word' id='word_1_271' title='bbox 1128 2210 1243 2266; x_wconf 83' lang='lat' dir='ltr'><strong>Hoc</strong></span> <span class='ocrx_word' id='word_1_272' title='bbox 1286 2225 1501 2281; x_wconf 86' lang='lat' dir='ltr'><strong>quoque</strong></span> <span class='ocrx_word' id='word_1_273' title='bbox 1543 2210 1784 2265; x_wconf 88' lang='lat' dir='ltr'><strong>omnium</strong></span> <span class='ocrx_word' id='word_1_274' title='bbox 1812 2209 2063 2264; x_wconf 25' lang='lat' dir='ltr'><strong>t-adunata</strong></span> 
     </span>
    </p>
   </div>
   <div class='ocr_carea' id='block_1_39' title="bbox 483 2298 2066 2371">
    <p class='ocr_par' dir='ltr' id='par_1_39' title="bbox 483 2298 2066 2371">
     <span class='ocr_line' id='line_1_39' title="bbox 483 2298 2066 2371; baseline -0.002 -15"><span class='ocrx_word' id='word_1_275' title='bbox 483 2298 756 2356; x_wconf 82' lang='lat' dir='ltr'><strong>confessio</strong></span> <span class='ocrx_word' id='word_1_276' title='bbox 798 2300 1107 2370; x_wconf 84' lang='lat' dir='ltr'><strong>proﬁtetur,</strong></span> <span class='ocrx_word' id='word_1_277' title='bbox 1153 2300 1299 2371; x_wconf 88' lang='lat' dir='ltr'><strong>quod</strong></span> <span class='ocrx_word' id='word_1_278' title='bbox 1340 2302 1409 2356; x_wconf 90' lang='lat' dir='ltr'><strong>ab</strong></span> <span class='ocrx_word' id='word_1_279' title='bbox 1452 2308 1656 2356; x_wconf 67' lang='lat' dir='ltr'><strong>aeterno</strong></span> <span class='ocrx_word' id='word_1_280' title='bbox 1699 2298 1902 2354; x_wconf 89' lang='lat' dir='ltr'><strong>lumine</strong></span> <span class='ocrx_word' id='word_1_281' title='bbox 1945 2299 2066 2353; x_wconf 89' lang='lat' dir='ltr'><strong>illu-</strong></span> 
     </span>
    </p>
   </div>
   <div class='ocr_carea' id='block_1_40' title="bbox 483 2389 2067 2462">
    <p class='ocr_par' dir='ltr' id='par_1_40' title="bbox 483 2389 2067 2462">
     <span class='ocr_line' id='line_1_40' title="bbox 483 2389 2067 2462; baseline -0.001 -18"><span class='ocrx_word' id='word_1_282' title='bbox 483 2395 687 2453; x_wconf 89' lang='lat' dir='ltr'><strong>strata,</strong></span> <span class='ocrx_word' id='word_1_283' title='bbox 729 2389 889 2445; x_wconf 91' lang='lat' dir='ltr'><strong>nobis</strong></span> <span class='ocrx_word' id='word_1_284' title='bbox 932 2389 1169 2445; x_wconf 65' lang='lat' dir='ltr'><strong>caelestis</strong></span> <span class='ocrx_word' id='word_1_285' title='bbox 1206 2390 1354 2460; x_wconf 82' lang='lat' dir='ltr'><strong>regni</strong></span> <span class='ocrx_word' id='word_1_286' title='bbox 1396 2390 1588 2462; x_wconf 89' lang='lat' dir='ltr'><strong>gaudia</strong></span> <span class='ocrx_word' id='word_1_287' title='bbox 1613 2390 1984 2451; x_wconf 87' lang='lat' dir='ltr'><strong>demonstres,</strong></span> <span class='ocrx_word' id='word_1_288' title='bbox 2010 2396 2067 2443; x_wconf 90' lang='lat' dir='ltr'><strong>et</strong></span> 
     </span>
    </p>
   </div>
   <div class='ocr_carea' id='block_1_41' title="bbox 484 2478 2066 2551">
    <p class='ocr_par' dir='ltr' id='par_1_41' title="bbox 484 2478 2066 2551">
     <span class='ocr_line' id='line_1_41' title="bbox 484 2478 2066 2551; baseline 0.001 -17"><span class='ocrx_word' id='word_1_289' title='bbox 484 2478 855 2534; x_wconf 89' lang='lat' dir='ltr'><strong>demonstrata</strong></span> <span class='ocrx_word' id='word_1_290' title='bbox 878 2479 967 2549; x_wconf 89' lang='lat' dir='ltr'><strong>pie</strong></span> <span class='ocrx_word' id='word_1_291' title='bbox 992 2481 1360 2550; x_wconf 82' lang='lat' dir='ltr'><strong>quaerentibus</strong></span> <span class='ocrx_word' id='word_1_292' title='bbox 1387 2481 1555 2536; x_wconf 91' lang='lat' dir='ltr'><strong>dones</strong></span> <span class='ocrx_word' id='word_1_293' title='bbox 1584 2499 1595 2534; x_wconf 93' lang='lat'>:</span> <span class='ocrx_word' id='word_1_294' title='bbox 1625 2498 1748 2536; x_wconf 86' lang='lat' dir='ltr'><strong>cum</strong></span> <span class='ocrx_word' id='word_1_295' title='bbox 1776 2490 2066 2551; x_wconf 85' lang='lat' dir='ltr'><strong>utrumque</strong></span> 
     </span>
    </p>
   </div>
   <div class='ocr_carea' id='block_1_42' title="bbox 483 2567 2065 2639">
    <p class='ocr_par' dir='ltr' id='par_1_42' title="bbox 483 2567 2065 2639">
     <span class='ocr_line' id='line_1_42' title="bbox 483 2567 2065 2639; baseline 0.003 -16"><span class='ocrx_word' id='word_1_296' title='bbox 483 2567 623 2625; x_wconf 78' lang='lat' dir='ltr'><strong>facis</strong></span> <span class='ocrx_word' id='word_1_297' title='bbox 661 2569 1062 2639; x_wconf 86' lang='lat' dir='ltr'><strong>dispensatione</strong></span> <span class='ocrx_word' id='word_1_298' title='bbox 1101 2572 1313 2639; x_wconf 89' lang='lat' dir='ltr'><strong>divina,</strong></span> <span class='ocrx_word' id='word_1_299' title='bbox 1358 2583 1416 2627; x_wconf 90' lang='lat' dir='ltr'><strong>nt</strong></span> <span class='ocrx_word' id='word_1_300' title='bbox 1455 2582 1511 2627; x_wconf 88' lang='lat' dir='ltr'><strong>et</strong></span> <span class='ocrx_word' id='word_1_301' title='bbox 1548 2572 1712 2627; x_wconf 89' lang='lat' dir='ltr'><strong>corde</strong></span> <span class='ocrx_word' id='word_1_302' title='bbox 1752 2571 1971 2628; x_wconf 89' lang='lat' dir='ltr'><strong>credulo</strong></span> <span class='ocrx_word' id='word_1_303' title='bbox 2010 2581 2065 2627; x_wconf 89' lang='lat' dir='ltr'><strong>et</strong></span> 
     </span>
    </p>
   </div>
   <div class='ocr_carea' id='block_1_43' title="bbox 482 2656 2066 2732">
    <p class='ocr_par' dir='ltr' id='par_1_43' title="bbox 482 2656 2066 2732">
     <span class='ocr_line' id='line_1_43' title="bbox 482 2656 2066 2732; baseline 0.003 -22"><span class='ocrx_word' id='word_1_304' title='bbox 482 2671 614 2712; x_wconf 88' lang='lat' dir='ltr'><strong>vera</strong></span> <span class='ocrx_word' id='word_1_305' title='bbox 641 2656 985 2715; x_wconf 85' lang='lat' dir='ltr'><strong>confessione</strong></span> <span class='ocrx_word' id='word_1_306' title='bbox 1010 2661 1179 2717; x_wconf 90' lang='lat' dir='ltr'><strong>Deum</strong></span> <span class='ocrx_word' id='word_1_307' title='bbox 1205 2660 1479 2717; x_wconf 88' lang='lat' dir='ltr'><strong>Christum</strong></span> <span class='ocrx_word' id='word_1_308' title='bbox 1508 2662 1868 2717; x_wconf 85' lang='lat' dir='ltr'><strong>conﬁtcamur</strong></span> <span class='ocrx_word' id='word_1_309' title='bbox 1889 2670 1945 2716; x_wconf 87' lang='lat' dir='ltr'><strong>et</strong></span> <span class='ocrx_word' id='word_1_310' title='bbox 1967 2677 2066 2732; x_wconf 90' lang='lat' dir='ltr'><strong>per</strong></span> 
     </span>
    </p>
   </div>
   <div class='ocr_carea' id='block_1_44' title="bbox 483 2747 2065 2822">
    <p class='ocr_par' dir='ltr' id='par_1_44' title="bbox 483 2747 2065 2822">
     <span class='ocr_line' id='line_1_44' title="bbox 483 2747 2065 2822; baseline 0.004 -21"><span class='ocrx_word' id='word_1_311' title='bbox 483 2747 625 2802; x_wconf 88' lang='lat' dir='ltr'><strong>hanc</strong></span> <span class='ocrx_word' id='word_1_312' title='bbox 661 2748 817 2804; x_wconf 82' lang='lat' dir='ltr'><strong>fidem</strong></span> <span class='ocrx_word' id='word_1_313' title='bbox 855 2750 924 2805; x_wconf 91' lang='lat' dir='ltr'><strong>ad</strong></span> <span class='ocrx_word' id='word_1_314' title='bbox 961 2750 1137 2821; x_wconf 88' lang='lat' dir='ltr'><strong>ipsum</strong></span> <span class='ocrx_word' id='word_1_315' title='bbox 1169 2754 1458 2822; x_wconf 87' lang='lat' dir='ltr'><strong>pervenire</strong></span> <span class='ocrx_word' id='word_1_316' title='bbox 1495 2769 1819 2808; x_wconf 85' lang='lat' dir='ltr'><strong>mereamur.</strong></span> <span class='ocrx_word' id='word_1_317' title='bbox 1861 2751 1906 2808; x_wconf 90' lang='grc' dir='ltr'>Ο</span> <span class='ocrx_word' id='word_1_318' title='bbox 1931 2768 2065 2807; x_wconf 82' lang='lat' dir='ltr'><strong>crux</strong></span> 
     </span>
    </p>
   </div>
   <div class='ocr_carea' id='block_1_45' title="bbox 480 2836 2064 2919">
    <p class='ocr_par' dir='ltr' id='par_1_45' title="bbox 480 2836 2064 2919">
     <span class='ocr_line' id='line_1_45' title="bbox 480 2836 2064 2919; baseline 0.005 -28"><span class='ocrx_word' id='word_1_319' title='bbox 480 2836 717 2919; x_wconf 85' lang='lat' dir='ltr'><strong>Christi,</strong></span> <span class='ocrx_word' id='word_1_320' title='bbox 744 2854 864 2909; x_wconf 63' lang='lat' dir='ltr'><strong>quae</strong></span> <span class='ocrx_word' id='word_1_321' title='bbox 889 2855 987 2911; x_wconf 86' lang='lat' dir='ltr'><strong>per</strong></span> <span class='ocrx_word' id='word_1_322' title='bbox 1011 2841 1374 2898; x_wconf 80' lang='lat' dir='ltr'><strong>desideratam</strong></span> <span class='ocrx_word' id='word_1_323' title='bbox 1401 2842 1519 2912; x_wconf 86' lang='lat' dir='ltr'><strong>ejus</strong></span> <span class='ocrx_word' id='word_1_324' title='bbox 1565 2844 1848 2899; x_wconf 86' lang='lat' dir='ltr'><strong>victoriam</strong></span> <span class='ocrx_word' id='word_1_325' title='bbox 1874 2858 1933 2898; x_wconf 88' lang='lat' dir='ltr'><strong>es</strong></span> <span class='ocrx_word' id='word_1_326' title='bbox 1970 2843 2064 2899; x_wconf 50' lang='lat' dir='ltr'><strong>be.</strong></span> 
     </span>
    </p>
   </div>
   <div class='ocr_carea' id='block_1_46' title="bbox 481 2928 2064 3006">
    <p class='ocr_par' dir='ltr' id='par_1_46' title="bbox 481 2928 2064 3006">
     <span class='ocr_line' id='line_1_46' title="bbox 481 2928 2064 3006; baseline 0.004 -24"><span class='ocrx_word' id='word_1_327' title='bbox 481 2928 730 2996; x_wconf 89' lang='lat' dir='ltr'><strong>nedicta,</strong></span> <span class='ocrx_word' id='word_1_328' title='bbox 762 2945 927 2999; x_wconf 90' lang='lat' dir='ltr'><strong>quam</strong></span> <span class='ocrx_word' id='word_1_329' title='bbox 953 2931 1158 2987; x_wconf 84' lang='lat' dir='ltr'><strong>claram</strong></span> <span class='ocrx_word' id='word_1_330' title='bbox 1189 2942 1245 2988; x_wconf 88' lang='lat' dir='ltr'><strong>et</strong></span> <span class='ocrx_word' id='word_1_331' title='bbox 1277 2949 1440 3004; x_wconf 87' lang='lat' dir='ltr'><strong>quam</strong></span> <span class='ocrx_word' id='word_1_332' title='bbox 1468 2950 1716 3006; x_wconf 89' lang='lat' dir='ltr'><strong>magnam</strong></span> <span class='ocrx_word' id='word_1_333' title='bbox 1747 2950 1846 2990; x_wconf 89' lang='lat' dir='ltr'><strong>suo</strong></span> <span class='ocrx_word' id='word_1_334' title='bbox 1879 2949 2064 2991; x_wconf 89' lang='lat' dir='ltr'><strong>amore</strong></span> 
     </span>
    </p>
   </div>
   <div class='ocr_carea' id='block_1_47' title="bbox 484 3020 2062 3082">
    <p class='ocr_par' dir='ltr' id='par_1_47' title="bbox 484 3020 2062 3082">
     <span class='ocr_line' id='line_1_47' title="bbox 484 3020 2062 3082; baseline 0.004 -9"><span class='ocrx_word' id='word_1_335' title='bbox 484 3027 537 3074; x_wconf 89' lang='lat' dir='ltr'><strong>te</strong></span> <span class='ocrx_word' id='word_1_336' title='bbox 582 3020 823 3074; x_wconf 87' lang='lat' dir='ltr'><strong>omnium</strong></span> <span class='ocrx_word' id='word_1_337' title='bbox 869 3022 1119 3078; x_wconf 85' lang='lat' dir='ltr'><strong>conditor</strong></span> <span class='ocrx_word' id='word_1_338' title='bbox 1161 3025 1430 3080; x_wconf 86' lang='lat' dir='ltr'><strong>reddidit!</strong></span> <span class='ocrx_word' id='word_1_339' title='bbox 1481 3025 1873 3082; x_wconf 80' lang='lat' dir='ltr'><strong>Viviﬁcationis</strong></span> <span class='ocrx_word' id='word_1_340' title='bbox 1915 3027 2062 3081; x_wconf 90' lang='lat' dir='ltr'><strong>enim</strong></span> 
     </span>
    </p>
   </div>
   <div class='ocr_carea' id='block_1_48' title="bbox 482 3111 2060 3183">
    <p class='ocr_par' dir='ltr' id='par_1_48' title="bbox 482 3111 2060 3183">
     <span class='ocr_line' id='line_1_48' title="bbox 482 3111 2060 3183; baseline 0.006 -21"><span class='ocrx_word' id='word_1_341' title='bbox 482 3123 710 3164; x_wconf 89' lang='lat' dir='ltr'><strong>munere</strong></span> <span class='ocrx_word' id='word_1_342' title='bbox 753 3118 806 3165; x_wconf 91' lang='lat' dir='ltr'><strong>te</strong></span> <span class='ocrx_word' id='word_1_343' title='bbox 850 3111 1073 3179; x_wconf 87' lang='lat' dir='ltr'><strong>ditavit,</strong></span> <span class='ocrx_word' id='word_1_344' title='bbox 1105 3121 1161 3169; x_wconf 91' lang='lat' dir='ltr'><strong>et</strong></span> <span class='ocrx_word' id='word_1_345' title='bbox 1187 3115 1257 3169; x_wconf 92' lang='lat' dir='ltr'><strong>ad</strong></span> <span class='ocrx_word' id='word_1_346' title='bbox 1284 3116 1388 3171; x_wconf 93' lang='lat' dir='ltr'><strong>hoc</strong></span> <span class='ocrx_word' id='word_1_347' title='bbox 1412 3115 1703 3171; x_wconf 89' lang='lat' dir='ltr'><strong>salubriter</strong></span> <span class='ocrx_word' id='word_1_348' title='bbox 1744 3117 1948 3183; x_wconf 74' lang='lat' dir='ltr'><strong>erexit,</strong></span> <span class='ocrx_word' id='word_1_349' title='bbox 1990 3131 2060 3171; x_wconf 91' lang='lat' dir='ltr'><strong>ne</strong></span> 
     </span>
    </p>
   </div>
   <div class='ocr_carea' id='block_1_49' title="bbox 482 3201 2058 3278">
    <p class='ocr_par' dir='ltr' id='par_1_49' title="bbox 482 3201 2058 3278">
     <span class='ocr_line' id='line_1_49' title="bbox 482 3201 2058 3278; baseline 0.006 -25"><span class='ocrx_word' id='word_1_350' title='bbox 482 3201 740 3271; x_wconf 89' lang='lat' dir='ltr'><strong>antiquus</strong></span> <span class='ocrx_word' id='word_1_351' title='bbox 767 3202 942 3260; x_wconf 90' lang='lat' dir='ltr'><strong>hostis</strong></span> <span class='ocrx_word' id='word_1_352' title='bbox 958 3245 973 3271; x_wconf 88' lang='lat'><strong>,</strong></span> <span class='ocrx_word' id='word_1_353' title='bbox 999 3205 1092 3276; x_wconf 89' lang='lat' dir='ltr'><strong>qui</strong></span> <span class='ocrx_word' id='word_1_354' title='bbox 1118 3207 1354 3276; x_wconf 90' lang='lat' dir='ltr'><strong>primum</strong></span> <span class='ocrx_word' id='word_1_355' title='bbox 1374 3217 1655 3278; x_wconf 91' lang='lat' dir='ltr'><strong>parentem</strong></span> <span class='ocrx_word' id='word_1_356' title='bbox 1681 3217 1926 3264; x_wconf 89' lang='lat' dir='ltr'><strong>nostrum</strong></span> <span class='ocrx_word' id='word_1_357' title='bbox 1956 3208 2058 3265; x_wconf 90' lang='lat' dir='ltr'><strong>sibi</strong></span> 
     </span>
    </p>
   </div>
   <div class='ocr_carea' id='block_1_50' title="bbox 473 3295 2061 3373">
    <p class='ocr_par' dir='ltr' id='par_1_50' title="bbox 473 3295 2061 3373">
     <span class='ocr_line' id='line_1_50' title="bbox 473 3295 2061 3373; baseline 0.002 -22"><span class='ocrx_word' id='word_1_358' title='bbox 473 3295 914 3373; x_wconf 74' lang='lat' dir='ltr'><strong>consentientem</strong></span> <span class='ocrx_word' id='word_1_359' title='bbox 940 3297 1006 3352; x_wconf 92' lang='lat' dir='ltr'><strong>de</strong></span> <span class='ocrx_word' id='word_1_360' title='bbox 1032 3298 1287 3368; x_wconf 89' lang='lat' dir='ltr'><strong>paradiso</strong></span> <span class='ocrx_word' id='word_1_361' title='bbox 1323 3298 1512 3369; x_wconf 89' lang='lat' dir='ltr'><strong>ejecit,</strong></span> <span class='ocrx_word' id='word_1_362' title='bbox 1556 3300 1758 3356; x_wconf 90' lang='lat' dir='ltr'><strong>diutius</strong></span> <span class='ocrx_word' id='word_1_363' title='bbox 1791 3299 2061 3355; x_wconf 90' lang='lat' dir='ltr'><strong>irrisionis</strong></span> 
     </span>
    </p>
   </div>
   <div class='ocr_carea' id='block_1_51' title="bbox 479 3385 2063 3462">
    <p class='ocr_par' dir='ltr' id='par_1_51' title="bbox 479 3385 2063 3462">
     <span class='ocr_line' id='line_1_51' title="bbox 479 3385 2063 3462; baseline 0.003 -22"><span class='ocrx_word' id='word_1_364' title='bbox 479 3385 690 3456; x_wconf 87' lang='lat' dir='ltr'><strong>eulogio</strong></span> <span class='ocrx_word' id='word_1_365' title='bbox 727 3387 1041 3458; x_wconf 88' lang='lat' dir='ltr'><strong>progeniem</strong></span> <span class='ocrx_word' id='word_1_366' title='bbox 1066 3388 1183 3457; x_wconf 89' lang='lat' dir='ltr'><strong>ejus</strong></span> <span class='ocrx_word' id='word_1_367' title='bbox 1209 3390 1263 3444; x_wconf 90' lang='lat' dir='ltr'><strong>in</strong></span> <span class='ocrx_word' id='word_1_368' title='bbox 1290 3391 1480 3446; x_wconf 73' lang='lat' dir='ltr'><strong>exsilio</strong></span> <span class='ocrx_word' id='word_1_369' title='bbox 1516 3392 1827 3447; x_wconf 87' lang='lat' dir='ltr'><strong>damnatam</strong></span> <span class='ocrx_word' id='word_1_370' title='bbox 1870 3390 2063 3462; x_wconf 84' lang='lat' dir='ltr'><strong>fatiga-</strong></span> 
     </span>
    </p>
   </div>
   <div class='ocr_carea' id='block_1_52' title="bbox 489 3476 2059 3552">
    <p class='ocr_par' dir='ltr' id='par_1_52' title="bbox 489 3476 2059 3552">
     <span class='ocr_line' id='line_1_52' title="bbox 489 3476 2059 3552; baseline 0.003 -21"><span class='ocrx_word' id='word_1_371' title='bbox 489 3486 594 3532; x_wconf 89' lang='lat' dir='ltr'><strong>ret.</strong></span> <span class='ocrx_word' id='word_1_372' title='bbox 622 3476 667 3533; x_wconf 92' lang='grc' dir='ltr'><strong>Ο</strong></span> <span class='ocrx_word' id='word_1_373' title='bbox 693 3478 783 3547; x_wconf 88' lang='lat' dir='ltr'><strong>pia</strong></span> <span class='ocrx_word' id='word_1_374' title='bbox 807 3496 942 3534; x_wconf 79' lang='lat' dir='ltr'><strong>crux</strong></span> <span class='ocrx_word' id='word_1_375' title='bbox 971 3481 1219 3547; x_wconf 87' lang='lat' dir='ltr'><strong>Domini,</strong></span> <span class='ocrx_word' id='word_1_376' title='bbox 1243 3483 1367 3552; x_wconf 92' lang='lat' dir='ltr'><strong>quis</strong></span> <span class='ocrx_word' id='word_1_377' title='bbox 1413 3492 1465 3538; x_wconf 88' lang='lat' dir='ltr'><strong>te</strong></span> <span class='ocrx_word' id='word_1_378' title='bbox 1503 3485 1805 3539; x_wconf 88' lang='lat' dir='ltr'><strong>decantans</strong></span> <span class='ocrx_word' id='word_1_379' title='bbox 1850 3492 2059 3549; x_wconf 90' lang='lat' dir='ltr'><strong>metro,</strong></span> 
     </span>
    </p>
   </div>
   <div class='ocr_carea' id='block_1_53' title="bbox 482 3568 2065 3644">
    <p class='ocr_par' dir='ltr' id='par_1_53' title="bbox 482 3568 2065 3644">
     <span class='ocr_line' id='line_1_53' title="bbox 482 3568 2065 3644; baseline 0.004 -23"><span class='ocrx_word' id='word_1_380' title='bbox 482 3568 645 3637; x_wconf 83' lang='lat' dir='ltr'><strong>digne</strong></span> <span class='ocrx_word' id='word_1_381' title='bbox 673 3584 927 3626; x_wconf 88' lang='lat' dir='ltr'><strong>resonare</strong></span> <span class='ocrx_word' id='word_1_382' title='bbox 956 3571 1127 3637; x_wconf 89' lang='lat' dir='ltr'><strong>valet,</strong></span> <span class='ocrx_word' id='word_1_383' title='bbox 1156 3582 1211 3627; x_wconf 91' lang='lat' dir='ltr'><strong>et</strong></span> <span class='ocrx_word' id='word_1_384' title='bbox 1242 3582 1408 3628; x_wconf 90' lang='lat' dir='ltr'><strong>totam</strong></span> <span class='ocrx_word' id='word_1_385' title='bbox 1435 3574 1735 3644; x_wconf 88' lang='lat' dir='ltr'><strong>potentiam</strong></span> <span class='ocrx_word' id='word_1_386' title='bbox 1767 3581 1914 3628; x_wconf 88' lang='lat' dir='ltr'><strong>tuam</strong></span> <span class='ocrx_word' id='word_1_387' title='bbox 1942 3588 2065 3628; x_wconf 89' lang='lat' dir='ltr'><strong>ver-</strong></span> 
     </span>
    </p>
   </div>
   <div class='ocr_carea' id='block_1_54' title="bbox 464 3656 2064 3733">
    <p class='ocr_par' dir='ltr' id='par_1_54' title="bbox 464 3656 2064 3733">
     <span class='ocr_line' id='line_1_54' title="bbox 464 3656 2064 3733; baseline 0.004 -22"><span class='ocrx_word' id='word_1_388' title='bbox 464 3656 566 3727; x_wconf 82' lang='lat' dir='ltr'><strong>bis</strong></span> <span class='ocrx_word' id='word_1_389' title='bbox 594 3660 886 3715; x_wconf 83' lang='lat' dir='ltr'><strong>enarrare!</strong></span> <span class='ocrx_word' id='word_1_390' title='bbox 914 3659 1147 3716; x_wconf 88' lang='lat' dir='ltr'><strong>Pulchra</strong></span> <span class='ocrx_word' id='word_1_391' title='bbox 1182 3663 1327 3717; x_wconf 76' lang='lat' dir='ltr'><strong>nites</strong></span> <span class='ocrx_word' id='word_1_392' title='bbox 1364 3672 1594 3730; x_wconf 88' lang='lat' dir='ltr'><strong>ornatu,</strong></span> <span class='ocrx_word' id='word_1_393' title='bbox 1636 3671 1797 3733; x_wconf 90' lang='lat' dir='ltr'><strong>teque</strong></span> <span class='ocrx_word' id='word_1_394' title='bbox 1835 3679 2064 3719; x_wconf 82' lang='lat' dir='ltr'><strong>cernen-</strong></span> 
     </span>
    </p>
   </div>
   <div class='ocr_carea' id='block_1_55' title="bbox 464 3746 2060 3829">
    <p class='ocr_par' dir='ltr' id='par_1_55' title="bbox 464 3746 2060 3829">
     <span class='ocr_line' id='line_1_55' title="bbox 464 3746 2060 3829; baseline 0.004 -28"><span class='ocrx_word' id='word_1_395' title='bbox 464 3747 626 3829; x_wconf 70' lang='lat' dir='ltr'><strong>tibus</strong></span> <span class='ocrx_word' id='word_1_396' title='bbox 647 3746 880 3820; x_wconf 83' lang='lat' dir='ltr'><strong>gloriosa</strong></span> <span class='ocrx_word' id='word_1_397' title='bbox 900 3766 1147 3822; x_wconf 88' lang='lat' dir='ltr'><strong>appares.</strong></span> <span class='ocrx_word' id='word_1_398' title='bbox 1163 3751 1343 3808; x_wconf 79' lang='lat' dir='ltr'><strong>Taxus</strong></span> <span class='ocrx_word' id='word_1_399' title='bbox 1366 3754 1643 3810; x_wconf 80' lang='lat' dir='ltr'><strong>mortifera</strong></span> <span class='ocrx_word' id='word_1_400' title='bbox 1666 3754 1824 3825; x_wconf 87' lang='lat' dir='ltr'><strong>longe</strong></span> <span class='ocrx_word' id='word_1_401' title='bbox 1847 3769 1878 3809; x_wconf 89' lang='lat' dir='ltr'><strong>a</strong></span> <span class='ocrx_word' id='word_1_402' title='bbox 1903 3763 1953 3810; x_wconf 90' lang='lat' dir='ltr'><strong>te</strong></span> <span class='ocrx_word' id='word_1_403' title='bbox 1976 3754 2060 3808; x_wconf 52' lang='lat' dir='ltr'><strong>fu.</strong></span> 
     </span>
    </p>
   </div>
   <div class='ocr_carea' id='block_1_56' title="bbox 480 3838 2065 3917">
    <p class='ocr_par' dir='ltr' id='par_1_56' title="bbox 480 3838 2065 3917">
     <span class='ocr_line' id='line_1_56' title="bbox 480 3838 2065 3917; baseline 0.007 -25"><span class='ocrx_word' id='word_1_404' title='bbox 480 3838 590 3909; x_wconf 88' lang='lat' dir='ltr'><strong>git,</strong></span> <span class='ocrx_word' id='word_1_405' title='bbox 616 3839 857 3896; x_wconf 89' lang='lat' dir='ltr'><strong>calamus</strong></span> <span class='ocrx_word' id='word_1_406' title='bbox 880 3844 1211 3899; x_wconf 88' lang='lat' dir='ltr'><strong>aromaticus</strong></span> <span class='ocrx_word' id='word_1_407' title='bbox 1235 3852 1290 3899; x_wconf 89' lang='lat' dir='ltr'><strong>et</strong></span> <span class='ocrx_word' id='word_1_408' title='bbox 1314 3845 1473 3914; x_wconf 88' lang='lat' dir='ltr'><strong>pinus</strong></span> <span class='ocrx_word' id='word_1_409' title='bbox 1497 3861 1713 3917; x_wconf 90' lang='lat' dir='ltr'><strong>semper</strong></span> <span class='ocrx_word' id='word_1_410' title='bbox 1745 3847 1928 3903; x_wconf 87' lang='lat' dir='ltr'><strong>virens</strong></span> <span class='ocrx_word' id='word_1_411' title='bbox 1967 3848 2065 3903; x_wconf 91' lang='lat' dir='ltr'><strong>ho-</strong></span> 
     </span>
    </p>
   </div>
   <div class='ocr_carea' id='block_1_57' title="bbox 479 3928 2064 4009">
    <p class='ocr_par' dir='ltr' id='par_1_57' title="bbox 479 3928 2064 4009">
     <span class='ocr_line' id='line_1_57' title="bbox 479 3928 2064 4009; baseline 0.007 -26"><span class='ocrx_word' id='word_1_412' title='bbox 479 3928 602 3984; x_wconf 87' lang='lat' dir='ltr'><strong>nori</strong></span> <span class='ocrx_word' id='word_1_413' title='bbox 646 3938 738 3986; x_wconf 87' lang='lat' dir='ltr'><strong>tuo</strong></span> <span class='ocrx_word' id='word_1_414' title='bbox 765 3946 824 3987; x_wconf 90' lang='lat' dir='ltr'><strong>se</strong></span> <span class='ocrx_word' id='word_1_415' title='bbox 851 3932 1163 4002; x_wconf 90' lang='lat' dir='ltr'><strong>subjiciunt.</strong></span> <span class='ocrx_word' id='word_1_416' title='bbox 1191 3935 1396 3991; x_wconf 89' lang='lat' dir='ltr'><strong>Cedrus</strong></span> <span class='ocrx_word' id='word_1_417' title='bbox 1437 3953 1654 4009; x_wconf 90' lang='lat' dir='ltr'><strong>quoque</strong></span> <span class='ocrx_word' id='word_1_418' title='bbox 1694 3940 1948 3995; x_wconf 86' lang='lat' dir='ltr'><strong>diuturna</strong></span> <span class='ocrx_word' id='word_1_419' title='bbox 1966 3981 1982 4006; x_wconf 93' lang='lat'><strong>,</strong></span> <span class='ocrx_word' id='word_1_420' title='bbox 2009 3948 2064 3996; x_wconf 87' lang='lat' dir='ltr'><strong>et</strong></span> 
     </span>
    </p>
   </div>
   <div class='ocr_carea' id='block_1_58' title="bbox 480 4020 2064 4100">
    <p class='ocr_par' dir='ltr' id='par_1_58' title="bbox 480 4020 2064 4100">
     <span class='ocr_line' id='line_1_58' title="bbox 480 4020 2064 4100; baseline 0.008 -26"><span class='ocrx_word' id='word_1_421' title='bbox 480 4020 759 4077; x_wconf 84' lang='lat' dir='ltr'><strong>vermibus</strong></span> <span class='ocrx_word' id='word_1_422' title='bbox 786 4022 1233 4093; x_wconf 86' lang='lat' dir='ltr'><strong>imperforabilis,</strong></span> <span class='ocrx_word' id='word_1_423' title='bbox 1260 4029 1482 4098; x_wconf 86' lang='lat' dir='ltr'><strong>myrrha</strong></span> <span class='ocrx_word' id='word_1_424' title='bbox 1521 4030 1764 4100; x_wconf 82' lang='lat' dir='ltr'><strong>guttitlua</strong></span> <span class='ocrx_word' id='word_1_425' title='bbox 1792 4040 1847 4085; x_wconf 90' lang='lat' dir='ltr'><strong>et</strong></span> <span class='ocrx_word' id='word_1_426' title='bbox 1874 4031 2064 4087; x_wconf 88' lang='lat' dir='ltr'><strong>meliro</strong></span> 
     </span>
    </p>
   </div>
   <div class='ocr_carea' id='block_1_59' title="bbox 480 4108 2060 4191">
    <p class='ocr_par' dir='ltr' id='par_1_59' title="bbox 480 4108 2060 4191">
     <span class='ocr_line' id='line_1_59' title="bbox 480 4108 2060 4191; baseline 0.009 -29"><span class='ocrx_word' id='word_1_427' title='bbox 480 4108 667 4164; x_wconf 91' lang='lat' dir='ltr'><strong>odoris</strong></span> <span class='ocrx_word' id='word_1_428' title='bbox 688 4109 1070 4179; x_wconf 69' lang='lat' dir='ltr'><strong>jucundissimi</strong></span> <span class='ocrx_word' id='word_1_429' title='bbox 1094 4116 1162 4171; x_wconf 89' lang='lat' dir='ltr'><strong>ad</strong></span> <span class='ocrx_word' id='word_1_430' title='bbox 1188 4117 1407 4172; x_wconf 84' lang='lat' dir='ltr'><strong>odorem</strong></span> <span class='ocrx_word' id='word_1_431' title='bbox 1446 4128 1599 4174; x_wconf 88' lang='lat' dir='ltr'><strong>tuum</strong></span> <span class='ocrx_word' id='word_1_432' title='bbox 1635 4130 1857 4191; x_wconf 90' lang='lat' dir='ltr'><strong>stupent</strong></span> <span class='ocrx_word' id='word_1_433' title='bbox 1885 4136 1899 4175; x_wconf 90' lang='lat'><strong>:</strong></span> <span class='ocrx_word' id='word_1_434' title='bbox 1933 4138 2060 4176; x_wconf 93' lang='lat' dir='ltr'><strong>nar-</strong></span> 
     </span>
    </p>
   </div>
   <div class='ocr_carea' id='block_1_60' title="bbox 479 4197 2059 4281">
    <p class='ocr_par' dir='ltr' id='par_1_60' title="bbox 479 4197 2059 4281">
     <span class='ocr_line' id='line_1_60' title="bbox 479 4197 2059 4281; baseline 0.009 -28"><span class='ocrx_word' id='word_1_435' title='bbox 479 4197 584 4253; x_wconf 89' lang='lat' dir='ltr'><strong>dus</strong></span> <span class='ocrx_word' id='word_1_436' title='bbox 611 4199 850 4269; x_wconf 86' lang='lat' dir='ltr'><strong>spicoma</strong></span> <span class='ocrx_word' id='word_1_437' title='bbox 878 4212 933 4256; x_wconf 91' lang='lat' dir='ltr'><strong>et</strong></span> <span class='ocrx_word' id='word_1_438' title='bbox 957 4219 1246 4275; x_wconf 77' lang='lat' dir='ltr'><strong>cypressus</strong></span> <span class='ocrx_word' id='word_1_439' title='bbox 1271 4207 1456 4264; x_wconf 88' lang='lat' dir='ltr'><strong>odoris</strong></span> <span class='ocrx_word' id='word_1_440' title='bbox 1482 4210 1607 4265; x_wconf 92' lang='lat' dir='ltr'><strong>boni</strong></span> <span class='ocrx_word' id='word_1_441' title='bbox 1626 4251 1643 4276; x_wconf 84' lang='lat'><strong>,</strong></span> <span class='ocrx_word' id='word_1_442' title='bbox 1681 4211 1877 4266; x_wconf 81' lang='lat' dir='ltr'><strong>mastix</strong></span> <span class='ocrx_word' id='word_1_443' title='bbox 1922 4227 2059 4281; x_wconf 86' lang='lat' dir='ltr'><strong>quo-</strong></span> 
     </span>
    </p>
   </div>
   <div class='ocr_carea' id='block_1_61' title="bbox 480 4291 2061 4373">
    <p class='ocr_par' dir='ltr' id='par_1_61' title="bbox 480 4291 2061 4373">
     <span class='ocr_line' id='line_1_61' title="bbox 480 4291 2061 4373; baseline 0.009 -30"><span class='ocrx_word' id='word_1_444' title='bbox 480 4304 586 4359; x_wconf 86' lang='lat' dir='ltr'><strong>que</strong></span> <span class='ocrx_word' id='word_1_445' title='bbox 604 4329 620 4357; x_wconf 95' lang='lat'><strong>,</strong></span> <span class='ocrx_word' id='word_1_446' title='bbox 660 4299 813 4361; x_wconf 85' lang='lat' dir='ltr'><strong>gutta</strong></span> <span class='ocrx_word' id='word_1_447' title='bbox 850 4291 1060 4350; x_wconf 89' lang='lat' dir='ltr'><strong>lentisci</strong></span> <span class='ocrx_word' id='word_1_448' title='bbox 1094 4304 1155 4351; x_wconf 84' lang='lat' dir='ltr'><strong>ct</strong></span> <span class='ocrx_word' id='word_1_449' title='bbox 1199 4298 1322 4353; x_wconf 90' lang='lat' dir='ltr'><strong>thus</strong></span> <span class='ocrx_word' id='word_1_450' title='bbox 1346 4298 1581 4355; x_wconf 87' lang='lat' dir='ltr'><strong>Arabica</strong></span> <span class='ocrx_word' id='word_1_451' title='bbox 1603 4342 1618 4366; x_wconf 90' lang='lat'><strong>,</strong></span> <span class='ocrx_word' id='word_1_452' title='bbox 1643 4309 1797 4373; x_wconf 89' lang='lat' dir='ltr'><strong>gutta</strong></span> <span class='ocrx_word' id='word_1_453' title='bbox 1819 4301 1981 4358; x_wconf 71' lang='lat' dir='ltr'><strong>India:</strong></span> <span class='ocrx_word' id='word_1_454' title='bbox 2003 4314 2061 4358; x_wconf 88' lang='lat' dir='ltr'><strong>ct</strong></span> 
     </span>
    </p>
   </div>
   <div class='ocr_carea' id='block_1_62' title="bbox 480 4379 2060 4463">
    <p class='ocr_par' dir='ltr' id='par_1_62' title="bbox 480 4379 2060 4463">
     <span class='ocr_line' id='line_1_62' title="bbox 480 4379 2060 4463; baseline 0.008 -31"><span class='ocrx_word' id='word_1_455' title='bbox 480 4393 753 4435; x_wconf 90' lang='lat' dir='ltr'><strong>amomum</strong></span> <span class='ocrx_word' id='word_1_456' title='bbox 778 4379 1083 4452; x_wconf 90' lang='lat' dir='ltr'><strong>Syriacum,</strong></span> <span class='ocrx_word' id='word_1_457' title='bbox 1100 4384 1398 4441; x_wconf 90' lang='lat' dir='ltr'><strong>balsamum</strong></span> <span class='ocrx_word' id='word_1_458' title='bbox 1421 4386 1641 4454; x_wconf 66' lang='lat' dir='ltr'><strong>Judaeaz,</strong></span> <span class='ocrx_word' id='word_1_459' title='bbox 1663 4391 1895 4446; x_wconf 80' lang='lat' dir='ltr'><strong>bdeliuut</strong></span> <span class='ocrx_word' id='word_1_460' title='bbox 1916 4391 2060 4463; x_wconf 85' lang='lat' dir='ltr'><strong>Phy-</strong></span> 
     </span>
    </p>
   </div>
   <div class='ocr_carea' id='block_1_63' title="bbox 2085 3166 2134 3232">
    <p class='ocr_par' dir='ltr' id='par_1_63' title="bbox 2085 3166 2134 3232">
     <span class='ocr_line' id='line_1_63' title="bbox 2085 3166 2134 3232; baseline 0 0"><span class='ocrx_word' id='word_1_461' title='bbox 2085 3166 2134 3232; x_wconf 87' lang='lat' dir='ltr'><strong>C</strong></span> 
     </span>
    </p>
   </div>
   <div class='ocr_carea' id='block_1_64' title="bbox 2163 1934 3755 2006">
    <p class='ocr_par' dir='ltr' id='par_1_64' title="bbox 2163 1934 3755 2006">
     <span class='ocr_line' id='line_1_64' title="bbox 2163 1934 3755 2006; baseline 0.002 -18"><span class='ocrx_word' id='word_1_462' title='bbox 2163 1943 2373 1989; x_wconf 90' lang='lat' dir='ltr'><strong>ctorum</strong></span> <span class='ocrx_word' id='word_1_463' title='bbox 2420 1934 2693 2006; x_wconf 87' lang='lat' dir='ltr'><strong>agminum</strong></span> <span class='ocrx_word' id='word_1_464' title='bbox 2738 1934 2975 1989; x_wconf 89' lang='lat' dir='ltr'><strong>millibus</strong></span> <span class='ocrx_word' id='word_1_465' title='bbox 3002 1975 3018 2000; x_wconf 95' lang='lat'><strong>,</strong></span> <span class='ocrx_word' id='word_1_466' title='bbox 3064 1934 3169 1989; x_wconf 90' lang='lat' dir='ltr'><strong>hoc</strong></span> <span class='ocrx_word' id='word_1_467' title='bbox 3218 1934 3320 1988; x_wconf 89' lang='lat' dir='ltr'><strong>sibi</strong></span> <span class='ocrx_word' id='word_1_468' title='bbox 3370 1934 3755 2004; x_wconf 68' lang='lat' dir='ltr'><strong>prtemii-loco</strong></span> 
     </span>
    </p>
   </div>
   <div class='ocr_carea' id='block_1_65' title="bbox 2163 2026 3753 2096">
    <p class='ocr_par' dir='ltr' id='par_1_65' title="bbox 2163 2026 3753 2096">
     <span class='ocr_line' id='line_1_65' title="bbox 2163 2026 3753 2096; baseline 0.003 -17"><span class='ocrx_word' id='word_1_469' title='bbox 2163 2032 2359 2094; x_wconf 90' lang='lat' dir='ltr'><strong>petens</strong></span> <span class='ocrx_word' id='word_1_470' title='bbox 2397 2035 2457 2080; x_wconf 89' lang='lat' dir='ltr'><strong>ut</strong></span> <span class='ocrx_word' id='word_1_471' title='bbox 2498 2034 2645 2080; x_wconf 89' lang='lat' dir='ltr'><strong>tuam</strong></span> <span class='ocrx_word' id='word_1_472' title='bbox 2689 2026 2899 2081; x_wconf 85' lang='lat' dir='ltr'><strong>laudem</strong></span> <span class='ocrx_word' id='word_1_473' title='bbox 2941 2033 3201 2096; x_wconf 89' lang='lat' dir='ltr'><strong>perpetuo</strong></span> <span class='ocrx_word' id='word_1_474' title='bbox 3231 2033 3359 2080; x_wconf 90' lang='lat' dir='ltr'><strong>ante</strong></span> <span class='ocrx_word' id='word_1_475' title='bbox 3388 2026 3633 2089; x_wconf 83' lang='lat' dir='ltr'><strong>tribunal</strong></span> <span class='ocrx_word' id='word_1_476' title='bbox 3663 2028 3753 2083; x_wconf 88' lang='lat' dir='ltr'><strong>de-</strong></span> 
     </span>
    </p>
   </div>
   <div class='ocr_carea' id='block_1_66' title="bbox 2164 2113 3754 2188">
    <p class='ocr_par' dir='ltr' id='par_1_66' title="bbox 2164 2113 3754 2188">
     <span class='ocr_line' id='line_1_66' title="bbox 2164 2113 3754 2188; baseline 0.002 -18"><span class='ocrx_word' id='word_1_477' title='bbox 2164 2124 2348 2170; x_wconf 85' lang='lat' dir='ltr'><strong>cantet</strong></span> <span class='ocrx_word' id='word_1_478' title='bbox 2393 2117 2628 2172; x_wconf 89' lang='lat' dir='ltr'><strong>Domini.</strong></span> <span class='ocrx_word' id='word_1_479' title='bbox 2676 2116 2847 2188; x_wconf 88' lang='lat' dir='ltr'><strong>lgitur</strong></span> <span class='ocrx_word' id='word_1_480' title='bbox 2888 2124 3042 2171; x_wconf 87' lang='lat' dir='ltr'><strong>actus</strong></span> <span class='ocrx_word' id='word_1_481' title='bbox 3082 2116 3183 2171; x_wconf 90' lang='lat' dir='ltr'><strong>iste</strong></span> <span class='ocrx_word' id='word_1_482' title='bbox 3223 2113 3569 2170; x_wconf 84' lang='lat' dir='ltr'><strong>formationis</strong></span> <span class='ocrx_word' id='word_1_483' title='bbox 3608 2116 3754 2174; x_wconf 88' lang='lat' dir='ltr'><strong>litte-</strong></span> 
     </span>
    </p>
   </div>
   <div class='ocr_carea' id='block_1_67' title="bbox 2164 2206 3751 2277">
    <p class='ocr_par' dir='ltr' id='par_1_67' title="bbox 2164 2206 3751 2277">
     <span class='ocr_line' id='line_1_67' title="bbox 2164 2206 3751 2277; baseline 0.001 -16"><span class='ocrx_word' id='word_1_484' title='bbox 2164 2222 2384 2274; x_wconf 89' lang='lat' dir='ltr'><strong>rarum,</strong></span> <span class='ocrx_word' id='word_1_485' title='bbox 2429 2216 2486 2262; x_wconf 91' lang='lat' dir='ltr'><strong>et</strong></span> <span class='ocrx_word' id='word_1_486' title='bbox 2526 2208 2615 2263; x_wconf 87' lang='lat' dir='ltr'><strong>hic</strong></span> <span class='ocrx_word' id='word_1_487' title='bbox 2660 2208 2852 2263; x_wconf 90' lang='lat' dir='ltr'><strong>modus</strong></span> <span class='ocrx_word' id='word_1_488' title='bbox 2893 2206 3178 2277; x_wconf 87' lang='lat' dir='ltr'><strong>positionis</strong></span> <span class='ocrx_word' id='word_1_489' title='bbox 3218 2221 3413 2261; x_wconf 83' lang='lat' dir='ltr'><strong>novem</strong></span> <span class='ocrx_word' id='word_1_490' title='bbox 3454 2206 3751 2273; x_wconf 87' lang='lat' dir='ltr'><strong>ordinum,</strong></span> 
     </span>
    </p>
   </div>
   <div class='ocr_carea' id='block_1_68' title="bbox 2164 2294 3753 2368">
    <p class='ocr_par' dir='ltr' id='par_1_68' title="bbox 2164 2294 3753 2368">
     <span class='ocr_line' id='line_1_68' title="bbox 2164 2294 3753 2368; baseline -0.001 -15"><span class='ocrx_word' id='word_1_491' title='bbox 2164 2314 2266 2354; x_wconf 89' lang='lat' dir='ltr'><strong>nec</strong></span> <span class='ocrx_word' id='word_1_492' title='bbox 2308 2315 2416 2354; x_wconf 90' lang='lat' dir='ltr'><strong>non</strong></span> <span class='ocrx_word' id='word_1_493' title='bbox 2461 2308 2515 2354; x_wconf 91' lang='lat' dir='ltr'><strong>et</strong></span> <span class='ocrx_word' id='word_1_494' title='bbox 2560 2314 2681 2354; x_wconf 89' lang='lat' dir='ltr'><strong>sors</strong></span> <span class='ocrx_word' id='word_1_495' title='bbox 2720 2298 2838 2368; x_wconf 87' lang='lat' dir='ltr'><strong>ipsa</strong></span> <span class='ocrx_word' id='word_1_496' title='bbox 2884 2313 2989 2368; x_wconf 88' lang='lat' dir='ltr'><strong>qua</strong></span> <span class='ocrx_word' id='word_1_497' title='bbox 3023 2297 3276 2367; x_wconf 78' lang='lat' dir='ltr'><strong>primitus</strong></span> <span class='ocrx_word' id='word_1_498' title='bbox 3305 2295 3371 2349; x_wconf 88' lang='lat' dir='ltr'><strong>ad</strong></span> <span class='ocrx_word' id='word_1_499' title='bbox 3414 2294 3753 2351; x_wconf 88' lang='lat' dir='ltr'><strong>laudandum</strong></span> 
     </span>
    </p>
   </div>
   <div class='ocr_carea' id='block_1_69' title="bbox 2166 2386 3756 2462">
    <p class='ocr_par' dir='ltr' id='par_1_69' title="bbox 2166 2386 3756 2462">
     <span class='ocr_line' id='line_1_69' title="bbox 2166 2386 3756 2462; baseline -0.003 -16"><span class='ocrx_word' id='word_1_500' title='bbox 2166 2392 2585 2462; x_wconf 83' lang='lat' dir='ltr'><strong>Redemptorem</strong></span> <span class='ocrx_word' id='word_1_501' title='bbox 2623 2406 2781 2446; x_wconf 87' lang='lat' dir='ltr'><strong>sacra</strong></span> <span class='ocrx_word' id='word_1_502' title='bbox 2822 2389 3133 2460; x_wconf 83' lang='lat' dir='ltr'><strong>angelorum</strong></span> <span class='ocrx_word' id='word_1_503' title='bbox 3161 2387 3376 2458; x_wconf 89' lang='lat' dir='ltr'><strong>agmina</strong></span> <span class='ocrx_word' id='word_1_504' title='bbox 3400 2386 3756 2453; x_wconf 87' lang='lat' dir='ltr'><strong>ordinantur,</strong></span> 
     </span>
    </p>
   </div>
   <div class='ocr_carea' id='block_1_70' title="bbox 2166 2478 3755 2551">
    <p class='ocr_par' dir='ltr' id='par_1_70' title="bbox 2166 2478 3755 2551">
     <span class='ocr_line' id='line_1_70' title="bbox 2166 2478 3755 2551; baseline -0.004 -14"><span class='ocrx_word' id='word_1_505' title='bbox 2166 2483 2350 2537; x_wconf 88' lang='lat' dir='ltr'><strong>taliter</strong></span> <span class='ocrx_word' id='word_1_506' title='bbox 2390 2497 2708 2551; x_wconf 81' lang='lat' dir='ltr'><strong>suspensam</strong></span> <span class='ocrx_word' id='word_1_507' title='bbox 2740 2480 2865 2551; x_wconf 90' lang='lat' dir='ltr'><strong>jure</strong></span> <span class='ocrx_word' id='word_1_508' title='bbox 2897 2479 3085 2534; x_wconf 91' lang='lat' dir='ltr'><strong>statuit</strong></span> <span class='ocrx_word' id='word_1_509' title='bbox 3121 2478 3263 2532; x_wconf 90' lang='lat' dir='ltr'><strong>hanc</strong></span> <span class='ocrx_word' id='word_1_510' title='bbox 3297 2491 3554 2542; x_wconf 88' lang='lat' dir='ltr'><strong>crucem,</strong></span> <span class='ocrx_word' id='word_1_511' title='bbox 3598 2492 3755 2530; x_wconf 83' lang='lat' dir='ltr'><strong>aram</strong></span> 
     </span>
    </p>
   </div>
   <div class='ocr_carea' id='block_1_71' title="bbox 2172 2567 3758 2643">
    <p class='ocr_par' dir='ltr' id='par_1_71' title="bbox 2172 2567 3758 2643">
     <span class='ocr_line' id='line_1_71' title="bbox 2172 2567 3758 2643; baseline -0.004 -14"><span class='ocrx_word' id='word_1_512' title='bbox 2172 2574 2384 2629; x_wconf 89' lang='lat' dir='ltr'><strong>scilicet</strong></span> <span class='ocrx_word' id='word_1_513' title='bbox 2431 2571 2701 2643; x_wconf 79' lang='lat' dir='ltr'><strong>pontiﬁcis</strong></span> <span class='ocrx_word' id='word_1_514' title='bbox 2751 2579 2807 2626; x_wconf 90' lang='lat' dir='ltr'><strong>et</strong></span> <span class='ocrx_word' id='word_1_515' title='bbox 2854 2568 3212 2640; x_wconf 88' lang='lat' dir='ltr'><strong>redemptoris</strong></span> <span class='ocrx_word' id='word_1_516' title='bbox 3255 2567 3470 2634; x_wconf 87' lang='lat' dir='ltr'><strong>nostri;</strong></span> <span class='ocrx_word' id='word_1_517' title='bbox 3527 2577 3590 2621; x_wconf 91' lang='lat' dir='ltr'><strong>ut</strong></span> <span class='ocrx_word' id='word_1_518' title='bbox 3637 2568 3758 2637; x_wconf 82' lang='lat' dir='ltr'><strong>ipsa</strong></span> 
     </span>
    </p>
   </div>
   <div class='ocr_carea' id='block_1_72' title="bbox 2165 2657 3761 2726">
    <p class='ocr_par' dir='ltr' id='par_1_72' title="bbox 2165 2657 3761 2726">
     <span class='ocr_line' id='line_1_72' title="bbox 2165 2657 3761 2726; baseline -0.003 -10"><span class='ocrx_word' id='word_1_519' title='bbox 2165 2679 2294 2718; x_wconf 88' lang='lat' dir='ltr'><strong>vera</strong></span> <span class='ocrx_word' id='word_1_520' title='bbox 2334 2663 2445 2717; x_wconf 85' lang='lat' dir='ltr'><strong>vita</strong></span> <span class='ocrx_word' id='word_1_521' title='bbox 2475 2664 2528 2717; x_wconf 91' lang='lat' dir='ltr'><strong>in</strong></span> <span class='ocrx_word' id='word_1_522' title='bbox 2559 2676 2618 2717; x_wconf 87' lang='lat' dir='ltr'><strong>se</strong></span> <span class='ocrx_word' id='word_1_523' title='bbox 2647 2668 2959 2716; x_wconf 78' lang='lat' dir='ltr'><strong>contestans</strong></span> <span class='ocrx_word' id='word_1_524' title='bbox 2978 2700 2992 2726; x_wconf 91' lang='lat'><strong>,</strong></span> <span class='ocrx_word' id='word_1_525' title='bbox 3024 2658 3275 2714; x_wconf 90' lang='lat' dir='ltr'><strong>ostendat</strong></span> <span class='ocrx_word' id='word_1_526' title='bbox 3302 2657 3618 2713; x_wconf 83' lang='lat' dir='ltr'><strong>laudantem</strong></span> <span class='ocrx_word' id='word_1_527' title='bbox 3648 2659 3761 2712; x_wconf 82' lang='lat' dir='ltr'><strong>vir-</strong></span> 
     </span>
    </p>
   </div>
   <div class='ocr_carea' id='block_1_73' title="bbox 2171 2750 3757 2817">
    <p class='ocr_par' dir='ltr' id='par_1_73' title="bbox 2171 2750 3757 2817">
     <span class='ocr_line' id='line_1_73' title="bbox 2171 2750 3757 2817; baseline -0.001 -9"><span class='ocrx_word' id='word_1_528' title='bbox 2171 2763 2349 2809; x_wconf 89' lang='lat' dir='ltr'><strong>tutum</strong></span> <span class='ocrx_word' id='word_1_529' title='bbox 2398 2753 2762 2809; x_wconf 88' lang='lat' dir='ltr'><strong>venerabilem</strong></span> <span class='ocrx_word' id='word_1_530' title='bbox 2812 2759 3099 2817; x_wconf 85' lang='lat' dir='ltr'><strong>senatum,</strong></span> <span class='ocrx_word' id='word_1_531' title='bbox 3154 2750 3297 2806; x_wconf 90' lang='lat' dir='ltr'><strong>sicut</strong></span> <span class='ocrx_word' id='word_1_532' title='bbox 3342 2751 3537 2816; x_wconf 88' lang='lat' dir='ltr'><strong>decet,</strong></span> <span class='ocrx_word' id='word_1_533' title='bbox 3588 2758 3650 2805; x_wconf 91' lang='lat' dir='ltr'><strong>ut</strong></span> <span class='ocrx_word' id='word_1_534' title='bbox 3701 2751 3757 2806; x_wconf 88' lang='lat' dir='ltr'><strong>in</strong></span> 
     </span>
    </p>
   </div>
   <div class='ocr_carea' id='block_1_74' title="bbox 2166 2842 3756 2915">
    <p class='ocr_par' dir='ltr' id='par_1_74' title="bbox 2166 2842 3756 2915">
     <span class='ocr_line' id='line_1_74' title="bbox 2166 2842 3756 2915; baseline -0.003 -15"><span class='ocrx_word' id='word_1_535' title='bbox 2166 2860 2357 2908; x_wconf 89' lang='lat' dir='ltr'><strong>cruce,</strong></span> <span class='ocrx_word' id='word_1_536' title='bbox 2397 2859 2517 2915; x_wconf 70' lang='lat' dir='ltr'><strong>qua“:</strong></span> <span class='ocrx_word' id='word_1_537' title='bbox 2551 2853 2634 2899; x_wconf 88' lang='lat' dir='ltr'><strong>est</strong></span> <span class='ocrx_word' id='word_1_538' title='bbox 2669 2857 2798 2898; x_wconf 91' lang='lat' dir='ltr'><strong>vera</strong></span> <span class='ocrx_word' id='word_1_539' title='bbox 2845 2842 2992 2898; x_wconf 82' lang='lat' dir='ltr'><strong>salus</strong></span> <span class='ocrx_word' id='word_1_540' title='bbox 3027 2849 3245 2905; x_wconf 89' lang='lat' dir='ltr'><strong>nostra,</strong></span> <span class='ocrx_word' id='word_1_541' title='bbox 3283 2850 3591 2911; x_wconf 86' lang='lat' dir='ltr'><strong>appareant</strong></span> <span class='ocrx_word' id='word_1_542' title='bbox 3614 2842 3756 2897; x_wconf 80' lang='lat' dir='ltr'><strong>bona</strong></span> 
     </span>
    </p>
   </div>
   <div class='ocr_carea' id='block_1_75' title="bbox 2165 2930 3758 3002">
    <p class='ocr_par' dir='ltr' id='par_1_75' title="bbox 2165 2930 3758 3002">
     <span class='ocr_line' id='line_1_75' title="bbox 2165 2930 3758 3002; baseline -0.003 -13"><span class='ocrx_word' id='word_1_543' title='bbox 2165 2940 2218 2989; x_wconf 91' lang='lat' dir='ltr'><strong>et</strong></span> <span class='ocrx_word' id='word_1_544' title='bbox 2266 2933 2509 2988; x_wconf 87' lang='lat' dir='ltr'><strong>salubria</strong></span> <span class='ocrx_word' id='word_1_545' title='bbox 2554 2933 2796 3002; x_wconf 88' lang='lat' dir='ltr'><strong>scripta;</strong></span> <span class='ocrx_word' id='word_1_546' title='bbox 2845 2932 3074 2999; x_wconf 76' lang='lat' dir='ltr'><strong>ideoque</strong></span> <span class='ocrx_word' id='word_1_547' title='bbox 3109 2930 3356 2986; x_wconf 86' lang='lat' dir='ltr'><strong>Christus</strong></span> <span class='ocrx_word' id='word_1_548' title='bbox 3397 2930 3758 3000; x_wconf 81' lang='lat' dir='ltr'><strong>semetipsum</strong></span> 
     </span>
    </p>
   </div>
   <div class='ocr_carea' id='block_1_76' title="bbox 2168 3020 3758 3094">
    <p class='ocr_par' dir='ltr' id='par_1_76' title="bbox 2168 3020 3758 3094">
     <span class='ocr_line' id='line_1_76' title="bbox 2168 3020 3758 3094; baseline -0.001 -16"><span class='ocrx_word' id='word_1_549' title='bbox 2168 3023 2462 3078; x_wconf 83' lang='lat' dir='ltr'><strong>humilians</strong></span> <span class='ocrx_word' id='word_1_550' title='bbox 2485 3023 2763 3078; x_wconf 80' lang='lat' dir='ltr'><strong>descendit</strong></span> <span class='ocrx_word' id='word_1_551' title='bbox 2787 3020 2855 3076; x_wconf 86' lang='lat' dir='ltr'><strong>de</strong></span> <span class='ocrx_word' id='word_1_552' title='bbox 2879 3020 3142 3094; x_wconf 73' lang='lat' dir='ltr'><strong>cwlorum</strong></span> <span class='ocrx_word' id='word_1_553' title='bbox 3167 3035 3295 3076; x_wconf 87' lang='lat' dir='ltr'><strong>arce</strong></span> <span class='ocrx_word' id='word_1_554' title='bbox 3314 3061 3330 3085; x_wconf 90' lang='lat'><strong>,</strong></span> <span class='ocrx_word' id='word_1_555' title='bbox 3371 3028 3432 3075; x_wconf 89' lang='lat' dir='ltr'><strong>ut</strong></span> <span class='ocrx_word' id='word_1_556' title='bbox 3464 3022 3536 3074; x_wconf 89' lang='lat' dir='ltr'><strong>ad</strong></span> <span class='ocrx_word' id='word_1_557' title='bbox 3570 3037 3633 3076; x_wconf 87' lang='lat' dir='ltr'><strong>se</strong></span> <span class='ocrx_word' id='word_1_558' title='bbox 3672 3037 3758 3076; x_wconf 90' lang='lat' dir='ltr'><strong>so-</strong></span> 
     </span>
    </p>
   </div>
   <div class='ocr_carea' id='block_1_77' title="bbox 2166 3113 3756 3183">
    <p class='ocr_par' dir='ltr' id='par_1_77' title="bbox 2166 3113 3756 3183">
     <span class='ocr_line' id='line_1_77' title="bbox 2166 3113 3756 3183; baseline 0.001 -16"><span class='ocrx_word' id='word_1_559' title='bbox 2166 3113 2333 3169; x_wconf 87' lang='lat' dir='ltr'><strong>lidum</strong></span> <span class='ocrx_word' id='word_1_560' title='bbox 2381 3113 2791 3168; x_wconf 59' lang='lat' dir='ltr'><strong>funt&#39;amentum</strong></span> <span class='ocrx_word' id='word_1_561' title='bbox 2829 3113 2951 3166; x_wconf 68' lang='lat' dir='ltr'><strong>fidei</strong></span> <span class='ocrx_word' id='word_1_562' title='bbox 2985 3122 3472 3183; x_wconf 81' lang='lat' dir='ltr'><strong>argumentumque</strong></span> <span class='ocrx_word' id='word_1_563' title='bbox 3503 3114 3756 3168; x_wconf 86' lang='lat' dir='ltr'><strong>omnium</strong></span> 
     </span>
    </p>
   </div>
   <div class='ocr_carea' id='block_1_78' title="bbox 2166 3203 3760 3272">
    <p class='ocr_par' dir='ltr' id='par_1_78' title="bbox 2166 3203 3760 3272">
     <span class='ocr_line' id='line_1_78' title="bbox 2166 3203 3760 3272; baseline -0.001 -12"><span class='ocrx_word' id='word_1_564' title='bbox 2166 3205 2430 3260; x_wconf 89' lang='lat' dir='ltr'><strong>bonorum</strong></span> <span class='ocrx_word' id='word_1_565' title='bbox 2460 3203 2636 3258; x_wconf 90' lang='lat' dir='ltr'><strong>valide</strong></span> <span class='ocrx_word' id='word_1_566' title='bbox 2664 3220 2765 3258; x_wconf 87' lang='lat' dir='ltr'><strong>nos</strong></span> <span class='ocrx_word' id='word_1_567' title='bbox 2797 3203 3020 3258; x_wconf 89' lang='lat' dir='ltr'><strong>duceret</strong></span> <span class='ocrx_word' id='word_1_568' title='bbox 3049 3221 3062 3256; x_wconf 91' lang='lat'><strong>:</strong></span> <span class='ocrx_word' id='word_1_569' title='bbox 3103 3212 3160 3257; x_wconf 89' lang='lat' dir='ltr'><strong>et</strong></span> <span class='ocrx_word' id='word_1_570' title='bbox 3195 3204 3380 3258; x_wconf 88' lang='lat' dir='ltr'><strong>docuit</strong></span> <span class='ocrx_word' id='word_1_571' title='bbox 3411 3203 3603 3260; x_wconf 90' lang='lat' dir='ltr'><strong>verbis</strong></span> <span class='ocrx_word' id='word_1_572' title='bbox 3623 3245 3640 3272; x_wconf 94' lang='lat'><strong>,</strong></span> <span class='ocrx_word' id='word_1_573' title='bbox 3680 3204 3760 3259; x_wconf 82' lang='lat' dir='ltr'><strong>fa—</strong></span> 
     </span>
    </p>
   </div>
   <div class='ocr_carea' id='block_1_79' title="bbox 2166 3293 3757 3364">
    <p class='ocr_par' dir='ltr' id='par_1_79' title="bbox 2166 3293 3757 3364">
     <span class='ocr_line' id='line_1_79' title="bbox 2166 3293 3757 3364; baseline 0.001 -14"><span class='ocrx_word' id='word_1_574' title='bbox 2166 3296 2381 3364; x_wconf 88' lang='lat' dir='ltr'><strong>ctisque</strong></span> <span class='ocrx_word' id='word_1_575' title='bbox 2405 3294 2518 3349; x_wconf 92' lang='lat' dir='ltr'><strong>suis</strong></span> <span class='ocrx_word' id='word_1_576' title='bbox 2544 3293 2702 3349; x_wconf 88' lang='lat' dir='ltr'><strong>nobis</strong></span> <span class='ocrx_word' id='word_1_577' title='bbox 2726 3295 3043 3349; x_wconf 87' lang='lat' dir='ltr'><strong>documenta</strong></span> <span class='ocrx_word' id='word_1_578' title='bbox 3069 3294 3286 3364; x_wconf 89' lang='lat' dir='ltr'><strong>reliquit</strong></span> <span class='ocrx_word' id='word_1_579' title='bbox 3305 3334 3319 3359; x_wconf 94' lang='lat'><strong>,</strong></span> <span class='ocrx_word' id='word_1_580' title='bbox 3346 3302 3402 3349; x_wconf 87' lang='lat' dir='ltr'><strong>et</strong></span> <span class='ocrx_word' id='word_1_581' title='bbox 3425 3295 3506 3350; x_wconf 89' lang='lat' dir='ltr'><strong>sic</strong></span> <span class='ocrx_word' id='word_1_582' title='bbox 3532 3298 3757 3351; x_wconf 85' lang='lat' dir='ltr'><strong>demum</strong></span> 
     </span>
    </p>
   </div>
   <div class='ocr_carea' id='block_1_80' title="bbox 2166 3383 3755 3450">
    <p class='ocr_par' dir='ltr' id='par_1_80' title="bbox 2166 3383 3755 3450">
     <span class='ocr_line' id='line_1_80' title="bbox 2166 3383 3755 3450; baseline 0.001 -12"><span class='ocrx_word' id='word_1_583' title='bbox 2166 3383 2219 3438; x_wconf 90' lang='lat' dir='ltr'><strong>in</strong></span> <span class='ocrx_word' id='word_1_584' title='bbox 2236 3393 2421 3439; x_wconf 89' lang='lat' dir='ltr'><strong>sancta</strong></span> <span class='ocrx_word' id='word_1_585' title='bbox 2440 3398 2604 3438; x_wconf 88' lang='lat' dir='ltr'><strong>cruce</strong></span> <span class='ocrx_word' id='word_1_586' title='bbox 2626 3398 2727 3438; x_wconf 91' lang='lat' dir='ltr'><strong>nos</strong></span> <span class='ocrx_word' id='word_1_587' title='bbox 2741 3383 3032 3450; x_wconf 90' lang='lat' dir='ltr'><strong>redimens,</strong></span> <span class='ocrx_word' id='word_1_588' title='bbox 3051 3384 3190 3439; x_wconf 90' lang='lat' dir='ltr'><strong>facta</strong></span> <span class='ocrx_word' id='word_1_589' title='bbox 3212 3400 3307 3439; x_wconf 85' lang='lat' dir='ltr'><strong>sua</strong></span> <span class='ocrx_word' id='word_1_590' title='bbox 3326 3387 3755 3440; x_wconf 80' lang='lat' dir='ltr'><strong>consummavit.</strong></span> 
     </span>
    </p>
   </div>
   <div class='ocr_carea' id='block_1_81' title="bbox 2164 3474 3759 3547">
    <p class='ocr_par' dir='ltr' id='par_1_81' title="bbox 2164 3474 3759 3547">
     <span class='ocr_line' id='line_1_81' title="bbox 2164 3474 3759 3547; baseline 0.001 -16"><span class='ocrx_word' id='word_1_591' title='bbox 2164 3474 2280 3531; x_wconf 85' lang='lat' dir='ltr'><strong>Hoc</strong></span> <span class='ocrx_word' id='word_1_592' title='bbox 2298 3484 2376 3542; x_wconf 91' lang='lat' dir='ltr'><strong>tu,</strong></span> <span class='ocrx_word' id='word_1_593' title='bbox 2396 3475 2637 3543; x_wconf 87' lang='lat' dir='ltr'><strong>Gabriel,</strong></span> <span class='ocrx_word' id='word_1_594' title='bbox 2652 3475 3008 3546; x_wconf 88' lang='lat' dir='ltr'><strong>archangelus</strong></span> <span class='ocrx_word' id='word_1_595' title='bbox 3026 3474 3288 3531; x_wconf 77' lang='lat' dir='ltr'><strong>Allissimi</strong></span> <span class='ocrx_word' id='word_1_596' title='bbox 3316 3487 3369 3530; x_wconf 89' lang='lat' dir='ltr'><strong>et</strong></span> <span class='ocrx_word' id='word_1_597' title='bbox 3395 3477 3759 3547; x_wconf 83' lang='lat' dir='ltr'><strong>despousator</strong></span> 
     </span>
    </p>
   </div>
   <div class='ocr_carea' id='block_1_82' title="bbox 2166 3568 3754 3641">
    <p class='ocr_par' dir='ltr' id='par_1_82' title="bbox 2166 3568 3754 3641">
     <span class='ocr_line' id='line_1_82' title="bbox 2166 3568 3754 3641; baseline -0.002 -15"><span class='ocrx_word' id='word_1_598' title='bbox 2166 3570 2466 3626; x_wconf 88' lang='lat' dir='ltr'><strong>coelestium</strong></span> <span class='ocrx_word' id='word_1_599' title='bbox 2510 3569 2855 3640; x_wconf 89' lang='lat' dir='ltr'><strong>nuptiarum,</strong></span> <span class='ocrx_word' id='word_1_600' title='bbox 2903 3569 3057 3623; x_wconf 75' lang='lat' dir='ltr'><strong>lactus</strong></span> <span class='ocrx_word' id='word_1_601' title='bbox 3100 3568 3248 3623; x_wconf 90' lang='lat' dir='ltr'><strong>claro</strong></span> <span class='ocrx_word' id='word_1_602' title='bbox 3291 3568 3494 3624; x_wconf 88' lang='lat' dir='ltr'><strong>famine</strong></span> <span class='ocrx_word' id='word_1_603' title='bbox 3540 3568 3754 3641; x_wconf 77' lang='lat' dir='ltr'><strong>Virgini</strong></span> 
     </span>
    </p>
   </div>
   <div class='ocr_carea' id='block_1_83' title="bbox 2167 3660 3757 3731">
    <p class='ocr_par' dir='ltr' id='par_1_83' title="bbox 2167 3660 3757 3731">
     <span class='ocr_line' id='line_1_83' title="bbox 2167 3660 3757 3731; baseline -0.003 -13"><span class='ocrx_word' id='word_1_604' title='bbox 2167 3662 2478 3727; x_wconf 87' lang='lat' dir='ltr'><strong>revelabas,</strong></span> <span class='ocrx_word' id='word_1_605' title='bbox 2507 3662 2723 3731; x_wconf 81' lang='lat' dir='ltr'><strong>quando</strong></span> <span class='ocrx_word' id='word_1_606' title='bbox 2750 3660 2953 3717; x_wconf 88' lang='lat' dir='ltr'><strong>Christi</strong></span> <span class='ocrx_word' id='word_1_607' title='bbox 2980 3660 3128 3731; x_wconf 86' lang='lat' dir='ltr'><strong>regni</strong></span> <span class='ocrx_word' id='word_1_608' title='bbox 3153 3661 3449 3728; x_wconf 88' lang='lat' dir='ltr'><strong>potentiam</strong></span> <span class='ocrx_word' id='word_1_609' title='bbox 3489 3670 3547 3715; x_wconf 90' lang='lat' dir='ltr'><strong>et</strong></span> <span class='ocrx_word' id='word_1_610' title='bbox 3580 3662 3757 3716; x_wconf 64' lang='lat' dir='ltr'><strong>salva.</strong></span> 
     </span>
    </p>
   </div>
   <div class='ocr_carea' id='block_1_84' title="bbox 2166 3751 3752 3822">
    <p class='ocr_par' dir='ltr' id='par_1_84' title="bbox 2166 3751 3752 3822">
     <span class='ocr_line' id='line_1_84' title="bbox 2166 3751 3752 3822; baseline 0.001 -15"><span class='ocrx_word' id='word_1_611' title='bbox 2166 3753 2329 3808; x_wconf 87' lang='lat' dir='ltr'><strong>tionis</strong></span> <span class='ocrx_word' id='word_1_612' title='bbox 2354 3751 2470 3821; x_wconf 85' lang='lat' dir='ltr'><strong>ejus</strong></span> <span class='ocrx_word' id='word_1_613' title='bbox 2508 3767 2644 3822; x_wconf 82' lang='lat' dir='ltr'><strong>opus</strong></span> <span class='ocrx_word' id='word_1_614' title='bbox 2683 3752 2951 3806; x_wconf 91' lang='lat' dir='ltr'><strong>luculento</strong></span> <span class='ocrx_word' id='word_1_615' title='bbox 2977 3765 3227 3805; x_wconf 88' lang='lat' dir='ltr'><strong>sermone</strong></span> <span class='ocrx_word' id='word_1_616' title='bbox 3272 3752 3752 3820; x_wconf 84' lang='lat' dir='ltr'><strong>pronuntiaveras.</strong></span> 
     </span>
    </p>
   </div>
   <div class='ocr_carea' id='block_1_85' title="bbox 2164 3841 3756 3913">
    <p class='ocr_par' dir='ltr' id='par_1_85' title="bbox 2164 3841 3756 3913">
     <span class='ocr_line' id='line_1_85' title="bbox 2164 3841 3756 3913; baseline 0.001 -16"><span class='ocrx_word' id='word_1_617' title='bbox 2164 3843 2301 3912; x_wconf 87' lang='lat' dir='ltr'><strong>Quid</strong></span> <span class='ocrx_word' id='word_1_618' title='bbox 2326 3853 2380 3899; x_wconf 90' lang='lat' dir='ltr'><strong>et</strong></span> <span class='ocrx_word' id='word_1_619' title='bbox 2407 3852 2485 3909; x_wconf 90' lang='lat' dir='ltr'><strong>tu,</strong></span> <span class='ocrx_word' id='word_1_620' title='bbox 2513 3859 2545 3899; x_wconf 93' lang='lat' dir='ltr'><strong>o</strong></span> <span class='ocrx_word' id='word_1_621' title='bbox 2573 3843 2830 3913; x_wconf 84' lang='lat' dir='ltr'><strong>Raphacl,</strong></span> <span class='ocrx_word' id='word_1_622' title='bbox 2856 3842 3121 3897; x_wconf 88' lang='lat' dir='ltr'><strong>medicina</strong></span> <span class='ocrx_word' id='word_1_623' title='bbox 3144 3842 3273 3897; x_wconf 89' lang='lat' dir='ltr'><strong>Dei?</strong></span> <span class='ocrx_word' id='word_1_624' title='bbox 3297 3841 3550 3912; x_wconf 77' lang='lat' dir='ltr'><strong>Nunquid</strong></span> <span class='ocrx_word' id='word_1_625' title='bbox 3580 3844 3634 3897; x_wconf 90' lang='lat' dir='ltr'><strong>in</strong></span> <span class='ocrx_word' id='word_1_626' title='bbox 3661 3843 3756 3899; x_wconf 87' lang='lat' dir='ltr'><strong>illo</strong></span> 
     </span>
    </p>
   </div>
   <div class='ocr_carea' id='block_1_86' title="bbox 2165 3932 3758 4006">
    <p class='ocr_par' dir='ltr' id='par_1_86' title="bbox 2165 3932 3758 4006">
     <span class='ocr_line' id='line_1_86' title="bbox 2165 3932 3758 4006; baseline -0.001 -16"><span class='ocrx_word' id='word_1_627' title='bbox 2165 3935 2394 4006; x_wconf 86' lang='lat' dir='ltr'><strong>mystico</strong></span> <span class='ocrx_word' id='word_1_628' title='bbox 2423 3950 2587 4006; x_wconf 90' lang='lat' dir='ltr'><strong>opere</strong></span> <span class='ocrx_word' id='word_1_629' title='bbox 2614 3949 2721 4004; x_wconf 87' lang='lat' dir='ltr'><strong>quo</strong></span> <span class='ocrx_word' id='word_1_630' title='bbox 2749 3933 2928 3987; x_wconf 64' lang='lat' dir='ltr'><strong>Tobiae</strong></span> <span class='ocrx_word' id='word_1_631' title='bbox 2961 3932 3146 3987; x_wconf 88' lang='lat' dir='ltr'><strong>oculos</strong></span> <span class='ocrx_word' id='word_1_632' title='bbox 3182 3933 3474 4002; x_wconf 89' lang='lat' dir='ltr'><strong>aperuisti,</strong></span> <span class='ocrx_word' id='word_1_633' title='bbox 3505 3932 3634 3989; x_wconf 87' lang='lat' dir='ltr'><strong>felle</strong></span> <span class='ocrx_word' id='word_1_634' title='bbox 3665 3950 3758 3989; x_wconf 83' lang='lat' dir='ltr'><strong>or-</strong></span> 
     </span>
    </p>
   </div>
   <div class='ocr_carea' id='block_1_87' title="bbox 2162 4026 3751 4098">
    <p class='ocr_par' dir='ltr' id='par_1_87' title="bbox 2162 4026 3751 4098">
     <span class='ocr_line' id='line_1_87' title="bbox 2162 4026 3751 4098; baseline 0.001 -18"><span class='ocrx_word' id='word_1_635' title='bbox 2162 4026 2284 4080; x_wconf 93' lang='lat' dir='ltr'><strong>bem</strong></span> <span class='ocrx_word' id='word_1_636' title='bbox 2326 4026 2557 4093; x_wconf 89' lang='lat' dir='ltr'><strong>liniens,</strong></span> <span class='ocrx_word' id='word_1_637' title='bbox 2596 4034 2800 4082; x_wconf 64' lang='lat' dir='ltr'><strong>sanctae</strong></span> <span class='ocrx_word' id='word_1_638' title='bbox 2839 4027 3018 4082; x_wconf 90' lang='lat' dir='ltr'><strong>crucis</strong></span> <span class='ocrx_word' id='word_1_639' title='bbox 3054 4027 3352 4097; x_wconf 87' lang='lat' dir='ltr'><strong>potentiam</strong></span> <span class='ocrx_word' id='word_1_640' title='bbox 3388 4027 3751 4098; x_wconf 80' lang='lat' dir='ltr'><strong>significasti,</strong></span> 
     </span>
    </p>
   </div>
   <div class='ocr_carea' id='block_1_88' title="bbox 2160 4117 3754 4190">
    <p class='ocr_par' dir='ltr' id='par_1_88' title="bbox 2160 4117 3754 4190">
     <span class='ocr_line' id='line_1_88' title="bbox 2160 4117 3754 4190; baseline 0.001 -17"><span class='ocrx_word' id='word_1_641' title='bbox 2160 4132 2283 4188; x_wconf 70' lang='lat' dir='ltr'><strong>qua:</strong></span> <span class='ocrx_word' id='word_1_642' title='bbox 2318 4135 2416 4190; x_wconf 92' lang='lat' dir='ltr'><strong>per</strong></span> <span class='ocrx_word' id='word_1_643' title='bbox 2455 4120 2868 4175; x_wconf 88' lang='lat' dir='ltr'><strong>amaritudinem</strong></span> <span class='ocrx_word' id='word_1_644' title='bbox 2901 4119 3093 4174; x_wconf 88' lang='lat' dir='ltr'><strong>mortis</strong></span> <span class='ocrx_word' id='word_1_645' title='bbox 3129 4117 3363 4182; x_wconf 86' lang='lat' dir='ltr'><strong>Christi,</strong></span> <span class='ocrx_word' id='word_1_646' title='bbox 3396 4128 3754 4188; x_wconf 72' lang='lat' dir='ltr'><strong>peccatorum</strong></span> 
     </span>
    </p>
   </div>
   <div class='ocr_carea' id='block_1_89' title="bbox 2169 4210 3755 4283">
    <p class='ocr_par' dir='ltr' id='par_1_89' title="bbox 2169 4210 3755 4283">
     <span class='ocr_line' id='line_1_89' title="bbox 2169 4210 3755 4283; baseline 0 -16"><span class='ocrx_word' id='word_1_647' title='bbox 2169 4212 2414 4267; x_wconf 86' lang='lat' dir='ltr'><strong>tenebris</strong></span> <span class='ocrx_word' id='word_1_648' title='bbox 2454 4212 2710 4278; x_wconf 87' lang='lat' dir='ltr'><strong>remotis,</strong></span> <span class='ocrx_word' id='word_1_649' title='bbox 2755 4222 3013 4267; x_wconf 82' lang='lat' dir='ltr'><strong>aeternam</strong></span> <span class='ocrx_word' id='word_1_650' title='bbox 3059 4210 3234 4266; x_wconf 91' lang='lat' dir='ltr'><strong>lucem</strong></span> <span class='ocrx_word' id='word_1_651' title='bbox 3284 4211 3523 4265; x_wconf 88' lang='lat' dir='ltr'><strong>humano</strong></span> <span class='ocrx_word' id='word_1_652' title='bbox 3563 4213 3755 4283; x_wconf 83' lang='lat' dir='ltr'><strong>generi</strong></span> 
     </span>
    </p>
   </div>
   <div class='ocr_carea' id='block_1_90' title="bbox 2162 4300 3754 4373">
    <p class='ocr_par' dir='ltr' id='par_1_90' title="bbox 2162 4300 3754 4373">
     <span class='ocr_line' id='line_1_90' title="bbox 2162 4300 3754 4373; baseline 0 -16"><span class='ocrx_word' id='word_1_653' title='bbox 2162 4303 2437 4358; x_wconf 86' lang='lat' dir='ltr'><strong>reddidit?</strong></span> <span class='ocrx_word' id='word_1_654' title='bbox 2465 4303 2806 4358; x_wconf 88' lang='lat' dir='ltr'><strong>Credendum</strong></span> <span class='ocrx_word' id='word_1_655' title='bbox 2832 4317 2962 4373; x_wconf 88' lang='lat' dir='ltr'><strong>ergo</strong></span> <span class='ocrx_word' id='word_1_656' title='bbox 2988 4302 3145 4357; x_wconf 91' lang='lat' dir='ltr'><strong>nobis</strong></span> <span class='ocrx_word' id='word_1_657' title='bbox 3167 4310 3253 4356; x_wconf 91' lang='lat' dir='ltr'><strong>est</strong></span> <span class='ocrx_word' id='word_1_658' title='bbox 3291 4300 3434 4372; x_wconf 90' lang='lat' dir='ltr'><strong>quod</strong></span> <span class='ocrx_word' id='word_1_659' title='bbox 3472 4300 3625 4357; x_wconf 85' lang='lat' dir='ltr'><strong>facta</strong></span> <span class='ocrx_word' id='word_1_660' title='bbox 3653 4318 3754 4357; x_wconf 80' lang='lat' dir='ltr'><strong>an-</strong></span> 
     </span>
    </p>
   </div>
   <div class='ocr_carea' id='block_1_91' title="bbox 2163 4392 3755 4467">
    <p class='ocr_par' dir='ltr' id='par_1_91' title="bbox 2163 4392 3755 4467">
     <span class='ocr_line' id='line_1_91' title="bbox 2163 4392 3755 4467; baseline 0 -18"><span class='ocrx_word' id='word_1_661' title='bbox 2163 4395 2407 4467; x_wconf 89' lang='lat' dir='ltr'><strong>gelorum</strong></span> <span class='ocrx_word' id='word_1_662' title='bbox 2455 4409 2576 4464; x_wconf 71' lang='lat' dir='ltr'><strong>qua:</strong></span> <span class='ocrx_word' id='word_1_663' title='bbox 2624 4392 2794 4448; x_wconf 77' lang='lat' dir='ltr'><strong>Vetus</strong></span> <span class='ocrx_word' id='word_1_664' title='bbox 2837 4393 3246 4448; x_wconf 81' lang='lat' dir='ltr'><strong>Testamentum</strong></span> <span class='ocrx_word' id='word_1_665' title='bbox 3284 4401 3511 4458; x_wconf 87' lang='lat' dir='ltr'><strong>narrat,</strong></span> <span class='ocrx_word' id='word_1_666' title='bbox 3547 4394 3755 4448; x_wconf 82' lang='lat' dir='ltr'><strong>adven-</strong></span> 
     </span>
    </p>
   </div>
   <div class='ocr_carea' id='block_1_92' title="bbox 479 4469 3753 4574">
    <p class='ocr_par' dir='ltr' id='par_1_92' title="bbox 479 4469 3753 4574">
     <span class='ocr_line' id='line_1_92' title="bbox 479 4469 3753 4574; baseline 0.005 -51"><span class='ocrx_word' id='word_1_667' title='bbox 479 4469 664 4535; x_wconf 90' lang='lat' dir='ltr'><strong>sonis,</strong></span> <span class='ocrx_word' id='word_1_668' title='bbox 709 4470 1048 4540; x_wconf 67' lang='lat' dir='ltr'><strong>majestate-tn</strong></span> <span class='ocrx_word' id='word_1_669' title='bbox 1099 4484 1245 4530; x_wconf 88' lang='lat' dir='ltr'><strong>tuam</strong></span> <span class='ocrx_word' id='word_1_670' title='bbox 1291 4488 1570 4544; x_wconf 83' lang='lat' dir='ltr'><strong>verentes,</strong></span> <span class='ocrx_word' id='word_1_671' title='bbox 1616 4494 1781 4551; x_wconf 90' lang='lat' dir='ltr'><strong>super</strong></span> <span class='ocrx_word' id='word_1_672' title='bbox 1817 4497 1876 4537; x_wconf 89' lang='lat' dir='ltr'><strong>se</strong></span> <span class='ocrx_word' id='word_1_673' title='bbox 1916 4482 2059 4537; x_wconf 87' lang='lat' dir='ltr'><strong>votis</strong></span> <span class='ocrx_word' id='word_1_674' title='bbox 2081 4511 2138 4574; x_wconf 76' lang='grc' dir='ltr'><strong>Ι)</strong></span> <span class='ocrx_word' id='word_1_675' title='bbox 2168 4497 2276 4543; x_wconf 91' lang='lat' dir='ltr'><strong>tum</strong></span> <span class='ocrx_word' id='word_1_676' title='bbox 2303 4496 2357 4541; x_wconf 91' lang='lat' dir='ltr'><strong>et</strong></span> <span class='ocrx_word' id='word_1_677' title='bbox 2382 4487 2608 4558; x_wconf 86' lang='lat' dir='ltr'><strong>gloriam</strong></span> <span class='ocrx_word' id='word_1_678' title='bbox 2633 4484 2939 4556; x_wconf 81' lang='lat' dir='ltr'><strong>signiﬁcent</strong></span> <span class='ocrx_word' id='word_1_679' title='bbox 2978 4483 3336 4553; x_wconf 90' lang='lat' dir='ltr'><strong>redemptoris</strong></span> <span class='ocrx_word' id='word_1_680' title='bbox 3371 4483 3583 4550; x_wconf 89' lang='lat' dir='ltr'><strong>nostri,</strong></span> <span class='ocrx_word' id='word_1_681' title='bbox 3629 4500 3753 4540; x_wconf 89' lang='lat' dir='ltr'><strong>eum</strong></span> 
     </span>
    </p>
   </div>
   <div class='ocr_carea' id='block_1_93' title="bbox 478 4564 2058 4644">
    <p class='ocr_par' dir='ltr' id='par_1_93' title="bbox 478 4564 2058 4644">
     <span class='ocr_line' id='line_1_93' title="bbox 478 4564 2058 4644; baseline 0.008 -25"><span class='ocrx_word' id='word_1_682' title='bbox 478 4564 738 4622; x_wconf 82' lang='lat' dir='ltr'><strong>exaltant.</strong></span> <span class='ocrx_word' id='word_1_683' title='bbox 782 4568 1010 4624; x_wconf 79' lang='lat' dir='ltr'><strong>Nomine</strong></span> <span class='ocrx_word' id='word_1_684' title='bbox 1048 4570 1174 4627; x_wconf 88' lang='lat' dir='ltr'><strong>licet</strong></span> <span class='ocrx_word' id='word_1_685' title='bbox 1207 4572 1285 4628; x_wconf 89' lang='lat' dir='ltr'><strong>sis</strong></span> <span class='ocrx_word' id='word_1_686' title='bbox 1309 4573 1556 4643; x_wconf 88' lang='lat' dir='ltr'><strong>asperior</strong></span> <span class='ocrx_word' id='word_1_687' title='bbox 1590 4574 1753 4644; x_wconf 91' lang='lat' dir='ltr'><strong>ipsis,</strong></span> <span class='ocrx_word' id='word_1_688' title='bbox 1779 4575 1907 4631; x_wconf 90' lang='lat' dir='ltr'><strong>dum</strong></span> <span class='ocrx_word' id='word_1_689' title='bbox 1934 4591 2058 4631; x_wconf 91' lang='lat' dir='ltr'><strong>cru-</strong></span> 
     </span>
    </p>
   </div>
   <div class='ocr_carea' id='block_1_94' title="bbox 476 4658 2057 4736">
    <p class='ocr_par' dir='ltr' id='par_1_94' title="bbox 476 4658 2057 4736">
     <span class='ocr_line' id='line_1_94' title="bbox 476 4658 2057 4736; baseline 0.008 -25"><span class='ocrx_word' id='word_1_690' title='bbox 476 4658 676 4712; x_wconf 91' lang='lat' dir='ltr'><strong>ciatum</strong></span> <span class='ocrx_word' id='word_1_691' title='bbox 699 4674 941 4726; x_wconf 91' lang='lat' dir='ltr'><strong>resones,</strong></span> <span class='ocrx_word' id='word_1_692' title='bbox 970 4662 1169 4719; x_wconf 89' lang='lat' dir='ltr'><strong>virtute</strong></span> <span class='ocrx_word' id='word_1_693' title='bbox 1210 4673 1388 4719; x_wconf 86' lang='lat' dir='ltr'><strong>tamen</strong></span> <span class='ocrx_word' id='word_1_694' title='bbox 1433 4666 1820 4736; x_wconf 89' lang='lat' dir='ltr'><strong>redemptionis</strong></span> <span class='ocrx_word' id='word_1_695' title='bbox 1858 4675 2057 4724; x_wconf 71' lang='lat' dir='ltr'><strong>nostra:</strong></span> 
     </span>
    </p>
   </div>
   <div class='ocr_carea' id='block_1_95' title="bbox 476 4747 2055 4822">
    <p class='ocr_par' dir='ltr' id='par_1_95' title="bbox 476 4747 2055 4822">
     <span class='ocr_line' id='line_1_95' title="bbox 476 4747 2055 4822; baseline 0.009 -21"><span class='ocrx_word' id='word_1_696' title='bbox 476 4747 608 4816; x_wconf 90' lang='lat' dir='ltr'><strong>ipsis</strong></span> <span class='ocrx_word' id='word_1_697' title='bbox 648 4758 906 4819; x_wconf 71' lang='lat' dir='ltr'><strong>prtestas,</strong></span> <span class='ocrx_word' id='word_1_698' title='bbox 949 4767 1070 4822; x_wconf 72' lang='lat' dir='ltr'><strong>qua:</strong></span> <span class='ocrx_word' id='word_1_699' title='bbox 1109 4755 1362 4811; x_wconf 88' lang='lat' dir='ltr'><strong>concedis</strong></span> <span class='ocrx_word' id='word_1_700' title='bbox 1396 4756 1646 4813; x_wconf 85' lang='lat' dir='ltr'><strong>ﬁdelibus</strong></span> <span class='ocrx_word' id='word_1_701' title='bbox 1688 4767 1815 4814; x_wconf 87' lang='lat' dir='ltr'><strong>ante</strong></span> <span class='ocrx_word' id='word_1_702' title='bbox 1853 4757 2055 4815; x_wconf 91' lang='lat' dir='ltr'><strong>Christi</strong></span> 
     </span>
    </p>
   </div>
   <div class='ocr_carea' id='block_1_96' title="bbox 477 4837 2056 4918">
    <p class='ocr_par' dir='ltr' id='par_1_96' title="bbox 477 4837 2056 4918">
     <span class='ocr_line' id='line_1_96' title="bbox 477 4837 2056 4918; baseline 0.009 -27"><span class='ocrx_word' id='word_1_703' title='bbox 477 4837 714 4893; x_wconf 89' lang='lat' dir='ltr'><strong>tribunal</strong></span> <span class='ocrx_word' id='word_1_704' title='bbox 741 4840 1008 4897; x_wconf 87' lang='lat' dir='ltr'><strong>bonorum</strong></span> <span class='ocrx_word' id='word_1_705' title='bbox 1037 4859 1261 4914; x_wconf 90' lang='lat' dir='ltr'><strong>operum</strong></span> <span class='ocrx_word' id='word_1_706' title='bbox 1286 4843 1493 4902; x_wconf 82' lang='lat' dir='ltr'><strong>fructus</strong></span> <span class='ocrx_word' id='word_1_707' title='bbox 1516 4848 1818 4918; x_wconf 88' lang='lat' dir='ltr'><strong>percipere.</strong></span> <span class='ocrx_word' id='word_1_708' title='bbox 1849 4849 1893 4905; x_wconf 95' lang='grc' dir='ltr'><strong>Ο</strong></span> <span class='ocrx_word' id='word_1_709' title='bbox 1919 4866 2056 4905; x_wconf 80' lang='lat' dir='ltr'><strong>crux</strong></span> 
     </span>
    </p>
   </div>
   <div class='ocr_carea' id='block_1_97' title="bbox 476 4931 2054 5009">
    <p class='ocr_par' dir='ltr' id='par_1_97' title="bbox 476 4931 2054 5009">
     <span class='ocr_line' id='line_1_97' title="bbox 476 4931 2054 5009; baseline 0.006 -24"><span class='ocrx_word' id='word_1_710' title='bbox 476 4943 665 4997; x_wconf 88' lang='lat' dir='ltr'><strong>sacra,</strong></span> <span class='ocrx_word' id='word_1_711' title='bbox 694 4946 844 5000; x_wconf 66' lang='lat' dir='ltr'><strong>qua),</strong></span> <span class='ocrx_word' id='word_1_712' title='bbox 872 4931 1107 5003; x_wconf 89' lang='lat' dir='ltr'><strong>diruptis</strong></span> <span class='ocrx_word' id='word_1_713' title='bbox 1135 4934 1385 4992; x_wconf 84' lang='lat' dir='ltr'><strong>claustris</strong></span> <span class='ocrx_word' id='word_1_714' title='bbox 1413 4937 1644 5004; x_wconf 82' lang='lat' dir='ltr'><strong>inferni,</strong></span> <span class='ocrx_word' id='word_1_715' title='bbox 1670 4938 1882 5009; x_wconf 88' lang='lat' dir='ltr'><strong>plebem</strong></span> <span class='ocrx_word' id='word_1_716' title='bbox 1923 4957 2054 4995; x_wconf 80' lang='lat' dir='ltr'><strong>san-</strong></span> 
     </span>
    </p>
   </div>
   <div class='ocr_carea' id='block_1_98' title="bbox 478 5024 1655 5094">
    <p class='ocr_par' dir='ltr' id='par_1_98' title="bbox 478 5024 1655 5094">
     <span class='ocr_line' id='line_1_98' title="bbox 478 5024 1655 5094; baseline 0.008 -19"><span class='ocrx_word' id='word_1_717' title='bbox 478 5029 691 5077; x_wconf 86' lang='lat' dir='ltr'><strong>ctorum</strong></span> <span class='ocrx_word' id='word_1_718' title='bbox 714 5024 995 5094; x_wconf 87' lang='lat' dir='ltr'><strong>eripueras</strong></span> <span class='ocrx_word' id='word_1_719' title='bbox 1018 5035 1074 5082; x_wconf 86' lang='lat' dir='ltr'><strong>et</strong></span> <span class='ocrx_word' id='word_1_720' title='bbox 1096 5028 1234 5084; x_wconf 86' lang='lat' dir='ltr'><strong>coelo</strong></span> <span class='ocrx_word' id='word_1_721' title='bbox 1259 5029 1655 5086; x_wconf 86' lang='lat' dir='ltr'><strong>collocaveras!</strong></span> 
     </span>
    </p>
   </div>
   <div class='ocr_carea' id='block_1_99' title="bbox 1080 5138 1431 5197">
    <p class='ocr_par' dir='ltr' id='par_1_99' title="bbox 1080 5138 1431 5197">
     <span class='ocr_line' id='line_1_99' title="bbox 1080 5138 1431 5197; baseline 0.006 -3"><span class='ocrx_word' id='word_1_722' title='bbox 1080 5138 1307 5197; x_wconf 83' lang='lat' dir='ltr'><strong>CAPUT</strong></span> <span class='ocrx_word' id='word_1_723' title='bbox 1349 5142 1431 5196; x_wconf 86' lang='lat' dir='ltr'><strong>Ill.</strong></span> 
     </span>
    </p>
   </div>
   <div class='ocr_carea' id='block_1_100' title="bbox 430 5225 2034 5304">
    <p class='ocr_par' dir='ltr' id='par_1_100' title="bbox 430 5225 2034 5304">
     <span class='ocr_line' id='line_1_100' title="bbox 430 5225 2034 5304; baseline 0.007 -25"><span class='ocrx_word' id='word_1_724' title='bbox 430 5250 431 5253; x_wconf 52' lang='grc' dir='ltr'><strong>η</strong></span> <span class='ocrx_word' id='word_1_725' title='bbox 495 5225 577 5280; x_wconf 76' lang='lat' dir='ltr'><strong>De.</strong></span> <span class='ocrx_word' id='word_1_726' title='bbox 625 5228 792 5282; x_wconf 77' lang='lat' dir='ltr'><strong>tertia:</strong></span> <span class='ocrx_word' id='word_1_727' title='bbox 848 5230 1017 5299; x_wconf 79' lang='lat' dir='ltr'><strong>[arma</strong></span> <span class='ocrx_word' id='word_1_728' title='bbox 1065 5232 1296 5304; x_wconf 71' lang='lat' dir='ltr'><strong>ﬁgurm,</strong></span> <span class='ocrx_word' id='word_1_729' title='bbox 1342 5233 1397 5286; x_wconf 78' lang='lat' dir='ltr'><strong>in</strong></span> <span class='ocrx_word' id='word_1_730' title='bbox 1441 5250 1546 5304; x_wconf 79' lang='lat' dir='ltr'><strong>qua</strong></span> <span class='ocrx_word' id='word_1_731' title='bbox 1599 5251 1777 5289; x_wconf 82' lang='lat' dir='ltr'><strong>norem</strong></span> <span class='ocrx_word' id='word_1_732' title='bbox 1827 5235 2034 5291; x_wconf 74' lang='lat' dir='ltr'><strong>ordines</strong></span> 
     </span>
    </p>
   </div>
   <div class='ocr_carea' id='block_1_101' title="bbox 922 5301 2057 5373">
    <p class='ocr_par' dir='ltr' id='par_1_101' title="bbox 922 5301 2057 5373">
     <span class='ocr_line' id='line_1_101' title="bbox 922 5301 2057 5373; baseline 0.004 -20"><span class='ocrx_word' id='word_1_733' title='bbox 922 5301 1227 5371; x_wconf 81' lang='lat' dir='ltr'><strong>angelorum</strong></span> <span class='ocrx_word' id='word_1_734' title='bbox 1255 5301 1612 5373; x_wconf 33' lang='lat' dir='ltr'><strong>depicti’sunt.</strong></span> <span class='ocrx_word' id='word_1_735' title='bbox 2054 5324 2057 5325; x_wconf 63' lang='lat'><strong><em>&#39;</em></strong></span> 
     </span>
    </p>
   </div>
   <div class='ocr_carea' id='block_1_102' title="bbox 550 5385 2053 5462">
    <p class='ocr_par' dir='ltr' id='par_1_102' title="bbox 550 5385 2053 5462">
     <span class='ocr_line' id='line_1_102' title="bbox 550 5385 2053 5462; baseline 0.005 -20"><span class='ocrx_word' id='word_1_736' title='bbox 550 5385 595 5442; x_wconf 93' lang='grc' dir='ltr'>Ο</span> <span class='ocrx_word' id='word_1_737' title='bbox 636 5397 690 5441; x_wconf 86' lang='lat' dir='ltr'><strong>tn</strong></span> <span class='ocrx_word' id='word_1_738' title='bbox 711 5428 727 5454; x_wconf 95' lang='lat'><strong>,</strong></span> <span class='ocrx_word' id='word_1_739' title='bbox 767 5398 955 5446; x_wconf 88' lang='lat' dir='ltr'><strong>sancta</strong></span> <span class='ocrx_word' id='word_1_740' title='bbox 998 5391 1144 5447; x_wconf 89' lang='lat' dir='ltr'><strong>salus</strong></span> <span class='ocrx_word' id='word_1_741' title='bbox 1167 5401 1221 5448; x_wconf 88' lang='lat' dir='ltr'><strong>et</strong></span> <span class='ocrx_word' id='word_1_742' title='bbox 1247 5392 1369 5448; x_wconf 66' lang='lat' dir='ltr'><strong>laeta</strong></span> <span class='ocrx_word' id='word_1_743' title='bbox 1395 5393 1573 5462; x_wconf 88' lang='lat' dir='ltr'><strong>passio</strong></span> <span class='ocrx_word' id='word_1_744' title='bbox 1598 5392 1833 5459; x_wconf 90' lang='lat' dir='ltr'><strong>Christi,</strong></span> <span class='ocrx_word' id='word_1_745' title='bbox 1864 5396 2012 5450; x_wconf 85' lang='lat' dir='ltr'><strong>salve</strong></span> <span class='ocrx_word' id='word_1_746' title='bbox 2038 5415 2053 5450; x_wconf 86' lang='lat'><strong>:</strong></span> 
     </span>
    </p>
   </div>
   <div class='ocr_carea' id='block_1_103' title="bbox 476 5482 2057 5555">
    <p class='ocr_par' dir='ltr' id='par_1_103' title="bbox 476 5482 2057 5555">
     <span class='ocr_line' id='line_1_103' title="bbox 476 5482 2057 5555; baseline 0.006 -20"><span class='ocrx_word' id='word_1_747' title='bbox 476 5494 611 5535; x_wconf 77' lang='lat' dir='ltr'><strong>crux</strong></span> <span class='ocrx_word' id='word_1_748' title='bbox 655 5485 963 5538; x_wconf 89' lang='lat' dir='ltr'><strong>veneranda</strong></span> <span class='ocrx_word' id='word_1_749' title='bbox 1007 5482 1136 5551; x_wconf 83' lang='lat' dir='ltr'><strong>Dei,</strong></span> <span class='ocrx_word' id='word_1_750' title='bbox 1175 5500 1296 5555; x_wconf 72' lang='lat' dir='ltr'><strong>quae</strong></span> <span class='ocrx_word' id='word_1_751' title='bbox 1326 5486 1624 5555; x_wconf 88' lang='lat' dir='ltr'><strong>sapientia,</strong></span> <span class='ocrx_word' id='word_1_752' title='bbox 1654 5487 1835 5543; x_wconf 90' lang='lat' dir='ltr'><strong>lumen</strong></span> <span class='ocrx_word' id='word_1_753' title='bbox 1863 5498 1918 5543; x_wconf 90' lang='lat' dir='ltr'><strong>et</strong></span> <span class='ocrx_word' id='word_1_754' title='bbox 1957 5490 2057 5545; x_wconf 89' lang='lat' dir='ltr'><strong>do-</strong></span> 
     </span>
    </p>
   </div>
   <div class='ocr_carea' id='block_1_104' title="bbox 480 5572 2052 5648">
    <p class='ocr_par' dir='ltr' id='par_1_104' title="bbox 480 5572 2052 5648">
     <span class='ocr_line' id='line_1_104' title="bbox 480 5572 2052 5648; baseline 0.006 -20"><span class='ocrx_word' id='word_1_755' title='bbox 480 5572 618 5628; x_wconf 80' lang='lat' dir='ltr'><strong>ctrix</strong></span> <span class='ocrx_word' id='word_1_756' title='bbox 658 5587 719 5628; x_wconf 86' lang='lat' dir='ltr'><strong>es</strong></span> <span class='ocrx_word' id='word_1_757' title='bbox 761 5574 910 5630; x_wconf 90' lang='lat' dir='ltr'><strong>orbis</strong></span> <span class='ocrx_word' id='word_1_758' title='bbox 949 5583 1219 5630; x_wconf 90' lang='lat' dir='ltr'><strong>terrarum</strong></span> <span class='ocrx_word' id='word_1_759' title='bbox 1247 5590 1263 5642; x_wconf 90' lang='lat'><strong>;</strong></span> <span class='ocrx_word' id='word_1_760' title='bbox 1291 5592 1413 5648; x_wconf 64' lang='lat' dir='ltr'><strong>quae</strong></span> <span class='ocrx_word' id='word_1_761' title='bbox 1437 5585 1493 5633; x_wconf 86' lang='lat' dir='ltr'><strong>et</strong></span> <span class='ocrx_word' id='word_1_762' title='bbox 1534 5594 1662 5634; x_wconf 89' lang='lat' dir='ltr'><strong>vera</strong></span> <span class='ocrx_word' id='word_1_763' title='bbox 1692 5579 1846 5646; x_wconf 89' lang='lat' dir='ltr'><strong>laus,</strong></span> <span class='ocrx_word' id='word_1_764' title='bbox 1875 5582 2052 5637; x_wconf 90' lang='lat' dir='ltr'><strong>amica</strong></span> 
     </span>
    </p>
   </div>
   <div class='ocr_carea' id='block_1_105' title="bbox 482 5661 2046 5738">
    <p class='ocr_par' dir='ltr' id='par_1_105' title="bbox 482 5661 2046 5738">
     <span class='ocr_line' id='line_1_105' title="bbox 482 5661 2046 5738; baseline 0.009 -23"><span class='ocrx_word' id='word_1_765' title='bbox 482 5661 688 5726; x_wconf 89' lang='lat' dir='ltr'><strong>virtus,</strong></span> <span class='ocrx_word' id='word_1_766' title='bbox 715 5672 771 5717; x_wconf 90' lang='lat' dir='ltr'><strong>et</strong></span> <span class='ocrx_word' id='word_1_767' title='bbox 794 5663 940 5718; x_wconf 90' lang='lat' dir='ltr'><strong>clara</strong></span> <span class='ocrx_word' id='word_1_768' title='bbox 983 5664 1317 5737; x_wconf 89' lang='lat' dir='ltr'><strong>philosophia</strong></span> <span class='ocrx_word' id='word_1_769' title='bbox 1358 5672 1497 5738; x_wconf 90' lang='lat' dir='ltr'><strong>apud</strong></span> <span class='ocrx_word' id='word_1_770' title='bbox 1526 5671 1846 5738; x_wconf 71' lang='lat' dir='ltr'><strong>ctelicolas,</strong></span> <span class='ocrx_word' id='word_1_771' title='bbox 1897 5674 2046 5731; x_wconf 51' lang='lat' dir='ltr'><strong>terri.</strong></span> 
     </span>
    </p>
   </div>
   <div class='ocr_carea' id='block_1_106' title="bbox 474 5753 2054 5832">
    <p class='ocr_par' dir='ltr' id='par_1_106' title="bbox 474 5753 2054 5832">
     <span class='ocr_line' id='line_1_106' title="bbox 474 5753 2054 5832; baseline 0.01 -28"><span class='ocrx_word' id='word_1_772' title='bbox 474 5756 682 5820; x_wconf 76' lang='lat' dir='ltr'><strong>genas,</strong></span> <span class='ocrx_word' id='word_1_773' title='bbox 727 5768 847 5820; x_wconf 78' lang='lat' dir='ltr'><strong>quae</strong></span> <span class='ocrx_word' id='word_1_774' title='bbox 882 5753 1248 5811; x_wconf 85' lang='lat' dir='ltr'><strong>indesinenter</strong></span> <span class='ocrx_word' id='word_1_775' title='bbox 1287 5758 1435 5830; x_wconf 87' lang='lat' dir='ltr'><strong>viges</strong></span> <span class='ocrx_word' id='word_1_776' title='bbox 1465 5779 1476 5814; x_wconf 93' lang='lat'><strong>:</strong></span> <span class='ocrx_word' id='word_1_777' title='bbox 1511 5770 1566 5815; x_wconf 90' lang='lat' dir='ltr'><strong>ct</strong></span> <span class='ocrx_word' id='word_1_778' title='bbox 1586 5761 1699 5831; x_wconf 91' lang='lat' dir='ltr'><strong>jam</strong></span> <span class='ocrx_word' id='word_1_779' title='bbox 1728 5763 1867 5832; x_wconf 86' lang='lat' dir='ltr'><strong>apud</strong></span> <span class='ocrx_word' id='word_1_780' title='bbox 1896 5779 2054 5819; x_wconf 79' lang='lat' dir='ltr'><strong>excr-</strong></span> 
     </span>
    </p>
   </div>
   <div class='ocr_carea' id='block_1_107' title="bbox 2163 4573 3753 4644">
    <p class='ocr_par' dir='ltr' id='par_1_107' title="bbox 2163 4573 3753 4644">
     <span class='ocr_line' id='line_1_107' title="bbox 2163 4573 3753 4644; baseline 0 -14"><span class='ocrx_word' id='word_1_781' title='bbox 2163 4576 2372 4632; x_wconf 85' lang='lat' dir='ltr'><strong>Novum</strong></span> <span class='ocrx_word' id='word_1_782' title='bbox 2399 4577 2804 4633; x_wconf 88' lang='lat' dir='ltr'><strong>Testamentum</strong></span> <span class='ocrx_word' id='word_1_783' title='bbox 2830 4575 3013 4629; x_wconf 87' lang='lat' dir='ltr'><strong>statim</strong></span> <span class='ocrx_word' id='word_1_784' title='bbox 3040 4574 3094 4627; x_wconf 91' lang='lat' dir='ltr'><strong>in</strong></span> <span class='ocrx_word' id='word_1_785' title='bbox 3119 4573 3420 4644; x_wconf 86' lang='lat' dir='ltr'><strong>primordio</strong></span> <span class='ocrx_word' id='word_1_786' title='bbox 3444 4574 3753 4630; x_wconf 87' lang='lat' dir='ltr'><strong>nativitatis</strong></span> 
     </span>
    </p>
   </div>
   <div class='ocr_carea' id='block_1_108' title="bbox 2164 4666 3754 4740">
    <p class='ocr_par' dir='ltr' id='par_1_108' title="bbox 2164 4666 3754 4740">
     <span class='ocr_line' id='line_1_108' title="bbox 2164 4666 3754 4740; baseline 0.001 -16"><span class='ocrx_word' id='word_1_787' title='bbox 2164 4667 2314 4737; x_wconf 86' lang='lat' dir='ltr'><strong>ejus,</strong></span> <span class='ocrx_word' id='word_1_788' title='bbox 2352 4666 2475 4737; x_wconf 82' lang='lat' dir='ltr'><strong>ejus</strong></span> <span class='ocrx_word' id='word_1_789' title='bbox 2514 4667 2741 4738; x_wconf 88' lang='lat' dir='ltr'><strong>gloriam</strong></span> <span class='ocrx_word' id='word_1_790' title='bbox 2781 4669 2836 4723; x_wconf 92' lang='lat' dir='ltr'><strong>in</strong></span> <span class='ocrx_word' id='word_1_791' title='bbox 2874 4668 3120 4734; x_wconf 81' lang='lat' dir='ltr'><strong>excelso,</strong></span> <span class='ocrx_word' id='word_1_792' title='bbox 3147 4668 3261 4723; x_wconf 89' lang='lat' dir='ltr'><strong>Deo</strong></span> <span class='ocrx_word' id='word_1_793' title='bbox 3288 4684 3485 4739; x_wconf 87' lang='lat' dir='ltr'><strong>magno</strong></span> <span class='ocrx_word' id='word_1_794' title='bbox 3517 4669 3754 4740; x_wconf 88' lang='lat' dir='ltr'><strong>tripudio</strong></span> 
     </span>
    </p>
   </div>
   <div class='ocr_carea' id='block_1_109' title="bbox 2168 4757 3753 4830">
    <p class='ocr_par' dir='ltr' id='par_1_109' title="bbox 2168 4757 3753 4830">
     <span class='ocr_line' id='line_1_109' title="bbox 2168 4757 3753 4830; baseline 0 -17"><span class='ocrx_word' id='word_1_795' title='bbox 2168 4759 2435 4814; x_wconf 87' lang='lat' dir='ltr'><strong>cecinisse</strong></span> <span class='ocrx_word' id='word_1_796' title='bbox 2461 4799 2476 4824; x_wconf 93' lang='lat'><strong>,</strong></span> <span class='ocrx_word' id='word_1_797' title='bbox 2506 4768 2563 4814; x_wconf 90' lang='lat' dir='ltr'><strong>et</strong></span> <span class='ocrx_word' id='word_1_798' title='bbox 2585 4773 2774 4828; x_wconf 83' lang='lat' dir='ltr'><strong>pacem</strong></span> <span class='ocrx_word' id='word_1_799' title='bbox 2802 4757 3112 4814; x_wconf 90' lang='lat' dir='ltr'><strong>hominibus</strong></span> <span class='ocrx_word' id='word_1_800' title='bbox 3139 4758 3426 4830; x_wconf 86' lang='lat' dir='ltr'><strong>adoptasse</strong></span> <span class='ocrx_word' id='word_1_801' title='bbox 3452 4759 3753 4814; x_wconf 86' lang='lat' dir='ltr'><strong>describat.</strong></span> 
     </span>
    </p>
   </div>
   <div class='ocr_carea' id='block_1_110' title="bbox 2164 4846 3757 4919">
    <p class='ocr_par' dir='ltr' id='par_1_110' title="bbox 2164 4846 3757 4919">
     <span class='ocr_line' id='line_1_110' title="bbox 2164 4846 3757 4919; baseline 0.001 -18"><span class='ocrx_word' id='word_1_802' title='bbox 2164 4846 2506 4917; x_wconf 88' lang='lat' dir='ltr'><strong>Quapropter</strong></span> <span class='ocrx_word' id='word_1_803' title='bbox 2544 4863 2643 4902; x_wconf 85' lang='lat' dir='ltr'><strong>vos</strong></span> <span class='ocrx_word' id='word_1_804' title='bbox 2670 4862 2917 4918; x_wconf 91' lang='lat' dir='ltr'><strong>quoque,</strong></span> <span class='ocrx_word' id='word_1_805' title='bbox 2958 4848 3205 4917; x_wconf 67' lang='lat' dir='ltr'><strong>praeclari</strong></span> <span class='ocrx_word' id='word_1_806' title='bbox 3240 4847 3559 4919; x_wconf 87' lang='lat' dir='ltr'><strong>angelorum</strong></span> <span class='ocrx_word' id='word_1_807' title='bbox 3597 4863 3757 4903; x_wconf 73' lang='lat' dir='ltr'><strong>exer-</strong></span> 
     </span>
    </p>
   </div>
   <div class='ocr_carea' id='block_1_111' title="bbox 2166 4937 3752 5010">
    <p class='ocr_par' dir='ltr' id='par_1_111' title="bbox 2166 4937 3752 5010">
     <span class='ocr_line' id='line_1_111' title="bbox 2166 4937 3752 5010; baseline 0.001 -17"><span class='ocrx_word' id='word_1_808' title='bbox 2166 4938 2307 4993; x_wconf 90' lang='lat' dir='ltr'><strong>citus</strong></span> <span class='ocrx_word' id='word_1_809' title='bbox 2327 4978 2341 5003; x_wconf 91' lang='lat'><strong>,</strong></span> <span class='ocrx_word' id='word_1_810' title='bbox 2370 4938 2635 5008; x_wconf 89' lang='lat' dir='ltr'><strong>supplices</strong></span> <span class='ocrx_word' id='word_1_811' title='bbox 2659 4937 3009 4994; x_wconf 89' lang='lat' dir='ltr'><strong>obsecramus</strong></span> <span class='ocrx_word' id='word_1_812' title='bbox 3038 4947 3099 4993; x_wconf 90' lang='lat' dir='ltr'><strong>ut</strong></span> <span class='ocrx_word' id='word_1_813' title='bbox 3127 4939 3316 5010; x_wconf 89' lang='lat' dir='ltr'><strong>dignas</strong></span> <span class='ocrx_word' id='word_1_814' title='bbox 3344 4950 3530 5009; x_wconf 87' lang='lat' dir='ltr'><strong>grates</strong></span> <span class='ocrx_word' id='word_1_815' title='bbox 3559 4940 3752 4995; x_wconf 82' lang='lat' dir='ltr'><strong>Salva-</strong></span> 
     </span>
    </p>
   </div>
   <div class='ocr_carea' id='block_1_112' title="bbox 2169 5028 3752 5103">
    <p class='ocr_par' dir='ltr' id='par_1_112' title="bbox 2169 5028 3752 5103">
     <span class='ocr_line' id='line_1_112' title="bbox 2169 5028 3752 5103; baseline 0.003 -20"><span class='ocrx_word' id='word_1_816' title='bbox 2169 5028 2273 5083; x_wconf 89' lang='lat' dir='ltr'><strong>tori</strong></span> <span class='ocrx_word' id='word_1_817' title='bbox 2317 5038 2504 5083; x_wconf 85' lang='lat' dir='ltr'><strong>nostro</strong></span> <span class='ocrx_word' id='word_1_818' title='bbox 2545 5029 2881 5083; x_wconf 89' lang='lat' dir='ltr'><strong>incessanter</strong></span> <span class='ocrx_word' id='word_1_819' title='bbox 2918 5030 3125 5099; x_wconf 84' lang='lat' dir='ltr'><strong>agatis,</strong></span> <span class='ocrx_word' id='word_1_820' title='bbox 3167 5039 3223 5084; x_wconf 87' lang='lat' dir='ltr'><strong>et</strong></span> <span class='ocrx_word' id='word_1_821' title='bbox 3259 5040 3510 5103; x_wconf 80' lang='lat' dir='ltr'><strong>sanctum</strong></span> <span class='ocrx_word' id='word_1_822' title='bbox 3554 5048 3752 5087; x_wconf 85' lang='lat' dir='ltr'><strong>nomen</strong></span> 
     </span>
    </p>
   </div>
   <div class='ocr_carea' id='block_1_113' title="bbox 2164 5118 3750 5190">
    <p class='ocr_par' dir='ltr' id='par_1_113' title="bbox 2164 5118 3750 5190">
     <span class='ocr_line' id='line_1_113' title="bbox 2164 5118 3750 5190; baseline 0.001 -17"><span class='ocrx_word' id='word_1_823' title='bbox 2164 5121 2283 5189; x_wconf 84' lang='lat' dir='ltr'><strong>ejus</strong></span> <span class='ocrx_word' id='word_1_824' title='bbox 2311 5120 2362 5173; x_wconf 91' lang='lat' dir='ltr'><strong>in</strong></span> <span class='ocrx_word' id='word_1_825' title='bbox 2388 5120 2641 5174; x_wconf 61' lang='lat' dir='ltr'><strong>seecnlum</strong></span> <span class='ocrx_word' id='word_1_826' title='bbox 2669 5118 3033 5186; x_wconf 83' lang='lat' dir='ltr'><strong>benedicatis,</strong></span> <span class='ocrx_word' id='word_1_827' title='bbox 3073 5120 3165 5190; x_wconf 89' lang='lat' dir='ltr'><strong>qui</strong></span> <span class='ocrx_word' id='word_1_828' title='bbox 3205 5136 3304 5175; x_wconf 86' lang='lat' dir='ltr'><strong>nos</strong></span> <span class='ocrx_word' id='word_1_829' title='bbox 3347 5136 3442 5190; x_wconf 86' lang='lat' dir='ltr'><strong>per</strong></span> <span class='ocrx_word' id='word_1_830' title='bbox 3467 5136 3692 5176; x_wconf 83' lang='lat' dir='ltr'><strong>crucem</strong></span> <span class='ocrx_word' id='word_1_831' title='bbox 3720 5136 3750 5174; x_wconf 86' lang='lat' dir='ltr'><strong>a</strong></span> 
     </span>
    </p>
   </div>
   <div class='ocr_carea' id='block_1_114' title="bbox 2165 5208 3751 5281">
    <p class='ocr_par' dir='ltr' id='par_1_114' title="bbox 2165 5208 3751 5281">
     <span class='ocr_line' id='line_1_114' title="bbox 2165 5208 3751 5281; baseline -0.001 -15"><span class='ocrx_word' id='word_1_832' title='bbox 2165 5219 2421 5281; x_wconf 89' lang='lat' dir='ltr'><strong>perpetua</strong></span> <span class='ocrx_word' id='word_1_833' title='bbox 2461 5219 2636 5265; x_wconf 90' lang='lat' dir='ltr'><strong>morte</strong></span> <span class='ocrx_word' id='word_1_834' title='bbox 2668 5208 2948 5275; x_wconf 84' lang='lat' dir='ltr'><strong>liberavit,</strong></span> <span class='ocrx_word' id='word_1_835' title='bbox 2976 5218 3032 5265; x_wconf 88' lang='lat' dir='ltr'><strong>et</strong></span> <span class='ocrx_word' id='word_1_836' title='bbox 3056 5222 3295 5266; x_wconf 88' lang='lat' dir='ltr'><strong>vestrum</strong></span> <span class='ocrx_word' id='word_1_837' title='bbox 3323 5227 3615 5265; x_wconf 89' lang='lat' dir='ltr'><strong>numerum</strong></span> <span class='ocrx_word' id='word_1_838' title='bbox 3643 5212 3663 5281; x_wconf 93' lang='lat'><strong>(</strong></span> <span class='ocrx_word' id='word_1_839' title='bbox 3688 5225 3751 5265; x_wconf 87' lang='lat' dir='ltr'><strong>ne</strong></span> 
     </span>
    </p>
   </div>
   <div class='ocr_carea' id='block_1_115' title="bbox 2175 5299 3751 5381">
    <p class='ocr_par' dir='ltr' id='par_1_115' title="bbox 2175 5299 3751 5381">
     <span class='ocr_line' id='line_1_115' title="bbox 2175 5299 3751 5381; baseline 0 -25"><span class='ocrx_word' id='word_1_840' title='bbox 2175 5301 2471 5381; x_wconf 76' lang='lat' dir='ltr'><strong>diminutas</strong></span> <span class='ocrx_word' id='word_1_841' title='bbox 2496 5308 2719 5371; x_wconf 89' lang='lat' dir='ltr'><strong>propter</strong></span> <span class='ocrx_word' id='word_1_842' title='bbox 2742 5300 2985 5370; x_wconf 90' lang='lat' dir='ltr'><strong>perditos</strong></span> <span class='ocrx_word' id='word_1_843' title='bbox 3011 5299 3230 5372; x_wconf 89' lang='lat' dir='ltr'><strong>angelos</strong></span> <span class='ocrx_word' id='word_1_844' title='bbox 3254 5302 3603 5373; x_wconf 90' lang='lat' dir='ltr'><strong>remaneret)</strong></span> <span class='ocrx_word' id='word_1_845' title='bbox 3631 5318 3751 5357; x_wconf 84' lang='lat' dir='ltr'><strong>san-</strong></span> 
     </span>
    </p>
   </div>
   <div class='ocr_carea' id='block_1_116' title="bbox 2166 5393 3381 5464">
    <p class='ocr_par' dir='ltr' id='par_1_116' title="bbox 2166 5393 3381 5464">
     <span class='ocr_line' id='line_1_116' title="bbox 2166 5393 3381 5464; baseline -0.002 -15"><span class='ocrx_word' id='word_1_846' title='bbox 2166 5396 2267 5450; x_wconf 89' lang='lat' dir='ltr'><strong>ctis</strong></span> <span class='ocrx_word' id='word_1_847' title='bbox 2294 5394 2578 5449; x_wconf 89' lang='lat' dir='ltr'><strong>animabus</strong></span> <span class='ocrx_word' id='word_1_848' title='bbox 2602 5393 2888 5464; x_wconf 87' lang='lat' dir='ltr'><strong>complevit</strong></span> <span class='ocrx_word' id='word_1_849' title='bbox 2916 5393 2969 5448; x_wconf 90' lang='lat' dir='ltr'><strong>in</strong></span> <span class='ocrx_word' id='word_1_850' title='bbox 2996 5409 3123 5449; x_wconf 88' lang='lat' dir='ltr'><strong>arce</strong></span> <span class='ocrx_word' id='word_1_851' title='bbox 3152 5394 3381 5449; x_wconf 78' lang='lat' dir='ltr'><strong>ccelesti.</strong></span> 
     </span>
    </p>
   </div>
   <div class='ocr_carea' id='block_1_117' title="bbox 2775 5503 3125 5561">
    <p class='ocr_par' dir='ltr' id='par_1_117' title="bbox 2775 5503 3125 5561">
     <span class='ocr_line' id='line_1_117' title="bbox 2775 5503 3125 5561; baseline -0.011 0"><span class='ocrx_word' id='word_1_852' title='bbox 2775 5503 3003 5561; x_wconf 78' lang='lat' dir='ltr'><strong>CAPUT</strong></span> <span class='ocrx_word' id='word_1_853' title='bbox 3034 5505 3125 5559; x_wconf 87' lang='lat' dir='ltr'><strong>1V.</strong></span> 
     </span>
    </p>
   </div>
   <div class='ocr_carea' id='block_1_118' title="bbox 2183 5597 3719 5669">
    <p class='ocr_par' dir='ltr' id='par_1_118' title="bbox 2183 5597 3719 5669">
     <span class='ocr_line' id='line_1_118' title="bbox 2183 5597 3719 5669; baseline -0.003 -15"><span class='ocrx_word' id='word_1_854' title='bbox 2183 5599 2261 5654; x_wconf 90' lang='lat' dir='ltr'><strong>De</strong></span> <span class='ocrx_word' id='word_1_855' title='bbox 2284 5599 2455 5669; x_wconf 74' lang='lat' dir='ltr'><strong>{arma</strong></span> <span class='ocrx_word' id='word_1_856' title='bbox 2480 5598 2657 5668; x_wconf 81' lang='lat' dir='ltr'><strong>quarti</strong></span> <span class='ocrx_word' id='word_1_857' title='bbox 2679 5598 2975 5661; x_wconf 76' lang='lat' dir='ltr'><strong>schematis,</strong></span> <span class='ocrx_word' id='word_1_858' title='bbox 3005 5597 3094 5651; x_wconf 85' lang='lat' dir='ltr'><strong>ubi</strong></span> <span class='ocrx_word' id='word_1_859' title='bbox 3122 5597 3369 5669; x_wconf 67' lang='lat' dir='ltr'><strong>cherubin</strong></span> <span class='ocrx_word' id='word_1_860' title='bbox 3396 5606 3445 5651; x_wconf 84' lang='lat' dir='ltr'><strong>et</strong></span> <span class='ocrx_word' id='word_1_861' title='bbox 3472 5600 3719 5669; x_wconf 71' lang='lat' dir='ltr'><strong>seraphin</strong></span> 
     </span>
    </p>
   </div>
   <div class='ocr_carea' id='block_1_119' title="bbox 2558 5668 3335 5737">
    <p class='ocr_par' dir='ltr' id='par_1_119' title="bbox 2558 5668 3335 5737">
     <span class='ocr_line' id='line_1_119' title="bbox 2558 5668 3335 5737; baseline -0.001 -16"><span class='ocrx_word' id='word_1_862' title='bbox 2558 5678 2678 5721; x_wconf 78' lang='lat' dir='ltr'><strong>sunt</strong></span> <span class='ocrx_word' id='word_1_863' title='bbox 2703 5669 2863 5737; x_wconf 68' lang='lat' dir='ltr'><strong>juxta</strong></span> <span class='ocrx_word' id='word_1_864' title='bbox 2891 5684 3094 5721; x_wconf 82' lang='lat' dir='ltr'><strong>crucem</strong></span> <span class='ocrx_word' id='word_1_865' title='bbox 3123 5668 3335 5737; x_wconf 77' lang='lat' dir='ltr'><strong>depicti.</strong></span> 
     </span>
    </p>
   </div>
   <div class='ocr_carea' id='block_1_120' title="bbox 2232 5758 3743 5831">
    <p class='ocr_par' dir='ltr' id='par_1_120' title="bbox 2232 5758 3743 5831">
     <span class='ocr_line' id='line_1_120' title="bbox 2232 5758 3743 5831; baseline -0.002 -16"><span class='ocrx_word' id='word_1_866' title='bbox 2232 5763 2302 5816; x_wconf 79' lang='lat' dir='ltr'><strong>At</strong></span> <span class='ocrx_word' id='word_1_867' title='bbox 2338 5776 2434 5817; x_wconf 85' lang='lat' dir='ltr'><strong>vos</strong></span> <span class='ocrx_word' id='word_1_868' title='bbox 2471 5775 2717 5830; x_wconf 75' lang='lat' dir='ltr'><strong>superna:</strong></span> <span class='ocrx_word' id='word_1_869' title='bbox 2744 5760 3032 5826; x_wconf 81' lang='lat' dir='ltr'><strong>cohortes,</strong></span> <span class='ocrx_word' id='word_1_870' title='bbox 3063 5758 3325 5821; x_wconf 84' lang='lat' dir='ltr'><strong>cherubin</strong></span> <span class='ocrx_word' id='word_1_871' title='bbox 3362 5767 3417 5813; x_wconf 90' lang='lat' dir='ltr'><strong>et</strong></span> <span class='ocrx_word' id='word_1_872' title='bbox 3449 5760 3743 5831; x_wconf 86' lang='lat' dir='ltr'><strong>scraphin,</strong></span> 
     </span>
    </p>
   </div>
  </div>
