3970 6468
210 425 302 484 269
1169 413 1257 469 DE
1293 411 1640 468 LAUDIBUS
1680 410 1739 465 S.
1780 408 2050 466 CRUCIS.
2091 439 2162 450 —-
2197 409 2325 466 LIB.
2361 409 2423 465 Π.
3324 412 3433 468 270

209 528 306 611 iam
340 542 475 589 ηιιηο
510 528 578 584 de
613 527 752 584 calo
783 525 1001 582 laudate
1036 540 1231 580 nomen
1262 524 1406 595 regis
1434 522 1599 577 vestri
1627 520 1754 577 Iesu
1780 527 1832 585 Α
1859 536 2072 591 quoque
2112 521 2371 593 seraphin
2412 521 2480 577 ad
2524 522 2626 577 hoc
2669 522 2912 593 pandunt
2937 538 2999 579 os
3027 540 3184 581 suum
3210 533 3270 581 ut
3306 540 3434 583 cum

213 624 430 687 Christi,
473 620 598 689 quia
640 619 778 690 ignis
820 618 1021 673 amoris
1060 624 1116 673 et
1153 617 1429 686 sapientiae
1456 623 1649 671 vestra:
1685 616 1760 671 ita
1859 612 2028 667 cmlos
2067 620 2124 668 et
2162 619 2363 667 terram
2400 612 2586 682 plenos
2627 627 2749 669 esse
2788 614 2959 685 gloria
2986 616 3083 673 Dei
3107 618 3434 688 przediceut,

213 720 337 774 bene
373 709 548 773 ardet,
586 708 633 762 si
672 722 811 777 puro
853 705 1056 762 famine
1101 707 1154 761 in
1189 705 1563 775 Redemptoris
1606 704 1763 760 laude
1853 704 1969 776 jam
1996 718 2167 775 prope
2189 711 2272 759 est
2301 712 2510 775 tempus
2536 719 2645 776 quo
2671 707 2908 762 carnalis
2939 708 3252 779 hinciabeat
3278 712 3437 770 luxus

212 800 491 875 splendeat,
523 812 645 853 cum
674 811 803 851 vera
828 804 885 852 et
911 795 1091 850 divina
1116 803 1201 851 est
1228 795 1347 850 laus
1370 795 1457 849 illa
1480 836 1494 861 ,
1520 811 1628 865 qua
1656 793 1762 849 Pa-
1862 801 1918 849 et
1960 794 2093 849 vitia
2142 795 2419 850 recedant.
2473 795 2671 852 Dicant
2712 796 2946 868 denique
2991 808 3230 856 cuncta:
3275 801 3440 858 simul

211 895 330 950 scba
372 896 646 952 nostrum,
692 886 832 941 idem
872 886 1053 957 passio
1099 894 1155 940 et
1193 885 1520 941 resurrectio
1549 885 1763 941 redem-
1865 884 1982 939 haec
2019 884 2273 939 animalia
2316 885 2525 941 alarum
2554 902 2774 944 suarum
2803 888 2981 946 ofﬁcio
3010 892 3279 963 praecipue
3307 894 3437 960 inti-

210 983 367 1057 ptoris
410 979 616 1043 nostri,
666 992 795 1033 vere
842 985 1027 1033 nostra
1068 976 1396 1047 praedicatur
1442 990 1563 1032 esse
1609 979 1761 1031 vita:
1864 982 2016 1029 mant
2042 974 2341 1030 Salvatoris
2367 975 2588 1032 brachia
2617 978 2672 1032 in
2702 993 2866 1035 cruce
2894 994 3013 1036 esse
3049 990 3303 1052 protensa
3326 1023 3340 1048 ,
3384 985 3441 1039 in

214 1088 360 1130 verus
399 1069 583 1139 utique
630 1067 766 1122 lucis
806 1065 1014 1121 fructus
1053 1074 1139 1121 est
1174 1064 1419 1131 Christi,
1452 1080 1613 1144 quem
1643 1080 1767 1120 cum
1865 1067 2057 1138 hisque
2084 1066 2225 1122 trahi
2252 1074 2416 1136 atque
2449 1067 2722 1124 sublevari
2748 1085 2893 1126 nunc
2921 1071 3293 1128 misericordia
3318 1087 3441 1129 om-

214 1164 358 1218 Patre
399 1167 453 1214 et
497 1157 701 1228 Spiritu
749 1163 941 1211 sancto
988 1155 1275 1210 Dominum
1324 1155 1497 1209 Deum
1540 1154 1765 1210 sabaoth
1864 1174 1960 1214 nes
1986 1173 2124 1228 quos
2146 1158 2261 1229 ipse
2286 1160 2631 1229 postmodum
2659 1160 2712 1214 in
2738 1162 3031 1218 universali
3054 1164 3294 1234 judicio,
3324 1180 3441 1221 me-

211 1250 382 1309 sociali
417 1249 574 1304 laude
607 1247 928 1313 celebratis,
957 1247 1047 1317 qui
1077 1254 1205 1303 tunc
1237 1247 1293 1301 in
1330 1248 1464 1302 hora
1500 1245 1768 1316 passionis
1865 1248 1987 1303 ritis
2013 1247 2277 1318 condigna
2311 1249 2644 1319 rependens,
2674 1250 2730 1303 in
2758 1250 2885 1306 sede
2912 1252 3201 1308 collocabit
3239 1254 3397 1310 beata
3424 1270 3441 1309 :

213 1345 331 1399 vicit
383 1342 657 1397 tristitiam
710 1340 935 1405 mortis,
990 1348 1049 1394 et
1097 1355 1244 1394 nunc
1287 1352 1523 1409 regnans
1568 1338 1769 1407 ubique
1866 1346 1995 1394 tunc
2034 1339 2211 1410 palam
2248 1340 2369 1395 illos
2411 1353 2510 1410 per
2549 1341 2940 1397 discussionem
2971 1345 3278 1413 probando,
3309 1361 3447 1417 quos

208 1436 428 1493 exsultat
453 1434 508 1488 in
535 1432 733 1504 gaudio
762 1430 1197 1487 resurrectionis.
1229 1430 1274 1485 Ο
1298 1430 1453 1485 beata
1480 1429 1765 1499 seraphin,
1861 1429 1975 1501 jam
2006 1438 2130 1485 ante
2159 1429 2262 1485 sibi
2292 1437 2452 1484 notos
2481 1438 2536 1484 et
2561 1430 2719 1486 bonis
2746 1432 3004 1501 operibus
3032 1440 3221 1488 auctos
3246 1434 3444 1503 proba-

209 1527 321 1596 quis
357 1524 425 1578 sit
468 1521 635 1577 vestri
674 1521 877 1575 amoris
920 1520 1101 1585 ardor,
1147 1519 1350 1575 dicite:
1381 1520 1509 1575 etsi
1538 1518 1672 1575 ﬁant
1710 1518 1769 1573 in
1868 1519 1948 1574 vit
1992 1519 2243 1574 amando.
2295 1519 2577 1575 Justorum
2620 1534 2752 1592 ergo
2804 1530 2986 1576 vatum
3030 1523 3329 1593 prophetiae
3380 1525 3451 1580 de

213 1614 558 1671 celebratione
596 1613 701 1667 hac
738 1611 955 1667 habitus
991 1611 1158 1665 vestri
1188 1610 1311 1680 jura
1348 1610 1590 1667 coelestia
1617 1625 1770 1666 mon-
1867 1608 2122 1680 passione
2163 1609 2379 1665 Domini
2422 1610 2535 1666 ullo
2580 1611 2742 1666 modo
2784 1625 2891 1666 non
2937 1612 3301 1680 dissentiunt,
3346 1628 3449 1669 nec

210 1716 398 1770 strate,
444 1705 489 1760 si
534 1705 638 1760 hac
678 1704 849 1759 multa
894 1711 950 1759 et
990 1703 1166 1758 valida
1214 1704 1373 1759 laude
1416 1701 1766 1775 signiﬁcetis,
1868 1701 2288 1773 signiﬁcationes
2339 1703 2566 1759 istorum
2615 1703 2970 1759 animantium
3017 1702 3228 1760 fallunt.

210 1803 458 1857 victorem
498 1813 792 1870 supernum
836 1798 1074 1870 pandite.
1116 1797 1254 1853 Hinc
1291 1796 1625 1853 conﬁdenter
1669 1810 1770 1868 ego
2490 1813 2719 1869 CAPUT
2754 1814 2819 1869 ν,

210 1908 301 1963 pro
324 1891 470 1947 vobis
493 1889 846 1959 mihimetipsi
871 1897 928 1944 et
952 1888 1087 1943 meis
1123 1888 1198 1942 ita
1237 1884 1559 1972 respondeo.
1591 1885 1770 1941 Unum

1890 1902 1952 1958 De
1975 1902 2171 1974 quinta:
2195 1902 2380 1973 figura:
2410 1901 2613 1971 forma,
2643 1902 2733 1956 ubi
2755 1912 2987 1976 quatuor
3015 1907 3273 1976 letragoni
3305 1906 3449 1961 circa

210 1996 436 2052 namque
459 1989 544 2037 est
567 1980 709 2052 quod
735 1979 892 2036 nobis
924 1980 1332 2044 demonstrant,
1359 1979 1463 2033 hoc
1487 1986 1572 2033 est
1588 2018 1603 2044 ,
1631 1977 1775 2047 quod

215 2073 267 2128 in
292 2073 494 2127 alarum
514 2085 732 2127 suarum
768 2070 1039 2142 positione
1075 2068 1383 2125 aﬁirmant:
1421 2069 1533 2139 jam
1574 2068 1775 2123 dudum

209 2166 363 2221 nobis
406 2161 816 2234 praenuntiatam
860 2174 981 2215 esse
1022 2159 1076 2213 in
1124 2157 1311 2229 ﬁguris
1354 2166 1557 2213 sanctae
1600 2156 1779 2212 crucis

210 2270 356 2308 aram
382 2262 757 2322 sacratumque
782 2250 948 2306 decus
979 2248 1172 2304 hostiae
1208 2247 1349 2318 quod
1392 2248 1445 2302 in
1484 2263 1549 2303 ea
1587 2248 1781 2302 immo-

211 2344 371 2398 latum
396 2352 499 2398 est.
529 2342 712 2396 Edunt
733 2354 947 2411 quoque
968 2338 1172 2394 Christi
1196 2346 1321 2393 vota
1344 2338 1539 2403 laudis,
1563 2353 1683 2408 quae
1708 2336 1780 2393 sit

213 2432 376 2487 virtus
416 2430 804 2501 redemptionis
849 2436 1087 2492 nostra),
1136 2441 1203 2482 ac
1246 2427 1387 2482 bona
1433 2425 1778 2495 praemiorum

208 2537 322 2591 quae
358 2522 596 2577 tribuere
630 2520 789 2575 nobis
822 2534 918 2574 rex
952 2517 1209 2574 Christus
1246 2517 1526 2582 decrevit,
1561 2531 1685 2571 cum
1724 2515 1779 2571 in

211 2611 306 2667 hac
344 2626 435 2665 ara
477 2609 776 2666 secundum
817 2623 973 2664 suum
1015 2607 1353 2679 propositum
1382 2622 1610 2676 passus,
1651 2622 1782 2661 con-

212 2703 428 2773 sumpsit
452 2702 673 2757 ﬁamma
698 2701 968 2773 passionis
995 2715 1104 2756 suae
1130 2701 1444 2771 iniquitates
1467 2708 1522 2755 et
1559 2708 1782 2770 peccata

212 2790 464 2846 scelerum
503 2800 817 2847 nostrorum
845 2806 860 2855 ;
895 2798 1228 2859 cunctasque
1259 2791 1604 2846 adversarius
1627 2798 1784 2861 pote-

216 2892 375 2941 states
411 2886 465 2940 in
492 2892 772 2941 momento
797 2899 908 2939 suae
933 2884 1125 2938 mortis
1148 2898 1411 2954 superans
1435 2882 1598 2948 vicit,
1625 2890 1787 2953 atque

211 2976 498 3045 principem
550 2975 712 3047 hujus
764 2973 950 3029 mundi
1001 2971 1148 3028 foras
1198 2972 1455 3042 cjiciens,
1508 2972 1784 3028 destructa

214 3063 326 3133 eius
372 3064 616 3120 claustra
668 3062 904 3133 dirupit,
951 3070 1008 3117 et
1062 3070 1390 3117 vetustatem
1439 3068 1786 3132 peccatorum

218 3165 517 3212 nostrorum
545 3156 780 3221 delevit,
806 3156 1036 3212 reddens
1059 3156 1215 3211 nobis
1239 3155 1500 3228 benignus
1526 3157 1786 3212 Dominus

212 3258 267 3303 et
289 3266 380 3305 rex
405 3251 669 3305 virtutum
694 3249 809 3319 ipsa
834 3263 994 3320 regna
1017 3248 1254 3318 paradisi
1280 3249 1334 3302 in
1361 3248 1556 3319 quibus
1578 3249 1786 3319 primus

214 3342 370 3396 homo
402 3343 658 3398 conditus
689 3342 1005 3413 positusque
1045 3340 1245 3395 fuerat.
1282 3339 1503 3410 Hocque
1540 3341 1784 3395 omnium

214 3430 443 3486 ﬁdelium
483 3447 584 3487 ora
623 3432 881 3502 probant,
918 3438 973 3486 et
1008 3430 1241 3485 virtutes
1283 3437 1340 3484 et
1376 3429 1639 3484 miracula
1666 3445 1786 3499 quae

215 3522 353 3581 Deus
388 3527 442 3581 in
471 3527 579 3582 hoc
601 3527 802 3582 mundo
828 3542 927 3596 per
953 3535 1172 3581 sanctos
1199 3541 1327 3581 suos
1356 3525 1486 3580 facit
1512 3534 1787 3582 testantur

212 3617 349 3684 quod
376 3617 523 3673 Deus
549 3617 788 3672 humano
813 3616 1027 3687 generi,
1059 3616 1112 3670 in
1144 3631 1421 3671 carcerem
1447 3624 1502 3671 et
1526 3617 1783 3673 tenebras

212 3706 363 3763 istius
406 3709 597 3763 mundi
635 3709 782 3780 juste
824 3708 1112 3773 damnato,
1156 3708 1353 3762 auxilia
1400 3709 1782 3764 mandatorum

214 3793 421 3850 dederit
464 3810 633 3850 causa
682 3805 994 3866 perpetuam
1043 3805 1271 3852 mortem
1318 3797 1598 3853 evadendi.
1646 3797 1788 3853 Con-

212 3884 350 3940 ditor
395 3886 590 3956 utique
633 3895 686 3941 et
732 3902 828 3941 rex
870 3895 1078 3953 noster,
1121 3888 1211 3957 qui
1257 3903 1356 3958 pro
1398 3888 1553 3942 nobis
1583 3888 1635 3942 in
1679 3887 1787 3943 alta

212 3979 388 4032 crucis
431 3978 683 4033 conﬁxus
713 3986 794 4033 cst
824 3979 1032 4049 stipite,
1065 3995 1225 4050 quam
1256 3980 1431 4051 magis
1454 3979 1612 4035 decet
1639 3981 1788 4036 thro-

213 4082 335 4123 num
378 4070 717 4140 imperialcm
756 4072 940 4127 vocari
983 4087 1145 4142 quam
1188 4071 1383 4126 servile
1428 4079 1786 4137 tormentum,

214 4159 335 4227 quia
380 4161 679 4231 imperator
705 4170 890 4218 noster
914 4177 1007 4216 rex
1035 4160 1281 4216 Christus
1324 4175 1548 4232 regnum
1588 4160 1690 4215 sibi
1733 4160 1787 4215 in

216 4265 276 4304 ea
315 4260 370 4306 ct
406 4261 734 4324 potestatem
781 4253 836 4308 in
878 4252 1015 4309 cmlo
1054 4260 1109 4308 et
1151 4252 1204 4305 in
1250 4260 1394 4306 terra
1424 4250 1787 4321 conquisivit,

216 4344 394 4400 hostes
430 4346 713 4416 superavit
741 4354 795 4401 et
827 4347 1081 4400 mundum
1103 4345 1215 4399 Deo
1246 4343 1638 4399 reconciliavit.
1663 4342 1791 4398 Hice

218 4435 466 4490 vexillum
494 4437 792 4493 Christiani
817 4444 897 4492 est
922 4436 1134 4506 populi,
1160 4436 1277 4491 ham
1303 4434 1510 4490 framea
1536 4449 1639 4505 qua
1665 4449 1789 4489 eum

216 4522 365 4580 hoste
388 4529 655 4583 sortimur
674 4528 871 4583 bellum
888 4568 905 4593 ,
930 4528 1045 4583 inec
1070 4527 1279 4598 insigne
1302 4526 1543 4581 victoriae
1566 4534 1785 4581 nostrae.

1816 4574 1868 4634 D

2387 1988 2591 2026 crucem
2622 1973 2928 2027 consistunt.

1948 2062 2025 2117 Te
2050 2063 2232 2128 modo,
2260 2077 2396 2117 crux
2424 2070 2610 2118 sancta
2639 2064 2767 2128 Dei,
2794 2064 3024 2119 obsecro
3049 2072 3110 2119 ut
3135 2072 3225 2121 tua
3250 2065 3454 2121 virtute

1877 2170 2058 2211 meum
2086 2163 2275 2225 pectus
2300 2154 2575 2209 inﬁrmum
2600 2154 2909 2221 benedicas,
2927 2164 2987 2209 ut
3003 2156 3180 2226 dignis
3206 2156 3455 2214 laudibus

1877 2246 2068 2303 aeterni
2091 2246 2253 2317 Regis
2274 2246 2328 2300 in
2354 2253 2406 2301 te
2433 2253 2697 2315 tropaeum
2725 2235 2932 2301 valeam
2960 2246 3284 2315 decantare,
3314 2265 3453 2320 quo-

1880 2339 2042 2394 modo
2085 2338 2330 2394 cmlestia
2375 2336 2539 2392 simul
2581 2351 2645 2391 ac
2685 2344 2901 2393 terrena
2938 2354 3046 2393 uno
3086 2337 3289 2395 foedere
3330 2356 3457 2396 con-

1874 2427 2069 2498 jungas
2089 2468 2104 2494 ,
2131 2435 2351 2498 pactum
2384 2426 2672 2483 conﬁrmes
2698 2435 2755 2483 et
2782 2429 2977 2483 mortis
3014 2429 3227 2485 vincula
3258 2430 3456 2487 dissol-

1878 2534 1996 2577 vas.
2044 2519 2089 2576 Ο
2132 2528 2190 2575 ιιι
2234 2534 2393 2575 sacer
2433 2520 2798 2590 apostolorum
2841 2529 3014 2576 cretus
3059 2529 3114 2577 et
3158 2532 3456 2593 martyrum

1879 2614 2012 2668 or’do
2055 2612 2366 2679 laureatus,
2402 2610 2527 2681 jure
2572 2629 2670 2670 vos
2711 2614 2904 2670 domus
2948 2613 3150 2670 Christi
3199 2616 3459 2685 posuistis

1882 2702 2265 2768 fundamenta,
2314 2718 2453 2773 quos
2492 2703 2607 2774 ipse
2635 2704 2691 2758 in
2718 2717 2844 2763 arce
2869 2713 3048 2774 gestat
3068 2704 3454 2774 pulcherrima.

1883 2792 2031 2848 Voce
2059 2792 2258 2863 quippe
2284 2800 2465 2849 vestra
2493 2801 2549 2849 et
2574 2795 2838 2864 exemplis
2869 2796 2979 2850 Deo
3006 2794 3214 2865 plebem
3244 2810 3460 2851 sacram

1884 2884 2200 2954 acquisistis
2219 2924 2234 2950 ,
2255 2892 2312 2939 et
2341 2891 2587 2940 sanctam
2612 2898 2677 2940 ac
2701 2885 2995 2941 salutarem
3021 2900 3236 2941 crucem
3261 2884 3464 2941 Christi

1878 2971 2005 3043 jure
2049 2973 2103 3028 in
2145 2973 2325 3043 primo
2351 2972 2666 3029 fundamine
2691 2974 3092 3044 pradicationis
3120 2974 3461 3041 collocastis,

1885 3064 2012 3135 quia
2050 3064 2198 3118 illam
2225 3064 2473 3119 cruciﬁxi
2507 3065 2560 3118 in
2602 3079 2667 3119 ea
2702 3064 2918 3120 Domini
2949 3065 3125 3120 virtus
3150 3065 3216 3120 ad
3245 3075 3467 3136 portan-

1889 3157 2015 3211 dum
2044 3164 2212 3211 totam
2243 3155 2457 3210 Domini
2487 3155 2744 3211 Ecclesiae
2770 3156 3078 3212 machinam
3107 3156 3210 3212 rite
3235 3158 3464 3212 robora—

1812 3228 1857 3292 C
1888 3247 1983 3301 vit.
2034 3248 2175 3303 Vere
2219 3261 2433 3317 quoque
2477 3246 2591 3317 ipsa
2636 3246 2932 3301 humanum
2978 3262 3147 3317 genus
3186 3251 3254 3302 ad
3295 3248 3465 3302 vitam

1886 3335 2155 3390 dedicavit
2196 3334 2462 3405 ﬁrmaque
2501 3344 2682 3391 erecta
2723 3344 2810 3390 est
2835 3335 3118 3402 columna,
3150 3336 3467 3392 desiderans

1885 3427 2177 3482 ostendere
2203 3428 2347 3496 quod
2373 3441 2470 3497 per
2496 3427 2669 3496 ipsam
2695 3435 2895 3482 interna
2921 3426 3114 3483 domus
3138 3427 3345 3485 cmlesti
3376 3444 3467 3483 re-

1887 3532 1995 3587 gno
2020 3516 2336 3573 collocanda
2361 3515 2639 3587 exsurgit,
2681 3515 2804 3570 aula
2850 3515 3101 3572 videlicet
3133 3517 3268 3588 justi
3318 3516 3465 3587 regis

1886 3608 2176 3678 sponsique
2202 3606 2474 3663 Ecclesiae.
2508 3607 2659 3662 Hane
2690 3616 2744 3662 tu
2763 3647 2778 3672 ,
2811 3607 3039 3663 Domine
3066 3608 3285 3663 Christe
3307 3648 3321 3674 ,
3352 3615 3469 3663 tro—

1886 3712 2061 3768 patum
2108 3712 2335 3762 novum,
2378 3697 2503 3769 jure
2546 3697 2965 3765 dominationis,
3011 3713 3208 3753 cruore
3258 3698 3471 3752 redcmc

1886 3789 2088 3860 ptionis
2111 3790 2307 3859 viaque
2329 3790 2661 3855 dircctionis,
2684 3790 2857 3845 ociter
2883 3789 2937 3844 in
2970 3790 3174 3846 mundo
3196 3791 3417 3845 erexisti
3443 3808 3459 3845 :

1891 3883 2034 3955 quod
2088 3881 2474 3938 Christicolum
2526 3896 2695 3953 genus
2740 3880 2921 3936 fatdus
2966 3880 3193 3950 justitizc
3244 3889 3467 3947 servet,

1889 3980 2112 4046 spernat
2152 3971 2428 4027 diabolum
2456 3971 2562 4026 rite
2592 3971 2906 4027 damnatum
2925 4012 2941 4037 ,
2972 3980 3026 4027 et
3055 3972 3237 4037 vincat
3270 3973 3473 4043 pietate

1888 4068 2162 4123 hominem
2200 4060 2510 4126 inimicum,
2557 4062 2684 4132 quia
2723 4070 2782 4115 tu
2827 4060 2905 4116 illi
2947 4059 3128 4117 fautor
3164 4062 3369 4128 laudis,
3413 4071 3470 4119 et

1892 4158 2052 4213 timor
2072 4154 2498 4213 conservationis
2518 4153 2796 4225 utriusque
2814 4155 2939 4210 boni
2967 4155 3149 4225 operis
3164 4195 3180 4222 ,
3203 4170 3266 4211 ac
3286 4156 3469 4226 palma

1889 4248 2156 4312 victoriae,
2185 4256 2349 4318 atque
2370 4263 2575 4305 corona
2604 4248 3060 4305 remunerationis
3086 4263 3166 4305 es.
3199 4248 3244 4305 Ο
3273 4249 3471 4321 inclyta

1888 4356 2024 4397 crux
2072 4340 2322 4407 Domini,
2375 4341 2513 4395 aula:
2560 4339 2764 4396 Christi
2808 4342 3105 4411 pretiosum
3151 4338 3473 4396 fundamen-

1895 4433 2045 4486 tum!
2095 4441 2148 4486 tu
2190 4448 2250 4487 es
2289 4431 2568 4503 pulchrior
2608 4431 2843 4487 ﬂorifera
2873 4432 3053 4502 specie
3079 4433 3321 4489 omnium
3351 4448 3475 4505 ger-

1894 4521 2097 4577 minum
2131 4541 2144 4577 :
2190 4531 2248 4576 tu
2293 4522 2558 4577 excelsior
2599 4524 2776 4579 cedris
2815 4523 3035 4591 Libani,
3083 4532 3141 4579 tu
3181 4525 3473 4595 pretiosior

220 4612 347 4671 Cum
378 4620 480 4673 hac
512 4621 699 4674 hostes
726 4628 940 4674 nostros
964 4619 1291 4689 proterimus
1309 4658 1324 4683 ,
1354 4618 1459 4672 hac
1503 4632 1651 4671 arma
1690 4615 1793 4670 ini—
1816 4611 1868 4634 ν
1894 4612 2017 4667 albo
2045 4612 2225 4683 lapide
2252 4611 2444 4679 Pario,
2476 4629 2598 4683 qua:
2624 4614 2921 4682 quadratas
2945 4614 3129 4686 jungis
3157 4624 3339 4684 petras
3383 4618 3469 4672 vi-

220 4709 442 4773 quitatis
468 4708 797 4780 frangimus,
826 4725 925 4780 per
952 4709 1092 4764 hanc
1120 4710 1187 4763 ad
1213 4723 1471 4763 coronam
1499 4706 1795 4762 allevamur

222 4806 275 4851 et
296 4800 517 4856 virtutis
541 4801 767 4871 praemia
792 4800 1055 4870 capimus.
1084 4799 1375 4868 Propterea
1402 4797 1552 4853 exsul
1579 4808 1795 4867 semper

223 4896 276 4941 et
313 4889 526 4944 alienus
555 4907 588 4944 a
621 4889 793 4954 bono,
825 4890 966 4959 ignis
1003 4888 1344 4958 cupiditatis,
1374 4889 1511 4943 scito
1538 4902 1656 4957 qua:
1697 4888 1793 4943 tibi

220 4978 528 5036 interfectio
552 4981 608 5035 in
629 4988 805 5035 morte
824 4980 1023 5035 Christi
1048 4987 1236 5050 parata
1257 4987 1344 5033 snt.
1367 4977 1637 5035 Cherubin
1663 4992 1794 5047 ergo

221 5067 342 5135 illa,
390 5086 516 5141 qua:
569 5070 625 5124 in
674 5069 1006 5125 tabernaculi
1055 5068 1347 5139 templique
1393 5069 1795 5124 constructione

221 5154 371 5222 juxta
416 5174 575 5213 aram
619 5167 744 5230 post
783 5159 952 5214 altare
996 5159 1360 5231 thymiamatis
1398 5160 1648 5225 stabant,
1692 5160 1796 5215 hoc

217 5247 471 5302 vexillum
500 5249 685 5304 crucis
710 5249 1026 5304 extensione
1051 5248 1261 5303 alarum
1284 5264 1504 5304 suarum
1522 5289 1539 5315 ,
1562 5262 1661 5303 nec
1689 5263 1796 5304 non

172 5388 177 5394 .
218 5342 271 5388 et
302 5345 416 5392 tota
444 5339 723 5409 positione
749 5339 886 5394 situs
913 5338 996 5394 sui
1021 5379 1035 5405 ,
1065 5339 1205 5394 hanc
1234 5348 1476 5394 sanctam
1515 5355 1667 5394 aram
1703 5339 1796 5395 de-

220 5428 617 5491 monstrabant,
641 5443 784 5498 quae,
823 5427 1051 5499 mystica
1077 5428 1341 5492 unctione
1382 5428 1567 5494 linita,
1596 5429 1791 5482 trium-

220 5514 381 5582 phum
407 5517 620 5574 Christi
647 5526 703 5574 et
724 5517 1039 5574 certaminis
1062 5516 1178 5586 ejus
1206 5518 1440 5588 palmam
1480 5518 1794 5590 praeﬁgura-

222 5604 366 5661 bant.
397 5608 531 5665 llmc
556 5610 741 5680 itaque
766 5608 1017 5664 animalia
1039 5649 1053 5673 ,
1084 5609 1139 5662 id
1165 5617 1252 5663 est
1274 5609 1564 5673 cherubin,
1593 5608 1794 5662 disten-

226 5695 298 5748 sis
323 5699 439 5753 suis
464 5699 569 5753 alis
594 5700 710 5755 Iteta
740 5700 881 5755 facta
906 5698 1106 5754 Christi
1133 5699 1434 5764 adducunt,
1462 5707 1517 5753 et
1545 5698 1701 5754 beata
1730 5714 1792 5753 ea

222 5795 342 5843 esse
371 5787 517 5843 alma
546 5790 763 5862 altaque
790 5789 1090 5846 manifestis
1128 5789 1342 5845 indiciis
1387 5790 1626 5846 tradunt.
1672 5774 1786 5859 Ipsa

1894 4703 2136 4757 ventium
2169 4703 2407 4773 lapidum
2448 4703 2505 4758 in
2546 4702 2704 4757 ﬁrmo
2735 4704 2859 4759 fidei
2890 4703 3263 4760 fundamento.
3298 4705 3473 4764 Patri-

1895 4795 2184 4849 archarum
2223 4808 2439 4864 quoque
2466 4803 2642 4850 cactus
2668 4802 2725 4850 et
2756 4796 2894 4853 ritus
2919 4797 3327 4867 antiquissimus
3347 4797 3472 4868 jure

1893 4889 2072 4954 prima
2113 4884 2462 4940 fundamenta
2494 4885 2628 4957 jacit
2670 4886 2725 4940 in
2764 4887 2921 4944 initio
2961 4889 3123 4944 totius
3160 4889 3473 4945 aediﬁcatio-

1898 4978 2012 5043 nis,
2059 4977 2150 5047 qui
2190 4977 2424 5048 primum
2466 4994 2601 5034 sano
2643 4979 2895 5051 dogmate
2932 4982 3095 5038 corda
3138 4982 3329 5038 devota
3368 4982 3470 5038 sibi

1896 5067 2265 5122 obedientium
2305 5067 2373 5123 ad
2414 5068 2635 5125 domum
2666 5072 2944 5142 regnantis
2971 5087 3134 5142 super
3161 5072 3344 5127 omnia
3373 5072 3469 5129 Dei

1896 5156 2003 5212 ﬁde
2036 5156 2354 5226 junxerunt.
2398 5157 2594 5215 Postea
2623 5161 2898 5231 pr0phetae
2924 5161 3090 5215 verba
3127 5161 3468 5231 praedicatio-

1896 5247 1983 5303 nis
2020 5247 2275 5318 pluerant
2298 5288 2314 5314 ,
2349 5255 2408 5302 ut
2445 5248 2559 5320 regi
2587 5247 2806 5304 Christo
2833 5250 3011 5304 vivam
3040 5249 3219 5304 aulam
3251 5252 3471 5308 monitis

1894 5337 2288 5407 praeceptisque
2329 5337 2444 5393 suis
2471 5338 2526 5392 in
2559 5338 2662 5393 hoc
2689 5338 3004 5393 certaminis
3030 5338 3150 5394 loco
3190 5351 3471 5398 construe-

1897 5435 2019 5481 rent
2048 5445 2062 5480 :
2095 5428 2222 5497 quia
2249 5428 2425 5483 onmis
2453 5429 2568 5484 haze
2594 5428 2801 5484 fabrica
2830 5428 3085 5485 Ecclesiae
3123 5445 3222 5501 per
3249 5434 3463 5491 confes-

1896 5518 2103 5572 sionem
2149 5519 2385 5575 nominis
2423 5518 2552 5575 Jcsu
2592 5518 2795 5575 Christi
2852 5521 2923 5577 ad
2970 5521 3193 5580 caeleste
3242 5541 3466 5597 regnum

1897 5606 2106 5673 elevat,
2150 5606 2376 5677 ejusque
2417 5622 2549 5664 voce
2576 5609 2841 5665 instructa
2872 5611 2977 5667 rite
3005 5622 3150 5685 Viget
3175 5617 3317 5671 bona
3344 5617 3467 5671 vita:

1898 5698 2250 5754 constructio.
2274 5698 2399 5754 llaec
2426 5698 2799 5768 enimjunctio
2819 5700 2887 5756 ad
2915 5701 3086 5759 latera
3115 5716 3463 5775 sanctaqu-

1899 5790 1979 5844 cis
2029 5799 2261 5861 quatuor
2308 5786 2710 5860 IetragonOrum
2762 5793 2866 5850 hoc
2920 5795 3128 5867 signat,
3181 5805 3235 5851 et
3285 5796 3467 5852 omine
