3970 6470
468 364 567 421 271

1110 365 1170 422 Β.
1212 365 1466 422 [MBAN]
1508 365 1724 422 MAURI
1760 366 2080 422 ARCHIEP.
2125 366 2434 426 MOGUNT.
2477 368 2765 427 OPERUM
2805 370 2984 427 PARS
3024 370 3066 427 ῐ.

3636 379 3756 436 272

464 497 624 539 sacro
645 480 846 536 revelat
883 481 1037 536 nobis
1068 480 1419 545 intellectum,
1450 489 1512 535 ut
1539 480 1781 536 sciamus
1806 495 1916 551 quo
1945 495 2046 536 nos
2076 484 2126 545 Α
2153 482 2615 551 perseverantiam
2636 498 2809 555 usque
2833 482 2902 539 ad
2921 500 3215 556 congruam
3233 494 3602 546 maturitatem
3625 508 3757 564 per-

454 574 551 631 via
582 586 729 631 reeta
757 581 821 628 et
846 573 1037 628 ductor
1065 572 1303 643 optimus
1331 572 1520 643 jubeat
1558 572 1671 638 ire,
1701 572 1805 627 hoc
1832 579 1950 637 est,
1981 571 2051 626 ad
2153 572 2389 626 veniant.
2429 571 2560 628 Post
2597 573 2715 628 hac
2759 573 2978 644 quidem
3015 575 3129 645 jam
3177 576 3350 631 ultimi
3391 577 3588 647 jmlicii
3638 583 3755 639 falx

461 665 847 737 possidendum
894 679 1129 735 regnum
1185 672 1505 735 perpetuum
1538 681 1552 718 :
1610 678 1801 720 omnes
1859 663 2050 734 utique
2150 664 2414 720 mittenda
2451 671 2568 732 est,
2608 673 2670 720 ut
2707 667 2902 722 messis
2932 666 3153 733 albens,
3183 683 3346 738 quam
3376 685 3607 740 granum
3636 671 3758 727 fru-

458 757 827 830 quosChristi
856 757 1097 813 visitatio
1122 773 1221 813 sua
1249 757 1532 812 mansione
1558 756 1837 815 illustrans
1860 796 1876 823 ,
1905 764 2045 812 tem-

446 849 611 918 plum
641 849 826 904 dicare
856 849 1129 920 dignatur,
1160 856 1216 903 et
1244 863 1370 902 cum
1400 848 1486 903 his
1515 847 1719 902 sanctis
1745 846 2047 918 parietibus

446 939 514 994 in
557 940 1187 1011 semetipsunrlapidom
1212 940 1544 1011 angularem
1586 941 1934 1008 coadtutans,
1975 941 2045 997 ad

455 1029 847 1099 perfectionem
874 1031 1116 1087 caelestis
1140 1031 1354 1088 atdilicii
1380 1030 1665 1101 perducet.

1068 1139 1298 1197 CAPUT
1348 1139 1439 1194 Vl.

453 1228 532 1284 De
555 1232 722 1301 specie
746 1240 908 1287 sexta?
929 1232 1138 1313 figuris,
1162 1231 1249 1285 ubi
1273 1230 1336 1283 de
1357 1239 1583 1299 quatuor
1608 1229 1882 1284 virtutibus
1906 1246 2043 1301 pm:-

916 1311 1082 1372 ciputs
1118 1311 1574 1355 commemoratur.

523 1390 879 1462 Omnipotens
915 1393 1086 1447 virtus
1107 1432 1122 1457 ,
1149 1400 1204 1446 et
1242 1391 1584 1461 omnipotens
1618 1390 1795 1447 Patris
1832 1407 2040 1447 summa

453 1482 745 1552 sapientia,
774 1483 989 1539 Christe
1016 1483 1116 1538 Fili
1146 1483 1276 1547 Dei,
1303 1491 1358 1537 tu
1389 1497 1447 1537 es
1476 1498 1636 1538 verus
1666 1483 1923 1539 Dominus
1947 1483 2041 1552 qui

453 1584 625 1631 totum
669 1577 931 1641 modum
966 1577 1204 1632 adornas
1237 1576 1432 1632 decore
1475 1585 1676 1630 sanctae
1708 1576 1908 1642 erucis,
1932 1576 2042 1630 dis-

446 1684 754 1738 pensasque
794 1670 881 1739 pie
927 1670 1033 1725 tuis
1066 1669 1275 1726 sanctis
1303 1668 1407 1738 -pia
1454 1669 1596 1724 dona
1643 1668 1854 1724 salutis.
1902 1668 2038 1721 Nam

446 1759 709 1829 quadriga
740 1759 1028 1822 virtutum,
1063 1769 1295 1829 quatuor
1331 1758 1589 1814 cornibus
1624 1766 1825 1814 sancta:
1854 1753 2037 1813 crucis

2150 753 2316 808 menti
2342 768 2441 822 per
2465 762 2710 810 aratrum
2747 755 2927 811 crucis
2967 756 3020 811 in
3054 765 3197 813 terra
3238 757 3514 814 conditum
3544 762 3756 834 glorio-

2147 856 2265 896 sam
2288 851 2341 898 et
2374 842 2787 914 multiplicatam
2813 846 3063 915 protulit,
3090 856 3386 919 apparente
3415 849 3536 920 ipso
3554 851 3753 919 judice

2146 931 2392 987 vivorum
2431 943 2487 988 et
2528 945 2897 1000 mortuorum,
2939 951 3035 1007 per
3079 938 3395 1009 angelorum
3435 942 3751 998 ministeria

2145 1025 2451 1098 colligatur,
2487 1036 2539 1083 et
2561 1044 2659 1099 per
2687 1030 3010 1085 sententiam
3039 1031 3278 1102 ejusdem
3301 1032 3431 1104 justi
3451 1034 3668 1105 judicis
3693 1037 3750 1091 in

2145 1120 2340 1177 horrea
2370 1122 2611 1178 coelestia
2642 1121 2873 1179 feliciter
2900 1125 3216 1181 collocetur.
3282 1189 3291 1199 I
3638 1111 3649 1120 ’

2749 1233 2977 1290 CAPUT
3019 1236 3128 1290 VR.

2143 1318 2222 1374 De
2245 1321 2477 1390 septimo:
2504 1321 2838 1391 ﬁgurationis
2855 1323 3125 1406 plasmate
3142 1364 3161 1389 ,
3186 1326 3274 1380 ubi
3292 1326 3366 1381 de
3384 1335 3623 1398 quatuor
3643 1328 3748 1383 elc-

2726 1404 2914 1448 menm
2942 1405 3136 1464 agitur.

2212 1480 2382 1553 Igitur
2407 1482 2588 1538 omnia
2619 1499 2741 1553 qua:
2773 1483 2826 1538 in
2862 1483 3018 1539 culis
3056 1493 3112 1539 et
3147 1501 3269 1556 qua:
3306 1486 3362 1541 in
3391 1488 3557 1543 terris
3587 1501 3743 1552 sunt.

2142 1575 2209 1630 de
2249 1574 2452 1630 lumine
2473 1575 2674 1646 'gloria:
2709 1574 3218 1641 Christijllustrata
3250 1576 3362 1647 jam
3403 1578 3741 1649 splendent:

2142 1664 2296 1735 cujus
2342 1664 2610 1735 majestati
2661 1667 2901 1736 subjecta
2948 1669 3191 1724 serviunt
3225 1679 3283 1725 et
3329 1686 3504 1726 sacrae
3553 1672 3743 1727 crucis

2142 1760 2344 1815 factum
2374 1761 2732 1817 beatiﬁcando
2760 1761 3181 1827 concelebrant,
3213 1771 3273 1817 ut
3310 1763 3390 1818 sic
3417 1763 3620 1819 victori
3651 1780 3741 1819 su-

442 1848 702 1905 deccntcr
730 1857 944 1920 aptata,
976 1851 1214 1905 ostendit
1241 1865 1452 1905 sacram
1497 1850 1695 1905 seriem
1732 1849 2037 1919 specierum
2065 1838 2310 1923 Bperno
2348 1851 2528 1907 debita
2564 1860 2689 1906 vota
2729 1851 3041 1921 persolvant
3072 1869 3086 1907 :
3125 1852 3229 1907 hoc
3271 1853 3545 1908 veraciter
3572 1855 3741 1924 proﬁ-

442 1958 511 1996 ex
542 1943 667 2012 ipsa
709 1944 1125 2014 procedentem,
1172 1943 1224 1998 in
1277 1944 1550 2014 triumpho
1604 1942 1842 1998 victoria:
1896 1942 2037 2012 regis

441 2032 644 2090 Christi
684 2043 1054 2090 consecratam
1095 2051 1112 2092 :
1153 2044 1205 2089 et
1252 2051 1348 2106 per
1382 2036 1499 2105 ejus
1535 2037 1840 2105 passionem
1874 2033 2036 2105 proﬁ-

440 2139 605 2181 cuanr
630 2135 896 2181 esse-toto
935 2127 1085 2191 orbi,
1121 2126 1189 2181 ad
1229 2126 1625 2197 impetrandum
1655 2125 1888 2181 fructum
1917 2126 2034 2195 pie-

442 2215 604 2281 tatis,
649 2224 705 2271 et
741 2216 1147 2286 adipiscendam
1186 2226 1446 2273 :eternam
1478 2217 1884 2272 beatitudinem.
1922 2217 2037 2273 Vir-

443 2307 835 2361 tus‘est‘unimi
864 2307 1103 2373 habitus,
1127 2315 1336 2363 natura:
1366 2309 1552 2372 decus,
1578 2308 1702 2363 vitae
1729 2309 1888 2375 ratio,
1919 2324 2034 2364 mo-

438 2412 560 2451 rum
596 2397 871 2453 nobilitas
922 2407 978 2453 et
1008 2398 1227 2470 alingure
1272 2399 1593 2455 moderatio.
1654 2398 1779 2454 llaec
1836 2399 2035 2469 quippe

437 2499 633 2543 cuneta
658 2530 673 2552 ,
699 2497 981 2545 iovsancta
1021 2505 1193 2555 crux,
1236 2489 1502 2561 religiosis
1539 2490 1850 2545 hominibus
1887 2490 2032 2560 justa

438 2578 598 2634 laude
626 2579 902 2648 probanda
944 2589 999 2636 tu
1033 2582 1201 2637 tradis
1233 2591 1472 2636 :euncta
1498 2581 1659 2637 simul
1698 2582 2032 2652 beneplacita

439 2667 552 2723 Deo
589 2669 948 2738 depromens,
986 2678 1042 2724 ct
1076 2670 1287 2740 singula
1329 2670 1569 2726 salubria
1612 2685 1733 2729 esse
1774 2673 2029 2741 prodens.

438 2755 552 2811 'l‘ua
596 2768 787 2814 sancta
828 2761 1110 2830 prodeuntia
1154 2769 1401 2817 tenerum
1434 2761 1715 2817 nmndum
1760 2764 1829 2819 ab
1878 2764 2032 2820 initio

435 2850 655 2916 docuit,
695 2852 913 2921 quando
953 2869 1050 2924 per
1075 2853 1397 2925 martyrium
1428 2852 1560 2908 Abel
1582 2852 1712 2922 justi
1742 2869 1841 2924 pro
1870 2854 2029 2909 inno-

434 2946 612 3001 centia
643 2947 946 3017 pmoudam
967 2948 1213 3002 animant
1240 2947 1666 3013 demonstravit;
1693 2948 1761 3003 de
1796 2936 2028 3015 tejust'i-

435 3038 508 3092 tia
541 3038 676 3092 bene
713 3038 830 3092 zelo
858 3038 1106 3103 fervens,
1137 3037 1334 3092 diaboli
1374 3052 1628 3107 pompam
1670 3038 2029 3109 spernendam

432 3137 489 3182 et
516 3127 715 3184 Christi
730 3129 935 3199 gratia:
962 3127 1371 3198 ol.sequendum
1401 3126 1729 3183 suasitoPer
1765 3135 2028 3183 teneastus

431 3234 585 3273 antur
629 3219 683 3273 in
722 3218 1064 3275 sanetisDei
1110 3219 1273 3290 erigit
1308 3233 1368 3274 se
1409 3219 1478 3273 ad
1504 3217 1835 3274 sectandum
1875 3218 2027 3273 utilia

429 3309 651 3364 cmtsilia
674 3350 689 3375 ,
732 3310 990 3375 hocrest,
1029 3310 1332 3366 doctrinam
1368 3310 1748 3365 mandatorum
1787 3308 1929 3364 Deis:
1964 3320 2025 3366 ut

430 3398 674 3454 fraudem
703 3400 924 3472 maligni
960 3401 1430 3472 deipenetralibus
1467 3401 1687 3457 humani
1720 3403 2027 3460 cordisau-

431 3489 593 3555 ferat,
625 3499 682 3545 et
710 3491 1392 3549 ﬁdeles'Dei-attcndentes
1414 3494 1481 3548 ad
1505 3494 2021 3565 ctelestiaprzemia,

430 3594 688 3648 superare
708 3581 889 3636 carnis
909 3582 1380 3653 concupiscentias
1393 3584 1612 3649 doceat;
1628 3584 1851 3655 ipseque
1869 3601 2025 3640 amor

430 3686 530 3740 per
556 3672 868 3727 universam
902 3674 1088 3730 mundi
1130 3674 1468 3729 latitudinem
1510 3684 1727 3730 sanctos
1762 3677 2025 3747 praedica-

430 3770 580 3816 tores
604 3761 773 3827 ducit,
805 3771 1096 3833 arguentes
1118 3763 1269 3829 vitia,
1294 3773 1349 3819 et
1380 3765 1611 3820 virtutes
1622 3766 2025 3821 resumendae.-

428 3863 511 3908 tes
538 3853 903 3924 docentesque
928 3869 1028 3925 per
1057 3854 1408 3925 Evangelium
1440 3855 1790 3927 Redemptori
1821 3858 2023 3927 gratias

426 3947 717 4016 agendum,
745 3949 835 4018 qui
861 3949 1160 4004 secundum
1188 3957 1432 4004 veterum
1462 3950 1803 4019 prophetiam
1835 3950 2021 4006 novis-

427 4040 584 4094 simis
608 4041 943 4110 temporibus
968 4041 1281 4096 incarnatus
1305 4050 1410 4108 est,
1436 4050 1491 4097 et
1520 4042 1788 4097 mandata.
1806 4044 2024 4098 tradens

427 4130 745 4199 evangelica
783 4130 953 4200 signis
982 4140 1039 4186 et
1066 4131 1345 4197 miraculis
1372 4147 1536 4189 verus
1573 4134 1716 4188 Dens
1742 4134 1974 4189 innotuit
2003 4151 2018 4187 .-

429 4222 735 4277 concedens
754 4224 1006 4279 munibus
1032 4224 1276 4279 ﬁdelibus
1297 4224 1397 4279 sibi
1421 4233 1479 4278 ut
1499 4241 1597 4295 per
1621 4225 1782 4280 ﬁdem
1807 4225 2021 4295 plenam

427 4324 485 4370 et
512 4315 838 4385 baptismum
869 4315 1046 4370 lucem
1068 4325 1336 4371 aeternam
1363 4316 1777 4385 conquirerent,
1811 4315 2022 4385 illisque

427 4408 521 4478 qui
556 4407 777 4463 intentis
805 4408 1028 4463 auribus
1056 4406 1335 4463 coalestem
1381 4407 1684 4462 doctrinam
1713 4406 2019 4476 capiebant,

427 4498 577 4553 dedit
618 4500 671 4552 in
712 4499 928 4553 modum
976 4499 1131 4553 bona:
1178 4506 1337 4553 terra:
1367 4497 1589 4552 uberem
1612 4512 1697 4551 κει
1722 4497 1891 4552 ‘verbi
1926 4514 2019 4552 se-

427 4591 573 4645 mine
602 4591 862 4645 virtutum
896 4591 1132 4645 fructum
1159 4588 1425 4659 proferre,
1454 4597 1510 4645 et
1533 4589 1583 4644 si
1614 4604 1720 4658 qua
1750 4588 2019 4643 incentiva
2049 4564 2099 4623 D

426 4692 634 4738 natum
678 4684 731 4738 in
774 4683 855 4738 eis
902 4684 1214 4749 orirentur,
1265 4682 1477 4738 abscisa
1526 4681 1799 4755 Evangelii
1848 4681 2057 4737 cultro:

425 4774 644 4828 flamma
684 4772 920 4844 Spiritus
957 4773 1134 4829 sancti
1181 4783 1595 4838 concremaret,
1648 4784 1707 4828 ut
1746 4774 1868 4829 sine
1914 4772 2020 4829 ullo

425 4862 816 4933 impedimento
851 4863 1093 4918 divinum
1121 4879 1339 4934 germen
1377 4872 1434 4918 et
1467 4864 1777 4932 spirituales
1801 4862 2023 4919 delicias

425 4957 540 5028 regi
581 4955 798 5012 Christo
837 4955 1176 5013 exhiberem.
1215 4956 1324 5014 Hos
1363 4971 1498 5027 ergo
1542 4956 1749 5010 fruetus
1783 4956 2019 5025 primum

425 5045 559 5102 ﬁdes
582 5055 640 5103 et
663 5046 854 5119 religio
873 5047 1181 5103 Christiana
1203 5063 1303 5118 per
1328 5045 1713 5117 prazdicatores
1740 5045 2017 5115 Evangelii

423 5135 690 5208 plantavit
710 5178 726 5205 ,
763 5139 956 5195 deinde
974 5139 1158 5210 gratia
1187 5138 1446 5193 virtutum
1484 5150 1648 5206 puros
1685 5144 1742 5189 et
1775 5136 1843 5190 ab
1868 5136 2016 5192 omni

425 5229 587 5285 sorde
616 5230 822 5287 alienos
861 5231 1098 5287 ostendit
1136 5248 1156 5285 τ
1191 5230 1387 5285 dehinc
1417 5228 1675 5299 patientia
1704 5236 2014 5282 sanctorum

426 5321 482 5377 in
526 5321 966 5379 tribulationibus
994 5319 1287 5392 probavit;
1328 5328 1547 5389 pactum
1579 5333 1796 5389 quoque
1836 5327 1891 5372 et
1927 5332 2017 5373 so-

425 5412 597 5468 cietas
632 5428 773 5469 vera:
812 5410 1119 5469 concordia:
1163 5408 1501 5465 eoadunatos
1535 5417 1591 5463 et
1624 5409 2018 5478 inscparabiles

426 5504 887 5570 demonstrando,
923 5502 1183 5558 stabilivit
1226 5519 1239 5555 :
1283 5501 1406 5556 exin
1448 5502 1608 5556 modo
1649 5502 1848 5558 virtute
1887 5518 2016 5557 con-

428 5596 644 5651 statuite
672 5595 887 5649 fortiter
922 5594 1270 5656 roborantur,
1295 5600 1353 5646 et
1385 5606 1486 5662 per
1520 5606 1702 5647 veram
1734 5593 2014 5650 humilita-

427 5693 539 5738 tem
589 5682 740 5739 illaesi
786 5679 1165 5738 custodiuntur
1188 5719 1205 5745 ,
1259 5688 1320 5736 ut
1366 5694 1468 5751 per
1518 5681 1898 5737 discretionem
1956 5683 2012 5738 iu

420 5780 776 5840 augmentum
813 5770 1077 5843 proﬁcere
1119 5769 1373 5841 valeant,
1414 5780 1468 5831 et
1509 5788 1607 5845 per
1650 5773 2012 5846 longanimcm

2141 1953 2346 2009 tentes,
2385 1944 2567 1998 omnia
2598 1959 2763 2015 regna
2807 1958 3025 2000 scrvare
3055 1944 3273 1998 modum
3303 1961 3460 2000 suum
3488 1945 3595 2000 sub
3620 1946 3737 2002 dis—

2137 2036 2454 2107 pensatione
2483 2037 2782 2092 divinitatis
2814 2033 2976 2103 Jesu,
3008 2052 3115 2090 non
3155 2036 3328 2091 solum
3353 2052 3474 2107 quae
3506 2038 3563 2091 in
3602 2040 3740 2093 orbe

2138 2136 2447 2194 lllt)\'€llllll‘,
2477 2126 2606 2197 quin
2635 2127 2801 2182 etiam
2838 2127 3019 2181 omnia
3045 2142 3166 2197 qua:
3190 2133 3338 2192 sunt,
3366 2127 3582 2194 vivunt,
3614 2143 3739 2182 selt-

2140 2219 2278 2274 tiunt
2318 2228 2482 2289 atque
2520 2220 2834 2274 discernunt
2867 2217 3062 2287 etjura
3094 2233 3317 2273 servare
3355 2227 3564 2273 norunt
3587 2260 3604 2285 ,
3634 2220 3735 2274 sub

2136 2310 2239 2366 hoc
2284 2310 2512 2380 imperio
2550 2310 2856 2365 consistunt
2892 2309 2961 2364 ab
2992 2310 3165 2364 initio.
3203 2309 3381 2365 imber
3411 2324 3638 2381 quoque
3673 2328 3737 2366 ac

2135 2403 2342 2475 grando
2369 2403 2437 2459 de
2472 2404 2740 2468 nubibus,
2778 2403 2869 2457 nix
2891 2442 2907 2468 ,
2939 2403 3131 2472 pruina
3166 2417 3232 2458 ac
3272 2402 3507 2472 glacies,
3554 2418 3652 2457 ros
3682 2412 3740 2456 et

2134 2507 2385 2548 serenum
2423 2492 2581 2547 simul
2624 2508 2745 2547 cum
2785 2491 3027 2548 fontibus
3067 2501 3123 2547 et
3164 2492 3295 2548 rivis
3333 2492 3388 2546 in
3418 2501 3571 2547 terra
3601 2507 3733 2563 pro-

2133 2581 2425 2637 fluentibus
2453 2574 2768 2637 Creatorem
2800 2590 3063 2638 testantes
3091 2581 3330 2637 laudant.
3358 2582 3571 2638 Arcton
3603 2583 3737 2638 Cre-

2135 2672 2277 2729 ticus
2301 2681 2357 2729 et
2385 2674 2562 2729 omnis
2586 2674 2862 2729 stellarum
2887 2675 3084 2745 positio
3123 2674 3282 2729 simul
3305 2690 3430 2730 cum
3461 2675 3737 2745 vertigine

2131 2764 2239 2835 poli
2287 2773 2564 2821 auctorem
2611 2766 2909 2837 praedicant
2952 2781 3132 2822 suum.
3179 2766 3392 2822 Nemini
3443 2766 3738 2838 displiceat

2132 2855 2274 2925 quod
2305 2854 2460 2920 dico,
2492 2856 2616 2924 quia
2644 2853 3038 2912 Omniteuentis
3067 2855 3254 2912 laudes
3292 2856 3503 2921 scribo,
3536 2866 3596 2911 et
3617 2874 3734 2912 non

2132 2943 2438 2999 irrisionem
2460 2944 2543 2999 vel
2572 2944 2811 2999 dolorem
2843 2944 3003 2999 alicui
3034 2944 3735 3015 ingero.Benedicite,om—

2131 3035 2219 3091 nia
2247 3051 2412 3106 opera
2438 3035 2674 3102 Domini,
2708 3038 2994 3091 Dominum
3028 3054 3042 3090 :
3076 3044 3291 3092 cantate
3317 3046 3373 3092 et
3402 3038 3627 3107 psallite
3656 3037 3731 3092 ei.

2130 3126 2383 3181 Laudans
2419 3127 2562 3182 dicat
2589 3125 2804 3195 justus,
2835 3128 2977 3197 quod
3007 3127 3256 3183 Christus
3288 3128 3342 3182 in
3377 3143 3548 3184 cruce
3576 3129 3731 3183 exal-

2055 3210 2098 3271 C
2133 3227 2274 3273 tatus
2301 3218 2484 3273 omnia
2522 3218 2705 3272 trahat
2728 3218 2796 3272 ad
2825 3218 3085 3289 seipsum,
3113 3227 3169 3273 et
3192 3218 3395 3274 electos
3419 3234 3552 3274 suos
3577 3220 3729 3275 mili-

2130 3317 2212 3365 tes
2236 3310 2427 3365 invitet
2453 3309 2522 3363 ad
2554 3324 2831 3365 coronam.
2869 3310 2986 3365 Non
3008 3309 3154 3365 enim
3185 3310 3262 3365 fas
3295 3319 3381 3366 est
3417 3319 3479 3366 ut
3510 3311 3571 3366 in
3612 3311 3733 3366 lau-

2127 3403 2305 3458 dando
2331 3402 2680 3459 Conditorem
2718 3404 2993 3459 discordet
3028 3401 3240 3457 factura
3270 3401 3424 3472 ejus,
3463 3402 3562 3456 sed
3594 3417 3730 3472 gan-

2126 3492 2260 3547 dens
2306 3493 2562 3548 concinat
2607 3493 2709 3548 sibi
2748 3493 2957 3548 debitas
2996 3491 3204 3548 laudes.
3253 3491 3516 3546 Universa
3570 3507 3729 3561 aqum
3790 3558 3793 3561 Ἴ

2127 3581 2369 3635 natantia
2390 3589 2454 3635 et
2488 3581 2760 3651 serpentia
2795 3588 2984 3646 terrae,
3011 3589 3222 3635 montes
3247 3589 3302 3634 et
3326 3579 3525 3645 colles,
3558 3596 3727 3635 arena

2126 3672 2314 3738 maris,
2345 3672 2531 3728 lnciet
2567 3671 2748 3727 omnia
2778 3671 2922 3743 ligna
2952 3670 3230 3733 silvarum,
3260 3669 3408 3735 ferte,
3434 3685 3644 3741 pecora
3673 3679 3731 3725 et

2128 3772 2309 3819 truces
2345 3764 2562 3828 bestiae,
2605 3779 2817 3818 vermes
2849 3763 3086 3834 pulverei
3126 3772 3183 3817 et
3222 3763 3423 3817 mimtta
3458 3762 3725 3825 volatilia,

2124 3871 2253 3911 aves
2277 3866 2569 3911 mansueta:
2590 3855 2972 3910 etlaeerantes
2993 3854 3280 3925 unguibus.
3302 3851 3346 3908 Ο
3366 3869 3540 3924 genus
3566 3852 3729 3910 Chri—

2123 3948 2373 4004 sticolum
2400 3950 2411 4003 !
2446 3964 2553 4019 quo
2582 3948 2706 4004 cadi
2728 3956 2800 4001 et
2829 3956 2974 4002 terra
3012 3947 3362 4010 decorantur,
3394 3961 3424 3999 a
3457 3945 3615 4000 vobis
3646 3945 3728 4000 lu-

2126 4054 2249 4093 men
2279 4037 2400 4092 ﬁdei
2420 4046 2487 4092 et
2521 4039 2695 4094 virtus
2714 4038 3134 4109 ,prmdicationis
3158 4038 3443 4108 prodiens,
3488 4037 3724 4107 legatio-

2124 4145 2249 4184 nem
2288 4129 2398 4199 agit
2434 4130 2501 4183 ad
2542 4140 2730 4200 gentes
2750 4168 2767 4196 ,
2791 4144 3002 4200 .preces
3028 4130 3260 4193 excitat,
3290 4128 3358 4183 ad
3386 4129 3725 4199 baptismum

2123 4221 2350 4286 invitat;
2393 4221 2487 4276 sed
2518 4222 2752 4277 ittaxime
2794 4222 3077 4275 doctorum
3108 4236 3289 4279 sermo
3311 4221 3588 4291 praeclara
3628 4237 3725 4277 ex-

2124 4314 2430 4369 hortatione
2470 4313 2649 4369 dolum
2680 4314 2877 4369 diaboli
2908 4314 3182 4378 denudat,
3218 4322 3283 4369 et
3302 4314 3600 4384 acquisiu's
3624 4331 3726 4385 per

2124 4403 2220 4459 Dei
2248 4403 2482 4475 gratiam
2513 4403 2702 4458 electis
2723 4404 2945 4475 exponit
2974 4403 3253 4458 victoriam
3280 4402 3504 4460 Christi.
3530 4403 3724 4460 Omni-

2124 4496 2226 4551 bus
2267 4494 2514 4549 ﬁdelibus
2558 4495 2663 4550 boc
2700 4495 2943 4565 quotidie
2982 4494 3323 4565 pnudieatnr,
3366 4508 3467 4548 nec
3508 4510 3622 4548 non
3667 4502 3722 4548 et

2123 4587 2369 4658 paganis,
2395 4594 2452 4641 et
2479 4586 2629 4641 falsis
2653 4585 3008 4651 Christianis,
3038 4594 3094 4641 et
3115 4586 3385 4642 haereticis
3414 4602 3539 4639 cum
3571 4600 3722 4639 sum-

2125 4695 2214 4736 ma
2241 4680 2506 4736 modestia
2532 4690 2590 4737 et
2617 4680 2878 4749 patientia
2908 4680 3210 4736 intimatur.
3249 4680 3349 4747 Qui
3377 4694 3511 4750 ergo
3540 4681 3721 4736 credi-

2123 4772 2267 4827 derit
2294 4771 2460 4827 verbo
2477 4770 2585 4826 Dei
2603 4811 2616 4835 ,
2648 4770 2974 4836 salvabitur;
3004 4771 3304 4841 quiantetn
3333 4786 3440 4826 non
3468 4773 3721 4827 credide-

2122 4864 2226 4930 rit,
2266 4863 2580 4934 aut.pravis
2608 4862 2863 4933 operibus
2881 4862 3048 4917 tidem
3079 4862 3436 4928 destruxerit,
3468 4865 3528 4918 in
3554 4875 3721 4919 reter-

2122 4973 2253 5013 num
2283 4956 2651 5014 damnabitur.
2683 4955 3001 5025 lgitur~quia
3040 4954 3242 5011 Christi
3272 4956 3444 5027 gratia
3476 4957 3533 5011 in
3561 4957 3719 5014 cretis

2121 5059 2177 5105 et
2202 5050 2258 5104 in
2285 5050 2446 5106 terris
2468 5048 2769 5114 redundat,
2800 5049 2939 5104 bene
2972 5046 3245 5103 condecet
3279 5056 3332 5102 ut
3364 5047 3612 5104 celestia
3644 5051 3718 5104 si-

2123 5138 2233 5193 mul
2263 5146 2319 5196 et
2352 5139 2632 5195 terrestria
2658 5154 2756 5195 ore
2781 5153 3023 5195 consono
3045 5138 3239 5195 laudes
3274 5138 3389 5194 Deo
3420 5140 3715 5195 dwantent

2120 5238 2176 5286 et
2214 5231 2422 5300 gratias
2463 5238 2645 5300 agant.
2686 5228 2925 5298 Populus
2966 5227 3179 5284 Domini
3229 5238 3286 5284 et
3328 5244 3459 5285 oves
3499 5245 3714 5300 pascua:

2118 5317 2264 5388 ejus,
2295 5320 2385 5390 qui
2415 5320 2612 5390 partim
2643 5320 2700 5374 in
2732 5319 2892 5374 coslis
2919 5317 3035 5387 jam
3063 5333 3186 5373 cum
3224 5318 3454 5373 Domino
3492 5335 3712 5391 regnas,

2118 5409 2315 5478 partim
2342 5409 2519 5465 adhuc
2546 5408 2909 5479 peregrinaris
2930 5407 2985 5461 in
3011 5414 3180 5472 terra,
3215 5422 3321 5461 una
3347 5406 3490 5460 ratio
3515 5423 3615 5461 vos
3644 5407 3710 5461 ad

2119 5501 2443 5556 laudandum
2484 5501 2653 5556 Deum
2697 5501 2918 5567 incitat,
2955 5516 3094 5571 quos
3134 5515 3300 5555 unum
3344 5500 3608 5571 gaudium
3657 5502 3710 5555 Ξιι

2117 5592 2270 5648 cretis
2300 5600 2600 5662 exspectat.
2640 5590 2777 5647 Nam
2814 5593 2957 5662 quod
2995 5592 3182 5647 datum
3219 5600 3305 5648 est
3331 5593 3447 5662 jam
3486 5593 3705 5655 tenetis,

2116 5693 2171 5739 et
2195 5685 2337 5756 quod
2362 5685 2687 5756 promissum
2711 5693 2793 5741 est
2820 5686 3088 5741 veraciter
3111 5673 3392 5755 accipietis
3408 5725 3427 5750 ,
3455 5685 3583 5754 quia
3615 5683 3706 5753 qui

2115 5777 2363 5847 promisit
2399 5778 2518 5835 sine
2551 5777 2713 5835 dubio
2753 5778 2806 5834 in
2833 5778 2988 5835 vobis
3014 5794 3111 5835 sua
3135 5777 3404 5849 promissa
3438 5776 3707 5854 implebit.
