  <div class='ocr_page' id='page_1' title='image "/cluster/home/n/w/nwhite01/storage/ocr_20150623/107/hvd.32044015466832/142.png"; bbox 0 0 3970 6456; ppageno 0'>
   <div class='ocr_carea' id='block_1_1' title="bbox 237 408 342 462">
    <p class='ocr_par' dir='ltr' id='par_1_1' title="bbox 237 408 342 462">
     <span class='ocr_line' id='line_1_1' title="bbox 237 408 342 462; baseline 0.01 -1"><span class='ocrx_word' id='word_1_1' title='bbox 237 408 342 462; x_wconf 76' lang='grc'><strong>275</strong></span> 
     </span>
    </p>
   </div>
   <div class='ocr_carea' id='block_1_2' title="bbox 237 606 1467 673">
    <p class='ocr_par' dir='ltr' id='par_1_2' title="bbox 237 606 1467 673">
     <span class='ocr_line' id='line_1_2' title="bbox 237 606 1467 673; baseline -0.007 -6"><span class='ocrx_word' id='word_1_2' title='bbox 237 611 488 673; x_wconf 78' lang='lat' dir='ltr'><strong>Salvator,</strong></span> <span class='ocrx_word' id='word_1_3' title='bbox 516 607 675 663; x_wconf 81' lang='lat' dir='ltr'><strong>Jcsus</strong></span> <span class='ocrx_word' id='word_1_4' title='bbox 703 606 952 662; x_wconf 72' lang='lat' dir='ltr'><strong>Christus</strong></span> <span class='ocrx_word' id='word_1_5' title='bbox 979 607 1235 661; x_wconf 85' lang='lat' dir='ltr'><strong>Dominus</strong></span> <span class='ocrx_word' id='word_1_6' title='bbox 1264 615 1467 661; x_wconf 90' lang='lat' dir='ltr'><strong>noster.</strong></span> 
     </span>
    </p>
   </div>
   <div class='ocr_carea' id='block_1_3' title="bbox 829 736 1224 794">
    <p class='ocr_par' dir='ltr' id='par_1_3' title="bbox 829 736 1224 794">
     <span class='ocr_line' id='line_1_3' title="bbox 829 736 1224 794; baseline -0.008 0"><span class='ocrx_word' id='word_1_7' title='bbox 829 737 1054 794; x_wconf 78' lang='lat' dir='ltr'><strong>CAPUT</strong></span> <span class='ocrx_word' id='word_1_8' title='bbox 1093 736 1224 791; x_wconf 74' lang='lat' dir='ltr'><strong>\‘lll.</strong></span> 
     </span>
    </p>
   </div>
   <div class='ocr_carea' id='block_1_4' title="bbox 237 868 1812 942">
    <p class='ocr_par' dir='ltr' id='par_1_4' title="bbox 237 868 1812 942">
     <span class='ocr_line' id='line_1_4' title="bbox 237 868 1812 942; baseline -0.003 -14"><span class='ocrx_word' id='word_1_9' title='bbox 237 872 311 928; x_wconf 78' lang='lat' dir='ltr'><strong>De</strong></span> <span class='ocrx_word' id='word_1_10' title='bbox 351 881 546 927; x_wconf 76' lang='lat' dir='ltr'><strong>octava:</strong></span> <span class='ocrx_word' id='word_1_11' title='bbox 580 870 766 942; x_wconf 77' lang='lat' dir='ltr'><strong>speciei</strong></span> <span class='ocrx_word' id='word_1_12' title='bbox 794 870 1002 939; x_wconf 78' lang='lat' dir='ltr'><strong>forma,</strong></span> <span class='ocrx_word' id='word_1_13' title='bbox 1041 869 1127 922; x_wconf 82' lang='lat' dir='ltr'><strong>ubi</strong></span> <span class='ocrx_word' id='word_1_14' title='bbox 1161 869 1227 923; x_wconf 78' lang='lat' dir='ltr'><strong>de</strong></span> <span class='ocrx_word' id='word_1_15' title='bbox 1260 868 1572 923; x_wconf 81' lang='lat' dir='ltr'><strong>duodeuarii</strong></span> <span class='ocrx_word' id='word_1_16' title='bbox 1609 870 1812 923; x_wconf 84' lang='lat' dir='ltr'><strong>numeri</strong></span> 
     </span>
    </p>
   </div>
   <div class='ocr_carea' id='block_1_5' title="bbox 693 942 1339 1010">
    <p class='ocr_par' dir='ltr' id='par_1_5' title="bbox 693 942 1339 1010">
     <span class='ocr_line' id='line_1_5' title="bbox 693 942 1339 1010; baseline 0 -18"><span class='ocrx_word' id='word_1_17' title='bbox 693 942 894 994; x_wconf 75' lang='lat' dir='ltr'><strong>ratione</strong></span> <span class='ocrx_word' id='word_1_18' title='bbox 923 942 1211 1010; x_wconf 72' lang='lat' dir='ltr'><strong>expositum</strong></span> <span class='ocrx_word' id='word_1_19' title='bbox 1245 949 1339 994; x_wconf 81' lang='lat' dir='ltr'><strong>est.</strong></span> 
     </span>
    </p>
   </div>
   <div class='ocr_carea' id='block_1_6' title="bbox 301 1071 1811 1142">
    <p class='ocr_par' dir='ltr' id='par_1_6' title="bbox 301 1071 1811 1142">
     <span class='ocr_line' id='line_1_6' title="bbox 301 1071 1811 1142; baseline 0.001 -14"><span class='ocrx_word' id='word_1_20' title='bbox 301 1073 550 1128; x_wconf 84' lang='lat' dir='ltr'><strong>Christus</strong></span> <span class='ocrx_word' id='word_1_21' title='bbox 572 1071 753 1142; x_wconf 87' lang='lat' dir='ltr'><strong>itaque</strong></span> <span class='ocrx_word' id='word_1_22' title='bbox 787 1071 1024 1128; x_wconf 75' lang='lat' dir='ltr'><strong>salvator</strong></span> <span class='ocrx_word' id='word_1_23' title='bbox 1053 1081 1254 1138; x_wconf 86' lang='lat' dir='ltr'><strong>noster,</strong></span> <span class='ocrx_word' id='word_1_24' title='bbox 1286 1073 1560 1137; x_wconf 86' lang='lat' dir='ltr'><strong>Christus,</strong></span> <span class='ocrx_word' id='word_1_25' title='bbox 1591 1092 1683 1131; x_wconf 77' lang='lat' dir='ltr'><strong>rex</strong></span> <span class='ocrx_word' id='word_1_26' title='bbox 1713 1077 1811 1130; x_wconf 87' lang='lat' dir='ltr'><strong>mi—</strong></span> 
     </span>
    </p>
   </div>
   <div class='ocr_carea' id='block_1_7' title="bbox 235 1163 1806 1235">
    <p class='ocr_par' dir='ltr' id='par_1_7' title="bbox 235 1163 1806 1235">
     <span class='ocr_line' id='line_1_7' title="bbox 235 1163 1806 1235; baseline 0 -17"><span class='ocrx_word' id='word_1_27' title='bbox 235 1165 490 1228; x_wconf 83' lang='lat' dir='ltr'><strong>tissimus,</strong></span> <span class='ocrx_word' id='word_1_28' title='bbox 523 1163 577 1216; x_wconf 92' lang='lat' dir='ltr'><strong>in</strong></span> <span class='ocrx_word' id='word_1_29' title='bbox 608 1163 759 1218; x_wconf 77' lang='lat' dir='ltr'><strong>ccelis</strong></span> <span class='ocrx_word' id='word_1_30' title='bbox 795 1171 985 1232; x_wconf 78' lang='lat' dir='ltr'><strong>regnat</strong></span> <span class='ocrx_word' id='word_1_31' title='bbox 1014 1181 1026 1215; x_wconf 91' lang='lat'><strong>:</strong></span> <span class='ocrx_word' id='word_1_32' title='bbox 1055 1163 1340 1218; x_wconf 87' lang='lat' dir='ltr'><strong>consilium</strong></span> <span class='ocrx_word' id='word_1_33' title='bbox 1372 1167 1665 1235; x_wconf 87' lang='lat' dir='ltr'><strong>optimum,</strong></span> <span class='ocrx_word' id='word_1_34' title='bbox 1696 1167 1806 1220; x_wconf 87' lang='lat' dir='ltr'><strong>vir-</strong></span> 
     </span>
    </p>
   </div>
   <div class='ocr_carea' id='block_1_8' title="bbox 233 1252 1810 1320">
    <p class='ocr_par' dir='ltr' id='par_1_8' title="bbox 233 1252 1810 1320">
     <span class='ocr_line' id='line_1_8' title="bbox 233 1252 1810 1320; baseline 0.004 -14"><span class='ocrx_word' id='word_1_35' title='bbox 233 1262 316 1307; x_wconf 91' lang='lat' dir='ltr'><strong>tus</strong></span> <span class='ocrx_word' id='word_1_36' title='bbox 349 1253 441 1306; x_wconf 93' lang='lat' dir='ltr'><strong>Dei</strong></span> <span class='ocrx_word' id='word_1_37' title='bbox 470 1252 652 1309; x_wconf 81' lang='lat' dir='ltr'><strong>Patris</strong></span> <span class='ocrx_word' id='word_1_38' title='bbox 683 1267 914 1318; x_wconf 86' lang='lat' dir='ltr'><strong>summa,</strong></span> <span class='ocrx_word' id='word_1_39' title='bbox 943 1261 997 1308; x_wconf 92' lang='lat' dir='ltr'><strong>et</strong></span> <span class='ocrx_word' id='word_1_40' title='bbox 1022 1253 1324 1308; x_wconf 80' lang='lat' dir='ltr'><strong>benedictio</strong></span> <span class='ocrx_word' id='word_1_41' title='bbox 1357 1270 1504 1320; x_wconf 88' lang='lat' dir='ltr'><strong>vera,</strong></span> <span class='ocrx_word' id='word_1_42' title='bbox 1536 1255 1714 1310; x_wconf 88' lang='lat' dir='ltr'><strong>lmnen</strong></span> <span class='ocrx_word' id='word_1_43' title='bbox 1744 1257 1810 1312; x_wconf 85' lang='lat' dir='ltr'><strong>de</strong></span> 
     </span>
    </p>
   </div>
   <div class='ocr_carea' id='block_1_9' title="bbox 232 1345 1809 1416">
    <p class='ocr_par' dir='ltr' id='par_1_9' title="bbox 232 1345 1809 1416">
     <span class='ocr_line' id='line_1_9' title="bbox 232 1345 1809 1416; baseline 0.003 -18"><span class='ocrx_word' id='word_1_44' title='bbox 232 1345 449 1410; x_wconf 81' lang='lat' dir='ltr'><strong>lumine,</strong></span> <span class='ocrx_word' id='word_1_45' title='bbox 479 1353 535 1399; x_wconf 90' lang='lat' dir='ltr'><strong>et</strong></span> <span class='ocrx_word' id='word_1_46' title='bbox 553 1359 621 1398; x_wconf 74' lang='lat' dir='ltr'><strong>ex</strong></span> <span class='ocrx_word' id='word_1_47' title='bbox 644 1345 754 1400; x_wconf 90' lang='lat' dir='ltr'><strong>Deo</strong></span> <span class='ocrx_word' id='word_1_48' title='bbox 775 1345 1016 1415; x_wconf 81' lang='lat' dir='ltr'><strong>genitore</strong></span> <span class='ocrx_word' id='word_1_49' title='bbox 1042 1345 1217 1399; x_wconf 88' lang='lat' dir='ltr'><strong>divina</strong></span> <span class='ocrx_word' id='word_1_50' title='bbox 1247 1346 1428 1416; x_wconf 86' lang='lat' dir='ltr'><strong>proles</strong></span> <span class='ocrx_word' id='word_1_51' title='bbox 1451 1348 1648 1416; x_wconf 85' lang='lat' dir='ltr'><strong>genita.</strong></span> <span class='ocrx_word' id='word_1_52' title='bbox 1675 1347 1809 1404; x_wconf 81' lang='lat' dir='ltr'><strong>Hinc</strong></span> 
     </span>
    </p>
   </div>
   <div class='ocr_carea' id='block_1_10' title="bbox 230 1434 1807 1507">
    <p class='ocr_par' dir='ltr' id='par_1_10' title="bbox 230 1434 1807 1507">
     <span class='ocr_line' id='line_1_10' title="bbox 230 1434 1807 1507; baseline 0.003 -18"><span class='ocrx_word' id='word_1_53' title='bbox 230 1437 478 1491; x_wconf 81' lang='lat' dir='ltr'><strong>videlicet</strong></span> <span class='ocrx_word' id='word_1_54' title='bbox 513 1437 677 1491; x_wconf 86' lang='lat' dir='ltr'><strong>totius</strong></span> <span class='ocrx_word' id='word_1_55' title='bbox 698 1434 840 1504; x_wconf 81' lang='lat' dir='ltr'><strong>juris</strong></span> <span class='ocrx_word' id='word_1_56' title='bbox 864 1438 1014 1507; x_wconf 84' lang='lat' dir='ltr'><strong>origo</strong></span> <span class='ocrx_word' id='word_1_57' title='bbox 1039 1445 1158 1492; x_wconf 89' lang='lat' dir='ltr'><strong>est:</strong></span> <span class='ocrx_word' id='word_1_58' title='bbox 1187 1439 1256 1492; x_wconf 88' lang='lat' dir='ltr'><strong>ad</strong></span> <span class='ocrx_word' id='word_1_59' title='bbox 1284 1439 1428 1493; x_wconf 88' lang='lat' dir='ltr'><strong>hunc</strong></span> <span class='ocrx_word' id='word_1_60' title='bbox 1455 1441 1664 1494; x_wconf 78' lang='lat' dir='ltr'><strong>fabrum</strong></span> <span class='ocrx_word' id='word_1_61' title='bbox 1697 1449 1807 1496; x_wconf 84' lang='lat' dir='ltr'><strong>Lota</strong></span> 
     </span>
    </p>
   </div>
   <div class='ocr_carea' id='block_1_11' title="bbox 230 1527 1805 1604">
    <p class='ocr_par' dir='ltr' id='par_1_11' title="bbox 230 1527 1805 1604">
     <span class='ocr_line' id='line_1_11' title="bbox 230 1527 1805 1604; baseline 0.005 -23"><span class='ocrx_word' id='word_1_62' title='bbox 230 1527 348 1582; x_wconf 60' lang='lat' dir='ltr'><strong>coeli</strong></span> <span class='ocrx_word' id='word_1_63' title='bbox 379 1535 435 1580; x_wconf 90' lang='lat' dir='ltr'><strong>et</strong></span> <span class='ocrx_word' id='word_1_64' title='bbox 463 1535 624 1582; x_wconf 78' lang='lat' dir='ltr'><strong>teme</strong></span> <span class='ocrx_word' id='word_1_65' title='bbox 650 1527 852 1582; x_wconf 87' lang='lat' dir='ltr'><strong>fabrica</strong></span> <span class='ocrx_word' id='word_1_66' title='bbox 880 1529 1128 1598; x_wconf 88' lang='lat' dir='ltr'><strong>respicit,</strong></span> <span class='ocrx_word' id='word_1_67' title='bbox 1161 1530 1227 1583; x_wconf 91' lang='lat' dir='ltr'><strong>ad</strong></span> <span class='ocrx_word' id='word_1_68' title='bbox 1257 1531 1400 1586; x_wconf 89' lang='lat' dir='ltr'><strong>hunc</strong></span> <span class='ocrx_word' id='word_1_69' title='bbox 1428 1533 1668 1604; x_wconf 81' lang='lat' dir='ltr'><strong>pertinet</strong></span> <span class='ocrx_word' id='word_1_70' title='bbox 1686 1550 1805 1589; x_wconf 83' lang='lat' dir='ltr'><strong>ont-</strong></span> 
     </span>
    </p>
   </div>
   <div class='ocr_carea' id='block_1_12' title="bbox 231 1618 1807 1692">
    <p class='ocr_par' dir='ltr' id='par_1_12' title="bbox 231 1618 1807 1692">
     <span class='ocr_line' id='line_1_12' title="bbox 231 1618 1807 1692; baseline 0.004 -20"><span class='ocrx_word' id='word_1_71' title='bbox 231 1619 313 1672; x_wconf 89' lang='lat' dir='ltr'><strong>nis</strong></span> <span class='ocrx_word' id='word_1_72' title='bbox 337 1619 596 1673; x_wconf 89' lang='lat' dir='ltr'><strong>virtutum</strong></span> <span class='ocrx_word' id='word_1_73' title='bbox 621 1618 802 1685; x_wconf 89' lang='lat' dir='ltr'><strong>decor,</strong></span> <span class='ocrx_word' id='word_1_74' title='bbox 825 1635 855 1673; x_wconf 85' lang='lat' dir='ltr'><strong>a</strong></span> <span class='ocrx_word' id='word_1_75' title='bbox 877 1621 1033 1692; x_wconf 88' lang='lat' dir='ltr'><strong>cujus</strong></span> <span class='ocrx_word' id='word_1_76' title='bbox 1058 1621 1297 1676; x_wconf 81' lang='lat' dir='ltr'><strong>bonitate</strong></span> <span class='ocrx_word' id='word_1_77' title='bbox 1321 1633 1378 1678; x_wconf 83' lang='lat' dir='ltr'><strong>et</strong></span> <span class='ocrx_word' id='word_1_78' title='bbox 1401 1624 1625 1681; x_wconf 80' lang='lat' dir='ltr'><strong>veritate</strong></span> <span class='ocrx_word' id='word_1_79' title='bbox 1649 1640 1807 1682; x_wconf 84' lang='lat' dir='ltr'><strong>omne</strong></span> 
     </span>
    </p>
   </div>
   <div class='ocr_carea' id='block_1_13' title="bbox 230 1710 1808 1783">
    <p class='ocr_par' dir='ltr' id='par_1_13' title="bbox 230 1710 1808 1783">
     <span class='ocr_line' id='line_1_13' title="bbox 230 1710 1808 1783; baseline 0.003 -20"><span class='ocrx_word' id='word_1_80' title='bbox 230 1710 423 1764; x_wconf 86' lang='lat' dir='ltr'><strong>bonqu</strong></span> <span class='ocrx_word' id='word_1_81' title='bbox 448 1726 741 1778; x_wconf 89' lang='lat' dir='ltr'><strong>verumque</strong></span> <span class='ocrx_word' id='word_1_82' title='bbox 769 1711 848 1774; x_wconf 87' lang='lat' dir='ltr'><strong>ﬁt,</strong></span> <span class='ocrx_word' id='word_1_83' title='bbox 879 1710 1098 1783; x_wconf 90' lang='lat' dir='ltr'><strong>ipseque</strong></span> <span class='ocrx_word' id='word_1_84' title='bbox 1124 1711 1388 1770; x_wconf 81' lang='lat' dir='ltr'><strong>mirabilis</strong></span> <span class='ocrx_word' id='word_1_85' title='bbox 1411 1713 1559 1768; x_wconf 91' lang='lat' dir='ltr'><strong>solus</strong></span> <span class='ocrx_word' id='word_1_86' title='bbox 1588 1715 1808 1770; x_wconf 85' lang='lat' dir='ltr'><strong>mirabi-</strong></span> 
     </span>
    </p>
   </div>
   <div class='ocr_carea' id='block_1_14' title="bbox 229 1801 1805 1876">
    <p class='ocr_par' dir='ltr' id='par_1_14' title="bbox 229 1801 1805 1876">
     <span class='ocr_line' id='line_1_14' title="bbox 229 1801 1805 1876; baseline 0.006 -21"><span class='ocrx_word' id='word_1_87' title='bbox 229 1801 299 1856; x_wconf 91' lang='lat' dir='ltr'><strong>lia</strong></span> <span class='ocrx_word' id='word_1_88' title='bbox 335 1802 465 1857; x_wconf 82' lang='lat' dir='ltr'><strong>facit</strong></span> <span class='ocrx_word' id='word_1_89' title='bbox 493 1821 505 1856; x_wconf 90' lang='lat'><strong>:</strong></span> <span class='ocrx_word' id='word_1_90' title='bbox 537 1817 566 1856; x_wconf 92' lang='lat' dir='ltr'><strong>a</strong></span> <span class='ocrx_word' id='word_1_91' title='bbox 601 1803 750 1873; x_wconf 80' lang='lat' dir='ltr'><strong>cujus</strong></span> <span class='ocrx_word' id='word_1_92' title='bbox 769 1801 980 1872; x_wconf 76' lang='lat' dir='ltr'><strong>iustitia</strong></span> <span class='ocrx_word' id='word_1_93' title='bbox 1008 1804 1290 1861; x_wconf 84' lang='lat' dir='ltr'><strong>ordinatur</strong></span> <span class='ocrx_word' id='word_1_94' title='bbox 1319 1805 1578 1876; x_wconf 83' lang='lat' dir='ltr'><strong>quidquid</strong></span> <span class='ocrx_word' id='word_1_95' title='bbox 1611 1807 1664 1861; x_wconf 92' lang='lat' dir='ltr'><strong>in</strong></span> <span class='ocrx_word' id='word_1_96' title='bbox 1691 1824 1805 1864; x_wconf 72' lang='lat' dir='ltr'><strong>co:—</strong></span> 
     </span>
    </p>
   </div>
   <div class='ocr_carea' id='block_1_15' title="bbox 1224 392 2504 469">
    <p class='ocr_par' dir='ltr' id='par_1_15' title="bbox 1224 392 2504 469">
     <span class='ocr_line' id='line_1_15' title="bbox 1224 392 2504 469; baseline 0.007 -9"><span class='ocrx_word' id='word_1_97' title='bbox 1224 405 1310 461; x_wconf 78' lang='lat' dir='ltr'><strong>oe</strong></span> <span class='ocrx_word' id='word_1_98' title='bbox 1348 407 1694 464; x_wconf 71' lang='lat' dir='ltr'><strong>LAUDIBUS</strong></span> <span class='ocrx_word' id='word_1_99' title='bbox 1733 408 1791 463; x_wconf 89' lang='lat' dir='ltr'><strong>s.</strong></span> <span class='ocrx_word' id='word_1_100' title='bbox 1830 408 2097 464; x_wconf 78' lang='lat' dir='ltr'><strong>CRUCIS.</strong></span> <span class='ocrx_word' id='word_1_101' title='bbox 2135 441 2206 452; x_wconf 82' lang='lat'>—</span> <span class='ocrx_word' id='word_1_102' title='bbox 2242 411 2372 468; x_wconf 86' lang='lat' dir='ltr'><strong>LIB.</strong></span> <span class='ocrx_word' id='word_1_103' title='bbox 2410 392 2504 469; x_wconf 58' lang='lat' dir='ltr'><strong>u.‘</strong></span> 
     </span>
    </p>
   </div>
   <div class='ocr_carea' id='block_1_16' title="bbox 240 517 1891 588">
    <p class='ocr_par' dir='ltr' id='par_1_16' title="bbox 240 517 1891 588">
     <span class='ocr_line' id='line_1_16' title="bbox 240 517 1891 588; baseline -0.004 -12"><span class='ocrx_word' id='word_1_104' title='bbox 240 537 331 576; x_wconf 76' lang='lat' dir='ltr'><strong>rex</strong></span> <span class='ocrx_word' id='word_1_105' title='bbox 359 519 541 588; x_wconf 89' lang='lat' dir='ltr'><strong>utique</strong></span> <span class='ocrx_word' id='word_1_106' title='bbox 567 525 776 580; x_wconf 87' lang='lat' dir='ltr'><strong>vester,</strong></span> <span class='ocrx_word' id='word_1_107' title='bbox 816 517 1064 586; x_wconf 81' lang='lat' dir='ltr'><strong>proprius</strong></span> <span class='ocrx_word' id='word_1_108' title='bbox 1102 525 1156 571; x_wconf 90' lang='lat' dir='ltr'><strong>et</strong></span> <span class='ocrx_word' id='word_1_109' title='bbox 1195 518 1480 582; x_wconf 83' lang='lat' dir='ltr'><strong>sacerdos,</strong></span> <span class='ocrx_word' id='word_1_110' title='bbox 1513 528 1724 573; x_wconf 81' lang='lat' dir='ltr'><strong>creator</strong></span> <span class='ocrx_word' id='word_1_111' title='bbox 1761 526 1815 572; x_wconf 87' lang='lat' dir='ltr'><strong>et</strong></span> <span class='ocrx_word' id='word_1_112' title='bbox 1845 523 1891 580; x_wconf 73' lang='grc' dir='ltr'><strong>Α</strong></span> 
     </span>
    </p>
   </div>
   <div class='ocr_carea' id='block_1_17' title="bbox 3392 423 3494 480">
    <p class='ocr_par' dir='ltr' id='par_1_17' title="bbox 3392 423 3494 480">
     <span class='ocr_line' id='line_1_17' title="bbox 3392 423 3494 480; baseline 0.01 -1"><span class='ocrx_word' id='word_1_113' title='bbox 3392 423 3494 480; x_wconf 66' lang='grc'><strong>2⁸14</strong></span> 
     </span>
    </p>
   </div>
   <div class='ocr_carea' id='block_1_18' title="bbox 2531 526 2878 584">
    <p class='ocr_par' dir='ltr' id='par_1_18' title="bbox 2531 526 2878 584">
     <span class='ocr_line' id='line_1_18' title="bbox 2531 526 2878 584; baseline 0.006 -2"><span class='ocrx_word' id='word_1_114' title='bbox 2531 526 2755 584; x_wconf 81' lang='lat' dir='ltr'><strong>CAPUT</strong></span> <span class='ocrx_word' id='word_1_115' title='bbox 2789 528 2878 584; x_wconf 79' lang='lat' dir='ltr'><strong>IX.</strong></span> 
     </span>
    </p>
   </div>
   <div class='ocr_carea' id='block_1_19' title="bbox 1918 611 3490 688">
    <p class='ocr_par' dir='ltr' id='par_1_19' title="bbox 1918 611 3490 688">
     <span class='ocr_line' id='line_1_19' title="bbox 1918 611 3490 688; baseline 0.012 -23"><span class='ocrx_word' id='word_1_116' title='bbox 1918 611 1992 666; x_wconf 84' lang='lat' dir='ltr'><strong>De</strong></span> <span class='ocrx_word' id='word_1_117' title='bbox 2019 629 2155 668; x_wconf 84' lang='lat' dir='ltr'><strong>nona</strong></span> <span class='ocrx_word' id='word_1_118' title='bbox 2185 616 2377 687; x_wconf 82' lang='lat' dir='ltr'><strong>ﬁgura,</strong></span> <span class='ocrx_word' id='word_1_119' title='bbox 2403 634 2518 688; x_wconf 69' lang='lat' dir='ltr'><strong>qum</strong></span> <span class='ocrx_word' id='word_1_120' title='bbox 2542 619 2745 672; x_wconf 82' lang='lat' dir='ltr'><strong>dierum</strong></span> <span class='ocrx_word' id='word_1_121' title='bbox 2775 622 2901 675; x_wconf 83' lang='lat' dir='ltr'><strong>anni</strong></span> <span class='ocrx_word' id='word_1_122' title='bbox 2928 638 3200 678; x_wconf 77' lang='lat' dir='ltr'><strong>numerum</strong></span> <span class='ocrx_word' id='word_1_123' title='bbox 3237 625 3290 678; x_wconf 78' lang='lat' dir='ltr'><strong>in</strong></span> <span class='ocrx_word' id='word_1_124' title='bbox 3321 631 3490 686; x_wconf 61' lang='lat' dir='ltr'><strong>amcis</strong></span> 
     </span>
    </p>
   </div>
   <div class='ocr_carea' id='block_1_20' title="bbox 2475 691 2912 758">
    <p class='ocr_par' dir='ltr' id='par_1_20' title="bbox 2475 691 2912 758">
     <span class='ocr_line' id='line_1_20' title="bbox 2475 691 2912 758; baseline 0.002 -17"><span class='ocrx_word' id='word_1_125' title='bbox 2475 691 2641 758; x_wconf 81' lang='lat' dir='ltr'><strong>specie</strong></span> <span class='ocrx_word' id='word_1_126' title='bbox 2667 693 2912 748; x_wconf 78' lang='lat' dir='ltr'><strong>continet.</strong></span> 
     </span>
    </p>
   </div>
   <div class='ocr_carea' id='block_1_21' title="bbox 1983 794 3489 870">
    <p class='ocr_par' dir='ltr' id='par_1_21' title="bbox 1983 794 3489 870">
     <span class='ocr_line' id='line_1_21' title="bbox 1983 794 3489 870; baseline 0.009 -22"><span class='ocrx_word' id='word_1_127' title='bbox 1983 794 2074 850; x_wconf 89' lang='lat' dir='ltr'><strong>Sol</strong></span> <span class='ocrx_word' id='word_1_128' title='bbox 2105 805 2161 852; x_wconf 91' lang='lat' dir='ltr'><strong>et</strong></span> <span class='ocrx_word' id='word_1_129' title='bbox 2183 796 2307 850; x_wconf 90' lang='lat' dir='ltr'><strong>luna</strong></span> <span class='ocrx_word' id='word_1_130' title='bbox 2328 839 2342 864; x_wconf 93' lang='lat'><strong>,</strong></span> <span class='ocrx_word' id='word_1_131' title='bbox 2372 814 2440 853; x_wconf 90' lang='lat' dir='ltr'><strong>en</strong></span> <span class='ocrx_word' id='word_1_132' title='bbox 2469 814 2612 854; x_wconf 85' lang='lat' dir='ltr'><strong>nunc</strong></span> <span class='ocrx_word' id='word_1_133' title='bbox 2638 803 2963 870; x_wconf 83' lang='lat' dir='ltr'><strong>competenti</strong></span> <span class='ocrx_word' id='word_1_134' title='bbox 2989 805 3177 860; x_wconf 83' lang='lat' dir='ltr'><strong>ordine</strong></span> <span class='ocrx_word' id='word_1_135' title='bbox 3207 806 3489 862; x_wconf 88' lang='lat' dir='ltr'><strong>Dominum</strong></span> 
     </span>
    </p>
   </div>
   <div class='ocr_carea' id='block_1_22' title="bbox 1911 885 3493 963">
    <p class='ocr_par' dir='ltr' id='par_1_22' title="bbox 1911 885 3493 963">
     <span class='ocr_line' id='line_1_22' title="bbox 1911 885 3493 963; baseline 0.007 -21"><span class='ocrx_word' id='word_1_136' title='bbox 1911 885 2093 942; x_wconf 80' lang='lat' dir='ltr'><strong>Jesum</strong></span> <span class='ocrx_word' id='word_1_137' title='bbox 2133 887 2406 943; x_wconf 85' lang='lat' dir='ltr'><strong>Christum</strong></span> <span class='ocrx_word' id='word_1_138' title='bbox 2455 891 2960 963; x_wconf 78' lang='lat' dir='ltr'><strong>benedicite,_quia</strong></span> <span class='ocrx_word' id='word_1_139' title='bbox 3006 905 3189 950; x_wconf 82' lang='lat' dir='ltr'><strong>sancta</strong></span> <span class='ocrx_word' id='word_1_140' title='bbox 3233 913 3362 952; x_wconf 64' lang='lat' dir='ltr'><strong>crux</strong></span> <span class='ocrx_word' id='word_1_141' title='bbox 3410 909 3493 953; x_wconf 82' lang='lat' dir='ltr'><strong>est</strong></span> 
     </span>
    </p>
   </div>
   <div class='ocr_carea' id='block_1_23' title="bbox 1913 981 3487 1056">
    <p class='ocr_par' dir='ltr' id='par_1_23' title="bbox 1913 981 3487 1056">
     <span class='ocr_line' id='line_1_23' title="bbox 1913 981 3487 1056; baseline 0.009 -24"><span class='ocrx_word' id='word_1_142' title='bbox 1913 988 2089 1033; x_wconf 78' lang='lat' dir='ltr'><strong>vester</strong></span> <span class='ocrx_word' id='word_1_143' title='bbox 2123 981 2328 1045; x_wconf 88' lang='lat' dir='ltr'><strong>honor,</strong></span> <span class='ocrx_word' id='word_1_144' title='bbox 2353 982 2560 1037; x_wconf 83' lang='lat' dir='ltr'><strong>stabilis</strong></span> <span class='ocrx_word' id='word_1_145' title='bbox 2598 983 2719 1049; x_wconf 75' lang='lat' dir='ltr'><strong>lux,</strong></span> <span class='ocrx_word' id='word_1_146' title='bbox 2767 985 3062 1055; x_wconf 89' lang='lat' dir='ltr'><strong>dispositus</strong></span> <span class='ocrx_word' id='word_1_147' title='bbox 3098 989 3260 1056; x_wconf 87' lang='lat' dir='ltr'><strong>ordo,</strong></span> <span class='ocrx_word' id='word_1_148' title='bbox 3300 991 3487 1056; x_wconf 86' lang='lat' dir='ltr'><strong>series,</strong></span> 
     </span>
    </p>
   </div>
   <div class='ocr_carea' id='block_1_24' title="bbox 1911 1067 3490 1154">
    <p class='ocr_par' dir='ltr' id='par_1_24' title="bbox 1911 1067 3490 1154">
     <span class='ocr_line' id='line_1_24' title="bbox 1911 1067 3490 1154; baseline 0.013 -34"><span class='ocrx_word' id='word_1_149' title='bbox 1911 1067 2029 1123; x_wconf 88' lang='lat' dir='ltr'><strong>laus</strong></span> <span class='ocrx_word' id='word_1_150' title='bbox 2048 1079 2102 1124; x_wconf 89' lang='lat' dir='ltr'><strong>et</strong></span> <span class='ocrx_word' id='word_1_151' title='bbox 2121 1071 2379 1144; x_wconf 80' lang='lat' dir='ltr'><strong>probitas,</strong></span> <span class='ocrx_word' id='word_1_152' title='bbox 2403 1075 2664 1146; x_wconf 80' lang='lat' dir='ltr'><strong>Spirituali</strong></span> <span class='ocrx_word' id='word_1_153' title='bbox 2691 1077 2889 1132; x_wconf 88' lang='lat' dir='ltr'><strong>lumine</strong></span> <span class='ocrx_word' id='word_1_154' title='bbox 2909 1095 3007 1148; x_wconf 90' lang='lat' dir='ltr'><strong>per</strong></span> <span class='ocrx_word' id='word_1_155' title='bbox 3027 1091 3219 1136; x_wconf 89' lang='lat' dir='ltr'><strong>cuncta</strong></span> <span class='ocrx_word' id='word_1_156' title='bbox 3246 1090 3490 1154; x_wconf 85' lang='lat' dir='ltr'><strong>tempora</strong></span> 
     </span>
    </p>
   </div>
   <div class='ocr_carea' id='block_1_25' title="bbox 1911 1162 3486 1245">
    <p class='ocr_par' dir='ltr' id='par_1_25' title="bbox 1911 1162 3486 1245">
     <span class='ocr_line' id='line_1_25' title="bbox 1911 1162 3486 1245; baseline 0.01 -30"><span class='ocrx_word' id='word_1_157' title='bbox 1911 1177 2004 1216; x_wconf 88' lang='lat' dir='ltr'><strong>vos</strong></span> <span class='ocrx_word' id='word_1_158' title='bbox 2041 1162 2334 1218; x_wconf 85' lang='lat' dir='ltr'><strong>illustrans.</strong></span> <span class='ocrx_word' id='word_1_159' title='bbox 2364 1166 2470 1221; x_wconf 75' lang='lat' dir='ltr'><strong>Vos</strong></span> <span class='ocrx_word' id='word_1_160' title='bbox 2501 1183 2713 1243; x_wconf 78' lang='lat' dir='ltr'><strong>quoque</strong></span> <span class='ocrx_word' id='word_1_161' title='bbox 2750 1169 2852 1225; x_wconf 92' lang='lat' dir='ltr'><strong>hoc</strong></span> <span class='ocrx_word' id='word_1_162' title='bbox 2891 1173 3119 1227; x_wconf 87' lang='lat' dir='ltr'><strong>termino</strong></span> <span class='ocrx_word' id='word_1_163' title='bbox 3139 1215 3153 1240; x_wconf 90' lang='lat'><strong>,</strong></span> <span class='ocrx_word' id='word_1_164' title='bbox 3185 1191 3344 1244; x_wconf 91' lang='lat' dir='ltr'><strong>quem</strong></span> <span class='ocrx_word' id='word_1_165' title='bbox 3375 1177 3486 1245; x_wconf 91' lang='lat' dir='ltr'><strong>ipsa</strong></span> 
     </span>
    </p>
   </div>
   <div class='ocr_carea' id='block_1_26' title="bbox 1911 1254 3490 1335">
    <p class='ocr_par' dir='ltr' id='par_1_26' title="bbox 1911 1254 3490 1335">
     <span class='ocr_line' id='line_1_26' title="bbox 1911 1254 3490 1335; baseline 0.009 -28"><span class='ocrx_word' id='word_1_166' title='bbox 1911 1254 1963 1308; x_wconf 91' lang='lat' dir='ltr'><strong>in</strong></span> <span class='ocrx_word' id='word_1_167' title='bbox 2009 1264 2240 1324; x_wconf 85' lang='lat' dir='ltr'><strong>quatuor</strong></span> <span class='ocrx_word' id='word_1_168' title='bbox 2282 1257 2578 1328; x_wconf 77' lang='lat' dir='ltr'><strong>hexagenis</strong></span> <span class='ocrx_word' id='word_1_169' title='bbox 2619 1266 2673 1312; x_wconf 90' lang='lat' dir='ltr'><strong>et</strong></span> <span class='ocrx_word' id='word_1_170' title='bbox 2716 1259 2944 1317; x_wconf 85' lang='lat' dir='ltr'><strong>monade</strong></span> <span class='ocrx_word' id='word_1_171' title='bbox 2990 1261 3128 1317; x_wconf 88' lang='lat' dir='ltr'><strong>inter</strong></span> <span class='ocrx_word' id='word_1_172' title='bbox 3171 1280 3266 1320; x_wconf 87' lang='lat' dir='ltr'><strong>eos</strong></span> <span class='ocrx_word' id='word_1_173' title='bbox 3314 1268 3490 1335; x_wconf 88' lang='lat' dir='ltr'><strong>posito</strong></span> 
     </span>
    </p>
   </div>
   <div class='ocr_carea' id='block_1_27' title="bbox 1909 1345 3489 1412">
    <p class='ocr_par' dir='ltr' id='par_1_27' title="bbox 1909 1345 3489 1412">
     <span class='ocr_line' id='line_1_27' title="bbox 1909 1345 3489 1412; baseline 0.008 -14"><span class='ocrx_word' id='word_1_174' title='bbox 1909 1345 2361 1412; x_wconf 25' lang='lat' dir='ltr'><strong>portendlt,‘dies</strong></span> <span class='ocrx_word' id='word_1_175' title='bbox 2398 1356 2452 1401; x_wconf 85' lang='lat' dir='ltr'><strong>et</strong></span> <span class='ocrx_word' id='word_1_176' title='bbox 2492 1357 2678 1404; x_wconf 90' lang='lat' dir='ltr'><strong>noctes</strong></span> <span class='ocrx_word' id='word_1_177' title='bbox 2709 1349 2870 1404; x_wconf 88' lang='lat' dir='ltr'><strong>totius</strong></span> <span class='ocrx_word' id='word_1_178' title='bbox 2899 1351 3025 1405; x_wconf 84' lang='lat' dir='ltr'><strong>anni</strong></span> <span class='ocrx_word' id='word_1_179' title='bbox 3049 1353 3257 1409; x_wconf 83' lang='lat' dir='ltr'><strong>&#39;solaris</strong></span> <span class='ocrx_word' id='word_1_180' title='bbox 3283 1371 3489 1412; x_wconf 86' lang='lat' dir='ltr'><strong>connu-</strong></span> 
     </span>
    </p>
   </div>
   <div class='ocr_carea' id='block_1_28' title="bbox 1909 1417 3486 1512">
    <p class='ocr_par' dir='ltr' id='par_1_28' title="bbox 1909 1417 3486 1512">
     <span class='ocr_line' id='line_1_28' title="bbox 1909 1417 3486 1512; baseline 0.007 -23"><span class='ocrx_word' id='word_1_181' title='bbox 1909 1417 2130 1492; x_wconf 87' lang='lat' dir='ltr'><strong>meratis</strong></span> <span class='ocrx_word' id='word_1_182' title='bbox 2169 1439 2501 1508; x_wconf 84' lang='lat' dir='ltr'><strong>aequatisque</strong></span> <span class='ocrx_word' id='word_1_183' title='bbox 2562 1439 2655 1493; x_wconf 74' lang='lat' dir='ltr'><strong>ad‘</strong></span> <span class='ocrx_word' id='word_1_184' title='bbox 2682 1437 3067 1507; x_wconf 80' lang='lat' dir='ltr'><strong>perfectionem</strong></span> <span class='ocrx_word' id='word_1_185' title='bbox 3110 1442 3228 1512; x_wconf 86' lang='lat' dir='ltr'><strong>ejus</strong></span> <span class='ocrx_word' id='word_1_186' title='bbox 3278 1449 3486 1500; x_wconf 87' lang='lat' dir='ltr'><strong>muneri</strong></span> 
     </span>
    </p>
   </div>
   <div class='ocr_carea' id='block_1_29' title="bbox 1909 1527 3488 1602">
    <p class='ocr_par' dir='ltr' id='par_1_29' title="bbox 1909 1527 3488 1602">
     <span class='ocr_line' id='line_1_29' title="bbox 1909 1527 3488 1602; baseline 0.007 -22"><span class='ocrx_word' id='word_1_187' title='bbox 1909 1542 2124 1582; x_wconf 92' lang='lat' dir='ltr'><strong>cursum</strong></span> <span class='ocrx_word' id='word_1_188' title='bbox 2151 1539 2412 1582; x_wconf 89' lang='lat' dir='ltr'><strong>vestrum.</strong></span> <span class='ocrx_word' id='word_1_189' title='bbox 2445 1527 2718 1584; x_wconf 64' lang='lat' dir='ltr'><strong>Mdicta</strong></span> <span class='ocrx_word' id='word_1_190' title='bbox 2739 1543 2868 1601; x_wconf 85' lang='lat' dir='ltr'><strong>ergo</strong></span> <span class='ocrx_word' id='word_1_191' title='bbox 2903 1530 3070 1602; x_wconf 84' lang='lat' dir='ltr'><strong>ﬁgura</strong></span> <span class='ocrx_word' id='word_1_192' title='bbox 3098 1533 3214 1602; x_wconf 86' lang='lat' dir='ltr'><strong>ejus</strong></span> <span class='ocrx_word' id='word_1_193' title='bbox 3244 1535 3405 1590; x_wconf 85' lang='lat' dir='ltr'><strong>habet</strong></span> <span class='ocrx_word' id='word_1_194' title='bbox 3435 1538 3488 1592; x_wconf 92' lang='lat' dir='ltr'><strong>in</strong></span> 
     </span>
    </p>
   </div>
   <div class='ocr_carea' id='block_1_30' title="bbox 1907 1619 3487 1697">
    <p class='ocr_par' dir='ltr' id='par_1_30' title="bbox 1907 1619 3487 1697">
     <span class='ocr_line' id='line_1_30' title="bbox 1907 1619 3487 1697; baseline 0.006 -25"><span class='ocrx_word' id='word_1_195' title='bbox 1907 1633 1968 1674; x_wconf 90' lang='lat' dir='ltr'><strong>se</strong></span> <span class='ocrx_word' id='word_1_196' title='bbox 2000 1619 2178 1676; x_wconf 81' lang='lat' dir='ltr'><strong>tricies</strong></span> <span class='ocrx_word' id='word_1_197' title='bbox 2206 1620 2371 1675; x_wconf 87' lang='lat' dir='ltr'><strong>denos</strong></span> <span class='ocrx_word' id='word_1_198' title='bbox 2397 1628 2452 1674; x_wconf 84' lang='lat' dir='ltr'><strong>et</strong></span> <span class='ocrx_word' id='word_1_199' title='bbox 2479 1620 2658 1675; x_wconf 89' lang='lat' dir='ltr'><strong>decies</strong></span> <span class='ocrx_word' id='word_1_200' title='bbox 2687 1636 2870 1686; x_wconf 90' lang='lat' dir='ltr'><strong>senos,</strong></span> <span class='ocrx_word' id='word_1_201' title='bbox 2895 1631 3054 1693; x_wconf 86' lang='lat' dir='ltr'><strong>atque</strong></span> <span class='ocrx_word' id='word_1_202' title='bbox 3084 1625 3301 1696; x_wconf 86' lang='lat' dir='ltr'><strong>insuper</strong></span> <span class='ocrx_word' id='word_1_203' title='bbox 3325 1628 3487 1697; x_wconf 84' lang='lat' dir='ltr'><strong>quin-</strong></span> 
     </span>
    </p>
   </div>
   <div class='ocr_carea' id='block_1_31' title="bbox 1907 1713 3491 1785">
    <p class='ocr_par' dir='ltr' id='par_1_31' title="bbox 1907 1713 3491 1785">
     <span class='ocr_line' id='line_1_31' title="bbox 1907 1713 3491 1785; baseline 0.005 -19"><span class='ocrx_word' id='word_1_204' title='bbox 1907 1713 2061 1781; x_wconf 84' lang='lat' dir='ltr'><strong>quies</strong></span> <span class='ocrx_word' id='word_1_205' title='bbox 2107 1713 2391 1770; x_wconf 89' lang='lat' dir='ltr'><strong>unitatem.</strong></span> <span class='ocrx_word' id='word_1_206' title='bbox 2438 1713 2534 1768; x_wconf 84' lang='lat' dir='ltr'><strong>llis</strong></span> <span class='ocrx_word' id='word_1_207' title='bbox 2574 1714 2771 1785; x_wconf 85' lang='lat' dir='ltr'><strong>quippe</strong></span> <span class='ocrx_word' id='word_1_208' title='bbox 2815 1717 3056 1772; x_wconf 89' lang='lat' dir='ltr'><strong>muneris</strong></span> <span class='ocrx_word' id='word_1_209' title='bbox 3104 1725 3219 1771; x_wconf 86' lang='lat' dir='ltr'><strong>rota</strong></span> <span class='ocrx_word' id='word_1_210' title='bbox 3262 1720 3391 1774; x_wconf 90' lang='lat' dir='ltr'><strong>solis</strong></span> <span class='ocrx_word' id='word_1_211' title='bbox 3434 1733 3491 1774; x_wconf 89' lang='lat' dir='ltr'><strong>et</strong></span> 
     </span>
    </p>
   </div>
   <div class='ocr_carea' id='block_1_32' title="bbox 1908 1803 3488 1878">
    <p class='ocr_par' dir='ltr' id='par_1_32' title="bbox 1908 1803 3488 1878">
     <span class='ocr_line' id='line_1_32' title="bbox 1908 1803 3488 1878; baseline 0.006 -23"><span class='ocrx_word' id='word_1_212' title='bbox 1908 1803 2045 1859; x_wconf 82' lang='lat' dir='ltr'><strong>lume</strong></span> <span class='ocrx_word' id='word_1_213' title='bbox 2073 1820 2290 1859; x_wconf 89' lang='lat' dir='ltr'><strong>cursum</strong></span> <span class='ocrx_word' id='word_1_214' title='bbox 2325 1820 2478 1860; x_wconf 90' lang='lat' dir='ltr'><strong>suum</strong></span> <span class='ocrx_word' id='word_1_215' title='bbox 2512 1805 2760 1860; x_wconf 90' lang='lat' dir='ltr'><strong>noscitur</strong></span> <span class='ocrx_word' id='word_1_216' title='bbox 2789 1806 2992 1871; x_wconf 91' lang='lat' dir='ltr'><strong>indere,</strong></span> <span class='ocrx_word' id='word_1_217' title='bbox 3021 1817 3253 1878; x_wconf 88' lang='lat' dir='ltr'><strong>quatuor</strong></span> <span class='ocrx_word' id='word_1_218' title='bbox 3277 1811 3488 1865; x_wconf 83' lang='lat' dir='ltr'><strong>vicissi-</strong></span> 
     </span>
    </p>
   </div>
   <div class='ocr_carea' id='block_1_33' title="bbox 228 1873 3488 1973">
    <p class='ocr_par' dir='ltr' id='par_1_33' title="bbox 228 1873 3488 1973">
     <span class='ocr_line' id='line_1_33' title="bbox 228 1873 3488 1973; baseline 0.006 -32"><span class='ocrx_word' id='word_1_219' title='bbox 228 1892 291 1946; x_wconf 87' lang='lat' dir='ltr'><strong>lis</strong></span> <span class='ocrx_word' id='word_1_220' title='bbox 322 1892 402 1946; x_wconf 81' lang='lat' dir='ltr'><strong>vel</strong></span> <span class='ocrx_word' id='word_1_221' title='bbox 435 1893 486 1946; x_wconf 90' lang='lat' dir='ltr'><strong>in</strong></span> <span class='ocrx_word' id='word_1_222' title='bbox 517 1893 676 1947; x_wconf 89' lang='lat' dir='ltr'><strong>terris</strong></span> <span class='ocrx_word' id='word_1_223' title='bbox 693 1893 837 1963; x_wconf 89' lang='lat' dir='ltr'><strong>juste</strong></span> <span class='ocrx_word' id='word_1_224' title='bbox 861 1873 1484 1965; x_wconf 42' lang='lat' dir='ltr'><strong>decernituhproliatuﬁ</strong></span> <span class='ocrx_word' id='word_1_225' title='bbox 1511 1906 1565 1953; x_wconf 74' lang='grc' dir='ltr'><strong>οι</strong></span> <span class='ocrx_word' id='word_1_226' title='bbox 1601 1897 1806 1968; x_wconf 73' lang='lat' dir='ltr'><strong>profer-</strong></span> <span class='ocrx_word' id='word_1_227' title='bbox 1837 1873 1880 1930; x_wconf 77' lang='grc' dir='ltr'><strong>Β</strong></span> <span class='ocrx_word' id='word_1_228' title='bbox 1913 1894 2122 1950; x_wconf 90' lang='lat' dir='ltr'><strong>tudines</strong></span> <span class='ocrx_word' id='word_1_229' title='bbox 2162 1904 2464 1966; x_wconf 86' lang='lat' dir='ltr'><strong>temporum</strong></span> <span class='ocrx_word' id='word_1_230' title='bbox 2507 1897 2592 1951; x_wconf 92' lang='lat' dir='ltr'><strong>his</strong></span> <span class='ocrx_word' id='word_1_231' title='bbox 2631 1897 3003 1962; x_wconf 89' lang='lat' dir='ltr'><strong>includuntur;</strong></span> <span class='ocrx_word' id='word_1_232' title='bbox 3045 1915 3180 1973; x_wconf 79' lang='lat' dir='ltr'><strong>quos</strong></span> <span class='ocrx_word' id='word_1_233' title='bbox 3207 1918 3395 1962; x_wconf 87' lang='lat' dir='ltr'><strong>omnes</strong></span> <span class='ocrx_word' id='word_1_234' title='bbox 3431 1904 3488 1964; x_wconf 90' lang='lat' dir='ltr'><strong>in</strong></span> 
     </span>
    </p>
   </div>
   <div class='ocr_carea' id='block_1_34' title="bbox 227 1985 1805 2062">
    <p class='ocr_par' dir='ltr' id='par_1_34' title="bbox 227 1985 1805 2062">
     <span class='ocr_line' id='line_1_34' title="bbox 227 1985 1805 2062; baseline 0.006 -25"><span class='ocrx_word' id='word_1_235' title='bbox 227 1994 334 2048; x_wconf 88' lang='lat' dir='ltr'><strong>tur,</strong></span> <span class='ocrx_word' id='word_1_236' title='bbox 360 1985 617 2054; x_wconf 87' lang='lat' dir='ltr'><strong>quidquid</strong></span> <span class='ocrx_word' id='word_1_237' title='bbox 641 1985 867 2041; x_wconf 81' lang='lat' dir='ltr'><strong>honoris.</strong></span> <span class='ocrx_word' id='word_1_238' title='bbox 884 1986 1082 2040; x_wconf 86' lang='lat' dir='ltr'><strong>habent</strong></span> <span class='ocrx_word' id='word_1_239' title='bbox 1107 1989 1280 2059; x_wconf 80' lang='lat' dir='ltr'><strong>angeli</strong></span> <span class='ocrx_word' id='word_1_240' title='bbox 1306 1990 1452 2057; x_wconf 88' lang='lat' dir='ltr'><strong>boni,</strong></span> <span class='ocrx_word' id='word_1_241' title='bbox 1475 2000 1528 2044; x_wconf 87' lang='lat' dir='ltr'><strong>et</strong></span> <span class='ocrx_word' id='word_1_242' title='bbox 1547 1992 1805 2062; x_wconf 87' lang='lat' dir='ltr'><strong>quidquid</strong></span> 
     </span>
    </p>
   </div>
   <div class='ocr_carea' id='block_1_35' title="bbox 230 2075 1806 2151">
    <p class='ocr_par' dir='ltr' id='par_1_35' title="bbox 230 2075 1806 2151">
     <span class='ocr_line' id='line_1_35' title="bbox 230 2075 1806 2151; baseline 0.006 -25"><span class='ocrx_word' id='word_1_243' title='bbox 230 2092 407 2146; x_wconf 56' lang='lat' dir='ltr'><strong>poena!</strong></span> <span class='ocrx_word' id='word_1_244' title='bbox 431 2075 693 2130; x_wconf 64' lang='lat' dir='ltr'><strong>salierunt</strong></span> <span class='ocrx_word' id='word_1_245' title='bbox 722 2076 892 2147; x_wconf 81' lang='lat' dir='ltr'><strong>angeli</strong></span> <span class='ocrx_word' id='word_1_246' title='bbox 937 2077 1097 2142; x_wconf 87' lang='lat' dir='ltr'><strong>mali;</strong></span> <span class='ocrx_word' id='word_1_247' title='bbox 1145 2095 1243 2134; x_wconf 92' lang='lat' dir='ltr'><strong>nec</strong></span> <span class='ocrx_word' id='word_1_248' title='bbox 1280 2096 1384 2134; x_wconf 91' lang='lat' dir='ltr'><strong>non</strong></span> <span class='ocrx_word' id='word_1_249' title='bbox 1417 2091 1484 2137; x_wconf 84' lang='lat' dir='ltr'><strong>et.</strong></span> <span class='ocrx_word' id='word_1_250' title='bbox 1506 2081 1633 2138; x_wconf 91' lang='lat' dir='ltr'><strong>illud</strong></span> <span class='ocrx_word' id='word_1_251' title='bbox 1663 2083 1806 2151; x_wconf 89' lang='lat' dir='ltr'><strong>quod</strong></span> 
     </span>
    </p>
   </div>
   <div class='ocr_carea' id='block_1_36' title="bbox 229 2165 1805 2242">
    <p class='ocr_par' dir='ltr' id='par_1_36' title="bbox 229 2165 1805 2242">
     <span class='ocr_line' id='line_1_36' title="bbox 229 2165 1805 2242; baseline 0.007 -24"><span class='ocrx_word' id='word_1_252' title='bbox 229 2166 476 2219; x_wconf 74' lang='lat' dir='ltr'><strong>Christus</strong></span> <span class='ocrx_word' id='word_1_253' title='bbox 515 2165 870 2223; x_wconf 69' lang='lat' dir='ltr'><strong>idololatrian:</strong></span> <span class='ocrx_word' id='word_1_254' title='bbox 904 2169 970 2222; x_wconf 89' lang='lat' dir='ltr'><strong>de</strong></span> <span class='ocrx_word' id='word_1_255' title='bbox 1007 2171 1205 2224; x_wconf 89' lang='lat' dir='ltr'><strong>mundo</strong></span> <span class='ocrx_word' id='word_1_256' title='bbox 1241 2173 1455 2242; x_wconf 73' lang='lat' dir='ltr'><strong>expulit,</strong></span> <span class='ocrx_word' id='word_1_257' title='bbox 1480 2183 1534 2226; x_wconf 90' lang='lat' dir='ltr'><strong>et</strong></span> <span class='ocrx_word' id='word_1_258' title='bbox 1564 2175 1805 2229; x_wconf 88' lang='lat' dir='ltr'><strong>divinum</strong></span> 
     </span>
    </p>
   </div>
   <div class='ocr_carea' id='block_1_37' title="bbox 224 2255 1803 2329">
    <p class='ocr_par' dir='ltr' id='par_1_37' title="bbox 224 2255 1803 2329">
     <span class='ocr_line' id='line_1_37' title="bbox 224 2255 1803 2329; baseline 0.008 -24"><span class='ocrx_word' id='word_1_259' title='bbox 224 2255 424 2315; x_wconf 84' lang='lat' dir='ltr'><strong>cultum</strong></span> <span class='ocrx_word' id='word_1_260' title='bbox 466 2256 764 2312; x_wconf 79' lang='lat' dir='ltr'><strong>renovavit.</strong></span> <span class='ocrx_word' id='word_1_261' title='bbox 809 2255 1029 2313; x_wconf 73' lang='lat' dir='ltr'><strong>llorum.</strong></span> <span class='ocrx_word' id='word_1_262' title='bbox 1054 2259 1216 2329; x_wconf 80' lang='lat' dir='ltr'><strong>igitur</strong></span> <span class='ocrx_word' id='word_1_263' title='bbox 1261 2263 1499 2320; x_wconf 75' lang='lat' dir='ltr'><strong>oniniiuu</strong></span> <span class='ocrx_word' id='word_1_264' title='bbox 1540 2265 1803 2321; x_wconf 90' lang='lat' dir='ltr'><strong>bonorum</strong></span> 
     </span>
    </p>
   </div>
   <div class='ocr_carea' id='block_1_38' title="bbox 222 2345 1805 2420">
    <p class='ocr_par' dir='ltr' id='par_1_38' title="bbox 222 2345 1805 2420">
     <span class='ocr_line' id='line_1_38' title="bbox 222 2345 1805 2420; baseline 0.011 -23"><span class='ocrx_word' id='word_1_265' title='bbox 222 2353 408 2398; x_wconf 84' lang='lat' dir='ltr'><strong>auctor</strong></span> <span class='ocrx_word' id='word_1_266' title='bbox 442 2354 532 2400; x_wconf 83' lang='lat' dir='ltr'><strong>est.</strong></span> <span class='ocrx_word' id='word_1_267' title='bbox 554 2345 812 2401; x_wconf 87' lang='lat' dir='ltr'><strong>Dominus</strong></span> <span class='ocrx_word' id='word_1_268' title='bbox 847 2347 1136 2414; x_wconf 81' lang='lat' dir='ltr'><strong>Christus,</strong></span> <span class='ocrx_word' id='word_1_269' title='bbox 1170 2352 1261 2420; x_wconf 89' lang='lat' dir='ltr'><strong>qui</strong></span> <span class='ocrx_word' id='word_1_270' title='bbox 1299 2353 1348 2406; x_wconf 93' lang='lat' dir='ltr'><strong>in</strong></span> <span class='ocrx_word' id='word_1_271' title='bbox 1393 2357 1589 2414; x_wconf 75' lang='lat' dir='ltr'><strong>vexillo</strong></span> <span class='ocrx_word' id='word_1_272' title='bbox 1626 2358 1805 2414; x_wconf 88' lang='lat' dir='ltr'><strong>crucis</strong></span> 
     </span>
    </p>
   </div>
   <div class='ocr_carea' id='block_1_39' title="bbox 224 2425 1801 2510">
    <p class='ocr_par' dir='ltr' id='par_1_39' title="bbox 224 2425 1801 2510">
     <span class='ocr_line' id='line_1_39' title="bbox 224 2425 1801 2510; baseline 0.01 -24"><span class='ocrx_word' id='word_1_273' title='bbox 224 2449 330 2486; x_wconf 70' lang='lat' dir='ltr'><strong>sua!</strong></span> <span class='ocrx_word' id='word_1_274' title='bbox 355 2434 574 2490; x_wconf 84' lang='lat' dir='ltr'><strong>honoris</strong></span> <span class='ocrx_word' id='word_1_275' title='bbox 599 2444 652 2489; x_wconf 88' lang='lat' dir='ltr'><strong>et</strong></span> <span class='ocrx_word' id='word_1_276' title='bbox 673 2437 955 2508; x_wconf 78' lang='lat' dir='ltr'><strong>potestatis</strong></span> <span class='ocrx_word' id='word_1_277' title='bbox 976 2425 1203 2510; x_wconf 73' lang='lat' dir='ltr'><strong>prept&#39;ite</strong></span> <span class='ocrx_word' id='word_1_278' title='bbox 1216 2441 1419 2510; x_wconf 88' lang='lat' dir='ltr'><strong>judicia</strong></span> <span class='ocrx_word' id='word_1_279' title='bbox 1446 2447 1801 2504; x_wconf 85' lang='lat' dir='ltr'><strong>demonstrat.</strong></span> 
     </span>
    </p>
   </div>
   <div class='ocr_carea' id='block_1_40' title="bbox 226 2524 1802 2607">
    <p class='ocr_par' dir='ltr' id='par_1_40' title="bbox 226 2524 1802 2607">
     <span class='ocr_line' id='line_1_40' title="bbox 226 2524 1802 2607; baseline 0.014 -35"><span class='ocrx_word' id='word_1_280' title='bbox 226 2524 562 2594; x_wconf 78' lang='lat' dir='ltr'><strong>Quapropter</strong></span> <span class='ocrx_word' id='word_1_281' title='bbox 610 2527 857 2597; x_wconf 83' lang='lat' dir='ltr'><strong>congruit</strong></span> <span class='ocrx_word' id='word_1_282' title='bbox 904 2537 962 2582; x_wconf 90' lang='lat' dir='ltr'><strong>ut</strong></span> <span class='ocrx_word' id='word_1_283' title='bbox 1006 2546 1102 2584; x_wconf 92' lang='lat' dir='ltr'><strong>nos</strong></span> <span class='ocrx_word' id='word_1_284' title='bbox 1153 2533 1435 2602; x_wconf 63' lang='lat' dir='ltr'><strong>terrigena‘.</strong></span> <span class='ocrx_word' id='word_1_285' title='bbox 1478 2545 1534 2590; x_wconf 90' lang='lat' dir='ltr'><strong>et</strong></span> <span class='ocrx_word' id='word_1_286' title='bbox 1569 2539 1802 2607; x_wconf 82' lang='lat' dir='ltr'><strong>paradisi</strong></span> 
     </span>
    </p>
   </div>
   <div class='ocr_carea' id='block_1_41' title="bbox 222 2617 1804 2695">
    <p class='ocr_par' dir='ltr' id='par_1_41' title="bbox 222 2617 1804 2695">
     <span class='ocr_line' id='line_1_41' title="bbox 222 2617 1804 2695; baseline 0.011 -26"><span class='ocrx_word' id='word_1_287' title='bbox 222 2617 430 2673; x_wconf 62' lang='lat' dir='ltr'><strong>exsules</strong></span> <span class='ocrx_word' id='word_1_288' title='bbox 464 2629 716 2676; x_wconf 83' lang='lat' dir='ltr'><strong>notemus</strong></span> <span class='ocrx_word' id='word_1_289' title='bbox 746 2623 843 2677; x_wconf 88' lang='lat' dir='ltr'><strong>hos</strong></span> <span class='ocrx_word' id='word_1_290' title='bbox 876 2623 1055 2680; x_wconf 87' lang='lat' dir='ltr'><strong>radios</strong></span> <span class='ocrx_word' id='word_1_291' title='bbox 1081 2641 1216 2695; x_wconf 89' lang='lat' dir='ltr'><strong>quos</strong></span> <span class='ocrx_word' id='word_1_292' title='bbox 1253 2627 1499 2684; x_wconf 75' lang='lat' dir='ltr'><strong>diffundit</strong></span> <span class='ocrx_word' id='word_1_293' title='bbox 1535 2631 1650 2685; x_wconf 66' lang='lat' dir='ltr'><strong>haec</strong></span> <span class='ocrx_word' id='word_1_294' title='bbox 1680 2648 1804 2686; x_wconf 90' lang='lat' dir='ltr'><strong>san-</strong></span> 
     </span>
    </p>
   </div>
   <div class='ocr_carea' id='block_1_42' title="bbox 219 2710 1804 2785">
    <p class='ocr_par' dir='ltr' id='par_1_42' title="bbox 219 2710 1804 2785">
     <span class='ocr_line' id='line_1_42' title="bbox 219 2710 1804 2785; baseline 0.011 -25"><span class='ocrx_word' id='word_1_295' title='bbox 219 2717 316 2761; x_wconf 71' lang='lat' dir='ltr'><strong>cte</strong></span> <span class='ocrx_word' id='word_1_296' title='bbox 343 2710 520 2764; x_wconf 80' lang='lat' dir='ltr'><strong>crucis</strong></span> <span class='ocrx_word' id='word_1_297' title='bbox 556 2712 792 2781; x_wconf 84' lang='lat' dir='ltr'><strong>species,</strong></span> <span class='ocrx_word' id='word_1_298' title='bbox 823 2729 920 2784; x_wconf 87' lang='lat' dir='ltr'><strong>per</strong></span> <span class='ocrx_word' id='word_1_299' title='bbox 952 2731 1112 2785; x_wconf 89' lang='lat' dir='ltr'><strong>quam</strong></span> <span class='ocrx_word' id='word_1_300' title='bbox 1139 2718 1385 2776; x_wconf 83' lang='lat' dir='ltr'><strong>Christus</strong></span> <span class='ocrx_word' id='word_1_301' title='bbox 1416 2736 1513 2776; x_wconf 90' lang='lat' dir='ltr'><strong>nos</strong></span> <span class='ocrx_word' id='word_1_302' title='bbox 1550 2722 1722 2777; x_wconf 88' lang='lat' dir='ltr'><strong>salvat</strong></span> <span class='ocrx_word' id='word_1_303' title='bbox 1749 2732 1804 2777; x_wconf 89' lang='lat' dir='ltr'><strong>et</strong></span> 
     </span>
    </p>
   </div>
   <div class='ocr_carea' id='block_1_43' title="bbox 224 2796 1804 2884">
    <p class='ocr_par' dir='ltr' id='par_1_43' title="bbox 224 2796 1804 2884">
     <span class='ocr_line' id='line_1_43' title="bbox 224 2796 1804 2884; baseline 0.014 -36"><span class='ocrx_word' id='word_1_304' title='bbox 224 2796 400 2853; x_wconf 87' lang='lat' dir='ltr'><strong>reddit.</strong></span> <span class='ocrx_word' id='word_1_305' title='bbox 430 2801 772 2869; x_wconf 80' lang='lat' dir='ltr'><strong>splendorem</strong></span> <span class='ocrx_word' id='word_1_306' title='bbox 811 2805 1029 2862; x_wconf 90' lang='lat' dir='ltr'><strong>luminis</strong></span> <span class='ocrx_word' id='word_1_307' title='bbox 1066 2824 1225 2878; x_wconf 91' lang='lat' dir='ltr'><strong>quem</strong></span> <span class='ocrx_word' id='word_1_308' title='bbox 1272 2812 1635 2882; x_wconf 89' lang='lat' dir='ltr'><strong>protoplastus</strong></span> <span class='ocrx_word' id='word_1_309' title='bbox 1676 2831 1804 2884; x_wconf 87' lang='lat' dir='ltr'><strong>pec-</strong></span> 
     </span>
    </p>
   </div>
   <div class='ocr_carea' id='block_1_44' title="bbox 222 2891 1801 2978">
    <p class='ocr_par' dir='ltr' id='par_1_44' title="bbox 222 2891 1801 2978">
     <span class='ocr_line' id='line_1_44' title="bbox 222 2891 1801 2978; baseline 0.014 -38"><span class='ocrx_word' id='word_1_310' title='bbox 222 2906 346 2944; x_wconf 79' lang='lat' dir='ltr'><strong>catis</strong></span> <span class='ocrx_word' id='word_1_311' title='bbox 372 2891 498 2946; x_wconf 89' lang='lat' dir='ltr'><strong>olim</strong></span> <span class='ocrx_word' id='word_1_312' title='bbox 539 2891 659 2960; x_wconf 85' lang='lat' dir='ltr'><strong>jam</strong></span> <span class='ocrx_word' id='word_1_313' title='bbox 681 2896 952 2952; x_wconf 89' lang='lat' dir='ltr'><strong>amiserat.</strong></span> <span class='ocrx_word' id='word_1_314' title='bbox 984 2899 1258 2970; x_wconf 89' lang='lat' dir='ltr'><strong>Quotquot</strong></span> <span class='ocrx_word' id='word_1_315' title='bbox 1297 2919 1426 2974; x_wconf 88' lang='lat' dir='ltr'><strong>ergo</strong></span> <span class='ocrx_word' id='word_1_316' title='bbox 1463 2921 1494 2959; x_wconf 92' lang='lat' dir='ltr'><strong>a</strong></span> <span class='ocrx_word' id='word_1_317' title='bbox 1533 2907 1801 2978; x_wconf 80' lang='lat' dir='ltr'><strong>principio</strong></span> 
     </span>
    </p>
   </div>
   <div class='ocr_carea' id='block_1_45' title="bbox 221 2978 1800 3065">
    <p class='ocr_par' dir='ltr' id='par_1_45' title="bbox 221 2978 1800 3065">
     <span class='ocr_line' id='line_1_45' title="bbox 221 2978 1800 3065; baseline 0.014 -37"><span class='ocrx_word' id='word_1_318' title='bbox 221 2978 313 3034; x_wconf 87' lang='lat' dir='ltr'><strong>hos</strong></span> <span class='ocrx_word' id='word_1_319' title='bbox 339 2981 520 3036; x_wconf 83' lang='lat' dir='ltr'><strong>radios</strong></span> <span class='ocrx_word' id='word_1_320' title='bbox 556 2984 657 3038; x_wconf 87' lang='lat' dir='ltr'><strong>rite</strong></span> <span class='ocrx_word' id='word_1_321' title='bbox 697 2997 1052 3054; x_wconf 86' lang='lat' dir='ltr'><strong>agnoscentes</strong></span> <span class='ocrx_word' id='word_1_322' title='bbox 1083 2992 1500 3058; x_wconf 89' lang='lat' dir='ltr'><strong>venerabuntur,</strong></span> <span class='ocrx_word' id='word_1_323' title='bbox 1529 3005 1800 3065; x_wconf 73' lang='lat' dir='ltr'><strong>perpetua:</strong></span> 
     </span>
    </p>
   </div>
   <div class='ocr_carea' id='block_1_46' title="bbox 222 3065 1802 3150">
    <p class='ocr_par' dir='ltr' id='par_1_46' title="bbox 222 3065 1802 3150">
     <span class='ocr_line' id='line_1_46' title="bbox 222 3065 1802 3150; baseline 0.015 -33"><span class='ocrx_word' id='word_1_324' title='bbox 222 3065 348 3124; x_wconf 79' lang='lat' dir='ltr'><strong>lucis</strong></span> <span class='ocrx_word' id='word_1_325' title='bbox 361 3087 592 3127; x_wconf 78' lang='lat' dir='ltr'><strong>munere</strong></span> <span class='ocrx_word' id='word_1_326' title='bbox 610 3075 977 3143; x_wconf 77' lang='lat' dir='ltr'><strong>perfruuntur,</strong></span> <span class='ocrx_word' id='word_1_327' title='bbox 995 3081 1290 3150; x_wconf 89' lang='lat' dir='ltr'><strong>crebroque</strong></span> <span class='ocrx_word' id='word_1_328' title='bbox 1307 3082 1608 3150; x_wconf 90' lang='lat' dir='ltr'><strong>hocjubare</strong></span> <span class='ocrx_word' id='word_1_329' title='bbox 1622 3085 1802 3140; x_wconf 84' lang='lat' dir='ltr'><strong>vibra-</strong></span> 
     </span>
    </p>
   </div>
   <div class='ocr_carea' id='block_1_47' title="bbox 222 3155 1796 3246">
    <p class='ocr_par' dir='ltr' id='par_1_47' title="bbox 222 3155 1796 3246">
     <span class='ocr_line' id='line_1_47' title="bbox 222 3155 1796 3246; baseline 0.016 -40"><span class='ocrx_word' id='word_1_330' title='bbox 222 3155 351 3211; x_wconf 82' lang='lat' dir='ltr'><strong>bant‘</strong></span> <span class='ocrx_word' id='word_1_331' title='bbox 373 3176 525 3214; x_wconf 90' lang='lat' dir='ltr'><strong>arma</strong></span> <span class='ocrx_word' id='word_1_332' title='bbox 568 3165 979 3234; x_wconf 87' lang='lat' dir='ltr'><strong>prophetarum,</strong></span> <span class='ocrx_word' id='word_1_333' title='bbox 1023 3180 1076 3224; x_wconf 82' lang='lat' dir='ltr'><strong>et</strong></span> <span class='ocrx_word' id='word_1_334' title='bbox 1113 3187 1230 3226; x_wconf 89' lang='lat' dir='ltr'><strong>sors</strong></span> <span class='ocrx_word' id='word_1_335' title='bbox 1271 3175 1562 3243; x_wconf 89' lang='lat' dir='ltr'><strong>apostolica</strong></span> <span class='ocrx_word' id='word_1_336' title='bbox 1602 3177 1796 3246; x_wconf 79' lang='lat' dir='ltr'><strong>praedi-</strong></span> 
     </span>
    </p>
   </div>
   <div class='ocr_carea' id='block_1_48' title="bbox 219 3227 1867 3333">
    <p class='ocr_par' dir='ltr' id='par_1_48' title="bbox 219 3227 1867 3333">
     <span class='ocr_line' id='line_1_48' title="bbox 219 3227 1867 3333; baseline 0.015 -34"><span class='ocrx_word' id='word_1_337' title='bbox 219 3261 342 3304; x_wconf 76' lang='lat' dir='ltr'><strong>cans</strong></span> <span class='ocrx_word' id='word_1_338' title='bbox 364 3249 461 3307; x_wconf 73' lang='lat' dir='ltr'><strong>hac</strong></span> <span class='ocrx_word' id='word_1_339' title='bbox 495 3251 614 3309; x_wconf 82' lang='lat' dir='ltr'><strong>luce</strong></span> <span class='ocrx_word' id='word_1_340' title='bbox 631 3255 885 3312; x_wconf 82' lang='lat' dir='ltr'><strong>nobiliter</strong></span> <span class='ocrx_word' id='word_1_341' title='bbox 911 3263 1259 3328; x_wconf 57' lang='lat' dir='ltr'><strong>commeabat;</strong></span> <span class='ocrx_word' id='word_1_342' title='bbox 1291 3238 1499 3333; x_wconf 84' lang='lat' dir='ltr'><strong>hocque</strong></span> <span class='ocrx_word' id='word_1_343' title='bbox 1525 3265 1638 3320; x_wconf 85' lang='lat' dir='ltr'><strong>sole</strong></span> <span class='ocrx_word' id='word_1_344' title='bbox 1663 3268 1795 3322; x_wconf 86' lang='lat' dir='ltr'><strong>ﬁdes</strong></span> <span class='ocrx_word' id='word_1_345' title='bbox 1823 3227 1867 3288; x_wconf 68' lang='grc' dir='ltr'>Ο</span> 
     </span>
    </p>
   </div>
   <div class='ocr_carea' id='block_1_49' title="bbox 218 3338 1794 3424">
    <p class='ocr_par' dir='ltr' id='par_1_49' title="bbox 218 3338 1794 3424">
     <span class='ocr_line' id='line_1_49' title="bbox 218 3338 1794 3424; baseline 0.014 -33"><span class='ocrx_word' id='word_1_346' title='bbox 218 3338 408 3396; x_wconf 80' lang='lat' dir='ltr'><strong>Christi</strong></span> <span class='ocrx_word' id='word_1_347' title='bbox 439 3352 554 3398; x_wconf 90' lang='lat' dir='ltr'><strong>toto</strong></span> <span class='ocrx_word' id='word_1_348' title='bbox 579 3347 710 3400; x_wconf 91' lang='lat' dir='ltr'><strong>orbe</strong></span> <span class='ocrx_word' id='word_1_349' title='bbox 733 3357 997 3404; x_wconf 89' lang='lat' dir='ltr'><strong>terrarum</strong></span> <span class='ocrx_word' id='word_1_350' title='bbox 1023 3351 1244 3419; x_wconf 83' lang='lat' dir='ltr'><strong>relucet,</strong></span> <span class='ocrx_word' id='word_1_351' title='bbox 1272 3364 1432 3424; x_wconf 89' lang='lat' dir='ltr'><strong>atque</strong></span> <span class='ocrx_word' id='word_1_352' title='bbox 1461 3356 1600 3411; x_wconf 88' lang='lat' dir='ltr'><strong>bona</strong></span> <span class='ocrx_word' id='word_1_353' title='bbox 1632 3359 1794 3414; x_wconf 82' lang='lat' dir='ltr'><strong>corda</strong></span> 
     </span>
    </p>
   </div>
   <div class='ocr_carea' id='block_1_50' title="bbox 218 3432 1798 3518">
    <p class='ocr_par' dir='ltr' id='par_1_50' title="bbox 218 3432 1798 3518">
     <span class='ocr_line' id='line_1_50' title="bbox 218 3432 1798 3518; baseline 0.012 -34"><span class='ocrx_word' id='word_1_354' title='bbox 218 3432 489 3490; x_wconf 87' lang='lat' dir='ltr'><strong>hominum</strong></span> <span class='ocrx_word' id='word_1_355' title='bbox 531 3445 758 3506; x_wconf 89' lang='lat' dir='ltr'><strong>votaque</strong></span> <span class='ocrx_word' id='word_1_356' title='bbox 788 3441 872 3508; x_wconf 65' lang='lat' dir='ltr'><strong>pia</strong></span> <span class='ocrx_word' id='word_1_357' title='bbox 901 3451 1221 3497; x_wconf 85' lang='lat' dir='ltr'><strong>sanctorum.</strong></span> <span class='ocrx_word' id='word_1_358' title='bbox 1247 3454 1435 3513; x_wconf 89' lang='lat' dir='ltr'><strong>patent</strong></span> <span class='ocrx_word' id='word_1_359' title='bbox 1460 3461 1474 3499; x_wconf 90' lang='lat'><strong>:</strong></span> <span class='ocrx_word' id='word_1_360' title='bbox 1505 3445 1638 3514; x_wconf 87' lang='lat' dir='ltr'><strong>justi</strong></span> <span class='ocrx_word' id='word_1_361' title='bbox 1665 3465 1798 3518; x_wconf 87' lang='lat' dir='ltr'><strong>quo-</strong></span> 
     </span>
    </p>
   </div>
   <div class='ocr_carea' id='block_1_51' title="bbox 215 3523 1792 3606">
    <p class='ocr_par' dir='ltr' id='par_1_51' title="bbox 215 3523 1792 3606">
     <span class='ocr_line' id='line_1_51' title="bbox 215 3523 1792 3606; baseline 0.014 -33"><span class='ocrx_word' id='word_1_362' title='bbox 215 3537 314 3590; x_wconf 89' lang='lat' dir='ltr'><strong>que</strong></span> <span class='ocrx_word' id='word_1_363' title='bbox 334 3523 518 3579; x_wconf 90' lang='lat' dir='ltr'><strong>divino</strong></span> <span class='ocrx_word' id='word_1_364' title='bbox 547 3542 766 3582; x_wconf 88' lang='lat' dir='ltr'><strong>munere</strong></span> <span class='ocrx_word' id='word_1_365' title='bbox 791 3531 1074 3597; x_wconf 85' lang='lat' dir='ltr'><strong>pollentes,</strong></span> <span class='ocrx_word' id='word_1_366' title='bbox 1096 3549 1193 3602; x_wconf 87' lang='lat' dir='ltr'><strong>per</strong></span> <span class='ocrx_word' id='word_1_367' title='bbox 1220 3537 1444 3606; x_wconf 74' lang='lat' dir='ltr'><strong>mystica</strong></span> <span class='ocrx_word' id='word_1_368' title='bbox 1467 3539 1636 3606; x_wconf 83' lang='lat' dir='ltr'><strong>signa,</strong></span> <span class='ocrx_word' id='word_1_369' title='bbox 1663 3541 1792 3595; x_wconf 92' lang='lat' dir='ltr'><strong>olim</strong></span> 
     </span>
    </p>
   </div>
   <div class='ocr_carea' id='block_1_52' title="bbox 209 3613 1797 3700">
    <p class='ocr_par' dir='ltr' id='par_1_52' title="bbox 209 3613 1797 3700">
     <span class='ocr_line' id='line_1_52' title="bbox 209 3613 1797 3700; baseline 0.015 -36"><span class='ocrx_word' id='word_1_370' title='bbox 209 3613 316 3683; x_wconf 71' lang='lat' dir='ltr'><strong>jam</strong></span> <span class='ocrx_word' id='word_1_371' title='bbox 345 3615 593 3682; x_wconf 88' lang='lat' dir='ltr'><strong>patribus</strong></span> <span class='ocrx_word' id='word_1_372' title='bbox 626 3620 816 3673; x_wconf 88' lang='lat' dir='ltr'><strong>tradita</strong></span> <span class='ocrx_word' id='word_1_373' title='bbox 835 3661 848 3686; x_wconf 90' lang='lat'><strong>,</strong></span> <span class='ocrx_word' id='word_1_374' title='bbox 878 3621 1076 3677; x_wconf 92' lang='lat' dir='ltr'><strong>bonum</strong></span> <span class='ocrx_word' id='word_1_375' title='bbox 1113 3635 1167 3680; x_wconf 91' lang='lat' dir='ltr'><strong>et</strong></span> <span class='ocrx_word' id='word_1_376' title='bbox 1205 3627 1470 3684; x_wconf 90' lang='lat' dir='ltr'><strong>salubrem</strong></span> <span class='ocrx_word' id='word_1_377' title='bbox 1501 3631 1797 3700; x_wconf 78' lang='lat' dir='ltr'><strong>conjiciunt</strong></span> 
     </span>
    </p>
   </div>
   <div class='ocr_carea' id='block_1_53' title="bbox 216 3707 1793 3790">
    <p class='ocr_par' dir='ltr' id='par_1_53' title="bbox 216 3707 1793 3790">
     <span class='ocr_line' id='line_1_53' title="bbox 216 3707 1793 3790; baseline 0.014 -32"><span class='ocrx_word' id='word_1_378' title='bbox 216 3707 443 3772; x_wconf 80' lang='lat' dir='ltr'><strong>radium,</strong></span> <span class='ocrx_word' id='word_1_379' title='bbox 474 3716 530 3762; x_wconf 89' lang='lat' dir='ltr'><strong>et</strong></span> <span class='ocrx_word' id='word_1_380' title='bbox 555 3709 777 3777; x_wconf 89' lang='lat' dir='ltr'><strong>proinde</strong></span> <span class='ocrx_word' id='word_1_381' title='bbox 805 3713 1068 3770; x_wconf 86' lang='lat' dir='ltr'><strong>mandatis</strong></span> <span class='ocrx_word' id='word_1_382' title='bbox 1097 3716 1439 3775; x_wconf 81' lang='lat' dir='ltr'><strong>Deiobedirc</strong></span> <span class='ocrx_word' id='word_1_383' title='bbox 1468 3726 1793 3790; x_wconf 71' lang='lat' dir='ltr'><strong>persuadent</strong></span> 
     </span>
    </p>
   </div>
   <div class='ocr_carea' id='block_1_54' title="bbox 212 3797 1790 3885">
    <p class='ocr_par' dir='ltr' id='par_1_54' title="bbox 212 3797 1790 3885">
     <span class='ocr_line' id='line_1_54' title="bbox 212 3797 1790 3885; baseline 0.016 -37"><span class='ocrx_word' id='word_1_384' title='bbox 212 3797 450 3864; x_wconf 81' lang='lat' dir='ltr'><strong>populis,</strong></span> <span class='ocrx_word' id='word_1_385' title='bbox 491 3813 611 3852; x_wconf 90' lang='lat' dir='ltr'><strong>cum</strong></span> <span class='ocrx_word' id='word_1_386' title='bbox 649 3798 861 3856; x_wconf 89' lang='lat' dir='ltr'><strong>Christo</strong></span> <span class='ocrx_word' id='word_1_387' title='bbox 901 3807 1177 3864; x_wconf 85' lang='lat' dir='ltr'><strong>ascribunt</strong></span> <span class='ocrx_word' id='word_1_388' title='bbox 1216 3810 1316 3865; x_wconf 86' lang='lat' dir='ltr'><strong>soli</strong></span> <span class='ocrx_word' id='word_1_389' title='bbox 1367 3814 1790 3885; x_wconf 80' lang='lat' dir='ltr'><strong>profunditatem</strong></span> 
     </span>
    </p>
   </div>
   <div class='ocr_carea' id='block_1_55' title="bbox 213 3887 1790 3972">
    <p class='ocr_par' dir='ltr' id='par_1_55' title="bbox 213 3887 1790 3972">
     <span class='ocr_line' id='line_1_55' title="bbox 213 3887 1790 3972; baseline 0.018 -36"><span class='ocrx_word' id='word_1_390' title='bbox 213 3887 589 3956; x_wconf 78' lang='lat' dir='ltr'><strong>mysteriorum</strong></span> <span class='ocrx_word' id='word_1_391' title='bbox 620 3889 791 3962; x_wconf 80' lang='lat' dir='ltr'><strong>dignis</strong></span> <span class='ocrx_word' id='word_1_392' title='bbox 822 3895 1186 3961; x_wconf 71' lang='lat' dir='ltr'><strong>revelare,.et</strong></span> <span class='ocrx_word' id='word_1_393' title='bbox 1214 3899 1361 3956; x_wconf 86' lang='lat' dir='ltr'><strong>dona.</strong></span> <span class='ocrx_word' id='word_1_394' title='bbox 1385 3907 1637 3972; x_wconf 86' lang='lat' dir='ltr'><strong>perennis</strong></span> <span class='ocrx_word' id='word_1_395' title='bbox 1667 3908 1790 3964; x_wconf 77' lang='lat' dir='ltr'><strong>vita:</strong></span> 
     </span>
    </p>
   </div>
   <div class='ocr_carea' id='block_1_56' title="bbox 214 3975 1789 4061">
    <p class='ocr_par' dir='ltr' id='par_1_56' title="bbox 214 3975 1789 4061">
     <span class='ocr_line' id='line_1_56' title="bbox 214 3975 1789 4061; baseline 0.018 -35"><span class='ocrx_word' id='word_1_396' title='bbox 214 3975 450 4033; x_wconf 63' lang='lat' dir='ltr'><strong>ﬁdelibus</strong></span> <span class='ocrx_word' id='word_1_397' title='bbox 483 3979 712 4035; x_wconf 87' lang='lat' dir='ltr'><strong>tradere.</strong></span> <span class='ocrx_word' id='word_1_398' title='bbox 746 3982 994 4040; x_wconf 90' lang='lat' dir='ltr'><strong>Christus</strong></span> <span class='ocrx_word' id='word_1_399' title='bbox 1021 4003 1148 4061; x_wconf 81' lang='lat' dir='ltr'><strong>ergo</strong></span> <span class='ocrx_word' id='word_1_400' title='bbox 1181 4006 1268 4044; x_wconf 85' lang='lat' dir='ltr'><strong>rex</strong></span> <span class='ocrx_word' id='word_1_401' title='bbox 1308 4009 1551 4050; x_wconf 89' lang='lat' dir='ltr'><strong>summus</strong></span> <span class='ocrx_word' id='word_1_402' title='bbox 1587 4007 1639 4053; x_wconf 89' lang='lat' dir='ltr'><strong>et</strong></span> <span class='ocrx_word' id='word_1_403' title='bbox 1677 4013 1789 4054; x_wconf 60' lang='lat' dir='ltr'><strong>cre-</strong></span> 
     </span>
    </p>
   </div>
   <div class='ocr_carea' id='block_1_57' title="bbox 213 4064 1786 4146">
    <p class='ocr_par' dir='ltr' id='par_1_57' title="bbox 213 4064 1786 4146">
     <span class='ocr_line' id='line_1_57' title="bbox 213 4064 1786 4146; baseline 0.018 -28"><span class='ocrx_word' id='word_1_404' title='bbox 213 4064 356 4121; x_wconf 87' lang='lat' dir='ltr'><strong>lestia</strong></span> <span class='ocrx_word' id='word_1_405' title='bbox 380 4068 622 4125; x_wconf 84' lang='lat' dir='ltr'><strong>tribuens</strong></span> <span class='ocrx_word' id='word_1_406' title='bbox 642 4071 921 4141; x_wconf 88' lang='lat' dir='ltr'><strong>Dominus,</strong></span> <span class='ocrx_word' id='word_1_407' title='bbox 937 4094 1169 4134; x_wconf 86' lang='lat' dir='ltr'><strong>munere</strong></span> <span class='ocrx_word' id='word_1_408' title='bbox 1193 4082 1375 4138; x_wconf 89' lang='lat' dir='ltr'><strong>divino</strong></span> <span class='ocrx_word' id='word_1_409' title='bbox 1397 4088 1660 4144; x_wconf 87' lang='lat' dir='ltr'><strong>scandens</strong></span> <span class='ocrx_word' id='word_1_410' title='bbox 1678 4091 1786 4146; x_wconf 85' lang='lat' dir='ltr'><strong>alta</strong></span> 
     </span>
    </p>
   </div>
   <div class='ocr_carea' id='block_1_58' title="bbox 211 4159 1788 4245">
    <p class='ocr_par' dir='ltr' id='par_1_58' title="bbox 211 4159 1788 4245">
     <span class='ocr_line' id='line_1_58' title="bbox 211 4159 1788 4245; baseline 0.016 -36"><span class='ocrx_word' id='word_1_411' title='bbox 211 4159 379 4213; x_wconf 80' lang='lat' dir='ltr'><strong>crucis</strong></span> <span class='ocrx_word' id='word_1_412' title='bbox 405 4162 619 4238; x_wconf 84' lang='lat' dir='ltr'><strong>robora,</strong></span> <span class='ocrx_word' id='word_1_413' title='bbox 650 4164 932 4222; x_wconf 81' lang='lat' dir='ltr'><strong>manifeste</strong></span> <span class='ocrx_word' id='word_1_414' title='bbox 961 4168 1214 4235; x_wconf 83' lang='lat' dir='ltr'><strong>innotuit,</strong></span> <span class='ocrx_word' id='word_1_415' title='bbox 1247 4172 1386 4229; x_wconf 84' lang='lat' dir='ltr'><strong>hanc</strong></span> <span class='ocrx_word' id='word_1_416' title='bbox 1416 4177 1650 4245; x_wconf 86' lang='lat' dir='ltr'><strong>speciem</strong></span> <span class='ocrx_word' id='word_1_417' title='bbox 1678 4179 1788 4234; x_wconf 82' lang='lat' dir='ltr'><strong>for-</strong></span> 
     </span>
    </p>
   </div>
   <div class='ocr_carea' id='block_1_59' title="bbox 213 4249 1786 4331">
    <p class='ocr_par' dir='ltr' id='par_1_59' title="bbox 213 4249 1786 4331">
     <span class='ocr_line' id='line_1_59' title="bbox 213 4249 1786 4331; baseline 0.015 -31"><span class='ocrx_word' id='word_1_418' title='bbox 213 4249 423 4314; x_wconf 88' lang='lat' dir='ltr'><strong>mando,</strong></span> <span class='ocrx_word' id='word_1_419' title='bbox 447 4266 547 4321; x_wconf 89' lang='lat' dir='ltr'><strong>per</strong></span> <span class='ocrx_word' id='word_1_420' title='bbox 571 4252 723 4306; x_wconf 86' lang='lat' dir='ltr'><strong>hano-</strong></span> <span class='ocrx_word' id='word_1_421' title='bbox 735 4270 791 4308; x_wconf 89' lang='lat' dir='ltr'><strong>se</strong></span> <span class='ocrx_word' id='word_1_422' title='bbox 816 4257 1056 4327; x_wconf 81' lang='lat' dir='ltr'><strong>pandere</strong></span> <span class='ocrx_word' id='word_1_423' title='bbox 1075 4260 1241 4316; x_wconf 71' lang='lat' dir='ltr'><strong>cmlos</strong></span> <span class='ocrx_word' id='word_1_424' title='bbox 1266 4262 1487 4331; x_wconf 90' lang='lat' dir='ltr'><strong>mundo,</strong></span> <span class='ocrx_word' id='word_1_425' title='bbox 1512 4275 1568 4322; x_wconf 91' lang='lat' dir='ltr'><strong>et</strong></span> <span class='ocrx_word' id='word_1_426' title='bbox 1594 4269 1704 4323; x_wconf 85' lang='lat' dir='ltr'><strong>vult</strong></span> <span class='ocrx_word' id='word_1_427' title='bbox 1727 4279 1786 4324; x_wconf 90' lang='lat' dir='ltr'><strong>ut</strong></span> 
     </span>
    </p>
   </div>
   <div class='ocr_carea' id='block_1_60' title="bbox 211 4341 1784 4426">
    <p class='ocr_par' dir='ltr' id='par_1_60' title="bbox 211 4341 1784 4426">
     <span class='ocr_line' id='line_1_60' title="bbox 211 4341 1784 4426; baseline 0.018 -39"><span class='ocrx_word' id='word_1_428' title='bbox 211 4348 492 4406; x_wconf 87' lang='lat' dir='ltr'><strong>sequentes</strong></span> <span class='ocrx_word' id='word_1_429' title='bbox 529 4341 646 4411; x_wconf 87' lang='lat' dir='ltr'><strong>ejus</strong></span> <span class='ocrx_word' id='word_1_430' title='bbox 684 4344 939 4416; x_wconf 76' lang='lat' dir='ltr'><strong>vestigia,</strong></span> <span class='ocrx_word' id='word_1_431' title='bbox 975 4348 1098 4403; x_wconf 74' lang='lat' dir='ltr'><strong>vita:</strong></span> <span class='ocrx_word' id='word_1_432' title='bbox 1139 4366 1235 4420; x_wconf 91' lang='lat' dir='ltr'><strong>per</strong></span> <span class='ocrx_word' id='word_1_433' title='bbox 1274 4351 1413 4408; x_wconf 92' lang='lat' dir='ltr'><strong>hanc</strong></span> <span class='ocrx_word' id='word_1_434' title='bbox 1449 4358 1784 4426; x_wconf 84' lang='lat' dir='ltr'><strong>reperiamus</strong></span> 
     </span>
    </p>
   </div>
   <div class='ocr_carea' id='block_1_61' title="bbox 213 4424 1784 4518">
    <p class='ocr_par' dir='ltr' id='par_1_61' title="bbox 213 4424 1784 4518">
     <span class='ocr_line' id='line_1_61' title="bbox 213 4424 1784 4518; baseline 0.02 -42"><span class='ocrx_word' id='word_1_435' title='bbox 213 4424 505 4483; x_wconf 89' lang='lat' dir='ltr'><strong>introitum.</strong></span> <span class='ocrx_word' id='word_1_436' title='bbox 537 4429 777 4503; x_wconf 90' lang='lat' dir='ltr'><strong>Denique</strong></span> <span class='ocrx_word' id='word_1_437' title='bbox 817 4445 1008 4504; x_wconf 90' lang='lat' dir='ltr'><strong>quater</strong></span> <span class='ocrx_word' id='word_1_438' title='bbox 1039 4447 1219 4496; x_wconf 90' lang='lat' dir='ltr'><strong>ternos</strong></span> <span class='ocrx_word' id='word_1_439' title='bbox 1247 4453 1452 4509; x_wconf 90' lang='lat' dir='ltr'><strong>ventos,</strong></span> <span class='ocrx_word' id='word_1_440' title='bbox 1479 4424 1521 4500; x_wconf 13' lang='lat' dir='ltr'><strong>al</strong></span> <span class='ocrx_word' id='word_1_441' title='bbox 1551 4459 1784 4518; x_wconf 89' lang='lat' dir='ltr'><strong>quatuor</strong></span> 
     </span>
    </p>
   </div>
   <div class='ocr_carea' id='block_1_62' title="bbox 213 4515 1780 4595">
    <p class='ocr_par' dir='ltr' id='par_1_62' title="bbox 213 4515 1780 4595">
     <span class='ocr_line' id='line_1_62' title="bbox 213 4515 1780 4595; baseline 0.019 -29"><span class='ocrx_word' id='word_1_442' title='bbox 213 4515 370 4588; x_wconf 77' lang='lat' dir='ltr'><strong>plagis</strong></span> <span class='ocrx_word' id='word_1_443' title='bbox 395 4521 580 4575; x_wconf 86' lang='lat' dir='ltr'><strong>mundi</strong></span> <span class='ocrx_word' id='word_1_444' title='bbox 609 4531 661 4577; x_wconf 92' lang='lat' dir='ltr'><strong>et</strong></span> <span class='ocrx_word' id='word_1_445' title='bbox 684 4525 885 4579; x_wconf 88' lang='lat' dir='ltr'><strong>ambitu</strong></span> <span class='ocrx_word' id='word_1_446' title='bbox 914 4527 1112 4583; x_wconf 90' lang='lat' dir='ltr'><strong>Oceani</strong></span> <span class='ocrx_word' id='word_1_447' title='bbox 1143 4531 1194 4584; x_wconf 93' lang='lat' dir='ltr'><strong>in</strong></span> <span class='ocrx_word' id='word_1_448' title='bbox 1222 4533 1406 4589; x_wconf 89' lang='lat' dir='ltr'><strong>habitu</strong></span> <span class='ocrx_word' id='word_1_449' title='bbox 1439 4515 1639 4593; x_wconf 70' lang='lat' dir='ltr'><strong>sancite</strong></span> <span class='ocrx_word' id='word_1_450' title='bbox 1665 4556 1780 4595; x_wconf 90' lang='lat' dir='ltr'><strong>cru-</strong></span> 
     </span>
    </p>
   </div>
   <div class='ocr_carea' id='block_1_63' title="bbox 212 4607 1780 4697">
    <p class='ocr_par' dir='ltr' id='par_1_63' title="bbox 212 4607 1780 4697">
     <span class='ocr_line' id='line_1_63' title="bbox 212 4607 1780 4697; baseline 0.018 -39"><span class='ocrx_word' id='word_1_451' title='bbox 212 4607 291 4660; x_wconf 86' lang='lat' dir='ltr'><strong>cis.</strong></span> <span class='ocrx_word' id='word_1_452' title='bbox 307 4608 620 4678; x_wconf 89' lang='lat' dir='ltr'><strong>conjunctos</strong></span> <span class='ocrx_word' id='word_1_453' title='bbox 645 4623 703 4667; x_wconf 77' lang='lat' dir='ltr'><strong>et</strong></span> <span class='ocrx_word' id='word_1_454' title='bbox 725 4616 1071 4683; x_wconf 87' lang='lat' dir='ltr'><strong>coadunatos,</strong></span> <span class='ocrx_word' id='word_1_455' title='bbox 1097 4619 1344 4677; x_wconf 89' lang='lat' dir='ltr'><strong>Salvator</strong></span> <span class='ocrx_word' id='word_1_456' title='bbox 1367 4626 1609 4683; x_wconf 86' lang='lat' dir='ltr'><strong>salubres</strong></span> <span class='ocrx_word' id='word_1_457' title='bbox 1631 4628 1780 4697; x_wconf 84' lang='lat' dir='ltr'><strong>fecit,</strong></span> 
     </span>
    </p>
   </div>
   <div class='ocr_carea' id='block_1_64' title="bbox 212 4696 1785 4785">
    <p class='ocr_par' dir='ltr' id='par_1_64' title="bbox 212 4696 1785 4785">
     <span class='ocr_line' id='line_1_64' title="bbox 212 4696 1785 4785; baseline 0.02 -40"><span class='ocrx_word' id='word_1_458' title='bbox 212 4696 761 4768; x_wconf 55' lang='lat' dir='ltr'><strong>signaque&#39;duodecim</strong></span> <span class='ocrx_word' id='word_1_459' title='bbox 777 4721 898 4759; x_wconf 90' lang='lat' dir='ltr'><strong>cum</strong></span> <span class='ocrx_word' id='word_1_460' title='bbox 924 4710 1195 4767; x_wconf 89' lang='lat' dir='ltr'><strong>mensibus</strong></span> <span class='ocrx_word' id='word_1_461' title='bbox 1215 4714 1326 4768; x_wconf 92' lang='lat' dir='ltr'><strong>suis</strong></span> <span class='ocrx_word' id='word_1_462' title='bbox 1349 4715 1461 4785; x_wconf 89' lang='lat' dir='ltr'><strong>ipse</strong></span> <span class='ocrx_word' id='word_1_463' title='bbox 1481 4717 1785 4777; x_wconf 88' lang='lat' dir='ltr'><strong>dominator</strong></span> 
     </span>
    </p>
   </div>
   <div class='ocr_carea' id='block_1_65' title="bbox 212 4795 1782 4878">
    <p class='ocr_par' dir='ltr' id='par_1_65' title="bbox 212 4795 1782 4878">
     <span class='ocr_line' id='line_1_65' title="bbox 212 4795 1782 4878; baseline 0.017 -37"><span class='ocrx_word' id='word_1_464' title='bbox 212 4799 528 4859; x_wconf 88' lang='lat' dir='ltr'><strong>sustentans,</strong></span> <span class='ocrx_word' id='word_1_465' title='bbox 549 4795 758 4865; x_wconf 56' lang='lat' dir='ltr'><strong>regit‘et</strong></span> <span class='ocrx_word' id='word_1_466' title='bbox 777 4799 1060 4866; x_wconf 80' lang='lat' dir='ltr'><strong>gubernat,</strong></span> <span class='ocrx_word' id='word_1_467' title='bbox 1083 4817 1146 4857; x_wconf 93' lang='lat' dir='ltr'><strong>ac</strong></span> <span class='ocrx_word' id='word_1_468' title='bbox 1161 4803 1401 4859; x_wconf 90' lang='lat' dir='ltr'><strong>duodena</strong></span> <span class='ocrx_word' id='word_1_469' title='bbox 1424 4810 1595 4878; x_wconf 89' lang='lat' dir='ltr'><strong>spatia</strong></span> <span class='ocrx_word' id='word_1_470' title='bbox 1621 4811 1782 4866; x_wconf 81' lang='lat' dir='ltr'><strong>liora-</strong></span> 
     </span>
    </p>
   </div>
   <div class='ocr_carea' id='block_1_66' title="bbox 213 4884 1776 4973">
    <p class='ocr_par' dir='ltr' id='par_1_66' title="bbox 213 4884 1776 4973">
     <span class='ocr_line' id='line_1_66' title="bbox 213 4884 1776 4973; baseline 0.019 -44"><span class='ocrx_word' id='word_1_471' title='bbox 213 4893 320 4932; x_wconf 90' lang='lat' dir='ltr'><strong>rnm</strong></span> <span class='ocrx_word' id='word_1_472' title='bbox 348 4884 567 4938; x_wconf 28' lang='lat' dir='ltr'><strong>oriente.</strong></span> <span class='ocrx_word' id='word_1_473' title='bbox 595 4886 706 4940; x_wconf 87' lang='lat' dir='ltr'><strong>sole</strong></span> <span class='ocrx_word' id='word_1_474' title='bbox 737 4889 970 4957; x_wconf 89' lang='lat' dir='ltr'><strong>disponit</strong></span> <span class='ocrx_word' id='word_1_475' title='bbox 999 4894 1371 4950; x_wconf 60' lang='lat' dir='ltr'><strong>ordinabilite‘r</strong></span> <span class='ocrx_word' id='word_1_476' title='bbox 1401 4901 1538 4954; x_wconf 89' lang='lat' dir='ltr'><strong>trahi</strong></span> <span class='ocrx_word' id='word_1_477' title='bbox 1569 4910 1624 4956; x_wconf 91' lang='lat' dir='ltr'><strong>et</strong></span> <span class='ocrx_word' id='word_1_478' title='bbox 1652 4919 1776 4973; x_wconf 82' lang='lat' dir='ltr'><strong>pcr-</strong></span> 
     </span>
    </p>
   </div>
   <div class='ocr_carea' id='block_1_67' title="bbox 211 4968 1774 5054">
    <p class='ocr_par' dir='ltr' id='par_1_67' title="bbox 211 4968 1774 5054">
     <span class='ocr_line' id='line_1_67' title="bbox 211 4968 1774 5054; baseline 0.017 -31"><span class='ocrx_word' id='word_1_479' title='bbox 211 4968 322 5026; x_wconf 85' lang='lat' dir='ltr'><strong>duci</strong></span> <span class='ocrx_word' id='word_1_480' title='bbox 353 4974 418 5028; x_wconf 88' lang='lat' dir='ltr'><strong>ad</strong></span> <span class='ocrx_word' id='word_1_481' title='bbox 448 4990 724 5030; x_wconf 89' lang='lat' dir='ltr'><strong>occasum.</strong></span> <span class='ocrx_word' id='word_1_482' title='bbox 756 4977 834 5032; x_wconf 86' lang='lat' dir='ltr'><strong>Ad</strong></span> <span class='ocrx_word' id='word_1_483' title='bbox 864 4982 976 5036; x_wconf 58' lang='lat' dir='ltr'><strong>haec</strong></span> <span class='ocrx_word' id='word_1_484' title='bbox 1005 5001 1218 5054; x_wconf 88' lang='lat' dir='ltr'><strong>quoque</strong></span> <span class='ocrx_word' id='word_1_485' title='bbox 1261 4990 1511 5044; x_wconf 87' lang='lat' dir='ltr'><strong>universa</strong></span> <span class='ocrx_word' id='word_1_486' title='bbox 1550 4993 1774 5049; x_wconf 82' lang='lat' dir='ltr'><strong>demon-</strong></span> 
     </span>
    </p>
   </div>
   <div class='ocr_carea' id='block_1_68' title="bbox 211 5063 1770 5152">
    <p class='ocr_par' dir='ltr' id='par_1_68' title="bbox 211 5063 1770 5152">
     <span class='ocr_line' id='line_1_68' title="bbox 211 5063 1770 5152; baseline 0.017 -41"><span class='ocrx_word' id='word_1_487' title='bbox 211 5063 414 5117; x_wconf 89' lang='lat' dir='ltr'><strong>stranda</strong></span> <span class='ocrx_word' id='word_1_488' title='bbox 442 5066 748 5122; x_wconf 81' lang='lat' dir='ltr'><strong>distributio</strong></span> <span class='ocrx_word' id='word_1_489' title='bbox 763 5069 1074 5127; x_wconf 89' lang='lat' dir='ltr'><strong>duodenarii</strong></span> <span class='ocrx_word' id='word_1_490' title='bbox 1104 5079 1331 5142; x_wconf 90' lang='lat' dir='ltr'><strong>numeri,</strong></span> <span class='ocrx_word' id='word_1_491' title='bbox 1351 5081 1770 5152; x_wconf 82' lang='lat' dir='ltr'><strong>quadrangulam</strong></span> 
     </span>
    </p>
   </div>
   <div class='ocr_carea' id='block_1_69' title="bbox 213 5149 1772 5244">
    <p class='ocr_par' dir='ltr' id='par_1_69' title="bbox 213 5149 1772 5244">
     <span class='ocr_line' id='line_1_69' title="bbox 213 5149 1772 5244; baseline 0.017 -39"><span class='ocrx_word' id='word_1_492' title='bbox 213 5165 396 5209; x_wconf 64' lang='lat' dir='ltr'><strong>sancte</strong></span> <span class='ocrx_word' id='word_1_493' title='bbox 432 5158 608 5212; x_wconf 88' lang='lat' dir='ltr'><strong>crucis</strong></span> <span class='ocrx_word' id='word_1_494' title='bbox 637 5149 860 5215; x_wconf 77' lang='lat' dir='ltr'><strong>fortnam</strong></span> <span class='ocrx_word' id='word_1_495' title='bbox 893 5167 1144 5236; x_wconf 87' lang='lat' dir='ltr'><strong>complet.</strong></span> <span class='ocrx_word' id='word_1_496' title='bbox 1178 5169 1366 5224; x_wconf 86' lang='lat' dir='ltr'><strong>Omnia</strong></span> <span class='ocrx_word' id='word_1_497' title='bbox 1398 5189 1626 5244; x_wconf 87' lang='lat' dir='ltr'><strong>namque</strong></span> <span class='ocrx_word' id='word_1_498' title='bbox 1656 5177 1772 5231; x_wconf 83' lang='lat' dir='ltr'><strong>vin-</strong></span> 
     </span>
    </p>
   </div>
   <div class='ocr_carea' id='block_1_70' title="bbox 212 5244 1779 5325">
    <p class='ocr_par' dir='ltr' id='par_1_70' title="bbox 212 5244 1779 5325">
     <span class='ocr_line' id='line_1_70' title="bbox 212 5244 1779 5325; baseline 0.016 -29"><span class='ocrx_word' id='word_1_499' title='bbox 212 5244 318 5298; x_wconf 88' lang='lat' dir='ltr'><strong>cula</strong></span> <span class='ocrx_word' id='word_1_500' title='bbox 351 5256 687 5315; x_wconf 86' lang='lat' dir='ltr'><strong>peccatorum</strong></span> <span class='ocrx_word' id='word_1_501' title='bbox 723 5262 1056 5321; x_wconf 86' lang='lat' dir='ltr'><strong>nostrorum,</strong></span> <span class='ocrx_word' id='word_1_502' title='bbox 1092 5259 1286 5325; x_wconf 90' lang='lat' dir='ltr'><strong>quibus</strong></span> <span class='ocrx_word' id='word_1_503' title='bbox 1320 5263 1595 5317; x_wconf 80' lang='lat' dir='ltr'><strong>constriCti</strong></span> <span class='ocrx_word' id='word_1_504' title='bbox 1624 5273 1779 5322; x_wconf 72' lang='lat' dir='ltr'><strong>tene--</strong></span> 
     </span>
    </p>
   </div>
   <div class='ocr_carea' id='block_1_71' title="bbox 211 5334 1774 5423">
    <p class='ocr_par' dir='ltr' id='par_1_71' title="bbox 211 5334 1774 5423">
     <span class='ocr_line' id='line_1_71' title="bbox 211 5334 1774 5423; baseline 0.015 -37"><span class='ocrx_word' id='word_1_505' title='bbox 211 5334 410 5402; x_wconf 87' lang='lat' dir='ltr'><strong>bamur,</strong></span> <span class='ocrx_word' id='word_1_506' title='bbox 443 5357 571 5394; x_wconf 76' lang='lat' dir='ltr'><strong>crux</strong></span> <span class='ocrx_word' id='word_1_507' title='bbox 600 5341 820 5405; x_wconf 84' lang='lat' dir='ltr'><strong>Christi,</strong></span> <span class='ocrx_word' id='word_1_508' title='bbox 853 5347 1017 5415; x_wconf 80' lang='lat' dir='ltr'><strong>gloria</strong></span> <span class='ocrx_word' id='word_1_509' title='bbox 1047 5360 1252 5414; x_wconf 84' lang='lat' dir='ltr'><strong>nostra,</strong></span> <span class='ocrx_word' id='word_1_510' title='bbox 1279 5352 1514 5416; x_wconf 84' lang='lat' dir='ltr'><strong>resolvit,</strong></span> <span class='ocrx_word' id='word_1_511' title='bbox 1548 5354 1774 5423; x_wconf 83' lang='lat' dir='ltr'><strong>ipsaque</strong></span> 
     </span>
    </p>
   </div>
   <div class='ocr_carea' id='block_1_72' title="bbox 210 5432 1776 5516">
    <p class='ocr_par' dir='ltr' id='par_1_72' title="bbox 210 5432 1776 5516">
     <span class='ocr_line' id='line_1_72' title="bbox 210 5432 1776 5516; baseline 0.015 -40"><span class='ocrx_word' id='word_1_512' title='bbox 210 5437 376 5480; x_wconf 83' lang='lat' dir='ltr'><strong>erecta</strong></span> <span class='ocrx_word' id='word_1_513' title='bbox 415 5446 565 5483; x_wconf 84' lang='lat' dir='ltr'><strong>sacra</strong></span> <span class='ocrx_word' id='word_1_514' title='bbox 593 5432 714 5485; x_wconf 72' lang='lat' dir='ltr'><strong>cceli</strong></span> <span class='ocrx_word' id='word_1_515' title='bbox 753 5436 944 5502; x_wconf 83' lang='lat' dir='ltr'><strong>gaudia</strong></span> <span class='ocrx_word' id='word_1_516' title='bbox 975 5435 1206 5509; x_wconf 89' lang='lat' dir='ltr'><strong>juraquc</strong></span> <span class='ocrx_word' id='word_1_517' title='bbox 1244 5450 1400 5495; x_wconf 69' lang='lat' dir='ltr'><strong>terrze</strong></span> <span class='ocrx_word' id='word_1_518' title='bbox 1438 5445 1684 5516; x_wconf 79' lang='lat' dir='ltr'><strong>proponit</strong></span> <span class='ocrx_word' id='word_1_519' title='bbox 1713 5456 1776 5502; x_wconf 85' lang='lat' dir='ltr'><strong>et</strong></span> 
     </span>
    </p>
   </div>
   <div class='ocr_carea' id='block_1_73' title="bbox 213 5516 1778 5602">
    <p class='ocr_par' dir='ltr' id='par_1_73' title="bbox 213 5516 1778 5602">
     <span class='ocr_line' id='line_1_73' title="bbox 213 5516 1778 5602; baseline 0.02 -36"><span class='ocrx_word' id='word_1_520' title='bbox 213 5516 376 5584; x_wconf 76' lang='lat' dir='ltr'><strong>signat</strong></span> <span class='ocrx_word' id='word_1_521' title='bbox 399 5561 411 5584; x_wconf 93' lang='lat'><strong>,</strong></span> <span class='ocrx_word' id='word_1_522' title='bbox 445 5522 622 5577; x_wconf 70' lang='lat' dir='ltr'><strong>laudat</strong></span> <span class='ocrx_word' id='word_1_523' title='bbox 651 5534 698 5579; x_wconf 88' lang='lat' dir='ltr'><strong>et</strong></span> <span class='ocrx_word' id='word_1_524' title='bbox 728 5527 949 5596; x_wconf 71' lang='lat' dir='ltr'><strong>pl‘Uthli,</strong></span> <span class='ocrx_word' id='word_1_525' title='bbox 981 5531 1201 5602; x_wconf 86' lang='lat' dir='ltr'><strong>ipsaque</strong></span> <span class='ocrx_word' id='word_1_526' title='bbox 1231 5533 1472 5592; x_wconf 83' lang='lat' dir='ltr'><strong>ﬁdelibus</strong></span> <span class='ocrx_word' id='word_1_527' title='bbox 1507 5538 1778 5598; x_wconf 88' lang='lat' dir='ltr'><strong>veraciter.</strong></span> 
     </span>
    </p>
   </div>
   <div class='ocr_carea' id='block_1_74' title="bbox 211 5609 423 5666">
    <p class='ocr_par' dir='ltr' id='par_1_74' title="bbox 211 5609 423 5666">
     <span class='ocr_line' id='line_1_74' title="bbox 211 5609 423 5666; baseline 0.033 -6"><span class='ocrx_word' id='word_1_528' title='bbox 211 5609 423 5666; x_wconf 79' lang='lat' dir='ltr'><strong>confert.</strong></span> 
     </span>
    </p>
   </div>
   <div class='ocr_carea' id='block_1_75' title="bbox 1911 1987 3508 2057">
    <p class='ocr_par' dir='ltr' id='par_1_75' title="bbox 1911 1987 3508 2057">
     <span class='ocr_line' id='line_1_75' title="bbox 1911 1987 3508 2057; baseline 0.005 -18"><span class='ocrx_word' id='word_1_529' title='bbox 1911 1987 2300 2057; x_wconf 81' lang='lat' dir='ltr'><strong>quinquaginta</strong></span> <span class='ocrx_word' id='word_1_530' title='bbox 2331 1987 2536 2042; x_wconf 89' lang='lat' dir='ltr'><strong>duabus</strong></span> <span class='ocrx_word' id='word_1_531' title='bbox 2559 1988 2990 2050; x_wconf 83' lang='lat' dir='ltr'><strong>hebdomadibus</strong></span> <span class='ocrx_word' id='word_1_532' title='bbox 3008 1999 3064 2045; x_wconf 83' lang='lat' dir='ltr'><strong>et</strong></span> <span class='ocrx_word' id='word_1_533' title='bbox 3097 1994 3324 2048; x_wconf 85' lang='lat' dir='ltr'><strong>monade</strong></span> <span class='ocrx_word' id='word_1_534' title='bbox 3350 2009 3508 2049; x_wconf 82' lang='lat' dir='ltr'><strong>unus.</strong></span> 
     </span>
    </p>
   </div>
   <div class='ocr_carea' id='block_1_76' title="bbox 1907 2076 3486 2154">
    <p class='ocr_par' dir='ltr' id='par_1_76' title="bbox 1907 2076 3486 2154">
     <span class='ocr_line' id='line_1_76' title="bbox 1907 2076 3486 2154; baseline 0.008 -27"><span class='ocrx_word' id='word_1_535' title='bbox 1907 2076 2111 2145; x_wconf 89' lang='lat' dir='ltr'><strong>pariter</strong></span> <span class='ocrx_word' id='word_1_536' title='bbox 2136 2076 2475 2146; x_wconf 85' lang='lat' dir='ltr'><strong>amplectitur</strong></span> <span class='ocrx_word' id='word_1_537' title='bbox 2497 2093 2691 2134; x_wconf 91' lang='lat' dir='ltr'><strong>annus.</strong></span> <span class='ocrx_word' id='word_1_538' title='bbox 2720 2079 2801 2137; x_wconf 84' lang='lat' dir='ltr'><strong>Ad</strong></span> <span class='ocrx_word' id='word_1_539' title='bbox 2823 2081 2963 2139; x_wconf 83' lang='lat' dir='ltr'><strong>hanc</strong></span> <span class='ocrx_word' id='word_1_540' title='bbox 2984 2083 3124 2136; x_wconf 88' lang='lat' dir='ltr'><strong>diem</strong></span> <span class='ocrx_word' id='word_1_541' title='bbox 3146 2085 3258 2154; x_wconf 90' lang='lat' dir='ltr'><strong>jam</strong></span> <span class='ocrx_word' id='word_1_542' title='bbox 3284 2085 3486 2140; x_wconf 88' lang='lat' dir='ltr'><strong>bifron-</strong></span> 
     </span>
    </p>
   </div>
   <div class='ocr_carea' id='block_1_77' title="bbox 1909 2167 3486 2229">
    <p class='ocr_par' dir='ltr' id='par_1_77' title="bbox 1909 2167 3486 2229">
     <span class='ocr_line' id='line_1_77' title="bbox 1909 2167 3486 2229; baseline 0.005 -9"><span class='ocrx_word' id='word_1_543' title='bbox 1909 2167 1979 2220; x_wconf 92' lang='lat' dir='ltr'><strong>tis</strong></span> <span class='ocrx_word' id='word_1_544' title='bbox 2008 2167 2238 2221; x_wconf 90' lang='lat' dir='ltr'><strong>reditum</strong></span> <span class='ocrx_word' id='word_1_545' title='bbox 2261 2174 2404 2222; x_wconf 90' lang='lat' dir='ltr'><strong>tenet</strong></span> <span class='ocrx_word' id='word_1_546' title='bbox 2429 2168 2517 2223; x_wconf 91' lang='lat' dir='ltr'><strong>hic</strong></span> <span class='ocrx_word' id='word_1_547' title='bbox 2545 2169 2678 2224; x_wconf 91' lang='lat' dir='ltr'><strong>ordo</strong></span> <span class='ocrx_word' id='word_1_548' title='bbox 2710 2187 2722 2223; x_wconf 92' lang='lat'><strong>:</strong></span> <span class='ocrx_word' id='word_1_549' title='bbox 2756 2170 2826 2226; x_wconf 91' lang='lat' dir='ltr'><strong>ad</strong></span> <span class='ocrx_word' id='word_1_550' title='bbox 2844 2171 2984 2227; x_wconf 85' lang='lat' dir='ltr'><strong>hanc</strong></span> <span class='ocrx_word' id='word_1_551' title='bbox 3009 2173 3205 2228; x_wconf 89' lang='lat' dir='ltr'><strong>transit</strong></span> <span class='ocrx_word' id='word_1_552' title='bbox 3229 2174 3486 2229; x_wconf 84' lang='lat' dir='ltr'><strong>horarum</strong></span> 
     </span>
    </p>
   </div>
   <div class='ocr_carea' id='block_1_78' title="bbox 1907 2257 3488 2332">
    <p class='ocr_par' dir='ltr' id='par_1_78' title="bbox 1907 2257 3488 2332">
     <span class='ocr_line' id='line_1_78' title="bbox 1907 2257 3488 2332; baseline 0.008 -22"><span class='ocrx_word' id='word_1_553' title='bbox 1907 2257 2105 2322; x_wconf 84' lang='lat' dir='ltr'><strong>series,</strong></span> <span class='ocrx_word' id='word_1_554' title='bbox 2142 2266 2440 2328; x_wconf 85' lang='lat' dir='ltr'><strong>temporum</strong></span> <span class='ocrx_word' id='word_1_555' title='bbox 2471 2259 2822 2327; x_wconf 74' lang='lat' dir='ltr'><strong>vicissitudo,</strong></span> <span class='ocrx_word' id='word_1_556' title='bbox 2853 2264 3063 2318; x_wconf 85' lang='lat' dir='ltr'><strong>annalis</strong></span> <span class='ocrx_word' id='word_1_557' title='bbox 3105 2265 3393 2332; x_wconf 91' lang='lat' dir='ltr'><strong>circuitus,</strong></span> <span class='ocrx_word' id='word_1_558' title='bbox 3432 2279 3488 2322; x_wconf 89' lang='lat' dir='ltr'><strong>et</strong></span> 
     </span>
    </p>
   </div>
   <div class='ocr_carea' id='block_1_79' title="bbox 1905 2351 3486 2439">
    <p class='ocr_par' dir='ltr' id='par_1_79' title="bbox 1905 2351 3486 2439">
     <span class='ocr_line' id='line_1_79' title="bbox 1905 2351 3486 2439; baseline 0.008 -36"><span class='ocrx_word' id='word_1_559' title='bbox 1905 2355 2176 2428; x_wconf 72' lang='lat' dir='ltr'><strong>astrorum</strong></span> <span class='ocrx_word' id='word_1_560' title='bbox 2201 2365 2424 2415; x_wconf 86' lang='lat' dir='ltr'><strong>cursus;</strong></span> <span class='ocrx_word' id='word_1_561' title='bbox 2462 2351 2979 2425; x_wconf 77' lang='lat' dir='ltr'><strong>ipsequeqoadrans</strong></span> <span class='ocrx_word' id='word_1_562' title='bbox 3015 2357 3270 2439; x_wconf 67' lang='lat' dir='ltr'><strong>horarpm</strong></span> <span class='ocrx_word' id='word_1_563' title='bbox 3299 2375 3486 2430; x_wconf 56' lang='lat' dir='ltr'><strong>super-</strong></span> 
     </span>
    </p>
   </div>
   <div class='ocr_carea' id='block_1_80' title="bbox 1905 2444 3482 2516">
    <p class='ocr_par' dir='ltr' id='par_1_80' title="bbox 1905 2444 3482 2516">
     <span class='ocr_line' id='line_1_80' title="bbox 1905 2444 3482 2516; baseline 0.009 -26"><span class='ocrx_word' id='word_1_564' title='bbox 1905 2453 2105 2494; x_wconf 87' lang='lat' dir='ltr'><strong>vacuus</strong></span> <span class='ocrx_word' id='word_1_565' title='bbox 2129 2453 2287 2508; x_wconf 86' lang='lat' dir='ltr'><strong>supra</strong></span> <span class='ocrx_word' id='word_1_566' title='bbox 2317 2454 2600 2495; x_wconf 89' lang='lat' dir='ltr'><strong>numerum</strong></span> <span class='ocrx_word' id='word_1_567' title='bbox 2621 2451 2830 2498; x_wconf 86' lang='lat' dir='ltr'><strong>certum</strong></span> <span class='ocrx_word' id='word_1_568' title='bbox 2851 2444 3080 2510; x_wconf 88' lang='lat' dir='ltr'><strong>dierum,</strong></span> <span class='ocrx_word' id='word_1_569' title='bbox 3107 2462 3266 2516; x_wconf 86' lang='lat' dir='ltr'><strong>quem</strong></span> <span class='ocrx_word' id='word_1_570' title='bbox 3293 2449 3344 2502; x_wconf 89' lang='lat' dir='ltr'><strong>in</strong></span> <span class='ocrx_word' id='word_1_571' title='bbox 3371 2451 3482 2505; x_wconf 88' lang='lat' dir='ltr'><strong>dis-</strong></span> 
     </span>
    </p>
   </div>
   <div class='ocr_carea' id='block_1_81' title="bbox 1902 2529 3486 2608">
    <p class='ocr_par' dir='ltr' id='par_1_81' title="bbox 1902 2529 3486 2608">
     <span class='ocr_line' id='line_1_81' title="bbox 1902 2529 3486 2608; baseline 0.009 -27"><span class='ocrx_word' id='word_1_572' title='bbox 1902 2529 2172 2599; x_wconf 88' lang='lat' dir='ltr'><strong>positione</strong></span> <span class='ocrx_word' id='word_1_573' title='bbox 2203 2545 2296 2586; x_wconf 80' lang='lat' dir='ltr'><strong>sex</strong></span> <span class='ocrx_word' id='word_1_574' title='bbox 2337 2531 2651 2602; x_wconf 81' lang='lat' dir='ltr'><strong>angulorum</strong></span> <span class='ocrx_word' id='word_1_575' title='bbox 2679 2542 2909 2604; x_wconf 89' lang='lat' dir='ltr'><strong>quatuor</strong></span> <span class='ocrx_word' id='word_1_576' title='bbox 2945 2537 3344 2608; x_wconf 83' lang='lat' dir='ltr'><strong>hcxagonorum</strong></span> <span class='ocrx_word' id='word_1_577' title='bbox 3368 2557 3486 2597; x_wconf 89' lang='lat' dir='ltr'><strong>san-</strong></span> 
     </span>
    </p>
   </div>
   <div class='ocr_carea' id='block_1_82' title="bbox 1904 2625 3489 2706">
    <p class='ocr_par' dir='ltr' id='par_1_82' title="bbox 1904 2625 3489 2706">
     <span class='ocr_line' id='line_1_82' title="bbox 1904 2625 3489 2706; baseline 0.01 -31"><span class='ocrx_word' id='word_1_578' title='bbox 1904 2631 1989 2675; x_wconf 88' lang='lat' dir='ltr'><strong>cta</strong></span> <span class='ocrx_word' id='word_1_579' title='bbox 2011 2625 2423 2689; x_wconf 68' lang='lat' dir='ltr'><strong>crux-denotat,</strong></span> <span class='ocrx_word' id='word_1_580' title='bbox 2446 2625 2618 2682; x_wconf 77' lang='lat' dir='ltr'><strong>ociter</strong></span> <span class='ocrx_word' id='word_1_581' title='bbox 2642 2627 2708 2681; x_wconf 89' lang='lat' dir='ltr'><strong>ad</strong></span> <span class='ocrx_word' id='word_1_582' title='bbox 2740 2628 2886 2682; x_wconf 93' lang='lat' dir='ltr'><strong>illum</strong></span> <span class='ocrx_word' id='word_1_583' title='bbox 2915 2630 3202 2686; x_wconf 90' lang='lat' dir='ltr'><strong>terminum</strong></span> <span class='ocrx_word' id='word_1_584' title='bbox 3231 2635 3489 2706; x_wconf 83' lang='lat' dir='ltr'><strong>pertingit</strong></span> 
     </span>
    </p>
   </div>
   <div class='ocr_carea' id='block_1_83' title="bbox 1903 2707 3481 2792">
    <p class='ocr_par' dir='ltr' id='par_1_83' title="bbox 1903 2707 3481 2792">
     <span class='ocr_line' id='line_1_83' title="bbox 1903 2707 3481 2792; baseline 0.01 -26"><span class='ocrx_word' id='word_1_585' title='bbox 1903 2713 2044 2786; x_wconf 86' lang='lat' dir='ltr'><strong>quod</strong></span> <span class='ocrx_word' id='word_1_586' title='bbox 2080 2707 2132 2768; x_wconf 89' lang='lat' dir='ltr'><strong>in</strong></span> <span class='ocrx_word' id='word_1_587' title='bbox 2165 2716 2510 2785; x_wconf 66' lang='lat' dir='ltr'><strong>(equinoctiis—</strong></span> <span class='ocrx_word' id='word_1_588' title='bbox 2546 2719 2646 2772; x_wconf 86' lang='lat' dir='ltr'><strong>rite</strong></span> <span class='ocrx_word' id='word_1_589' title='bbox 2681 2719 2920 2788; x_wconf 88' lang='lat' dir='ltr'><strong>dignosci</strong></span> <span class='ocrx_word' id='word_1_590' title='bbox 2961 2731 3153 2792; x_wconf 88' lang='lat' dir='ltr'><strong>potest.</strong></span> <span class='ocrx_word' id='word_1_591' title='bbox 3195 2725 3238 2781; x_wconf 92' lang='grc' dir='ltr'>Ο</span> <span class='ocrx_word' id='word_1_592' title='bbox 3269 2743 3481 2782; x_wconf 88' lang='lat' dir='ltr'><strong>sacrum</strong></span> 
     </span>
    </p>
   </div>
   <div class='ocr_carea' id='block_1_84' title="bbox 1903 2806 3483 2881">
    <p class='ocr_par' dir='ltr' id='par_1_84' title="bbox 1903 2806 3483 2881">
     <span class='ocr_line' id='line_1_84' title="bbox 1903 2806 3483 2881; baseline 0.01 -24"><span class='ocrx_word' id='word_1_593' title='bbox 1903 2817 2144 2872; x_wconf 78' lang='lat' dir='ltr'><strong>germen,</strong></span> <span class='ocrx_word' id='word_1_594' title='bbox 2170 2807 2311 2876; x_wconf 88' lang='lat' dir='ltr'><strong>quod</strong></span> <span class='ocrx_word' id='word_1_595' title='bbox 2349 2806 2497 2861; x_wconf 14' lang='lat' dir='ltr'><strong>clarae</strong></span> <span class='ocrx_word' id='word_1_596' title='bbox 2519 2808 2636 2863; x_wconf 91' lang='lat' dir='ltr'><strong>lucc</strong></span> <span class='ocrx_word' id='word_1_597' title='bbox 2662 2809 2785 2864; x_wconf 89' lang='lat' dir='ltr'><strong>ﬁdei</strong></span> <span class='ocrx_word' id='word_1_598' title='bbox 2812 2821 2866 2866; x_wconf 91' lang='lat' dir='ltr'><strong>et</strong></span> <span class='ocrx_word' id='word_1_599' title='bbox 2892 2814 3166 2881; x_wconf 78' lang='lat' dir='ltr'><strong>sapientia:</strong></span> <span class='ocrx_word' id='word_1_600' title='bbox 3200 2817 3360 2872; x_wconf 89' lang='lat' dir='ltr'><strong>corda</strong></span> <span class='ocrx_word' id='word_1_601' title='bbox 3389 2820 3483 2873; x_wconf 80' lang='lat' dir='ltr'><strong>ho-</strong></span> 
     </span>
    </p>
   </div>
   <div class='ocr_carea' id='block_1_85' title="bbox 1903 2899 3482 2975">
    <p class='ocr_par' dir='ltr' id='par_1_85' title="bbox 1903 2899 3482 2975">
     <span class='ocr_line' id='line_1_85' title="bbox 1903 2899 3482 2975; baseline 0.009 -24"><span class='ocrx_word' id='word_1_602' title='bbox 1903 2899 2108 2953; x_wconf 88' lang='lat' dir='ltr'><strong>minum</strong></span> <span class='ocrx_word' id='word_1_603' title='bbox 2147 2901 2200 2954; x_wconf 86' lang='lat' dir='ltr'><strong>in</strong></span> <span class='ocrx_word' id='word_1_604' title='bbox 2241 2902 2477 2956; x_wconf 86' lang='lat' dir='ltr'><strong>tenebris</strong></span> <span class='ocrx_word' id='word_1_605' title='bbox 2511 2902 2839 2959; x_wconf 80' lang='lat' dir='ltr'><strong>infidelitatis</strong></span> <span class='ocrx_word' id='word_1_606' title='bbox 2871 2908 3046 2975; x_wconf 80' lang='lat' dir='ltr'><strong>posita</strong></span> <span class='ocrx_word' id='word_1_607' title='bbox 3081 2909 3390 2966; x_wconf 88' lang='lat' dir='ltr'><strong>illuminas:</strong></span> <span class='ocrx_word' id='word_1_608' title='bbox 3427 2920 3482 2966; x_wconf 92' lang='lat' dir='ltr'><strong>tu</strong></span> 
     </span>
    </p>
   </div>
   <div class='ocr_carea' id='block_1_86' title="bbox 1902 2991 3480 3060">
    <p class='ocr_par' dir='ltr' id='par_1_86' title="bbox 1902 2991 3480 3060">
     <span class='ocr_line' id='line_1_86' title="bbox 1902 2991 3480 3060; baseline 0.01 -16"><span class='ocrx_word' id='word_1_609' title='bbox 1902 3005 1962 3045; x_wconf 90' lang='lat' dir='ltr'><strong>es</strong></span> <span class='ocrx_word' id='word_1_610' title='bbox 1988 2991 2238 3048; x_wconf 85' lang='lat' dir='ltr'><strong>videlicet</strong></span> <span class='ocrx_word' id='word_1_611' title='bbox 2266 3002 2400 3048; x_wconf 75' lang='lat' dir='ltr'><strong>crbx</strong></span> <span class='ocrx_word' id='word_1_612' title='bbox 2429 3005 2646 3060; x_wconf 90' lang='lat' dir='ltr'><strong>sancta,</strong></span> <span class='ocrx_word' id='word_1_613' title='bbox 2679 2997 2953 3054; x_wconf 90' lang='lat' dir='ltr'><strong>miraculis</strong></span> <span class='ocrx_word' id='word_1_614' title='bbox 2990 3015 3303 3056; x_wconf 81' lang='lat' dir='ltr'><strong>coruscans.</strong></span> <span class='ocrx_word' id='word_1_615' title='bbox 3345 3003 3480 3059; x_wconf 80' lang='lat' dir='ltr'><strong>Nam</strong></span> 
     </span>
    </p>
   </div>
   <div class='ocr_carea' id='block_1_87' title="bbox 1900 3082 3480 3160">
    <p class='ocr_par' dir='ltr' id='par_1_87' title="bbox 1900 3082 3480 3160">
     <span class='ocr_line' id='line_1_87' title="bbox 1900 3082 3480 3160; baseline 0.008 -23"><span class='ocrx_word' id='word_1_616' title='bbox 1900 3092 1954 3137; x_wconf 87' lang='lat' dir='ltr'><strong>et</strong></span> <span class='ocrx_word' id='word_1_617' title='bbox 1988 3082 2237 3140; x_wconf 85' lang='lat' dir='ltr'><strong>Christus</strong></span> <span class='ocrx_word' id='word_1_618' title='bbox 2264 3087 2391 3142; x_wconf 84' lang='lat' dir='ltr'><strong>hinc</strong></span> <span class='ocrx_word' id='word_1_619' title='bbox 2417 3087 2615 3158; x_wconf 89' lang='lat' dir='ltr'><strong>ubique</strong></span> <span class='ocrx_word' id='word_1_620' title='bbox 2648 3104 2746 3160; x_wconf 90' lang='lat' dir='ltr'><strong>per</strong></span> <span class='ocrx_word' id='word_1_621' title='bbox 2785 3099 2872 3145; x_wconf 89' lang='lat' dir='ltr'><strong>tua</strong></span> <span class='ocrx_word' id='word_1_622' title='bbox 2912 3108 3110 3148; x_wconf 88' lang='lat' dir='ltr'><strong>cornua</strong></span> <span class='ocrx_word' id='word_1_623' title='bbox 3141 3094 3480 3151; x_wconf 89' lang='lat' dir='ltr'><strong>latitudinem</strong></span> 
     </span>
    </p>
   </div>
   <div class='ocr_carea' id='block_1_88' title="bbox 1899 3174 3508 3256">
    <p class='ocr_par' dir='ltr' id='par_1_88' title="bbox 1899 3174 3508 3256">
     <span class='ocr_line' id='line_1_88' title="bbox 1899 3174 3508 3256; baseline 0.01 -29"><span class='ocrx_word' id='word_1_624' title='bbox 1899 3174 1984 3228; x_wconf 88' lang='lat' dir='ltr'><strong>sui</strong></span> <span class='ocrx_word' id='word_1_625' title='bbox 2019 3177 2166 3246; x_wconf 88' lang='lat' dir='ltr'><strong>regni</strong></span> <span class='ocrx_word' id='word_1_626' title='bbox 2206 3177 2559 3237; x_wconf 81' lang='lat' dir='ltr'><strong>demonstrat.</strong></span> <span class='ocrx_word' id='word_1_627' title='bbox 2599 3180 2676 3235; x_wconf 91' lang='lat' dir='ltr'><strong>Tu</strong></span> <span class='ocrx_word' id='word_1_628' title='bbox 2719 3182 2862 3251; x_wconf 81' lang='lat' dir='ltr'><strong>regis</strong></span> <span class='ocrx_word' id='word_1_629' title='bbox 2897 3182 3178 3239; x_wconf 85' lang='lat' dir='ltr'><strong>fortissimi</strong></span> <span class='ocrx_word' id='word_1_630' title='bbox 3207 3195 3508 3256; x_wconf 55' lang='lat' dir='ltr'><strong>sceptrum;</strong></span> 
     </span>
    </p>
   </div>
   <div class='ocr_carea' id='block_1_89' title="bbox 1899 3266 3494 3347">
    <p class='ocr_par' dir='ltr' id='par_1_89' title="bbox 1899 3266 3494 3347">
     <span class='ocr_line' id='line_1_89' title="bbox 1899 3266 3494 3347; baseline 0.008 -28"><span class='ocrx_word' id='word_1_631' title='bbox 1899 3274 1955 3320; x_wconf 90' lang='lat' dir='ltr'><strong>et</strong></span> <span class='ocrx_word' id='word_1_632' title='bbox 1976 3282 2068 3320; x_wconf 88' lang='lat' dir='ltr'><strong>ara</strong></span> <span class='ocrx_word' id='word_1_633' title='bbox 2097 3266 2190 3322; x_wconf 90' lang='lat' dir='ltr'><strong>Dei</strong></span> <span class='ocrx_word' id='word_1_634' title='bbox 2218 3268 2497 3335; x_wconf 90' lang='lat' dir='ltr'><strong>altissimi,</strong></span> <span class='ocrx_word' id='word_1_635' title='bbox 2525 3272 2714 3327; x_wconf 91' lang='lat' dir='ltr'><strong>ordine</strong></span> <span class='ocrx_word' id='word_1_636' title='bbox 2736 3274 2940 3342; x_wconf 89' lang='lat' dir='ltr'><strong>potenti</strong></span> <span class='ocrx_word' id='word_1_637' title='bbox 2979 3274 3220 3330; x_wconf 91' lang='lat' dir='ltr'><strong>dilataris</strong></span> <span class='ocrx_word' id='word_1_638' title='bbox 3259 3293 3354 3347; x_wconf 87' lang='lat' dir='ltr'><strong>per</strong></span> <span class='ocrx_word' id='word_1_639' title='bbox 3397 3293 3494 3331; x_wconf 85' lang='lat' dir='ltr'><strong>or-.</strong></span> 
     </span>
    </p>
   </div>
   <div class='ocr_carea' id='block_1_90' title="bbox 1896 3355 3498 3429">
    <p class='ocr_par' dir='ltr' id='par_1_90' title="bbox 1896 3355 3498 3429">
     <span class='ocr_line' id='line_1_90' title="bbox 1896 3355 3498 3429; baseline 0.01 -19"><span class='ocrx_word' id='word_1_640' title='bbox 1896 3355 2018 3410; x_wconf 86' lang='lat' dir='ltr'><strong>bem</strong></span> <span class='ocrx_word' id='word_1_641' title='bbox 2052 3375 2065 3411; x_wconf 92' lang='lat'>:</span> <span class='ocrx_word' id='word_1_642' title='bbox 2097 3357 2418 3414; x_wconf 88' lang='lat' dir='ltr'><strong>descendisti</strong></span> <span class='ocrx_word' id='word_1_643' title='bbox 2445 3361 2510 3415; x_wconf 90' lang='lat' dir='ltr'><strong>ad</strong></span> <span class='ocrx_word' id='word_1_644' title='bbox 2536 3361 2757 3429; x_wconf 78' lang='lat' dir='ltr'><strong>inferos,</strong></span> <span class='ocrx_word' id='word_1_645' title='bbox 2791 3365 2963 3420; x_wconf 85' lang='lat' dir='ltr'><strong>tendis</strong></span> <span class='ocrx_word' id='word_1_646' title='bbox 2981 3364 3047 3418; x_wconf 91' lang='lat' dir='ltr'><strong>ad</strong></span> <span class='ocrx_word' id='word_1_647' title='bbox 3067 3366 3323 3424; x_wconf 67' lang='lat' dir='ltr'><strong>caelestia.</strong></span> <span class='ocrx_word' id='word_1_648' title='bbox 3354 3367 3498 3426; x_wconf 15' lang='lat' dir='ltr'><strong>limes.</strong></span> 
     </span>
    </p>
   </div>
   <div class='ocr_carea' id='block_1_91' title="bbox 1896 3445 3515 3535">
    <p class='ocr_par' dir='ltr' id='par_1_91' title="bbox 1896 3445 3515 3535">
     <span class='ocr_line' id='line_1_91' title="bbox 1896 3445 3515 3535; baseline 0.009 -36"><span class='ocrx_word' id='word_1_649' title='bbox 1896 3445 2060 3500; x_wconf 88' lang='lat' dir='ltr'><strong>decus</strong></span> <span class='ocrx_word' id='word_1_650' title='bbox 2092 3455 2145 3502; x_wconf 91' lang='lat' dir='ltr'><strong>et</strong></span> <span class='ocrx_word' id='word_1_651' title='bbox 2170 3448 2344 3503; x_wconf 91' lang='lat' dir='ltr'><strong>honor</strong></span> <span class='ocrx_word' id='word_1_652' title='bbox 2379 3459 2464 3505; x_wconf 89' lang='lat' dir='ltr'><strong>est</strong></span> <span class='ocrx_word' id='word_1_653' title='bbox 2497 3452 2659 3507; x_wconf 86' lang='lat' dir='ltr'><strong>totius</strong></span> <span class='ocrx_word' id='word_1_654' title='bbox 2687 3455 2890 3509; x_wconf 92' lang='lat' dir='ltr'><strong>mundi.</strong></span> <span class='ocrx_word' id='word_1_655' title='bbox 2918 3453 3045 3511; x_wconf 91' lang='lat' dir='ltr'><strong>Sem</strong></span> <span class='ocrx_word' id='word_1_656' title='bbox 3077 3471 3290 3535; x_wconf 76' lang='lat' dir='ltr'><strong>quoque</strong></span> <span class='ocrx_word' id='word_1_657' title='bbox 3316 3476 3515 3522; x_wconf 57' lang='lat' dir='ltr'><strong>verus.</strong></span> 
     </span>
    </p>
   </div>
   <div class='ocr_carea' id='block_1_92' title="bbox 1895 3535 3497 3614">
    <p class='ocr_par' dir='ltr' id='par_1_92' title="bbox 1895 3535 3497 3614">
     <span class='ocr_line' id='line_1_92' title="bbox 1895 3535 3497 3614; baseline 0.012 -26"><span class='ocrx_word' id='word_1_658' title='bbox 1895 3535 2035 3590; x_wconf 88' lang='lat' dir='ltr'><strong>idem</strong></span> <span class='ocrx_word' id='word_1_659' title='bbox 2069 3538 2377 3595; x_wconf 90' lang='lat' dir='ltr'><strong>nominatus</strong></span> <span class='ocrx_word' id='word_1_660' title='bbox 2416 3550 2619 3608; x_wconf 90' lang='lat' dir='ltr'><strong>noster,</strong></span> <span class='ocrx_word' id='word_1_661' title='bbox 2651 3558 2748 3614; x_wconf 90' lang='lat' dir='ltr'><strong>per</strong></span> <span class='ocrx_word' id='word_1_662' title='bbox 2773 3544 2926 3614; x_wconf 88' lang='lat' dir='ltr'><strong>cujus</strong></span> <span class='ocrx_word' id='word_1_663' title='bbox 2953 3563 3154 3604; x_wconf 86' lang='lat' dir='ltr'><strong>nomen</strong></span> <span class='ocrx_word' id='word_1_664' title='bbox 3168 3549 3334 3606; x_wconf 83' lang='lat' dir='ltr'><strong>solius</strong></span> <span class='ocrx_word' id='word_1_665' title='bbox 3364 3559 3497 3609; x_wconf 88' lang='lat' dir='ltr'><strong>tota-</strong></span> 
     </span>
    </p>
   </div>
   <div class='ocr_carea' id='block_1_93' title="bbox 1895 3627 3488 3711">
    <p class='ocr_par' dir='ltr' id='par_1_93' title="bbox 1895 3627 3488 3711">
     <span class='ocr_line' id='line_1_93' title="bbox 1895 3627 3488 3711; baseline 0.011 -31"><span class='ocrx_word' id='word_1_666' title='bbox 1895 3627 2137 3683; x_wconf 86' lang='lat' dir='ltr'><strong>salvatur</strong></span> <span class='ocrx_word' id='word_1_667' title='bbox 2200 3641 2481 3699; x_wconf 90' lang='lat' dir='ltr'><strong>creatura,</strong></span> <span class='ocrx_word' id='word_1_668' title='bbox 2518 3649 2734 3689; x_wconf 91' lang='lat' dir='ltr'><strong>cursum</strong></span> <span class='ocrx_word' id='word_1_669' title='bbox 2789 3636 3022 3692; x_wconf 86' lang='lat' dir='ltr'><strong>siderum</strong></span> <span class='ocrx_word' id='word_1_670' title='bbox 3064 3639 3131 3694; x_wconf 90' lang='lat' dir='ltr'><strong>ad</strong></span> <span class='ocrx_word' id='word_1_671' title='bbox 3173 3640 3331 3711; x_wconf 91' lang='lat' dir='ltr'><strong>hujus</strong></span> <span class='ocrx_word' id='word_1_672' title='bbox 3365 3640 3488 3696; x_wconf 79' lang='lat' dir='ltr'><strong>for-.</strong></span> 
     </span>
    </p>
   </div>
   <div class='ocr_carea' id='block_1_94' title="bbox 1890 3725 3494 3800">
    <p class='ocr_par' dir='ltr' id='par_1_94' title="bbox 1890 3725 3494 3800">
     <span class='ocr_line' id='line_1_94' title="bbox 1890 3725 3494 3800; baseline 0.011 -24"><span class='ocrx_word' id='word_1_673' title='bbox 1890 3736 2034 3776; x_wconf 88' lang='lat' dir='ltr'><strong>mam</strong></span> <span class='ocrx_word' id='word_1_674' title='bbox 2063 3731 2364 3792; x_wconf 89' lang='lat' dir='ltr'><strong>temperat,</strong></span> <span class='ocrx_word' id='word_1_675' title='bbox 2406 3725 2689 3798; x_wconf 87' lang='lat' dir='ltr'><strong>ipsumque</strong></span> <span class='ocrx_word' id='word_1_676' title='bbox 2726 3744 2948 3800; x_wconf 85' lang='lat' dir='ltr'><strong>regnum</strong></span> <span class='ocrx_word' id='word_1_677' title='bbox 2978 3731 3102 3788; x_wconf 87' lang='lat' dir='ltr'><strong>coeli</strong></span> <span class='ocrx_word' id='word_1_678' title='bbox 3130 3733 3322 3797; x_wconf 87' lang='lat' dir='ltr'><strong>donat,</strong></span> <span class='ocrx_word' id='word_1_679' title='bbox 3349 3750 3494 3792; x_wconf 67' lang='lat' dir='ltr'><strong>cum-</strong></span> 
     </span>
    </p>
   </div>
   <div class='ocr_carea' id='block_1_95' title="bbox 1890 3813 3488 3893">
    <p class='ocr_par' dir='ltr' id='par_1_95' title="bbox 1890 3813 3488 3893">
     <span class='ocr_line' id='line_1_95' title="bbox 1890 3813 3488 3893; baseline 0.009 -27"><span class='ocrx_word' id='word_1_680' title='bbox 1890 3813 1942 3867; x_wconf 92' lang='lat' dir='ltr'><strong>in</strong></span> <span class='ocrx_word' id='word_1_681' title='bbox 1974 3815 2074 3868; x_wconf 87' lang='lat' dir='ltr'><strong>hac</strong></span> <span class='ocrx_word' id='word_1_682' title='bbox 2109 3816 2236 3871; x_wconf 90' lang='lat' dir='ltr'><strong>sede</strong></span> <span class='ocrx_word' id='word_1_683' title='bbox 2260 3817 2468 3887; x_wconf 86' lang='lat' dir='ltr'><strong>positus</strong></span> <span class='ocrx_word' id='word_1_684' title='bbox 2497 3818 2739 3874; x_wconf 84' lang='lat' dir='ltr'><strong>claustra</strong></span> <span class='ocrx_word' id='word_1_685' title='bbox 2774 3821 2904 3877; x_wconf 74' lang='lat' dir='ltr'><strong>cwli&#39;</strong></span> <span class='ocrx_word' id='word_1_686' title='bbox 2931 3823 3084 3878; x_wconf 88' lang='lat' dir='ltr'><strong>nobis</strong></span> <span class='ocrx_word' id='word_1_687' title='bbox 3121 3825 3312 3893; x_wconf 80' lang='lat' dir='ltr'><strong>aperit.</strong></span> <span class='ocrx_word' id='word_1_688' title='bbox 3348 3824 3488 3883; x_wconf 57' lang='lat' dir='ltr'><strong>Hac.-</strong></span> 
     </span>
    </p>
   </div>
   <div class='ocr_carea' id='block_1_96' title="bbox 1888 3908 3470 3990">
    <p class='ocr_par' dir='ltr' id='par_1_96' title="bbox 1888 3908 3470 3990">
     <span class='ocr_line' id='line_1_96' title="bbox 1888 3908 3470 3990; baseline 0.011 -30"><span class='ocrx_word' id='word_1_689' title='bbox 1888 3908 2086 3978; x_wconf 89' lang='lat' dir='ltr'><strong>quippe</strong></span> <span class='ocrx_word' id='word_1_690' title='bbox 2124 3909 2417 3965; x_wconf 88' lang='lat' dir='ltr'><strong>humanum</strong></span> <span class='ocrx_word' id='word_1_691' title='bbox 2453 3928 2622 3983; x_wconf 82' lang='lat' dir='ltr'><strong>genus</strong></span> <span class='ocrx_word' id='word_1_692' title='bbox 2663 3914 2890 3971; x_wconf 77' lang='lat' dir='ltr'><strong>laudans</strong></span> <span class='ocrx_word' id='word_1_693' title='bbox 2935 3918 3182 3974; x_wconf 84' lang='lat' dir='ltr'><strong>cantibus</strong></span> <span class='ocrx_word' id='word_1_694' title='bbox 3228 3922 3470 3990; x_wconf 74' lang='lat' dir='ltr'><strong>exponit,</strong></span> 
     </span>
    </p>
   </div>
   <div class='ocr_carea' id='block_1_97' title="bbox 1886 4003 3473 4078">
    <p class='ocr_par' dir='ltr' id='par_1_97' title="bbox 1886 4003 3473 4078">
     <span class='ocr_line' id='line_1_97' title="bbox 1886 4003 3473 4078; baseline 0.009 -22"><span class='ocrx_word' id='word_1_695' title='bbox 1886 4017 2008 4056; x_wconf 91' lang='lat' dir='ltr'><strong>cum</strong></span> <span class='ocrx_word' id='word_1_696' title='bbox 2050 4003 2308 4071; x_wconf 63' lang='lat' dir='ltr'><strong>praedicat</strong></span> <span class='ocrx_word' id='word_1_697' title='bbox 2347 4003 2577 4061; x_wconf 86' lang='lat' dir='ltr'><strong>ﬁdeliter</strong></span> <span class='ocrx_word' id='word_1_698' title='bbox 2618 4023 2716 4078; x_wconf 82' lang='lat' dir='ltr'><strong>pro</strong></span> <span class='ocrx_word' id='word_1_699' title='bbox 2752 4007 2968 4066; x_wconf 86' lang='lat' dir='ltr'><strong>Christo</strong></span> <span class='ocrx_word' id='word_1_700' title='bbox 3008 4027 3038 4064; x_wconf 88' lang='lat' dir='ltr'><strong>a</strong></span> <span class='ocrx_word' id='word_1_701' title='bbox 3076 4003 3274 4068; x_wconf 54' lang='lat' dir='ltr'><strong>atda‘is</strong></span> <span class='ocrx_word' id='word_1_702' title='bbox 3303 4015 3473 4071; x_wconf 84' lang='lat' dir='ltr'><strong>cruci-</strong></span> 
     </span>
    </p>
   </div>
   <div class='ocr_carea' id='block_1_98' title="bbox 1885 4092 3464 4164">
    <p class='ocr_par' dir='ltr' id='par_1_98' title="bbox 1885 4092 3464 4164">
     <span class='ocr_line' id='line_1_98' title="bbox 1885 4092 3464 4164; baseline 0.011 -19"><span class='ocrx_word' id='word_1_703' title='bbox 1885 4092 2011 4158; x_wconf 74' lang='lat' dir='ltr'><strong>ﬁxo,</strong></span> <span class='ocrx_word' id='word_1_704' title='bbox 2042 4095 2184 4164; x_wconf 89' lang='lat' dir='ltr'><strong>quod</strong></span> <span class='ocrx_word' id='word_1_705' title='bbox 2211 4097 2499 4154; x_wconf 86' lang='lat' dir='ltr'><strong>media-die</strong></span> <span class='ocrx_word' id='word_1_706' title='bbox 2523 4097 2703 4154; x_wconf 92' lang='lat' dir='ltr'><strong>lumen</strong></span> <span class='ocrx_word' id='word_1_707' title='bbox 2733 4100 2967 4156; x_wconf 89' lang='lat' dir='ltr'><strong>siderum</strong></span> <span class='ocrx_word' id='word_1_708' title='bbox 2995 4101 3342 4158; x_wconf 87' lang='lat' dir='ltr'><strong>obscuratum</strong></span> <span class='ocrx_word' id='word_1_709' title='bbox 3375 4106 3464 4162; x_wconf 86' lang='lat' dir='ltr'><strong>sit.</strong></span> 
     </span>
    </p>
   </div>
   <div class='ocr_carea' id='block_1_99' title="bbox 1884 4182 3488 4260">
    <p class='ocr_par' dir='ltr' id='par_1_99' title="bbox 1884 4182 3488 4260">
     <span class='ocr_line' id='line_1_99' title="bbox 1884 4182 3488 4260; baseline 0.009 -22"><span class='ocrx_word' id='word_1_710' title='bbox 1884 4182 2019 4239; x_wconf 77' lang='lat' dir='ltr'><strong>Nam</strong></span> <span class='ocrx_word' id='word_1_711' title='bbox 2049 4185 2234 4241; x_wconf 77' lang='lat' dir='ltr'><strong>Judzea</strong></span> <span class='ocrx_word' id='word_1_712' title='bbox 2261 4187 2512 4244; x_wconf 68' lang='lat' dir='ltr'><strong>ﬁ&#39;endens</strong></span> <span class='ocrx_word' id='word_1_713' title='bbox 2540 4187 2668 4245; x_wconf 87' lang='lat' dir='ltr'><strong>licet</strong></span> <span class='ocrx_word' id='word_1_714' title='bbox 2698 4190 2900 4246; x_wconf 88' lang='lat' dir='ltr'><strong>invidia</strong></span> <span class='ocrx_word' id='word_1_715' title='bbox 2929 4202 3215 4260; x_wconf 63' lang='lat' dir='ltr'><strong>aestuaret,</strong></span> <span class='ocrx_word' id='word_1_716' title='bbox 3249 4195 3488 4252; x_wconf 83' lang='lat' dir='ltr'><strong>meliore--</strong></span> 
     </span>
    </p>
   </div>
   <div class='ocr_carea' id='block_1_100' title="bbox 1883 4280 3489 4354">
    <p class='ocr_par' dir='ltr' id='par_1_100' title="bbox 1883 4280 3489 4354">
     <span class='ocr_line' id='line_1_100' title="bbox 1883 4280 3489 4354; baseline 0.008 -24"><span class='ocrx_word' id='word_1_717' title='bbox 1883 4285 2065 4333; x_wconf 83' lang='lat' dir='ltr'><strong>tamen</strong></span> <span class='ocrx_word' id='word_1_718' title='bbox 2109 4295 2209 4334; x_wconf 88' lang='lat' dir='ltr'><strong>usu</strong></span> <span class='ocrx_word' id='word_1_719' title='bbox 2246 4280 2300 4343; x_wconf 84' lang='lat' dir='ltr'><strong>in</strong></span> <span class='ocrx_word' id='word_1_720' title='bbox 2341 4281 2534 4337; x_wconf 89' lang='lat' dir='ltr'><strong>arbore</strong></span> <span class='ocrx_word' id='word_1_721' title='bbox 2571 4283 2753 4338; x_wconf 86' lang='lat' dir='ltr'><strong>crucis</strong></span> <span class='ocrx_word' id='word_1_722' title='bbox 2787 4283 2929 4339; x_wconf 83' lang='lat' dir='ltr'><strong>lutnc</strong></span> <span class='ocrx_word' id='word_1_723' title='bbox 2975 4283 3206 4341; x_wconf 88' lang='lat' dir='ltr'><strong>fructum</strong></span> <span class='ocrx_word' id='word_1_724' title='bbox 3253 4288 3489 4354; x_wconf 49' lang='lat' dir='ltr'><strong>extulit.</strong></span> 
     </span>
    </p>
   </div>
   <div class='ocr_carea' id='block_1_101' title="bbox 1882 4369 3466 4448">
    <p class='ocr_par' dir='ltr' id='par_1_101' title="bbox 1882 4369 3466 4448">
     <span class='ocr_line' id='line_1_101' title="bbox 1882 4369 3466 4448; baseline 0.009 -27"><span class='ocrx_word' id='word_1_725' title='bbox 1882 4369 2023 4437; x_wconf 91' lang='lat' dir='ltr'><strong>quod</strong></span> <span class='ocrx_word' id='word_1_726' title='bbox 2076 4385 2143 4425; x_wconf 84' lang='lat' dir='ltr'><strong>ex</strong></span> <span class='ocrx_word' id='word_1_727' title='bbox 2202 4379 2448 4440; x_wconf 86' lang='lat' dir='ltr'><strong>quatuor</strong></span> <span class='ocrx_word' id='word_1_728' title='bbox 2483 4372 2656 4445; x_wconf 82' lang='lat' dir='ltr'><strong>plagis</strong></span> <span class='ocrx_word' id='word_1_729' title='bbox 2705 4375 2892 4435; x_wconf 80' lang='lat' dir='ltr'><strong>mundi</strong></span> <span class='ocrx_word' id='word_1_730' title='bbox 2946 4385 3117 4433; x_wconf 73' lang='lat' dir='ltr'><strong>et-ex</strong></span> <span class='ocrx_word' id='word_1_731' title='bbox 3171 4378 3466 4448; x_wconf 87' lang='lat' dir='ltr'><strong>quadriﬁco</strong></span> 
     </span>
    </p>
   </div>
   <div class='ocr_carea' id='block_1_102' title="bbox 1880 4459 3463 4539">
    <p class='ocr_par' dir='ltr' id='par_1_102' title="bbox 1880 4459 3463 4539">
     <span class='ocr_line' id='line_1_102' title="bbox 1880 4459 3463 4539; baseline 0.007 -23"><span class='ocrx_word' id='word_1_732' title='bbox 1880 4459 2085 4518; x_wconf 82' lang='lat' dir='ltr'><strong>Oceani</strong></span> <span class='ocrx_word' id='word_1_733' title='bbox 2118 4462 2283 4519; x_wconf 86' lang='lat' dir='ltr'><strong>limbo</strong></span> <span class='ocrx_word' id='word_1_734' title='bbox 2317 4474 2597 4536; x_wconf 70' lang='lat' dir='ltr'><strong>genteset</strong></span> <span class='ocrx_word' id='word_1_735' title='bbox 2641 4467 3096 4539; x_wconf 83' lang='lat' dir='ltr'><strong>popull&#39;undique</strong></span> <span class='ocrx_word' id='word_1_736' title='bbox 3135 4470 3463 4527; x_wconf 83' lang='lat' dir='ltr'><strong>conﬂuentes</strong></span> 
     </span>
    </p>
   </div>
   <div class='ocr_carea' id='block_1_103' title="bbox 1808 4553 3464 4638">
    <p class='ocr_par' dir='ltr' id='par_1_103' title="bbox 1808 4553 3464 4638">
     <span class='ocr_line' id='line_1_103' title="bbox 1808 4553 3464 4638; baseline 0.008 -35"><span class='ocrx_word' id='word_1_737' title='bbox 1808 4575 1857 4638; x_wconf 68' lang='grc' dir='ltr'>Β</span> <span class='ocrx_word' id='word_1_738' title='bbox 1885 4553 2195 4622; x_wconf 86' lang='lat' dir='ltr'><strong>spirituales</strong></span> <span class='ocrx_word' id='word_1_739' title='bbox 2230 4554 2453 4614; x_wconf 87' lang='lat' dir='ltr'><strong>delicias</strong></span> <span class='ocrx_word' id='word_1_740' title='bbox 2496 4566 2812 4627; x_wconf 88' lang='lat' dir='ltr'><strong>appeterent</strong></span> <span class='ocrx_word' id='word_1_741' title='bbox 2846 4574 2964 4628; x_wconf 70' lang='lat' dir='ltr'><strong>qua:</strong></span> <span class='ocrx_word' id='word_1_742' title='bbox 2993 4561 3048 4614; x_wconf 92' lang='lat' dir='ltr'><strong>in</strong></span> <span class='ocrx_word' id='word_1_743' title='bbox 3088 4570 3271 4615; x_wconf 86' lang='lat' dir='ltr'><strong>sancta</strong></span> <span class='ocrx_word' id='word_1_744' title='bbox 3302 4577 3464 4617; x_wconf 89' lang='lat' dir='ltr'><strong>cruce</strong></span> 
     </span>
    </p>
   </div>
   <div class='ocr_carea' id='block_1_104' title="bbox 1885 4640 3458 4720">
    <p class='ocr_par' dir='ltr' id='par_1_104' title="bbox 1885 4640 3458 4720">
     <span class='ocr_line' id='line_1_104' title="bbox 1885 4640 3458 4720; baseline 0.007 -26"><span class='ocrx_word' id='word_1_745' title='bbox 1885 4640 2440 4708; x_wconf 86' lang='lat' dir='ltr'><strong>demonstrantur,_ut</strong></span> <span class='ocrx_word' id='word_1_746' title='bbox 2463 4647 2632 4701; x_wconf 89' lang='lat' dir='ltr'><strong>sacris</strong></span> <span class='ocrx_word' id='word_1_747' title='bbox 2668 4654 2724 4718; x_wconf 78' lang='lat' dir='ltr'><strong>et</strong></span> <span class='ocrx_word' id='word_1_748' title='bbox 2763 4648 3006 4718; x_wconf 84' lang='lat' dir='ltr'><strong>mysticis</strong></span> <span class='ocrx_word' id='word_1_749' title='bbox 3041 4649 3212 4718; x_wconf 88' lang='lat' dir='ltr'><strong>epulis</strong></span> <span class='ocrx_word' id='word_1_750' title='bbox 3249 4650 3458 4720; x_wconf 85' lang='lat' dir='ltr'><strong>repleti,</strong></span> 
     </span>
    </p>
   </div>
   <div class='ocr_carea' id='block_1_105' title="bbox 1880 4732 3458 4811">
    <p class='ocr_par' dir='ltr' id='par_1_105' title="bbox 1880 4732 3458 4811">
     <span class='ocr_line' id='line_1_105' title="bbox 1880 4732 3458 4811; baseline 0.008 -25"><span class='ocrx_word' id='word_1_751' title='bbox 1880 4746 1980 4800; x_wconf 88' lang='lat' dir='ltr'><strong>per</strong></span> <span class='ocrx_word' id='word_1_752' title='bbox 2023 4732 2165 4788; x_wconf 89' lang='lat' dir='ltr'><strong>dona</strong></span> <span class='ocrx_word' id='word_1_753' title='bbox 2208 4736 2403 4789; x_wconf 89' lang='lat' dir='ltr'><strong>summi</strong></span> <span class='ocrx_word' id='word_1_754' title='bbox 2451 4735 2633 4793; x_wconf 85' lang='lat' dir='ltr'><strong>Patris</strong></span> <span class='ocrx_word' id='word_1_755' title='bbox 2676 4737 2742 4792; x_wconf 91' lang='lat' dir='ltr'><strong>ad</strong></span> <span class='ocrx_word' id='word_1_756' title='bbox 2797 4740 3154 4811; x_wconf 89' lang='lat' dir='ltr'><strong>centuplicem</strong></span> <span class='ocrx_word' id='word_1_757' title='bbox 3195 4741 3458 4798; x_wconf 89' lang='lat' dir='ltr'><strong>bonorum</strong></span> 
     </span>
    </p>
   </div>
   <div class='ocr_carea' id='block_1_106' title="bbox 1879 4827 3474 4904">
    <p class='ocr_par' dir='ltr' id='par_1_106' title="bbox 1879 4827 3474 4904">
     <span class='ocr_line' id='line_1_106' title="bbox 1879 4827 3474 4904; baseline 0.01 -27"><span class='ocrx_word' id='word_1_758' title='bbox 1879 4838 2101 4893; x_wconf 88' lang='lat' dir='ltr'><strong>operum</strong></span> <span class='ocrx_word' id='word_1_759' title='bbox 2125 4827 2442 4895; x_wconf 86' lang='lat' dir='ltr'><strong>perveniant</strong></span> <span class='ocrx_word' id='word_1_760' title='bbox 2467 4827 2699 4883; x_wconf 86' lang='lat' dir='ltr'><strong>fructum</strong></span> <span class='ocrx_word' id='word_1_761' title='bbox 2717 4869 2733 4895; x_wconf 91' lang='lat'><strong>,</strong></span> <span class='ocrx_word' id='word_1_762' title='bbox 2759 4839 2814 4886; x_wconf 90' lang='lat' dir='ltr'><strong>et</strong></span> <span class='ocrx_word' id='word_1_763' title='bbox 2839 4831 3133 4888; x_wconf 78' lang='lat' dir='ltr'><strong>intermixti</strong></span> <span class='ocrx_word' id='word_1_764' title='bbox 3167 4834 3474 4904; x_wconf 87' lang='lat' dir='ltr'><strong>splendidis.</strong></span> 
     </span>
    </p>
   </div>
   <div class='ocr_carea' id='block_1_107' title="bbox 1879 4917 3460 4990">
    <p class='ocr_par' dir='ltr' id='par_1_107' title="bbox 1879 4917 3460 4990">
     <span class='ocr_line' id='line_1_107' title="bbox 1879 4917 3460 4990; baseline 0.008 -21"><span class='ocrx_word' id='word_1_765' title='bbox 1879 4931 2070 4970; x_wconf 90' lang='lat' dir='ltr'><strong>novem</strong></span> <span class='ocrx_word' id='word_1_766' title='bbox 2095 4917 2374 4973; x_wconf 91' lang='lat' dir='ltr'><strong>ordinibus</strong></span> <span class='ocrx_word' id='word_1_767' title='bbox 2415 4919 2756 4990; x_wconf 86' lang='lat' dir='ltr'><strong>angelorum,</strong></span> <span class='ocrx_word' id='word_1_768' title='bbox 2789 4924 2840 4979; x_wconf 92' lang='lat' dir='ltr'><strong>in</strong></span> <span class='ocrx_word' id='word_1_769' title='bbox 2879 4926 3082 4981; x_wconf 71' lang='lat' dir='ltr'><strong>caelesti</strong></span> <span class='ocrx_word' id='word_1_770' title='bbox 3127 4927 3460 4989; x_wconf 70' lang='lat' dir='ltr'><strong>beatitudine</strong></span> 
     </span>
    </p>
   </div>
   <div class='ocr_carea' id='block_1_108' title="bbox 1881 5009 3456 5090">
    <p class='ocr_par' dir='ltr' id='par_1_108' title="bbox 1881 5009 3456 5090">
     <span class='ocr_line' id='line_1_108' title="bbox 1881 5009 3456 5090; baseline 0.008 -27"><span class='ocrx_word' id='word_1_771' title='bbox 1881 5009 1982 5085; x_wconf 91' lang='lat' dir='ltr'><strong>ipsi</strong></span> <span class='ocrx_word' id='word_1_772' title='bbox 2019 5019 2276 5080; x_wconf 86' lang='lat' dir='ltr'><strong>perpetua</strong></span> <span class='ocrx_word' id='word_1_773' title='bbox 2318 5012 2563 5070; x_wconf 89' lang='lat' dir='ltr'><strong>claritate</strong></span> <span class='ocrx_word' id='word_1_774' title='bbox 2595 5013 2864 5088; x_wconf 77' lang='lat' dir='ltr'><strong>fulgeant.</strong></span> <span class='ocrx_word' id='word_1_775' title='bbox 2896 5018 3232 5090; x_wconf 84' lang='lat' dir='ltr'><strong>Quapropter</strong></span> <span class='ocrx_word' id='word_1_776' title='bbox 3262 5036 3456 5077; x_wconf 89' lang='lat' dir='ltr'><strong>moneo</strong></span> 
     </span>
    </p>
   </div>
   <div class='ocr_carea' id='block_1_109' title="bbox 1881 5092 3456 5178">
    <p class='ocr_par' dir='ltr' id='par_1_109' title="bbox 1881 5092 3456 5178">
     <span class='ocr_line' id='line_1_109' title="bbox 1881 5092 3456 5178; baseline 0.007 -25"><span class='ocrx_word' id='word_1_777' title='bbox 1881 5109 1938 5153; x_wconf 91' lang='lat' dir='ltr'><strong>ut</strong></span> <span class='ocrx_word' id='word_1_778' title='bbox 1963 5101 2220 5169; x_wconf 88' lang='lat' dir='ltr'><strong>quidquid</strong></span> <span class='ocrx_word' id='word_1_779' title='bbox 2253 5116 2512 5159; x_wconf 89' lang='lat' dir='ltr'><strong>canamus</strong></span> <span class='ocrx_word' id='word_1_780' title='bbox 2538 5117 2592 5160; x_wconf 87' lang='lat' dir='ltr'><strong>et</strong></span> <span class='ocrx_word' id='word_1_781' title='bbox 2613 5108 2871 5178; x_wconf 87' lang='lat' dir='ltr'><strong>quidquid</strong></span> <span class='ocrx_word' id='word_1_782' title='bbox 2907 5092 3204 5163; x_wconf 77' lang='lat' dir='ltr'><strong>scribamus</strong></span> <span class='ocrx_word' id='word_1_783' title='bbox 3223 5148 3237 5173; x_wconf 95' lang='lat'><strong>,</strong></span> <span class='ocrx_word' id='word_1_784' title='bbox 3267 5107 3323 5162; x_wconf 85' lang='lat' dir='ltr'><strong>in</strong></span> <span class='ocrx_word' id='word_1_785' title='bbox 3353 5109 3456 5164; x_wconf 85' lang='lat' dir='ltr'><strong>Re-</strong></span> 
     </span>
    </p>
   </div>
   <div class='ocr_carea' id='block_1_110' title="bbox 1877 5188 3455 5267">
    <p class='ocr_par' dir='ltr' id='par_1_110' title="bbox 1877 5188 3455 5267">
     <span class='ocr_line' id='line_1_110' title="bbox 1877 5188 3455 5267; baseline 0.01 -25"><span class='ocrx_word' id='word_1_786' title='bbox 1877 5188 2170 5257; x_wconf 88' lang='lat' dir='ltr'><strong>demptoris</strong></span> <span class='ocrx_word' id='word_1_787' title='bbox 2211 5189 2421 5245; x_wconf 90' lang='lat' dir='ltr'><strong>laudem</strong></span> <span class='ocrx_word' id='word_1_788' title='bbox 2457 5202 2626 5248; x_wconf 89' lang='lat' dir='ltr'><strong>totum</strong></span> <span class='ocrx_word' id='word_1_789' title='bbox 2667 5205 2937 5252; x_wconf 88' lang='lat' dir='ltr'><strong>vertamus</strong></span> <span class='ocrx_word' id='word_1_790' title='bbox 2980 5216 2992 5251; x_wconf 92' lang='lat'>:</span> <span class='ocrx_word' id='word_1_791' title='bbox 3035 5207 3302 5267; x_wconf 88' lang='lat' dir='ltr'><strong>quatenus</strong></span> <span class='ocrx_word' id='word_1_792' title='bbox 3353 5199 3455 5257; x_wconf 90' lang='lat' dir='ltr'><strong>hac</strong></span> 
     </span>
    </p>
   </div>
   <div class='ocr_carea' id='block_1_111' title="bbox 1876 5272 3453 5358">
    <p class='ocr_par' dir='ltr' id='par_1_111' title="bbox 1876 5272 3453 5358">
     <span class='ocr_line' id='line_1_111' title="bbox 1876 5272 3453 5358; baseline 0.013 -28"><span class='ocrx_word' id='word_1_793' title='bbox 1876 5293 1979 5332; x_wconf 90' lang='lat' dir='ltr'><strong>una</strong></span> <span class='ocrx_word' id='word_1_794' title='bbox 2009 5295 2125 5348; x_wconf 91' lang='lat' dir='ltr'><strong>spe,</strong></span> <span class='ocrx_word' id='word_1_795' title='bbox 2157 5296 2318 5350; x_wconf 90' lang='lat' dir='ltr'><strong>quam</strong></span> <span class='ocrx_word' id='word_1_796' title='bbox 2340 5297 2439 5352; x_wconf 89' lang='lat' dir='ltr'><strong>per</strong></span> <span class='ocrx_word' id='word_1_797' title='bbox 2467 5300 2587 5340; x_wconf 86' lang='lat' dir='ltr'><strong>eum</strong></span> <span class='ocrx_word' id='word_1_798' title='bbox 2618 5287 2670 5342; x_wconf 92' lang='lat' dir='ltr'><strong>in</strong></span> <span class='ocrx_word' id='word_1_799' title='bbox 2701 5272 2771 5343; x_wconf 63' lang='lat' dir='ltr'><strong>co&#39;</strong></span> <span class='ocrx_word' id='word_1_800' title='bbox 2792 5289 3084 5358; x_wconf 81' lang='lat' dir='ltr'><strong>habemus,</strong></span> <span class='ocrx_word' id='word_1_801' title='bbox 3113 5292 3317 5349; x_wconf 69' lang='lat' dir='ltr'><strong>exitum</strong></span> <span class='ocrx_word' id='word_1_802' title='bbox 3340 5297 3453 5351; x_wconf 88' lang='lat' dir='ltr'><strong>avi-</strong></span> 
     </span>
    </p>
   </div>
   <div class='ocr_carea' id='block_1_112' title="bbox 1875 5367 3451 5448">
    <p class='ocr_par' dir='ltr' id='par_1_112' title="bbox 1875 5367 3451 5448">
     <span class='ocr_line' id='line_1_112' title="bbox 1875 5367 3451 5448; baseline 0.015 -29"><span class='ocrx_word' id='word_1_803' title='bbox 1875 5367 1955 5421; x_wconf 69' lang='lat' dir='ltr'><strong>dae</strong></span> <span class='ocrx_word' id='word_1_804' title='bbox 2003 5377 2059 5422; x_wconf 84' lang='lat' dir='ltr'><strong>et</strong></span> <span class='ocrx_word' id='word_1_805' title='bbox 2103 5371 2372 5427; x_wconf 65' lang='lat' dir='ltr'><strong>saevientis</strong></span> <span class='ocrx_word' id='word_1_806' title='bbox 2423 5376 2614 5436; x_wconf 84' lang='lat' dir='ltr'><strong>mortis</strong></span> <span class='ocrx_word' id='word_1_807' title='bbox 2665 5386 3039 5448; x_wconf 69' lang='lat' dir='ltr'><strong>perpetuaeque</strong></span> <span class='ocrx_word' id='word_1_808' title='bbox 3084 5381 3451 5443; x_wconf 83' lang='lat' dir='ltr'><strong>damnationis</strong></span> 
     </span>
    </p>
   </div>
   <div class='ocr_carea' id='block_1_113' title="bbox 1874 5458 3448 5539">
    <p class='ocr_par' dir='ltr' id='par_1_113' title="bbox 1874 5458 3448 5539">
     <span class='ocr_line' id='line_1_113' title="bbox 1874 5458 3448 5539; baseline 0.014 -28"><span class='ocrx_word' id='word_1_809' title='bbox 1874 5467 2031 5512; x_wconf 89' lang='lat' dir='ltr'><strong>scuto</strong></span> <span class='ocrx_word' id='word_1_810' title='bbox 2071 5458 2192 5513; x_wconf 75' lang='lat' dir='ltr'><strong>ﬁdei</strong></span> <span class='ocrx_word' id='word_1_811' title='bbox 2233 5463 2551 5532; x_wconf 87' lang='lat' dir='ltr'><strong>repellentes</strong></span> <span class='ocrx_word' id='word_1_812' title='bbox 2588 5467 2854 5536; x_wconf 85' lang='lat' dir='ltr'><strong>possimus</strong></span> <span class='ocrx_word' id='word_1_813' title='bbox 2889 5472 3150 5539; x_wconf 88' lang='lat' dir='ltr'><strong>evadere,</strong></span> <span class='ocrx_word' id='word_1_814' title='bbox 3174 5484 3230 5530; x_wconf 91' lang='lat' dir='ltr'><strong>et</strong></span> <span class='ocrx_word' id='word_1_815' title='bbox 3259 5477 3336 5532; x_wconf 91' lang='lat' dir='ltr'><strong>sic</strong></span> <span class='ocrx_word' id='word_1_816' title='bbox 3361 5493 3448 5532; x_wconf 89' lang='lat' dir='ltr'><strong>re-</strong></span> 
     </span>
    </p>
   </div>
   <div class='ocr_carea' id='block_1_114' title="bbox 1873 5551 3478 5637">
    <p class='ocr_par' dir='ltr' id='par_1_114' title="bbox 1873 5551 3478 5637">
     <span class='ocr_line' id='line_1_114' title="bbox 1873 5551 3478 5637; baseline 0.015 -35"><span class='ocrx_word' id='word_1_817' title='bbox 1873 5565 2034 5620; x_wconf 75' lang='lat' dir='ltr'><strong>gnum</strong></span> <span class='ocrx_word' id='word_1_818' title='bbox 2067 5551 2161 5606; x_wconf 88' lang='lat' dir='ltr'><strong>Dei</strong></span> <span class='ocrx_word' id='word_1_819' title='bbox 2189 5569 2420 5623; x_wconf 88' lang='lat' dir='ltr'><strong>superna</strong></span> <span class='ocrx_word' id='word_1_820' title='bbox 2450 5557 2578 5612; x_wconf 81' lang='lat' dir='ltr'><strong>luce</strong></span> <span class='ocrx_word' id='word_1_821' title='bbox 2605 5560 2835 5616; x_wconf 76' lang='lat' dir='ltr'><strong>nitentes</strong></span> <span class='ocrx_word' id='word_1_822' title='bbox 2859 5561 2962 5617; x_wconf 64' lang='grc' dir='ltr'><strong>ιπειί</strong></span> <span class='ocrx_word' id='word_1_823' title='bbox 2991 5579 3297 5621; x_wconf 86' lang='lat' dir='ltr'><strong>mereamur</strong></span> <span class='ocrx_word' id='word_1_824' title='bbox 3321 5584 3447 5637; x_wconf 90' lang='lat' dir='ltr'><strong>pos-</strong></span> <span class='ocrx_word' id='word_1_825' title='bbox 3473 5615 3478 5617; x_wconf 25' lang='grc' dir='ltr'><strong><em>Α</em></strong></span> 
     </span>
    </p>
   </div>
   <div class='ocr_carea' id='block_1_115' title="bbox 1873 5641 3448 5725">
    <p class='ocr_par' dir='ltr' id='par_1_115' title="bbox 1873 5641 3448 5725">
     <span class='ocr_line' id='line_1_115' title="bbox 1873 5641 3448 5725; baseline 0.011 -30"><span class='ocrx_word' id='word_1_826' title='bbox 1873 5641 2049 5695; x_wconf 83' lang='lat' dir='ltr'><strong>sidere</strong></span> <span class='ocrx_word' id='word_1_827' title='bbox 2079 5651 2462 5716; x_wconf 87' lang='lat' dir='ltr'><strong>auctoremque</strong></span> <span class='ocrx_word' id='word_1_828' title='bbox 2488 5657 2728 5703; x_wconf 88' lang='lat' dir='ltr'><strong>nostrum</strong></span> <span class='ocrx_word' id='word_1_829' title='bbox 2757 5666 2820 5706; x_wconf 90' lang='lat' dir='ltr'><strong>ac</strong></span> <span class='ocrx_word' id='word_1_830' title='bbox 2849 5643 3243 5725; x_wconf 88' lang='lat' dir='ltr'><strong>redemptorem</strong></span> <span class='ocrx_word' id='word_1_831' title='bbox 3270 5656 3448 5711; x_wconf 82' lang='lat' dir='ltr'><strong>Domi-</strong></span> 
     </span>
    </p>
   </div>
   <div class='ocr_carea' id='block_1_116' title="bbox 1874 5734 3476 5813">
    <p class='ocr_par' dir='ltr' id='par_1_116' title="bbox 1874 5734 3476 5813">
     <span class='ocr_line' id='line_1_116' title="bbox 1874 5734 3476 5813; baseline 0.011 -25"><span class='ocrx_word' id='word_1_832' title='bbox 1874 5750 2000 5788; x_wconf 87' lang='lat' dir='ltr'><strong>num</strong></span> <span class='ocrx_word' id='word_1_833' title='bbox 2028 5734 2208 5790; x_wconf 81' lang='lat' dir='ltr'><strong>Jesum</strong></span> <span class='ocrx_word' id='word_1_834' title='bbox 2239 5738 2509 5793; x_wconf 88' lang='lat' dir='ltr'><strong>Christum</strong></span> <span class='ocrx_word' id='word_1_835' title='bbox 2532 5781 2545 5805; x_wconf 93' lang='lat'><strong>,</strong></span> <span class='ocrx_word' id='word_1_836' title='bbox 2569 5743 2950 5813; x_wconf 88' lang='lat' dir='ltr'><strong>omnipotentis</strong></span> <span class='ocrx_word' id='word_1_837' title='bbox 2990 5747 3173 5804; x_wconf 81' lang='lat' dir='ltr'><strong>Patris</strong></span> <span class='ocrx_word' id='word_1_838' title='bbox 3201 5749 3476 5806; x_wconf 76' lang='lat' dir='ltr'><strong>videlicet.</strong></span> 
     </span>
    </p>
   </div>
   <div class='ocr_carea' id='block_1_117' title="bbox 1875 5823 3475 5907">
    <p class='ocr_par' dir='ltr' id='par_1_117' title="bbox 1875 5823 3475 5907">
     <span class='ocr_line' id='line_1_117' title="bbox 1875 5823 3475 5907; baseline 0.013 -31"><span class='ocrx_word' id='word_1_839' title='bbox 1875 5823 2096 5894; x_wconf 65' lang='lat' dir='ltr'><strong>Natum,</strong></span> <span class='ocrx_word' id='word_1_840' title='bbox 2129 5829 2300 5896; x_wconf 72' lang='lat' dir='ltr'><strong>dignis</strong></span> <span class='ocrx_word' id='word_1_841' title='bbox 2338 5829 2582 5888; x_wconf 88' lang='lat' dir='ltr'><strong>laudibus</strong></span> <span class='ocrx_word' id='word_1_842' title='bbox 2610 5849 2897 5903; x_wconf 85' lang='lat' dir='ltr'><strong>resonare,</strong></span> <span class='ocrx_word' id='word_1_843' title='bbox 2941 5854 3156 5907; x_wconf 83' lang='lat' dir='ltr'><strong>verum,</strong></span> <span class='ocrx_word' id='word_1_844' title='bbox 3199 5845 3475 5896; x_wconf 78' lang='lat' dir='ltr'><strong>sanctum.</strong></span> 
     </span>
    </p>
   </div>
  </div>
