3970 6466
478 409 585 465 275

478 528 644 590 atque
667 509 956 572 Dominum
983 511 1307 567 altissimum
1334 527 1347 562 :
1372 508 1445 563 sit
1465 518 1678 576 quoque
1707 514 1920 570 semper
1941 498 2058 552 haec
2086 494 2135 554 Λ

478 589 668 669 nostra
713 608 888 673 ratio,
928 604 1255 675 sempiterna
1297 600 1417 655 laus
1468 598 1524 653 et
1562 601 1853 668 perpetuus
1896 589 2058 644 ardor

477 701 703 759 amoris.

1102 783 1328 842 CAPUT
1364 782 1436 838 Χ.

481 925 561 980 De
600 923 803 979 ratione
838 921 1026 993 ﬁgura:
1069 919 1320 982 decima),
1362 917 1448 971 ubi
1492 907 1877 985 septuagenarii
1924 906 2061 962 ratio

1081 989 1339 1043 desm'nta
1372 996 1467 1041 est.

1119 996 1339 1059 esm'pta
1372 996 1467 1041 est.

553 1125 711 1184 Nunc
740 1127 922 1198 itaque
958 1125 1217 1181 condecet
1237 1133 1296 1178 ut
1321 1122 1411 1193 pia
1438 1118 1759 1184 modulatio,
1791 1131 1885 1187 spe
1908 1122 2065 1169 teter-

484 1234 681 1274 norum
708 1234 808 1274 nos
839 1217 1145 1282 laetificans,
1184 1216 1237 1270 in
1268 1215 1373 1270 hoc
1408 1211 1569 1268 beato
1607 1224 1771 1281 opere
1801 1205 2067 1276 exprimat

485 1310 615 1380 quid
652 1309 808 1365 nobis
845 1317 1104 1364 reternam
1148 1308 1315 1361 vitam
1356 1302 1627 1365 conferat,
1677 1307 1734 1354 et
1771 1296 1898 1369 quid
1942 1309 2064 1350 cor-

488 1405 794 1477 ruptionem
836 1402 1080 1467 auferat,
1110 1401 1346 1472 quidque
1378 1396 1692 1454 delictorum
1723 1392 1935 1447 veniam
1971 1387 2069 1442 tri-

486 1496 640 1561 huat,
672 1503 726 1552 et
750 1494 880 1566 quid
909 1494 1121 1550 vincula
1150 1500 1499 1562 peccatorum
1529 1488 1820 1556 dirumpat,
1841 1484 1946 1538 hoc
1966 1487 2067 1546 est,

489 1595 690 1642 sancta:
731 1584 910 1642 crucis
950 1584 1208 1653 praedicet
1243 1591 1384 1638 acta.
1425 1578 1616 1635 Merito
1653 1591 1782 1647 ergo
1818 1575 1923 1629 hoc
1964 1587 2071 1627 vox

488 1679 724 1733 humana
767 1676 1012 1731 faucibus
1049 1681 1293 1736 resonat,
1337 1673 1442 1728 hoc
1484 1670 1808 1740 depromunt
1851 1671 1967 1718 arte
2008 1676 2071 1716 os

486 1767 818 1839 proloquens
845 1806 858 1828 ,
907 1766 1059 1838 digiti
1095 1765 1394 1820 scribentes
1422 1804 1438 1824 ,
1480 1761 1744 1832 plectrum
1784 1756 1978 1826 lingua:
2018 1761 2073 1807 et

1108 400 1169 455 B.
1208 395 1463 453 RABANI
1500 390 1717 450 MAURI
1754 381 2073 443 ARCIIIEP.
2117 379 2427 440 MOGUNT.
2464 380 2750 439 OPERUM
2787 379 2967 436 PARS
2999 380 3041 434 Ι.

3640 377 3755 433 276

2769 512 2995 568 CAPUT
3031 511 3125 567 XI.

2159 625 2237 681 De
2260 626 2537 681 undecima
2561 623 2763 696 ﬁgura,
2792 623 2881 747 alii
2909 621 3293 745 Pen:ateuclms
3322 618 3498 692 Moysi
3526 623 3759 677 ordine.

2868 711 2929 747 us
2958 709 3010 747 es
3040 733 3055 746 .

2868 711 2929 749 us
2958 709 3055 748 εει.

2232 808 2330 876 Te,
2362 816 2549 864 sancte
2574 807 2761 873 Pater,
2787 806 2978 862 invoco
3007 804 3299 861 Dominum
3324 803 3446 860 caeli
3478 811 3535 859 et
3564 813 3757 870 terrae,

2162 909 2221 955 ut
2245 901 2322 956 sis
2349 901 2481 955 mihi
2504 901 2558 955 in
2586 901 2689 956 hoc
2712 899 2952 955 carmine
2972 898 3162 953 doctor
3185 905 3242 952 et
3264 904 3471 962 rector,
3492 897 3763 952 inchoato

2164 993 2313 1062 operi
2335 992 2457 1064 pius
2476 1000 2532 1048 et
2551 992 2790 1047 clemens
2808 1004 3014 1044 annuas
3038 1003 3256 1043 sensum
3277 986 3482 1057 opifici,
3506 994 3563 1040 et
3588 987 3757 1040 verba

2164 1073 2345 1142 sobria
2373 1086 2650 1148 tribuens,
2683 1091 2743 1138 ut
2766 1082 2968 1153 possim
2998 1079 3232 1135 ﬁdeliter
3256 1079 3496 1150 pandere
3524 1079 3596 1132 ad
3633 1093 3760 1132 san-

2167 1187 2268 1234 ctae
2295 1179 2476 1233 crucis
2499 1184 2758 1231 aeternam
2783 1171 2995 1228 Iaudem
3015 1211 3032 1237 ,
3053 1177 3109 1225 et
3140 1170 3207 1225 ad
3234 1169 3463 1241 gloriam
3487 1167 3633 1223 Novi
3665 1168 3765 1223 Te-

2167 1269 2442 1334 stamenti,
2468 1267 2595 1337 quid
2629 1265 2718 1320 lex
2752 1264 2931 1335 prisca
2970 1262 3160 1333 figuris
3185 1260 3471 1332 signiﬁcet,
3503 1259 3677 1315 modo
3707 1258 3762 1313 in

2168 1364 2342 1436 gratia
2389 1362 2520 1434 ipsis
2557 1361 2722 1417 rebus
2754 1356 3107 1429 spiritualiter
3149 1353 3573 1410 observandum.
3624 1350 3762 1406 Nam

2169 1472 2293 1512 cum
2332 1454 2566 1525 primum
2596 1452 2712 1507 haec
2738 1450 2975 1506 maxima
3012 1462 3196 1503 rerum
3229 1445 3483 1501 machina
3517 1444 3590 1498 ab
3626 1443 3767 1497 invi-

2171 1550 2312 1607 sibili
2355 1558 2410 1606 et
2449 1546 2844 1619 impenetrabili
2890 1543 3257 1616 profunditate
3288 1541 3528 1597 visibilis
3567 1538 3764 1595 effecta

2170 1652 2275 1710 est,
2307 1649 2363 1699 et
2392 1642 2678 1713 paradisus
2704 1654 2826 1695 cum
2852 1637 3095 1708 germine
3121 1650 3222 1691 suo
3250 1632 3473 1689 ﬂoridus
3492 1640 3551 1687 et
3567 1631 3766 1701 iocun-

2173 1736 2274 1792 dus
2296 1733 2562 1805 apparuit,
2595 1732 2778 1787 statim
2807 1731 2861 1785 in
2888 1730 3034 1800 ligno
3053 1729 3196 1792 vitm,
3226 1725 3368 1796 quod
3388 1732 3476 1780 est
3496 1725 3557 1780 in
3585 1724 3769 1778 medio

487 1815 814 1839 r-v-vu-w-
846 1815 858 1828 ι
1096 1815 1390 1820 παπ-νη
1425 1815 1438 1824 ν
1482 1815 1503 1832 ε
1551 1815 1554 1816 ν
1862 1815 1892 1826 ν

487 1866 618 1915 vota
657 1858 730 1928 pii
762 1815 1139 1927 cordisfquod
1169 1856 1363 1911 cecidit
1402 1855 1458 1910 in
1492 1852 1632 1909 bello
1670 1851 1836 1915 draco
1868 1857 2074 1903 tortuo-

2188 1828 2446 1901 paradisi,
2481 1827 2645 1882 vitale
2675 1826 2877 1896 lignum
2917 1830 3118 1878 sanctm
3158 1819 3339 1875 crucis
3372 1815 3769 1887 praefiguraba-

487 1964 585 2005 sus
626 1956 681 2005 et
716 1948 911 2004 noxius
953 1947 1042 2003 ille.
1075 1947 1166 2017 qui
1212 1955 1332 2003 arte
1369 1943 1604 2017 maligna
1643 1942 1981 1999 truculentus
2021 1939 2075 1993 in

487 2044 746 2115 paradiso
772 2042 1165 2113 protoplastum
1195 2049 1443 2097 nostrum
1486 2037 1736 2107 decepit:
1769 2051 1891 2091 cum
1926 2032 2079 2104 prius

489 2136 607 2205 ipse
650 2134 852 2190 cadens
892 2132 1110 2189 Lucifer
1153 2132 1220 2189 de
1266 2130 1389 2187 coeli
1432 2144 1558 2185 arce
1601 2128 1816 2184 tertiam
1867 2134 2078 2197 partem

490 2235 766 2281 astrorum
800 2224 966 2280 traxit
994 2239 1178 2281 secum
1210 2223 1278 2278 ad
1309 2221 1509 2278 inferni
1547 2221 1839 2291 sulphurea
1866 2226 2076 2289 stagna,

492 2317 620 2387 quia
650 2315 915 2386 superbus
944 2323 1000 2371 et
1025 2314 1245 2370 dolosus
1266 2313 1494 2370 tentavit
1530 2328 1590 2369 se
1619 2312 1956 2382 aequiparare
1990 2309 2081 2363 Al—

488 2409 727 2474 tissimo,
751 2407 804 2462 in
831 2406 1005 2478 gelida
1032 2406 1314 2477 Aquilonis
1344 2413 1501 2476 parte
1532 2419 1740 2476 ponens
1771 2403 1873 2458 sibi
1910 2401 2081 2456 tribu-

492 2499 601 2556 nal.
630 2500 782 2555 llunc
808 2499 1017 2556 scilicet
1036 2497 1432 2554 ferocissimum
1458 2496 1645 2566 lupum
1672 2508 1843 2565 agnus
1862 2492 2083 2547 mitissi-

494 2610 619 2655 mus
646 2594 868 2660 stravit,
892 2592 1015 2662 jure
1048 2591 1254 2664 potenti
1285 2590 1481 2663 eripuit
1516 2588 1754 2660 praedam
1775 2627 1791 2654 ,
1819 2594 1874 2642 et
1904 2584 2082 2641 studia

493 2687 753 2742 immania
802 2684 984 2757 fregit.
1031 2684 1104 2739 At
1145 2691 1334 2754 gentes
1382 2698 1450 2739 ex
1503 2681 1627 2737 imis
1676 2687 1733 2735 et
1773 2676 2085 2734 carnalibus

494 2779 779 2836 desideriis
801 2793 900 2850 per
928 2785 1173 2835 sanctam
1199 2772 1937 2847 Evangeliiprazdicationem
1961 2783 2085 2823 con-

492 2871 663 2927 vertit
695 2871 762 2926 ad
790 2870 1038 2935 meliora,
1070 2876 1126 2923 et
1164 2868 1403 2924 incendit
1441 2866 1508 2921 ad
1537 2863 1777 2920 etelestia
1813 2863 1982 2925 dona,
2018 2873 2086 2913 ne

496 2960 583 3017 vel
616 2960 924 3017 indecorum
955 2959 1200 3014 fabulosa
1232 2955 1566 3028 superstitio,
1596 2953 1682 3009 vel
1706 2952 2085 3008 luereticorum

494 3066 757 3124 perversa
779 3051 1040 3117 seductio,
1058 3049 1301 3119 specioso
1324 3046 1588 3102 velamine
1610 3049 1919 3112 corrumpat
1933 3049 2084 3096 casta

498 3144 666 3199 corda
720 3143 1151 3198 Christianorum
1177 3180 1195 3207 ,
1250 3139 1343 3209 qui
1391 3137 1679 3194 veritatem
1722 3135 1916 3191 divinae
1954 3132 2087 3204 legis

499 3242 889 3306 agnoscentes,
930 3233 983 3288 in
1015 3233 1207 3289 robore
1241 3231 1365 3289 fidei
1398 3229 1511 3302 jam
1542 3229 1873 3294 consistunt;
1923 3237 1976 3282 et
2018 3241 2088 3281 ne

499 3326 711 3383 aridum
750 3326 846 3381 fiat
879 3341 942 3382 os
978 3326 1217 3397 gentium
1255 3323 1594 3380 exinanitum
1635 3335 1666 3374 a
1708 3319 1852 3376 cultu
1890 3318 2089 3373 daemo-

499 3436 631 3476 num
661 3429 716 3476 et
736 3419 1051 3476 adoratione
1077 3418 1364 3483 idolorum,
1394 3415 1649 3472 fecundat
1675 3412 1807 3468 illud
1828 3413 1884 3467 in
1908 3411 2089 3467 divina

501 3509 663 3567 laude
687 3518 875 3564 auctor
900 3509 1067 3565 totius
1092 3508 1217 3564 boni
1237 3515 1291 3563 et
1310 3507 1535 3582 largitor
1557 3504 1817 3558 virtutum
1842 3500 2092 3558 Christus

503 3600 767 3656 Dominus
802 3620 815 3654 :
858 3609 1045 3655 causat
1069 3599 1213 3655 enim
1238 3607 1293 3654 et
1321 3598 1541 3653 damnat
1564 3610 1780 3651 omnem
1808 3593 2091 3664 perfidiam

505 3692 710 3748 inimici
752 3701 947 3763 potens
990 3691 1163 3746 virtus
1205 3698 1407 3746 sanctae
1450 3687 1630 3743 erucis
1656 3728 1671 3754 ,
1718 3696 1774 3743 et
1815 3685 2093 3740 dimittens

506 3783 710 3839 mundo
753 3782 968 3847 debita,
1009 3790 1236 3837 cunctas
1276 3794 1405 3851 opes
1439 3778 1667 3835 divitum
1702 3776 1960 3849 prtecellit
1995 3792 2095 3832 suo

505 3891 751 3931 munere.
782 3875 1023 3945 Denique
1044 3874 1188 3946 quod
1212 3874 1266 3930 in
1293 3870 1709 3944 septuagenario
1736 3883 1963 3925 numero
1984 3884 2095 3923 ma-

506 3966 708 4023 nifesta
739 3967 1041 4038 rethmptio
1071 3975 1184 4022 toto
1204 3964 1406 4020 mundo
1432 3963 1594 4019 fuerit
1623 3961 1808 4017 Daniel
1835 3960 2094 4031 propheta

512 4059 566 4113 in
594 4058 935 4129 septuaginta
967 4056 1398 4112 hebdomadibus
1419 4055 1549 4119 suis,
1583 4069 1704 4124 qua:
1732 4053 1799 4107 ad
1820 4051 2094 4107 Christum

509 4164 683 4218 usque
710 4148 1110 4219 pertingebant,
1138 4146 1494 4211 demonstrat,
1522 4144 1736 4215 quando
1761 4156 2099 4198 consumme-

511 4247 602 4292 tur
627 4238 1000 4308 praevaricatio
1018 4279 1033 4304 ,
1065 4245 1119 4293 et
1148 4237 1309 4293 finem
1335 4238 1563 4308 accipiat
1590 4243 1869 4307 peccatum
1888 4275 1902 4299 ,
1930 4244 1985 4290 et
2005 4234 2098 4289 de-

514 4330 691 4386 leatur
729 4330 1014 4401 iniquitas,
1054 4340 1109 4386 et
1153 4332 1452 4387 adducatur
1489 4330 1699 4401 iustitia
1745 4328 2094 4398 sempiterna.

513 4422 778 4479 Jcrcmias
828 4436 1042 4494 quoque
1091 4422 1339 4478 similiter
1382 4429 1504 4493 post
1547 4419 1884 4492 septuaginta
1928 4432 2099 4473 annos

516 4512 903 4569 resolutionem
941 4513 1271 4585 captivitatis
1308 4513 1570 4585 przedicat
1606 4525 1727 4566 esse
1764 4516 2049 4565 venturam
2080 4527 2092 4561 :

514 4613 601 4659 ast
635 4604 846 4677 Moyses
870 4618 965 4676 per
993 4605 1329 4676 septuaginta
1365 4604 1713 4674 presbyteros
1732 4640 1747 4666 ,
1774 4614 1911 4670 quos
1944 4614 2097 4653 man-

515 4700 640 4753 dato
669 4698 881 4753 Domini
909 4697 1105 4768 populo
1136 4697 1298 4753 Israel
1330 4695 1584 4768 praetulit,
1609 4694 1775 4749 totius
1800 4693 2097 4765 magisterii

514 4788 904 4859 perfectionem
938 4796 992 4843 et
1029 4788 1410 4845 revelationem
1439 4785 1815 4858 mysteriorum
1850 4798 1949 4854 per
1975 4797 2099 4837 cru-

516 4880 625 4936 cris
661 4888 1060 4935 sacramentum
1092 4879 1246 4934 nobis
1271 4878 1387 4934 fieri
1410 4875 1752 4948 significavit.
1775 4872 1819 4930 Ο
1848 4888 1982 4927 crux
2005 4872 2099 4926 be-

516 4973 733 5028 nedicta
769 4971 895 5026 Dei!
929 4971 983 5026 in
1019 4972 1122 5027 hoc
1149 4970 1293 5039 quod
1317 4966 1786 5040 septuagenarium
1815 4976 2096 5017 numerum

518 5066 575 5122 in
600 5066 836 5136 quinque
858 5071 1039 5135 partes
1062 5062 1292 5118 divisum
1319 5060 1373 5115 in
1401 5059 1577 5114 medio
1606 5057 1681 5111 tui
1698 5096 1713 5121 ,
1748 5052 1907 5108 simul
1929 5060 1985 5107 et
2004 5066 2105 5122 per

520 5166 754 5227 quatuor
787 5170 990 5212 cornua
1029 5161 1120 5209 tua
1150 5152 1497 5222 quaternario
1529 5156 1585 5204 et
1618 5146 1838 5203 denario
1876 5158 2103 5199 numero

521 5246 885 5317 amplecteris,
917 5243 1229 5317 significans
1255 5250 1308 5299 te
1335 5250 1508 5297 totum
1533 5238 1789 5294 mundum
1820 5250 1916 5307 per
1944 5236 2103 5291 deca-

540 5355 702 5411 ogum
728 5340 863 5411 legis
889 5349 945 5395 et
968 5355 1066 5409 per
1093 5345 1324 5408 quatuor
1348 5334 1515 5389 libros
1536 5329 1708 5386 sancti
1733 5326 2006 5398 Evangelii
2034 5326 2101 5380 ad

524 5430 867 5487 concordiam
895 5438 951 5485 et
974 5430 1237 5484 unitatem
1267 5424 1393 5481 fidei
1432 5436 1707 5479 revocare.
1743 5418 1926 5488 Neque
1956 5417 2100 5472 enim

526 5523 702 5593 ipsum
726 5520 1033 5592 quinarium
1066 5520 1272 5590 absque
1297 5514 1553 5587 mysterio
1576 5510 1949 5584 praetermittis
1965 5550 1979 5575 ,
2011 5507 2104 5563 sed

524 5612 910 5670 venerabiliter
946 5611 1128 5666 innuis
1155 5610 1450 5665 humanum
1481 5621 1650 5679 genus
1676 5619 1783 5660 non
1808 5602 1978 5658 solum
2009 5614 2107 5669 per

528 5704 804 5760 internum
838 5701 1092 5758 allectum
1119 5700 1321 5765 animi,
1350 5699 1445 5755 sed
1481 5697 1646 5753 etiam
1679 5708 1777 5767 per
1810 5692 2108 5747 exteriores

529 5811 719 5853 sensus
746 5794 1009 5867 corporis,
1039 5794 1134 5851 tibi
1162 5793 1507 5851 veracissime
1535 5805 1655 5847 esse
1681 5787 1943 5846 deditum.

2180 1932 2303 1978 tur:
2329 1921 2473 1992 quod
2514 1920 2569 1974 in
2601 1918 2779 1973 medio
2826 1915 3069 1987 gentium
3101 1913 3337 1983 positum
3390 1909 3770 1981 praecedentes

2176 2025 2230 2073 et
2259 2015 2650 2083 subsequentes
2678 2026 2736 2066 se
2763 2006 3004 2063 vivificat
3040 2012 3095 2060 et
3124 2002 3427 2059 sanctificat
3453 1999 3766 2072 generatio-

2177 2123 2306 2173 nes,
2346 2106 2500 2176 cujus
2528 2101 2791 2159 beneficio
2829 2098 3059 2155 recreati
3096 2096 3296 2167 quique
3332 2093 3463 2148 boni
3500 2101 3563 2145 et
3596 2095 3770 2145 sancti

2176 2199 2278 2253 viri
2306 2194 2615 2267 spirituales
2639 2201 2694 2247 ct
2720 2190 2916 2245 vitales
2935 2189 3195 2243 virtutum
3220 2182 3506 2255 proferunt
3536 2180 3768 2235 fructus.

2178 2291 2295 2346 Hoc
2349 2289 2514 2343 etiam
2565 2285 2768 2356 lignum
2814 2279 3087 2353 passionis
3132 2275 3333 2333 Christi
3380 2272 3773 2343 pnefigurabat

2178 2384 2326 2439 Isaac
2356 2378 2696 2452 patriarcha,
2731 2390 2854 2431 cum
2884 2381 3037 2444 patre
3074 2372 3382 2441 imponente
3405 2366 3654 2438 prepriis
3680 2365 3773 2419 hu-

2180 2475 2349 2530 meris
2391 2472 2534 2543 ligna
2584 2469 2833 2539 portabat
2874 2467 2941 2520 ad
2986 2465 3163 2519 locum
3203 2458 3602 2516 immolationis
3644 2472 3771 2531 suae,

2182 2566 2324 2621 sicut
2348 2563 2484 2618 liber
2514 2560 2742 2617 Genesis
2764 2565 3012 2613 testatur.
3049 2554 3141 2609 Sic
3167 2560 3221 2608 et
3260 2551 3479 2607 Exodus
3507 2558 3571 2603 et
3598 2547 3774 2603 carteri

2182 2655 2304 2709 libri
2331 2653 2463 2724 legis
2486 2651 2812 2713 edisserunt,
2832 2645 2977 2717 quod
3003 2643 3130 2699 forti
3151 2640 3472 2711 compagine
3491 2653 3772 2692 armorum
3810 2632 3815 2639 ’

2183 2754 2369 2802 sancta
2395 2759 2526 2797 crux
2559 2749 2805 2796 nostrum
2833 2736 3065 2808 pretium
3097 2732 3373 2796 evexerit,
3400 2737 3463 2782 ut
3494 2729 3627 2783 dote
3655 2742 3777 2780 san-

2184 2838 2363 2910 guinis
2383 2837 2463 2892 sui
2491 2843 3013 2904 sponsussupcrnus
3052 2823 3331 2882 exhiberet
3362 2821 3466 2876 sibi
3491 2833 3773 2890 sponsam,

2184 2909 2501 2993 Ecclesiam,
2533 2942 2639 2980 non
2666 2924 2957 2979 habentem
2979 2917 3246 2975 maculam
3271 2923 3363 2969 aut
3387 2928 3610 2983 rugam.
3640 2909 3776 2965 Ilinc

2185 3024 2338 3095 plebs
2370 3019 2732 3077 Israelitarum
2768 3016 2878 3070 Deo
2905 3014 2957 3068 in
2982 3011 3219 3082 Egypto
3243 3005 3536 3076 conjuncta
3556 3046 3575 3069 ,
3602 3012 3661 3059 et
3686 3017 3781 3072 per

2188 3119 2431 3174 Rubrum
2458 3128 2609 3171 mare
2635 3110 2913 3176 translata,
2938 3109 3123 3163 laudes
3143 3105 3398 3161 victrices
3422 3099 3778 3169 Redemptori

2114 3190 2159 3253 Ο
2191 3226 2289 3267 suo
2326 3207 2677 3270 decantabat,
2718 3211 2772 3257 et
2816 3203 3009 3257 itinere
3043 3198 3207 3252 trium
3242 3195 3454 3249 dierum
3497 3192 3779 3262 gradiens,

2191 3300 2419 3357 Domino
2448 3295 2875 3352 misericorditer
2904 3307 2999 3347 eos
3024 3291 3271 3352 ducente,
3292 3285 3542 3357 pervenit
3573 3284 3644 3339 ad
3666 3282 3781 3337 fon-

2192 3402 2300 3449 tem
2334 3392 2527 3457 Marat,
2565 3389 2656 3460 qui
2692 3403 2788 3458 per
2831 3386 3031 3457 lignum
3068 3382 3355 3454 mysticum
3385 3379 3644 3433 dulcatus
3679 3386 3779 3430 est.

2189 3487 2357 3559 Igitur
2383 3485 2596 3541 Pharao
2621 3490 2675 3537 et
2694 3478 2929 3551 JEgyptii
2955 3481 3365 3547 persequentes,
3383 3469 3473 3540 qui
3508 3469 3667 3539 prius
3691 3483 3795 3537 po—v

2191 3579 2318 3651 pulo
2359 3577 2454 3632 Dei
2500 3574 2655 3646 quasi
2697 3573 2808 3644 jam
2849 3576 3006 3639 capto
3052 3573 3109 3620 et
3151 3563 3377 3618 reducto
3414 3559 3780 3617 insultabant,

2194 3649 2651 3726 submersitmaris
2672 3662 2925 3717 fluctibus
2953 3673 3073 3713 sera
3096 3652 3418 3727 poenitentia
3444 3649 3741 3706 doluerunt
3767 3666 3782 3701 ;

2192 3761 2451 3817 Israelita:
2480 3767 2657 3813 autem
2691 3754 2822 3809 visis
2846 3749 3204 3821 magnalibus,
3230 3747 3438 3802 ductori
3464 3759 3567 3798 suo
3596 3743 3786 3797 trium-

2192 3851 2381 3921 plianti
2398 3893 2412 3918 ,
2445 3848 2556 3905 Deo
2583 3846 2831 3902 videlicet
2857 3852 3067 3915 patrum
3095 3853 3339 3902 suorum,
3365 3835 3647 3890 canticum
3674 3832 3788 3901 glo-

2195 3948 2291 4002 ria:
2319 3937 2694 4006 concinebant,
2718 3946 2771 3994 et
2800 3938 2853 3992 in
2876 3932 3172 3991 conditoris
3196 3930 3277 3986 sui
3301 3943 3487 3984 amore
3509 3926 3787 3981 ferventes

2196 4038 2384 4095 Iaudes
2420 4031 2778 4103 triumphales
2818 4026 3186 4083 cxsolvebant.
3217 4021 3388 4076 Porro
3413 4034 3570 4074 mare
3613 4017 3791 4071 orien—

2200 4130 2305 4186 tale
2333 4129 2435 4185 hoc
2460 4132 2710 4188 testatur,
2742 4136 2863 4177 cum
2889 4118 3092 4174 orbitas
3118 4127 3372 4170 curruum
3401 4109 3787 4181 Egyptiorum

2196 4223 2459 4278 hactenus
2499 4218 2552 4271 in
2589 4212 2856 4285 profundo
2893 4217 2946 4265 et
2991 4209 3044 4262 in
3074 4206 3260 4260 littore
3299 4211 3502 4258 servat.
3542 4200 3792 4269 Denique

2197 4299 2398 4368 veteris
2427 4308 2559 4380 legis
2585 4306 2838 4376 abyssum
2868 4307 3053 4355 sancta
3088 4312 3224 4352 crux
3251 4293 3491 4349 immissa
3522 4290 3786 4352 dulcavit,

2199 4412 2254 4460 et
2297 4409 2507 4472 petram
2556 4394 2936 4453 solidissimum
2992 4388 3249 4443 excidens
3295 4385 3501 4438 fontem
3552 4381 3791 4435 viventis

2201 4509 2352 4565 aqum
2374 4488 2643 4562 produxit.
2670 4486 2751 4540 Ad
2774 4484 2932 4554 hujus
2955 4482 3123 4535 instar
3152 4477 3361 4547 Moyses
3382 4488 3580 4527 manus
3602 4480 3787 4526 exten-

2203 4561 2338 4643 dens
2359 4561 2412 4639 in
2432 4579 2653 4635 Amalec
2671 4574 2953 4631 victoriam
2977 4570 3139 4641 cepit,
3161 4576 3216 4623 ct
3235 4581 3332 4638 per
3351 4580 3469 4619 eam
3493 4562 3612 4616 veri
3635 4561 3788 4615 Ama-

2202 4680 2286 4737 lec
2319 4672 2577 4732 memoria
2602 4669 2777 4724 deleta
2805 4675 2889 4721 cst
2924 4664 3025 4720 sub
3055 4661 3215 4717 coelo.
3252 4660 3368 4713 Duo
3393 4670 3524 4727 ergo
3559 4653 3667 4708 viri
3701 4669 3791 4707 ex-

2203 4774 2505 4847 ploratores
2531 4775 2691 4822 terrm
2714 4756 3171 4831 repromissionis,
3196 4753 3287 4823 qui
3315 4753 3529 4806 botrum
3554 4748 3611 4801 in
3638 4757 3790 4800 vecte

2202 4839 2524 4936 portabant,
2556 4856 2691 4912 duos
2723 4850 2947 4923 populos
2986 4846 3324 4917 significant,
3350 4841 3441 4911 qui
3475 4839 3678 4911 gaudia
3705 4853 3790 4892 su-

2204 4930 2369 5026 perna
2394 4966 2494 5022 per
2516 4946 2827 5018 passionem
2848 4938 3048 4996 Christi
3076 4938 3128 4991 in
3152 4950 3313 4991 cruce
3337 4930 3604 5001 completa
3636 4943 3792 4998 quos-

2203 5018 2309 5116 que
2348 5018 2631 5099 credentes
2666 5030 2968 5104 promereri
3004 5042 3162 5099 posse
3201 5024 3519 5095 prmdicant.
3565 5018 3613 5074 0
3660 5033 3788 5073 crux

2204 5133 2487 5190 benedicta
2540 5126 2671 5182 Dei!
2721 5123 2842 5193 quis
2887 5119 3025 5175 bene
3072 5116 3328 5187 mysteria
3377 5121 3467 5166 tua
3513 5123 3787 5169 noscens,

2208 5235 2353 5283 tanta
2395 5232 2449 5279 et
2494 5231 2603 5276 tam
2645 5216 2904 5288 przeclara
2942 5212 3082 5267 dona
3127 5209 3315 5264 salutis
3355 5206 3491 5260 satis
3527 5213 3789 5257 enarrare

2201 5318 2369 5381 valet,
2397 5313 2483 5368 cui
2508 5309 2654 5365 nulla
2677 5308 2858 5376 lingua
2889 5311 3148 5358 creatura:
3170 5299 3236 5353 ad
3260 5297 3444 5350 Iaudes
3467 5292 3684 5347 debitas
3706 5304 3789 5343 ce-

2206 5404 2492 5462 lebrandas
2531 5400 2720 5455 idonea
2765 5403 2870 5450 est.
2918 5392 2994 5447 Te
3035 5390 3215 5445 Patris
3254 5385 3444 5441 aeterni
3487 5382 3694 5443 homin,
3736 5380 3787 5432 in

2206 5498 2427 5555 odorem
2450 5490 2825 5550 suavissimum
2847 5485 3045 5547 oblata,
3069 5495 3279 5537 sacram
3302 5491 3450 5531 aram
3472 5474 3747 5529 dicaverat
3771 5488 3785 5521 :

2210 5591 2575 5648 vivificantem
2611 5580 2861 5636 exaltasti
2904 5585 3242 5647 serpentem,
3287 5578 3344 5627 et
3374 5566 3541 5621 vstale
3576 5564 3787 5634 signum

2209 5676 2591 5742 demonstrasti
2628 5671 2826 5745 pnpttlo
2848 5711 2862 5735 ,
2895 5683 3003 5738 quo
3028 5663 3224 5721 salvari
3255 5662 3414 5717 Iasus
3437 5659 3507 5712 ab
3542 5654 3790 5711 hostibus

2210 5740 2401 5848 possit.
2440 5769 2506 5825 Et
2545 5740 2673 5837 quid
2702 5740 2939 5830 amplius
2973 5757 3039 5812 de
3084 5763 3133 5810 te
3168 5753 3353 5809 dicere
3384 5762 3641 5819 possum,
3688 5740 3789 5797 nisi
