3970 6454
261 349 369 407 277

1239 335 1329 392 DE
1365 331 1711 392 LAUDIBUS
1748 333 1807 388 S.
1845 330 2113 389 CRUCIS.
2154 362 2222 371 —
2259 330 2389 385 LIB.
2429 329 2491 384 ll.

3422 327 3526 381 278

262 465 370 520 hoc
396 459 541 532 quod
564 463 761 515 cuncto
787 455 930 512 bona
959 452 1185 509 dederas
1212 459 1270 507 et
1293 450 1434 505 mala
1469 459 1668 505 cuncta
1700 446 1849 503 aufe-
1874 450 1922 511 Α
1951 456 2167 504 eatores
2218 448 2391 502 sancti
2444 444 2725 517 Evangelii
2778 444 3135 512 fructiﬁcans,
3175 459 3306 519 opes
3337 444 3527 501 condis

261 556 444 612 rcbas.

855 636 1084 694 CAPUT
1118 634 1233 690 XII.

259 736 344 792 De
366 733 692 791 duodecima:
736 729 924 810 ﬁgura:
961 728 1186 793 ratione,
1212 726 1299 781 ubi
1331 742 1516 780 nomen
1538 720 1847 795 protoptasti

853 811 1009 853 suum
1041 808 1136 852 est.

335 900 432 955 Eia
478 895 658 959 modo,
716 892 994 948 dulcisona
1034 890 1271 945 metricae
1299 888 1433 943 artis
1465 885 1664 952 ﬁstula,
1709 883 1848 940 vade

258 988 595 1048 salutiferam
625 985 805 1041 erucis
830 983 1120 1039 Dominicae
1138 980 1350 1035 laudem
1376 979 1631 1035 suavibus
1654 989 1848 1033 canere

258 1081 530 1145 versibus,
557 1091 801 1148 opusque
835 1074 1080 1129 mirabile
1102 1072 1488 1143 redemptionis
1527 1080 1747 1134 nostrze,
1776 1068 1848 1122 si-

259 1172 377 1229 mul
397 1180 452 1226 et
480 1168 908 1226 consolationem
936 1165 1061 1220 vita:
1098 1164 1291 1219 futura:
1337 1162 1545 1218 devotis
1571 1161 1849 1216 celebrare

259 1263 537 1327 laudibus,
587 1260 713 1331 quia
742 1259 795 1313 in
835 1265 1020 1313 sancta
1051 1271 1214 1312 cruce
1262 1270 1408 1311 mors
1432 1253 1574 1308 victa
1599 1260 1685 1306 est
1708 1251 1851 1306 dire-

257 1358 529 1422 ctissima,
558 1363 611 1409 et
632 1360 978 1424 peccatorum
1028 1358 1337 1405 nostrorum
1370 1347 1584 1404 vincula
1614 1353 1739 1401 sunt
1768 1358 1851 1401 re-

259 1449 458 1506 soluta.
494 1448 610 1503 Lux
659 1445 817 1501 nobis
866 1459 962 1514 per
990 1442 1265 1498 Christum
1301 1439 1462 1495 rediit
1509 1438 1761 1509 pristina,
1796 1444 1852 1490 et

260 1543 453 1613 prima:
481 1536 943 1611 praevaricationis
973 1549 1233 1590 concessa
1269 1542 1350 1588 est
1376 1531 1553 1586 vcnia.
1585 1529 1718 1584 Nam
1742 1527 1851 1598 pri-

262 1649 391 1689 mus
435 1633 610 1687 Adam
658 1630 909 1693 decorem
939 1622 1358 1682 immortalitatis
1407 1620 1562 1676 nobis
1603 1618 1848 1683 abstulit,

258 1742 389 1782 cum
412 1739 630 1795 pomum
657 1720 788 1793 ligni
820 1717 971 1776 vetiti
1000 1726 1189 1773 contra
1210 1720 1538 1786 praeceptum
1569 1709 1807 1782 gustavit
1832 1724 1846 1774 ;

1948 539 2199 594 ctelestes
2230 555 2243 592 :
2298 536 2532 593 exaltata
2559 536 2775 608 quidem
2824 535 3109 607 majeState
3156 553 3319 610 super
3343 537 3526 593 omnia

1948 629 2092 701 ligna
2141 628 2398 683 silvarum
2452 630 2784 686 honorabilis
2812 637 2868 686 et
2893 628 3091 687 decora
3138 630 3367 697 existis;
3399 630 3524 700 quia

1948 719 2171 774 claritas
2216 718 2416 774 Christi
2444 719 2497 774 in
2530 728 2582 775 te
2631 721 2874 776 cruciﬁxi
2902 721 3194 792 gloriosam
3220 731 3278 779 et
3305 722 3521 793 specio-

1948 824 2065 865 sam
2093 816 2148 864 et
2174 810 2535 866 venerabilem
2563 811 2815 867 onmibus
2837 821 2891 868 te
2916 813 3179 870 exhibuit.
3232 813 3347 870 lloc
3376 813 3530 885 quis-

1928 900 2070 971 quis
2099 899 2155 955 in
2186 899 2311 955 ﬁdei
2340 899 2595 958 firmitate
2623 902 2892 968 consistit,
2916 902 3075 973 plena
3105 904 3388 962 devotione
3409 918 3545 974 pro-.

1950 991 2167 1057 litetur,
2220 993 2348 1050 licet
2394 994 2653 1051 daemonis
2704 996 2796 1052 vis
2837 996 3056 1053 horrida
3107 997 3338 1053 salutem
3388 997 3532 1051 hanc

1948 1084 2180 1139 credere
2216 1091 2378 1154 atque
2407 1100 2735 1156 cognoscere
2791 1087 3041 1159 gentibus
3071 1087 3316 1143 invidens
3346 1087 3536 1142 hacte-

1952 1184 2107 1232 tenus
2134 1177 2448 1233 reluctetur.
2475 1177 2667 1234 Varias
2691 1180 2909 1249 quidem
2946 1181 3211 1236 virtutum
3247 1178 3456 1250 species
3478 1179 3533 1233 in

1950 1268 2070 1323 sinu
2100 1277 2191 1324 tuo
2237 1269 2595 1336 demonstras,
2639 1279 2695 1325 et
2740 1271 3127 1327 abundantiam
3170 1269 3534 1342 spiritualium

1931 1359 2260 1415 divitiarum
2292 1368 2345 1415 te
2386 1360 2589 1416 habere
2617 1360 2894 1433 signiﬁcas
2923 1380 2935 1416 :
2989 1377 3057 1417 ex
3084 1360 3346 1430 sanguine
3375 1358 3535 1415 Chri-

1950 1450 2019 1505 sti
2042 1464 2314 1521 purpureo
2368 1449 2577 1521 fulgore
2626 1452 2786 1519 nites,
2820 1460 2875 1508 et
2927 1467 3030 1523 pro
3059 1451 3277 1507 Christo
3324 1450 3538 1506 animas

1951 1550 2164 1596 nostras
2212 1554 2415 1611 ponere
2464 1541 2680 1598 fortiter
2723 1544 2938 1599 suades.
2979 1542 3034 1597 ln
3081 1550 3133 1598 te
3162 1541 3533 1598 Eeclesiarum

1951 1629 2236 1687 salvatoris
2262 1629 2527 1686 celsitudo
2575 1632 2844 1698 consistit,
2876 1640 2931 1686 et
2977 1632 3160 1687 unitas
3208 1630 3448 1687 ﬁdelium
3480 1630 3537 1685 in

1953 1720 2058 1778 ﬁde
2087 1729 2143 1777 et
2170 1736 2304 1792 pace
2354 1721 2715 1792 permanebit,
2747 1721 2892 1792 quod
2918 1721 3084 1777 etiam
3118 1721 3325 1776 erectio
3353 1721 3537 1775 taber-

259 1826 324 1874 ει
345 1818 613 1874 secundus
637 1814 831 1878 Adam,
857 1810 1097 1866 salvator
1124 1807 1375 1863 videlicet
1403 1814 1608 1865 noster.
1630 1817 1847 1859 omnem
1875 1802 1923 1862 B
1950 1811 2126 1867 naculi
2179 1810 2423 1877 Mosaici,
2480 1827 2576 1867 seu
2609 1811 2897 1867 aediﬁcatio
2957 1809 3139 1880 templi
3205 1809 3557 1865 Salomonici,

260 1916 606 1964 venustatem
636 1914 690 1960 et
715 1918 931 1960 onmem
979 1900 1206 1970 gloriam
1261 1907 1421 1967 atque
1458 1896 1719 1951 honorem
1752 1908 1847 1947 su-

260 2016 452 2072 pernre
498 1998 761 2055 claritatis
820 1995 977 2050 nobis
1039 1991 1332 2048 adveniens
1393 2004 1576 2044 secum
1642 1985 1841 2040 attulit.

266 2092 446 2149 Unius
490 2093 559 2146 ob
609 2104 801 2145 noxam
831 2087 1002 2142 multa
1052 2093 1109 2140 et
1143 2082 1553 2139 innumerabilia
1600 2078 1847 2149 perpessi

260 2197 456 2238 sumus
482 2180 642 2247 mala,
669 2187 727 2235 et
753 2176 1062 2249 temporalis
1096 2174 1288 2230 mortis
1343 2172 1628 2227 incidimus
1654 2169 1847 2225 discri-

261 2271 415 2327 mina
440 2287 454 2323 :
483 2269 564 2324 sic
588 2278 644 2323 et
675 2267 832 2323 unius
874 2265 942 2321 ob
966 2264 1198 2336 gratiam
1243 2262 1418 2318 ﬁdelia
1446 2261 1725 2316 salvantur
1753 2274 1849 2330 ag-

261 2360 415 2416 mina
442 2368 499 2416 et
546 2359 668 2415 lucc
711 2358 993 2429 potiuntur
1038 2364 1262 2411 aeterna.
1296 2352 1538 2422 Denique
1586 2350 1726 2406 sicut
1755 2365 1853 2420 per

260 2449 468 2522 lignum
502 2448 963 2521 praevaricationis
999 2461 1145 2503 mors
1180 2444 1420 2500 introivit
1446 2443 1499 2498 in
1526 2450 1700 2497 totum
1746 2456 1841 2496 or-

261 2542 390 2598 bem
420 2552 713 2609 terrarum,
738 2548 794 2596 et
828 2541 883 2595 in
912 2538 1180 2595 infernum
1217 2552 1407 2593 omnes
1430 2535 1849 2600 descenderunt,

262 2633 432 2689 etiam
462 2633 561 2704 ipsi
594 2633 774 2697 electi,
808 2632 883 2687 ita
919 2639 975 2686 et
996 2646 1092 2700 per
1120 2629 1322 2700 lignum
1377 2628 1671 2684 Dominicte
1718 2642 1850 2699 pas-

263 2723 438 2778 sionis
472 2738 618 2779 mons
643 2722 916 2793 captivata
947 2729 1048 2781 est,
1079 2727 1135 2773 et
1160 2717 1311 2773 multi
1338 2725 1632 2773 evaserunt
1659 2732 1724 2771 ex
1758 2731 1845 2781 ea,

263 2812 435 2868 etiam
459 2812 697 2883 peccatis
720 2810 958 2867 obnoxii.
1010 2809 1274 2864 Universo
1298 2807 1506 2863 scilicet
1534 2806 1651 2862 orbi
1696 2805 1853 2861 Chri-

264 2910 386 2958 stus
414 2918 513 2973 per
542 2916 758 2957 crucem
784 2901 989 2955 aditum
1036 2900 1158 2953 vita:
1183 2897 1417 2968 aperuit,
1464 2906 1519 2951 et
1571 2897 1624 2951 in
1649 2912 1713 2952 ea
1756 2912 1854 2968 po-

265 2994 496 3049 tentiam
529 2994 745 3049 virtutis
773 3008 884 3049 sua:
928 2990 1339 3057 demonstravit,
1401 2990 1701 3061 ipsamque,
1731 2989 1855 3045 reli-

261 3084 372 3138 ctis
430 3084 693 3140 idolorum
721 3082 973 3147 cultibus,
1027 3081 1401 3138 honorabilem
1452 3097 1574 3138 esse
1597 3082 1852 3138 omnibus

264 3173 458 3229 voluit.
485 3172 591 3230 Per
618 3175 761 3230 hanc
789 3173 873 3229 sui
917 3173 1243 3229 sacramenti
1291 3172 1448 3228 nobis
1480 3170 1737 3241 patefecit
1765 3188 1852 3227 ar-

262 3260 487 3330 canum,
512 3272 569 3320 et
596 3266 664 3320 ad
689 3264 1099 3320 custodiendum
1139 3261 1230 3332 jus
1270 3278 1382 3318 suae
1424 3262 1720 3318 voluntatis
1746 3278 1846 3318 no-

261 3353 478 3410 biscum
508 3353 820 3411 ﬁrmaverat
864 3362 1105 3425 pactum.
1155 3353 1372 3408 Primus
1395 3354 1577 3418 homo,
1609 3352 1674 3408 de
1703 3361 1847 3409 terra

262 3451 537 3511 terrenus,
586 3452 861 3500 terrenam
913 3443 1194 3516 generavit
1240 3441 1505 3509 sobolem,
1543 3442 1632 3497 cui
1666 3451 1721 3498 et
1750 3442 1851 3497 im-

261 3538 456 3594 mitem
497 3539 836 3595 haereditavit
892 3547 1124 3594 mortem
1157 3556 1170 3592 :
1201 3538 1472 3594 secundus
1506 3553 1744 3609 quoque,
1783 3539 1849 3594 de

259 3628 406 3683 etelo
430 3628 686 3694 ctelestis,
718 3628 993 3685 caelestem
1009 3628 1209 3683 mundo
1235 3628 1413 3684 intulit
1440 3629 1850 3700 generationem

259 3728 319 3774 et
342 3727 606 3774 aeternam
643 3719 757 3774 suis
782 3719 1032 3789 promisit
1074 3717 1479 3775 beatitudinem.
1516 3718 1612 3775 llic
1632 3728 1718 3775 est
1743 3719 1850 3777 Do-

259 3810 447 3864 r’ninus
475 3810 849 3866 universorum
876 3820 932 3866 et
959 3819 1174 3866 creator
1214 3811 1457 3866 omnium
1501 3823 1721 3866 rerum:
1758 3828 1848 3867 re-

260 3920 428 3976 gnum
452 3903 599 3959 solus
623 3921 744 3960 cum
774 3905 935 3960 Patre
974 3914 1029 3960 et
1070 3903 1275 3975 Spiritu
1305 3912 1493 3960 sancto
1523 3912 1849 3961 tenetmter—

259 4008 417 4060 num,
446 4000 503 4047 et
545 4008 730 4048 secum
768 4009 994 4065 regnare
1037 3993 1150 4048 vult
1182 4001 1356 4049 coetus
1409 3992 1673 4064 gloriosos
1719 4009 1849 4049 san-

259 4092 496 4139 ctorum.
534 4083 652 4154 Ipse
697 4086 860 4141 etiam
891 4099 988 4156 per
1022 4100 1218 4140 nomen
1256 4083 1452 4149 Adam,
1481 4099 1589 4154 quo
1616 4092 1848 4153 quatuor

259 4173 451 4246 plagas
472 4175 619 4231 orbis
647 4177 985 4247 persignatas
1021 4177 1202 4240 habet,
1253 4176 1543 4247 potestatis
1577 4191 1706 4241 sure,
1742 4191 1850 4247 qua

263 4265 575 4321 dominatur
595 4266 649 4321 in
678 4275 791 4324 toto
843 4269 976 4323 orbe
1016 4277 1306 4335 terrarum,
1334 4269 1491 4325 nobis
1519 4269 1666 4325 dedit
1709 4269 1851 4325 indi-

259 4358 429 4414 cium.
452 4357 586 4414 Nam
607 4359 838 4425 anatole,
870 4359 1037 4432 (lysis,
1070 4369 1246 4416 arctos
1266 4368 1321 4415 ct
1344 4360 1688 4427 mesembria,
1717 4376 1850 4431 qua-

260 4459 389 4506 tuor
416 4452 597 4506 mundi
620 4462 806 4523 partes
833 4452 887 4506 in
917 4453 1184 4522 capitibus
1211 4451 1598 4508 vocabulorum
1626 4467 1848 4507 suorum

1948 1902 2331 1974 prmﬁgurabat
2364 1920 2377 1957 :
2408 1902 2512 1958 hoc
2531 1911 2588 1958 et
2625 1902 2796 1957 altare
2827 1900 3127 1960 holocausti
3156 1902 3270 1958 sive
3306 1902 3539 1972 thymia-

1952 1993 2135 2059 matis,
2191 2002 2353 2063 atque
2383 1993 2522 2065 ignis
2550 1994 2602 2048 in
2645 1993 2725 2049 eis
2764 2007 2981 2063 semper
3014 1992 3211 2048 ardens
3262 1990 3553 2062 signiﬁca--
3629 1983 3640 1994 ’

1950 2086 2043 2141 bat
2070 2104 2084 2153 ;
2116 2087 2219 2142 hoc
2249 2095 2305 2142 et
2333 2086 2716 2141 candelabrum
2743 2102 2865 2142 cum
2894 2094 3128 2156 quatuor
3148 2084 3404 2151 lucernis,
3433 2084 3540 2139 hoc

1953 2185 2009 2231 et
2034 2177 2243 2232 sabbati
2272 2177 2381 2232 otia
2412 2176 2746 2244 indicabant,
2776 2177 2901 2248 quia
2937 2176 2990 2232 in
3035 2176 3252 2233 Christo
3274 2175 3431 2249 Agna
3455 2176 3537 2230 vi-

1954 2266 2147 2323 delicet
2201 2267 2300 2323 Dei
2348 2263 2715 2335 inunaculato,
2767 2284 2868 2340 pro
2914 2267 3088 2324 salute
3118 2276 3301 2324 nostra
3352 2267 3406 2323 in
3439 2283 3534 2322 ara

1954 2358 2133 2414 crucis
2164 2358 2464 2426 immolato,
2491 2367 2548 2415 et
2592 2359 2829 2416 ﬁdelium
2855 2367 2940 2415 est
2978 2359 3323 2426 illuminatio,
3372 2366 3426 2415 et
3455 2373 3539 2423 re-

1955 2455 2110 2527 quies
2156 2463 2415 2526 perpetua
2462 2463 2794 2512 sanctorum.
2842 2453 2961 2525 Ipse
3013 2462 3097 2510 est
3149 2454 3217 2509 ad
3246 2455 3411 2510 vitam
3438 2468 3541 2524 per

1953 2548 2259 2620 passionem
2287 2548 2464 2604 crucis
2490 2547 2721 2618 przevius
2746 2554 2952 2614 noster,
2981 2545 3094 2617 ipse
3139 2544 3288 2602 salus
3313 2552 3549 2604 teterna,

1955 2638 2071 2709 ipse
2095 2638 2186 2693 lux
2215 2654 2362 2703 vera,
2388 2637 2503 2708 ipsc
2530 2637 2744 2692 bonitas
2778 2636 3040 2708 piissima,
3094 2636 3211 2707 ipse
3237 2633 3539 2704 redemptio

1954 2738 2162 2795 nostra,
2193 2730 2307 2801 ipse
2328 2738 2411 2785 est
2436 2737 2491 2784 et
2525 2728 2635 2783 vita
2658 2728 3009 2798 sempiterna,
3034 2726 3149 2798 ipse
3176 2734 3260 2782 est
3284 2725 3539 2797 princeps
3562 2768 3567 2772 .

1956 2827 2214 2889 tanquam
2245 2818 2384 2874 ﬁlius
2408 2819 2461 2874 in
2484 2817 2645 2873 domo
2674 2834 2794 2884 sua,
2824 2817 3068 2874 Ecclesia
3112 2817 3364 2874 videlicet
3410 2832 3549 2871 san~

1956 2920 2044 2968 cta
2077 2929 2090 2965 :
2128 2911 2243 2981 ipse
2264 2918 2349 2967 est
2377 2926 2488 2982 pax
2534 2917 2752 2977 nostra,
2772 2910 2863 2980 qui
2896 2909 3024 2965 fecit
3072 2918 3300 2979 utraque
3328 2922 3534 2972 unum;

1957 3002 2072 3073 ipse
2097 3001 2458 3072 principatum
2507 3001 2701 3057 diaboli
2758 3000 3048 3067 destruxit,
3079 3008 3135 3056 et
3163 3007 3390 3055 conatus
3421 2995 3539 3068 ejus

1957 3092 2149 3147 noxios
2175 3091 2508 3148 retardavit:
2545 3091 2635 3162 qui
2666 3108 2763 3162 per
2787 3090 2958 3162 frigus
2996 3089 3332 3147 inﬁdelitatis
3363 3089 3541 3146 fervo-

1879 3178 1925 3243 C
1959 3201 2071 3239 rem
2093 3183 2380 3239 charitatis
2414 3183 2762 3254 exstinguere
2790 3182 2991 3247 studet,
3035 3186 3090 3237 ct
3118 3196 3215 3251 per
3253 3180 3539 3235 illecebras

1953 3277 2287 3346 voluptatum
2315 3274 2630 3331 felicitatem
2654 3289 2838 3329 veram
2866 3273 3212 3345 promittens,
3245 3272 3408 3326 fallax
3439 3271 3541 3326 dc-

1952 3368 2117 3438 eepit,
2169 3375 2224 3422 et
2275 3381 2375 3437 per
2406 3367 2547 3421 hanc
2596 3365 2921 3420 dementiam
2951 3366 3067 3436 jam
3112 3362 3271 3435 quasi
3320 3371 3565 3433 captum.

1951 3457 2207 3523 irridens,
2236 3455 2539 3512 manifestis
2565 3454 2821 3510 vitiorum
2850 3453 3078 3509 vinculis
3107 3461 3161 3507 et
3191 3451 3396 3507 catenis
3421 3466 3552 3520 pec-

1952 3558 2197 3605 catorum
2225 3548 2464 3619 stringit.
2510 3544 2555 3602 0
2577 3561 2710 3601 crux
2744 3552 2928 3600 sancta
2956 3544 2968 3597 !
3000 3560 3032 3599 ο
3062 3544 3224 3599 arbor
3251 3543 3496 3613 spei-iosa
3522 3542 3536 3596 !

1950 3656 2072 3713 quae
2099 3640 2279 3697 omnia
2306 3640 2589 3694 cedrorum
2622 3651 2849 3692 nemora
2894 3634 3178 3690 altitudine
3203 3642 3257 3688 et
3301 3631 3543 3703 pulchri-

1951 3732 2137 3789 tudine
2193 3728 2605 3799 incomparabili
2654 3742 2906 3798 superas,
2955 3742 3023 3780 eu
3070 3740 3297 3780 numero
3326 3735 3545 3793 compe-

1953 3823 2087 3879 tenti
2117 3822 2171 3878 in
2194 3822 2453 3878 cornibus
2496 3821 2603 3876 tuis
2647 3819 2881 3874 radianti
2932 3821 3071 3874 dona
3108 3817 3455 3873 serenissima
3485 3824 3542 3871 et

1951 3911 2272 3969 beatissima
2328 3926 2427 3982 per
2483 3910 2772 3965 adventum
2838 3907 3179 3964 Dominicum
3238 3906 3536 3976 portendis.

1952 4004 2209 4062 Ostendis
2255 4003 2398 4060 enim
2453 4002 2649 4059 seriem
2681 4002 2890 4057 dierum
2940 4000 3136 4071 quibus
3190 3997 3439 4054 Salvator
3485 3997 3542 4055 in

1951 4105 2108 4153 utero
2154 4094 2393 4168 Virginis
2440 4095 2756 4151 incarnatus
2803 4101 2907 4158 est,
2934 4099 2988 4148 et
3016 4107 3113 4163 per
3138 4092 3280 4147 hanc
3332 4105 3575 4146 meram...

1950 4190 2226 4261 patientia:
2256 4198 2314 4245 et
2341 4188 2662 4244 humilitatis
2702 4188 2819 4259 ejus
2843 4187 3169 4243 documenta
3207 4183 3366 4240 nobis
3404 4197 3542 4253 prae-

1951 4285 2049 4339 bes
2080 4301 2095 4336 :
2128 4290 2184 4337 et
2218 4281 2343 4352 quia
2373 4297 2497 4337 cum
2528 4282 2751 4337 lenitate
2786 4290 2840 4337 et
2882 4279 3268 4350 tranquillitate
3295 4293 3390 4349 per
3415 4292 3542 4346 par-

1953 4381 2065 4429 tum
2094 4372 2162 4427 ad
2187 4388 2286 4428 nos
2323 4373 2489 4439 venit,
2522 4372 2988 4428 mansuetudinem
3016 4385 3169 4426 suam
3200 4379 3254 4424 et
3284 4368 3542 4424 obedien-

1955 4463 2109 4530 tiam,
2165 4480 2329 4535 quam
2388 4464 2649 4534 usquead
2700 4470 2933 4519 mortem
2980 4462 3117 4516 inte
3167 4466 3538 4530 perpetratam

259 4542 370 4598 hoc
416 4551 695 4598 resonant.
752 4542 908 4599 Unde
957 4543 1220 4598 condecet
1272 4551 1332 4596 ιιι
1378 4551 1572 4597 cuneta
1610 4541 1846 4597 viventia
1874 4526 1928 4585 D
1953 4526 2231 4619 servgjbat’
2259 4526 2526 4624 designa-s,
2560 4551 2684 4608 Ideo
2726 4552 2851 4607 data
2883 4559 2970 4606 est,
3015 4550 3063 4603 ei
3094 4526 3279 4603 onjnis-
3300 4556 3539 4618 potestas

259 4644 425 4704 atque
456 4634 802 4689 subsistentia
835 4634 1121 4689 Dominum
1150 4649 1307 4688 suum
1341 4640 1754 4705 recognoscant,
1794 4640 1852 4688 et

256 4722 509 4779 laudibus
534 4724 742 4779 devotis
769 4723 1079 4788 concinant,
1116 4722 1261 4793 quod
1296 4720 1454 4777 Iesus
1481 4722 1734 4778 Christus
1757 4737 1848 4778 ve-

257 4832 358 4871 rus
380 4824 463 4871 est
493 4814 663 4871 Filius
691 4815 788 4871 Dei
816 4824 870 4872 et
898 4816 1238 4885 omnipotens
1268 4814 1487 4870 dextera
1516 4814 1695 4870 Patris
1733 4830 1848 4871 om-

256 4907 593 4978 nipotentis:
625 4905 779 4977 cujus
813 4908 1021 4965 curatio
1051 4907 1286 4966 salubris
1330 4916 1415 4963 est
1458 4917 1513 4962 et
1563 4915 1847 4963 contactus

256 5006 532 5061 medicina
555 5004 747 5060 salutis
768 5012 1002 5061 atternze.

877 5136 1104 5194 CAPUT
1143 5137 1278 5193 XIII.

257 5227 342 5282 De
377 5229 545 5282 tertia:
591 5228 808 5282 derimce
857 5230 1061 5281 ratione
1110 5229 1317 5297 ﬁgam.
1366 5227 1459 5281 ubi
1512 5226 1602 5281 ille
1644 5226 1848 5297 dierum

334 5315 583 5379 numerus
613 5300 1009 5366 comprehensus
1051 5296 1161 5371 quo,
1197 5298 1434 5353 Christus
1469 5298 1522 5351 iu
1550 5308 1696 5351 utero
1736 5296 1850 5352 Vir-

328 5378 470 5438 gmts
506 5378 741 5424 moratus
767 5380 862 5424 est.

333 5481 516 5535 Arbor
563 5481 747 5536 odoris
777 5480 1083 5536 suavissimi
1128 5488 1184 5535 et
1211 5480 1548 5550 expansione
1595 5478 1850 5549 pulchra-

258 5590 383 5629 rum
419 5572 691 5628 frondium
729 5573 1014 5638 latissima,
1070 5574 1261 5627 hortus
1295 5570 1610 5626 deliciarum
1637 5569 1846 5623 incom—

256 5666 523 5737 parabilis
557 5666 806 5731 affluens,
862 5667 1110 5721 ubertate
1137 5664 1466 5735 largissime,
1495 5662 1716 5717 ﬁoribus
1740 5661 1849 5715 vir-

258 5767 437 5813 tutum
465 5766 520 5813 et
555 5757 696 5812 foliis
723 5755 1009 5812 verborum
1056 5753 1473 5824 iucundissima,
1504 5767 1600 5823 per
1651 5750 1848 5822 praedi-

1955 4645 2009 4700 in
2038 4645 2177 4701 coelo
2222 4654 2278 4700 et
2335 4647 2387 4701 in
2427 4653 2571 4700 terra
2619 4646 2915 4700 secundum
2968 4642 3388 4707 humanitatem,
3443 4642 3549 4716 qui.

1950 4754 2072 4794 eum
2128 4737 2292 4792 Patre
2322 4746 2375 4791 et
2411 4735 2617 4806 Spiritu
2671 4744 2860 4790 sancto
2915 4733 3110 4790 coelum
3140 4741 3196 4788 et
3251 4741 3566 4789 tcrramet.

1950 4831 2134 4891 omnia
2159 4846 2279 4901 quze
2314 4830 2367 4884 in
2400 4830 2479 4885 eis
2512 4837 2638 4885 sunt
2692 4827 2899 4884 creavit
2943 4825 3239 4883 secundum
3271 4839 3425 4879 suam
3459 4824 3541 4879 di-

1949 4922 2257 4988 vinitatem,
2311 4921 2452 4977 sicut
2477 4920 2650 4977 sancti
2679 4919 2878 4975 dudum
2936 4918 3184 4975 cecinere
3235 4916 3536 4986 propheta,

1951 5014 2093 5084 quod
2122 5013 2244 5070 οωιί
2273 5020 2329 5069 et
2348 5021 2508 5070 terra?
2537 5011 2710 5067 factor
2736 5011 2997 5081 parvulus
3021 5008 3161 5063 ﬁlius
3190 5015 3534 5071 nasceretur,

1951 5094 2107 5177 cujus
2128 5105 2412 5177 imperium
2440 5119 2604 5175 super
2632 5103 2917 5157 humerum
2942 5104 3059 5171 ejus
3082 5107 3245 5155 esset.

2524 5214 2753 5271 CAPUT
2791 5214 2928 5269 XIV.

1954 5310 2029 5365 De
2052 5311 2223 5380 ﬁgura
2260 5319 2447 5379 quarta
2498 5308 2723 5380 decima,
2767 5307 2820 5380 in
2859 5322 2962 5376 qua
2995 5322 3242 5380 numerus
3273 5321 3534 5380 annorum

2021 5374 2328 5435 a'b'exord'io
2369 5379 2550 5432 mundi
2575 5394 2735 5447 usque
2760 5378 2812 5429 in
2843 5374 3039 5429 «unum
3075 5374 3351 5431 Passionis
3382 5374 3535 5431 Chri-

2021 5452 2087 5505 sti
2110 5459 2318 5504 notatus
2339 5459 2434 5503 est.

2021 5565 2159 5618 V‘ere
2185 5562 2403 5632 dignum
2432 5575 2567 5630 opus
2591 5567 2696 5622 est,
2742 5573 2807 5612 ac
2830 5558 3151 5628 praeclarum
3204 5556 3385 5622 valde,
3418 5565 3539 5611 tro-.

1948 5672 2122 5728 pmum
2166 5656 2402 5711 cmlestis
2451 5653 2594 5724 regis
2641 5650 2918 5707 dulcisona
2955 5651 3318 5707 modulatione
3379 5650 3527 5720 psal-

1949 5747 2099 5813 lere;
2152 5743 2480 5816 triumphum
2523 5741 2879 5796 dominatoris
2908 5742 3095 5797 teterni
3158 5748 3530 5813 competenter
