3970 6460
496 332 607 390 279
1148 331 1211 387 B.
1254 330 1508 388 RABANI
1546 331 1767 391 MAURI
1803 332 2122 390 ARCHIEP.
2162 332 2472 393 MOGUNT.
2512 335 2796 397 OPERUM
2833 338 3013 399 PARS
3046 343 3089 399 Ι.
3566 352 3583 359 ’
3670 347 3785 407 ω

494 447 817 535 praedicare,
842 462 951 519 quo
997 448 1257 503 mundum
1288 449 1357 506 de
1412 456 1680 518 pOtestate
1724 448 1941 521 tyranni
1970 448 2078 505 eri-
2106 457 2153 515 Α
2182 449 2453 505 velatione
2482 452 2753 522 cognovit,
2781 461 2837 509 et
2861 454 3010 511 claro
3053 470 3305 513 sermone
3330 459 3656 530 praedicavit
3700 469 3786 517 at-

492 540 639 612 puit,
687 541 973 611 ipsumque
1004 553 1169 610 regno
1197 538 1316 609 ejus
1361 540 1637 596 destructo
1668 554 1733 595 ac
1797 548 2074 610 reparato,
2181 552 2286 609 quc
2308 540 2650 610 conscripsit.
2692 541 2771 598 Ita
2800 544 2998 615 quippe
3034 546 3209 617 gratia
3253 546 3434 603 divina
3465 565 3583 619 pne
3608 558 3783 606 ciete-

494 644 702 692 aterno
730 650 954 691 carcere
984 633 1263 690 damnavit
1289 652 1304 688 :
1342 633 1398 689 in
1425 649 1532 704 quo
1561 634 1727 690 etiam
1754 634 1995 690 cwlestia
2024 642 2078 690 et
2180 630 2257 686 ris
2282 632 2629 703 evangelistis
2653 635 2848 691 collata
2872 646 2959 693 est
2982 636 3199 705 Joauni,
3236 648 3295 695 ut
3331 655 3454 696 cum
3485 639 3563 696 illi
3593 643 3781 699 incar-

493 725 777 783 terrestria
807 733 968 796 atque
989 724 1262 781 maritima
1290 739 1457 795 regno
1491 724 1594 781 sibi
1633 724 1898 795 acquisito
1924 724 2079 780 fulcit
2178 719 2415 776 nationis
2449 719 2751 779 Salvatoris
2768 732 2826 780 et
2860 725 3212 783 humanitatis
3239 728 3362 798 ejus
3413 743 3622 786 arcana
3654 747 3777 789 ma-

492 824 656 888 aique
685 825 972 874 sustentat.
1021 816 1157 873 Nam
1184 817 1401 887 quando
1447 815 1564 885 ejus
1600 818 1859 873 exaltatio
1911 817 2078 874 fuerit
2175 809 2323 863 xime
2348 811 2903 879 conscriberent,iste
2937 814 3235 871 divinitatis
3259 816 3378 887 ejus
3418 829 3775 876 sacramenta

488 906 560 962 ab
588 905 799 975 origine
825 907 1100 962 nascentis
1129 908 1337 973 mundi,
1391 922 1689 964 accurrens
1714 924 1837 963 cum
1866 919 2073 981 myste-

485 996 572 1053 rio
600 1011 867 1054 annorum
910 1012 1170 1053 numerus
1215 1012 1315 1068 per
1359 1007 1518 1054 notas
1554 997 1864 1055 Cmecorum
1911 1001 1965 1055 in
2006 1000 2073 1055 ﬁ-

484 1103 619 1160 gura
648 1088 820 1159 ipsius
848 1089 1137 1160 dispositas
1166 1090 1447 1160 exprimit,
1483 1098 1539 1147 et
1591 1090 1661 1147 ob
1706 1092 1809 1148 hoc
1838 1093 2068 1148 creden-

482 1178 621 1233 tium
647 1180 861 1236 devotio
886 1189 1133 1253 augetur,
1163 1196 1286 1237 cum
1308 1182 1566 1252 perspicit
1594 1183 1930 1240 conditorem
1954 1201 2069 1239 om-

479 1269 635 1325 nium
660 1287 844 1335 rerum
867 1280 977 1328 tam
1002 1286 1242 1344 congrue
1273 1282 1328 1328 et
1357 1280 1468 1327 tam
1499 1274 1883 1331 convenienter
1906 1276 2068 1331 rebus

479 1359 617 1430 ipsis
647 1369 946 1432 temporum
972 1362 1165 1418 seriem
1197 1370 1453 1434 coaptare
1476 1380 1492 1417 :
1519 1363 1665 1434 quod
1692 1363 1863 1437 ﬁgura
1888 1365 2067 1423 crucis

479 1459 535 1508 et
570 1453 876 1524 redemptio
925 1454 979 1508 in
1010 1469 1073 1511 ea
1098 1463 1435 1526 perpetrata,
1464 1471 1533 1511 ac
1576 1456 1727 1512 salus
1764 1446 1866 1528 per
1918 1458 2060 1514 dona

476 1543 744 1600 virtutum
774 1545 1025 1602 ﬁdelibus
1076 1547 1296 1614 collata,
1325 1563 1449 1605 cum
1476 1564 1703 1605 numero
1750 1550 1920 1607 sacris
1946 1568 2064 1624 my-

475 1639 663 1695 steriis
687 1639 844 1711 pleno
871 1640 974 1697 rite
1006 1641 1061 1696 in
1113 1641 1369 1699 omnibus
1415 1645 1766 1700 concordent.
1815 1645 2060 1717 Denique

2172 901 2441 971 profundo
2496 920 2749 962 sermone
2796 908 3085 975 revelaret,
3116 907 3262 979 quod
3307 908 3568 966 videlicet
3594 909 3777 967 factor

2174 996 2419 1051 omnium
2449 1013 2633 1054 rerum
2679 999 2917 1055 animam
2945 1010 3001 1056 et
3031 1017 3230 1073 corpus
3258 1002 3313 1058 in
3347 1017 3411 1059 se
3436 1006 3770 1077 sumpsisset

2171 1085 2490 1155 humanum,
2542 1098 2599 1145 et
2623 1090 2716 1160 qui
2765 1091 2820 1146 in
2846 1093 3112 1164 principio
3138 1093 3285 1151 Deus
3310 1111 3451 1152 unus
3482 1106 3613 1153 erat
3641 1114 3769 1155 cum

2170 1178 2281 1234 Deo
2309 1180 2492 1247 Patre,
2526 1182 2581 1237 in
2632 1183 2741 1240 ﬁne
2767 1193 3070 1256 temporum
3096 1188 3329 1245 visibilis
3379 1201 3683 1262 appareret
3715 1193 3770 1250 in

2168 1284 2351 1326 carne.
2382 1271 2537 1329 llunc
2559 1274 2729 1347 ﬁgura
2751 1276 3230 1351 leonis'signiﬁcat
3256 1296 3464 1353 regem,
3499 1284 3657 1341 hunc
3690 1287 3771 1342 vi-

2170 1363 2312 1418 tulus
2368 1366 2680 1439 praeﬁgurat
2738 1371 3069 1440 pontiﬁcem,
3123 1374 3249 1444 quia
3306 1376 3427 1447 ipse
3471 1386 3537 1433 ut
3591 1379 3765 1437 Ieoet

2166 1453 2320 1521 quasi
2346 1454 2560 1510 catulus
2609 1455 2784 1514 leonis
2821 1461 3122 1516 certamine
3155 1461 3474 1535 confligens,
3529 1469 3761 1538 opulen-

2166 1543 2432 1601 tissimam
2482 1547 2715 1618 arripuit
2741 1551 3005 1620 prrcdam,
3030 1561 3195 1624 atque
3220 1554 3364 1612 idem
3416 1563 3685 1617 sacerdos
3711 1572 3765 1621 et

2162 1635 2339 1691 hostia
2373 1636 2491 1692 ﬁeri
2529 1637 2803 1711 dignatus,
2829 1642 3057 1698 salutem
3085 1646 3246 1701 nobis
3297 1650 3575 1706 concessit
3601 1662 3765 1709 aeter-

473 1729 802 1801 principium
856 1730 980 1788 libri
1007 1730 1234 1789 Genesis
1262 1732 1704 1792 manifestissime
1741 1737 2043 1807 comprobat

2160 1741 2308 1791 nam,
2331 1726 2553 1797 suisque
2576 1729 2936 1801 participibus
2952 1732 3090 1789 dona
3114 1732 3345 1806 largitus
3363 1745 3449 1792 est
3462 1739 3760 1796 immensa.

471 1828 638 1891 atque
682 1821 975 1879 conﬁrmat
1019 1825 1164 1895 quod
1214 1825 1475 1882 Dominus
1521 1828 1702 1897 prisca
1756 1830 1953 1885 saecula
2001 1838 2056 1885 et
2085 1822 2132 1883 Β
2160 1818 2377 1874 Marcus
2398 1832 2615 1890 quoque
2658 1820 2712 1875 in
2738 1823 3000 1892 ῐηϊεῐθτῖο
3047 1834 3255 1896 δοριθω
3291 1842 3525 1897 Panum,
3551 1833 3759 1901 (illius

468 1921 780 1970 creaturam
805 1930 983 1982 suam,
1013 1916 1067 1971 in
1095 1917 1363 1988 principio
1403 1919 1472 1975 ab
1495 1918 1611 1991 ipso
1636 1922 1931 1989 conditam,
1955 1938 2043 1994 per

2154 1922 2385 1984 quatuor
2411 1916 2577 1972 millia
2603 1917 2883 1974 hominum
2932 1917 3091 1977 Jesus
3116 1923 3359 1987 satiavit,
3405 1926 3652 1996 mystice
3673 1941 3759 1983 se.

466 2012 718 2061 sanctam
745 2021 959 2063 crucem
981 2005 1138 2078 juxta
1164 2008 1327 2065 ﬁnem
1356 2018 1659 2080 temporum
1686 2014 2051 2081 τεηονεινεινῖι,
2153 2012 2302 2073 ptem
2331 2004 2473 2060 dona
2509 2006 2745 2078 Spiritus
2787 2010 2963 2065 sancti
3009 2011 3239 2079 indicat,
3276 2014 3478 2085 quibus
3511 2032 3755 2087 evange~

467 2099 597 2167 quia
628 2098 755 2153 dum
783 2107 909 2171 post
932 2115 1028 2157 sex
1050 2101 1258 2158 dierum
1296 2117 1461 2172 Opera
1496 2104 1880 2177 hominemque
1900 2123 2043 2163 crea-

2153 2093 2316 2150 licum
2338 2097 2596 2167 populum
2632 2097 2884 2156 Salvator
2903 2103 3148 2173 quotidie
3170 2105 3361 2162 reficit.
3394 2108 3441 2163 Ο
3469 2117 3559 2175 tu,
3586 2125 3757 2165 evan-

465 2195 584 2243 tum
609 2190 955 2261 requiescere
982 2191 1125 2248 Deus
1147 2192 1350 2248 dicitur
1378 2193 1432 2250 in
1460 2204 1616 2250 sexta
1643 2204 1808 2251 aetate
1847 2199 2043 2267 saeculi,

2152 2186 2345 2257 gelista
2400 2187 2600 2256 Lucas,
2633 2205 2816 2262 regem
2869 2192 3228 2264 iustissimum
3284 2198 3568 2256 victimam
3598 2202 3751 2257 salu-

464 2297 533 2340 ac
556 2292 711 2339 sexta
734 2283 873 2341 feria
902 2285 1112 2342 dierum
1135 2301 1234 2356 per
1260 2302 1481 2342 crucem
1529 2286 1749 2345 homine
1775 2301 2043 2361 reparato,

2151 2277 2302 2331 brem
2329 2280 2585 2348 praedica,
2622 2282 2727 2337 hoc
2748 2282 2885 2339 ﬁdes
2930 2292 3077 2341 tenet
3100 2287 3394 2356 catholica,
3434 2298 3491 2346 et
3527 2295 3753 2362 pontiﬁ-

463 2370 705 2432 Sabbato
730 2377 786 2431 in
812 2377 1062 2447 sepulcro
1105 2378 1438 2449 requievisse
1467 2378 1800 2451 Redemer
1827 2381 2043 2437 demon-

2151 2380 2270 2421 cem
2293 2368 2500 2425 clarum
2531 2372 2750 2443 scriptis
2799 2374 2908 2431 tuis
2941 2370 3160 2446 resona,
3191 2380 3282 2449 qui
3332 2382 3501 2439 totius
3557 2388 3749 2443 mundi

463 2475 689 2522 stretur.
736 2467 929 2524 Divino
958 2483 1088 2541 ergo
1115 2477 1249 2524 nutu
1271 2470 1595 2545 dispositum
1642 2479 1747 2539 est,
1781 2473 1925 2543 quod
1950 2490 2043 2530 nu-

2151 2460 2289 2516 tollit
2323 2471 2567 2532 peccata.
2602 2463 2703 2521 llic
2744 2481 2875 2537 ergo
2927 2483 3049 2524 cum
3097 2479 3240 2526 esset
3292 2486 3493 2530 manus
3538 2484 3748 2532 aeterna

460 2571 651 2612 merus
670 2556 735 2612 γ.
766 2557 871 2616 CC.
896 2559 1068 2615 XXX.
1099 2561 1141 2615 ι.
1190 2560 1377 2631 ﬁgurae
1432 2570 1636 2620 sancta:
1692 2566 1872 2622 crucis
1923 2572 2043 2639 ap‘te

2147 2550 2456 2611 Conditoris
2486 2564 2541 2612 et
2565 2557 2711 2614 Patri
2738 2568 2943 2617 aeterno
2989 2565 3489 2633 consubstantialis,
3526 2584 3665 2626 ecce
3690 2572 3747 2625 in

459 2650 797 2718 conveniret,
834 2661 891 2709 οι
918 2668 1018 2724 ρει-
1042 2654 1153 2711 hoc
1174 2656 1576 2714 demonstraret
1602 2658 1874 2730 passionis
1897 2660 2051 2718 (ηηί,
2150 2642 2344 2699 diebus
2366 2643 2599 2702 Herodis
2631 2648 2773 2720 regis
2810 2657 2896 2707 est
2942 2661 3106 2708 natus
3135 2653 3188 2708 in
3218 2654 3497 2712 Bethleem
3536 2674 3606 2715 ex
3630 2660 3749 2716 Ma-
3810 2648 3817 2655 ’

459 2738 529 2793 su
555 2750 977 2809 sacramentum,
1006 2744 1151 2799 οηιηί
1175 2744 1430 2815 nequitia,
1476 2747 1780 2804 (ιωωοηυηι
1804 2764 1869 2805 ac
1895 2748 2046 2806 falsi-
2145 2732 2225 2787 ria
2252 2742 2427 2790 matre
2480 2734 2664 2793 infans
2713 2739 3070 2808 admirabilis,
3100 2743 3167 2798 ad
3210 2744 3442 2802 salutem
3478 2749 3747 2808 videlicet

457 2829 559 2884 tati
599 2845 892 2900 pravorum
942 2833 1223 2890 hominum
1251 2835 1556 2902 resisteret,
1606 2838 2043 2910 opprimeretque

2147 2826 2345 2884 missus
2374 2829 2542 2885 totius
2563 2830 2772 2886 mundi.
2802 2831 3011 2889 Nobilis
3039 2834 3154 2905 ipse
3176 2851 3330 2905 puer,
3368 2839 3460 2909 qui
3487 2849 3549 2896 et
3572 2840 3741 2898 Vetu-

454 2921 699 2991 potemia
753 2929 809 2977 οι
863 2932 1145 2996 superare:
1199 2924 1410 2996 justum
1465 2942 1682 2984 omnem
1736 2928 2044 3000 quicunque
2148 2924 2267 2973 stus
2306 2918 2514 2973 dierum
2544 2934 2644 2989 per
2669 2920 2992 2992 prophetam
3042 2924 3389 2993 describitur,
3437 2929 3534 2998 qui
3589 2932 3743 2986 venit

455 3012 651 3069 fraude
671 3030 736 3070 ac
761 3016 886 3071 dolo
903 3016 1191 3088 derogaret
1215 3018 1602 3088 dispensationi
1629 3019 1926 3076 Dominicae
1954 3020 2042 3075 in—
2141 3008 2210 3063 de
2253 3007 2449 3075 Edoni.
2502 3010 2689 3067 tinctis
2739 3012 2983 3069 vestibus
3011 3017 3078 3069 de
3126 3015 3322 3083 Bozra.
3367 3019 3460 3087 qui
3492 3021 3743 3076 torcular

452 3105 830 3172 earnationis,
875 3114 1188 3180 taceretque
1246 3109 1465 3179 penitus
1511 3108 1742 3165 veritate
1791 3111 2040 3169 convicta

2147 3098 2322 3155 crucis
2350 3099 2498 3156 solus
2522 3100 2770 3166 calcavit,
2797 3110 2853 3157 et
2874 3102 3001 3160 licet
3036 3104 3200 3161 fuerit
3224 3107 3279 3161 in
3306 3123 3470 3164 cruce
3495 3125 3738 3181 suspen-

453 3196 633 3251 omnis
657 3197 1103 3269 philosophorum
1155 3206 1318 3269 atque
1344 3198 1993 3256 haereticorumxersutia
2019 3218 2036 3269 ;

2147 3204 2259 3257 sus,
2290 3199 2469 3248 tamen
2496 3200 2643 3247 astra
2670 3195 2994 3250 sustentavit
3027 3198 3232 3254 arbiter
3270 3214 3561 3271 supernus.
3594 3202 3738 3258 Cru-

444 3286 550 3349 sed
574 3303 675 3344 nec
702 3289 845 3345 ultra
877 3289 1042 3345 fallax
1068 3289 1377 3347 Iudaeorum
1405 3291 1571 3347 factio
1600 3291 1778 3347 dimm
1827 3307 1891 3349 ac
1939 3293 2041 3349 im-

451 3377 642 3432 mitem
667 3378 922 3436 aﬁ’ectum
967 3379 1170 3437 Christi
1220 3388 1520 3453 opponeret
1568 3380 1885 3454 Evangelia,
1914 3384 2040 3453 quia

452 3469 628 3539 ipsum
679 3470 859 3528 virtus
896 3472 995 3527 Dei
1022 3480 1107 3528 est
1147 3471 1203 3527 in
1245 3472 1476 3528 salutem
1504 3473 1652 3529 omni
1687 3473 1954 3539 credenti,
1984 3481 2041 3528 et

452 3573 552 3633 per
576 3560 680 3616 hoc
727 3561 959 3631 patescit
1009 3561 1262 3617 voluntas
1289 3561 1584 3630 Creatoris,
1613 3571 1669 3619 et
1696 3564 2038 3620 demonstra-

453 3659 545 3704 tur
571 3658 817 3706 sanctam
861 3666 1079 3707 crucem
1119 3652 1302 3707 omnia
1352 3660 1595 3724 tempora
1631 3654 1819 3711 mundi
1845 3655 1901 3710 in
1924 3654 2038 3711 cle-

453 3743 555 3800 ctis
586 3742 705 3810 Dei,
746 3744 840 3816 qui
884 3745 952 3801 ab
984 3745 1137 3801 initio
1166 3746 1409 3813 fuerunt,
1461 3747 1827 3817 sanctiﬁcare,
1852 3757 1909 3805 et
1946 3765 2038 3806 re-

450 3849 617 3906 gnum
662 3836 886 3893 cteleste
928 3838 1269 3909 promittere,
1310 3839 1456 3909 quod
1487 3854 1585 3910 per
1621 3841 2037 3913 Redemptorem

452 3938 697 3985 nostrum
752 3930 965 3986 cunctis
993 3930 1239 3987 ﬁdelibus
1289 3932 1579 4000 tribuetur,
1606 3932 1696 4003 qui
1724 3934 1891 3990 verbo
1921 3934 2039 4006 eius

452 4021 769 4078 obedientes
816 4023 980 4078 corde
1009 4022 1228 4079 credulo
1262 4030 1317 4078 et
1341 4039 1507 4094 opere
1558 4026 1758 4081 mundo
1783 4025 1895 4083 Deo
1922 4026 2039 4097 pla-

452 4130 580 4170 cere
606 4117 947 4173 studuerunt.
980 4116 1201 4189 Species
1230 4118 1430 4189 quippe
1453 4126 1655 4175 sanctae
1681 4122 1861 4177 crucis
1881 4137 2040 4192 gran-

450 4205 535 4261 dis
563 4207 865 4263 consolatio
888 4216 972 4264 est
999 4209 1267 4276 fidelibus,
1299 4210 1587 4266 materiam
1621 4211 1812 4266 tribuit
1840 4211 2035 4279 laudis,

450 4298 579 4369 quia
615 4298 911 4356 bonitatem
957 4316 1060 4358 nos
1110 4301 1252 4358 scire
1286 4300 1418 4357 facit
1472 4298 1771 4368 Creatoris,
1825 4311 1881 4358 et
1921 4303 2037 4374 ipse

452 4391 605 4462 prius
632 4390 905 4448 hominem
950 4393 1003 4448 in
1035 4394 1287 4465 paradiso
1342 4393 1671 4451 formaverat
1718 4403 1949 4453 rectum.
1982 4404 2038 4451 et

452 4496 597 4537 nunc
652 4481 846 4538 nolens
890 4498 1013 4540 eum
1040 4485 1218 4555 perire
1248 4484 1439 4540 fraude
1474 4485 1648 4541 hostis
1678 4486 1907 4557 antiqui,
1937 4504 2035 4558 per

450 4588 666 4629 crucem
720 4574 872 4630 illum
930 4590 1260 4647 recuperans
1323 4576 1537 4632 reduxit
1572 4578 1640 4633 ad
1696 4579 2028 4651 paradisum.

449 4663 593 4731 Crux
619 4666 817 4738 quippe
861 4677 946 4725 est
982 4684 1081 4724 arx
1111 4669 1369 4725 virtutum
1395 4677 1450 4725 et
1472 4671 1726 4727 remissio
1775 4685 2032 4742 peccato—

452 4770 595 4822 rum,
645 4757 762 4826 ipsa
793 4757 1002 4813 scilicet
1046 4760 1113 4816 de
1154 4760 1241 4817 his
1267 4760 1469 4818 inlimis
1510 4771 1674 4834 atque
1720 4764 1938 4820 caducis
1964 4766 2031 4820 ad

451 4848 694 4904 ccclestia
723 4855 780 4903 et
815 4864 1049 4919 superna
1085 4853 1334 4921 provehit
1362 4869 1553 4909 omnes
1585 4870 1724 4924 quos
1747 4870 1845 4926 per
1870 4853 2032 4909 fidem

450 4946 507 4992 et
530 4954 680 5009 spem
701 4948 866 5012 atque
892 4941 1219 4997 eharitatem
1243 4943 1436 5015 dignos
1454 4959 1575 5001 esse
1595 4952 1799 5001 aeterna
1824 4945 2032 5001 visione

453 5029 549 5086 Dei
577 5031 780 5089 Christi
802 5031 997 5088 electio
1022 5032 1418 5103 comprobavit.

1067 5143 1296 5200 CAPUT
1337 5144 1450 5199 XV.

453 5235 531 5291 De
554 5237 737 5308 quinta
767 5235 1187 5308 decima/igitur,
1231 5235 1320 5308 ubi
1344 5234 1523 5305 Agnus
1550 5243 1598 5288 et
1622 5245 1852 5306 quatuor
1880 5251 2037 5289 evan-

908 5306 1108 5377 gelisla?
1126 5306 1318 5372 depicti
1342 5316 1486 5359 sunt.

522 5400 693 5455 Filius
719 5399 811 5455 Dei
842 5400 1023 5453 Patris
1046 5397 1316 5462 altissimi,
1362 5397 1454 5466 qui
1483 5396 1599 5451 dira
1622 5394 1800 5464 iacula
1829 5396 2031 5452 inimici

452 5488 658 5560 frangis
679 5489 1022 5559 nequissimi,
1044 5489 1109 5544 da
1153 5486 1285 5542 mihi
1315 5494 1515 5541 sanctae
1542 5488 1723 5542 crucis
1752 5486 2029 5540 victoriam

451 5581 692 5638 carmine
757 5579 1038 5635 dulcisono
1088 5576 1375 5632 modulari.
1436 5575 1639 5646 Nempe
1701 5576 2029 5646 evangelista

448 5674 707 5738 Joannes,
738 5672 884 5727 velut
907 5669 1191 5725 altivolans
1223 5667 1424 5738 aquila,
1456 5667 1508 5723 iu
1546 5668 1720 5738 ipsum
1750 5668 1915 5723 solem
1935 5665 2027 5735 ju-

454 5766 614 5823 stitizc
639 5766 809 5836 ﬁgens
838 5770 1113 5836 aspectum
1148 5746 1616 5829 mentis,'verbum
1668 5758 1760 5815 Dei
1789 5772 1913 5813 vera
1944 5771 2027 5814 m-

2141 3295 2262 3337 cem
2290 3281 2435 3337 enim
2472 3283 2686 3352 patiens
2714 3283 2829 3353 ipse
2873 3285 3257 3354 sanetillcavit,
3304 3289 3633 3360 gloriﬁcavit
3679 3305 3738 3348 et

2140 3372 2352 3429 ccelesti
2403 3373 2781 3431 benedictione
2830 3374 3041 3430 ditavit.
3094 3377 3262 3449 Igitur
3294 3378 3605 3447 Matthaeus,
3638 3384 3735 3452 qui

2136 3466 2347 3536 primus
2394 3465 2452 3521 in
2481 3464 2669 3521 Iudaea
2722 3467 2940 3539 scripsit
2998 3468 3369 3541 Evangelium,
3426 3472 3733 3528 humanum

2137 3557 2345 3613 vultum
2385 3556 2557 3629 ﬁgura
2608 3558 2895 3626 denotans,
2952 3560 3277 3632 signiﬁcavit
3331 3560 3614 3617 Christum
3664 3564 3736 3620 de

2139 3648 2308 3718 stirpe
2355 3648 2527 3704 David
2581 3650 2881 3706 secundum
2934 3651 3207 3706 hominem
3236 3667 3363 3708 esse
3391 3662 3602 3719 natmn,
3628 3656 3732 3712 de-

2140 3739 2573 3810 monstravitque
2619 3755 2745 3796 eum
2799 3740 3179 3810 promissionis
3219 3758 3339 3799 esse
3377 3744 3572 3809 ﬁlium,
3604 3760 3733 3801 cum

2137 3829 2412 3886 Abraham
2448 3832 2502 3886 in
2533 3831 2711 3902 capite
2755 3834 3121 3903 generationis
3152 3836 3354 3904 posuit,
3398 3846 3594 3892 contra
3624 3839 3733 3893 du—

2139 3922 2316 3979 ritiem
2355 3922 2566 3979 scilicet
2592 3932 2649 3979 et
2674 3924 3016 3979 obtusionem
3056 3926 3236 3981 cordis
3278 3926 3604 3993 inﬁdelium,
3631 3929 3732 3999 qui

2138 4025 2342 4089 negant
2373 4016 2650 4073 Christum
2682 4018 2751 4072 ad
2779 4016 3008 4072 salutem
3033 4016 3275 4087 gentium
3306 4032 3427 4073 esse
3478 4018 3732 4073 destina—

2139 4120 2276 4166 tum.
2333 4108 2469 4163 Nam
2518 4110 2623 4164 hoc
2658 4108 2926 4163 adventus
2962 4106 3259 4162 Salvatoris
3305 4107 3728 4163 veracissimam

2138 4212 2221 4259 est
2251 4203 2464 4274 signum
2491 4201 2635 4271 quod
2661 4216 2761 4270 per
2786 4199 3126 4270 patriarchas
3158 4207 3214 4254 et
3239 4213 3394 4270 reges
3416 4200 3603 4269 gentis
3624 4198 3731 4255 ht-

2138 4293 2267 4348 dacae
2299 4291 2662 4362 generationis
2685 4291 2818 4345 ordo
2848 4290 3207 4356 descendens,
3234 4292 3301 4347 ad
3344 4291 3520 4361 ipsum
3549 4308 3732 4362 usque

2137 4385 2386 4455 pervenit
2412 4382 2711 4450 Christum,
2740 4384 2831 4453 qui
2859 4393 2943 4439 est
2969 4384 3224 4439 Salvator
3267 4384 3511 4440 onmium
3540 4386 3731 4441 homi-

2139 4491 2290 4543 num,
2324 4476 2559 4531 maxime
2589 4475 2850 4531 ﬁdelium.

2722 4585 2949 4644 CAPUT
2987 4587 3126 4643 XVI.

2137 4676 2216 4732 De
2234 4686 2381 4731 sexta
2410 4676 2613 4731 decima
2647 4676 2840 4758 forma,
2866 4678 2954 4730 ubi
2977 4677 3041 4731 de
3070 4688 3258 4747 septem
3283 4680 3436 4733 donis
3483 4679 3729 4751 Spiritus

2672 4756 2841 4800 sancti
2872 4757 3143 4801 narratur.

2207 4840 2306 4904 Te,
2336 4847 2521 4894 sancte
2557 4838 2797 4908 Spiritus
2850 4839 3140 4909 paraclete,
3184 4840 3408 4910 supplex
3454 4841 3731 4911 deprecor

2135 4942 2190 4988 ut
2214 4932 2451 4988 salubris
2478 4946 2641 5001 super
2679 4945 2781 4985 nos
2824 4945 2854 4985 a
2883 4946 3119 5001 superno
3145 4930 3280 4986 solio
3310 4932 3641 4997 descendas,
3670 4943 3731 4989 et

2137 5026 2231 5082 tibi
2254 5024 2472 5081 dedices
2512 5023 2760 5078 devotam
2786 5032 3021 5077 mentem
3063 5022 3223 5085 vatis,
3271 5023 3549 5093 cordaque
3584 5025 3729 5080 bene

2136 5117 2353 5173 credula
2392 5131 2455 5172 ae
2494 5115 2602 5170 ﬁda
2653 5115 2840 5178 facias,
2882 5114 3010 5184 quia
3057 5124 3112 5168 tu
3139 5130 3356 5186 quoque
3394 5114 3638 5185 Spiritus
3666 5130 3728 5171 es

2135 5207 2281 5272 vite,
2321 5220 2484 5276 quem
2526 5220 2588 5260 se
2630 5220 2697 5260 ex
2741 5204 2904 5260 Patre
2942 5205 3269 5275 promissum
3318 5204 3574 5261 Christus
3626 5206 3723 5261 Dei

2135 5296 2308 5351 virtus
2343 5305 2398 5350 et
2425 5294 2522 5350 Dei
2549 5294 2813 5365 sapientia
2859 5293 3137 5362 discipulis
3163 5294 3280 5349 suis
3303 5293 3526 5351 mittere
3555 5294 3725 5364 proﬁ-

2137 5395 2299 5451 tetur,
2326 5384 2526 5441 donum
2553 5383 2804 5439 videlicet
2827 5382 2957 5438 illud
2996 5397 3103 5453 quo
3127 5398 3318 5438 omnes
3343 5390 3565 5438 sanctos
3592 5399 3726 5439 suos

2136 5485 2260 5533 ante
2302 5477 2591 5532 adventum
2636 5482 2799 5543 atque
2838 5480 2961 5542 post
3002 5473 3292 5529 adventum
3339 5488 3500 5528 suum
3541 5474 3722 5528 admi-

2134 5567 2379 5622 rabiliter
2413 5566 2623 5629 ditavit,
2656 5579 2918 5633 suamque
2964 5578 3238 5635 sponsam,
3294 5562 3347 5618 id
3392 5571 3476 5619 est
3526 5563 3721 5618 Eccle-

2133 5661 2292 5725 siam,
2320 5659 2425 5715 sibi
2462 5659 2516 5715 in
2552 5656 2990 5729 peregrinatione
3018 5657 3175 5713 istius
3205 5656 3391 5713 mundi
3418 5656 3720 5728 desponsa-

2134 5753 2231 5823 vit,
2263 5760 2316 5808 et
2342 5750 2621 5824 sanguinis
2667 5750 2751 5806 sui
2779 5751 2955 5821 pretio
3004 5749 3363 5821 comparavit.
3400 5747 3723 5817 Cuicuuque
