3970 6468
247 399 354 457 281

1232 389 1319 444 DE
1354 378 1696 444 LAUDIBUS
1735 382 1795 439 ξε).
1835 379 2104 439 CRUCIS.
2140 411 2210 420 —
2245 377 2371 432 LIB.
2416 374 2478 430 II.

3394 366 3502 426 282

250 531 387 587 ergo
408 521 465 568 tu
514 512 611 567 das
666 509 1014 572 intellectum,
1050 505 1305 577 mysteria
1350 502 1531 558 divina
1570 515 1668 571 per
1711 499 1823 554 siu-
1851 502 1898 561 Α
1927 499 2248 553 documenta
2279 492 2520 564 protulit,
2552 488 2809 544 nimirum
2842 501 2945 558 per
2992 502 3276 543 numerum
3322 484 3507 558 figura:

252 606 384 679 gula
422 600 732 658 testimonia
779 601 1058 668 utriusque
1099 595 1429 651 Testamenti
1456 592 1685 664 pleniter
1737 605 1830 645 ca-

250 698 359 767 pit,
399 702 454 750 et
482 693 671 747 intime
697 688 888 744 doctus
906 690 1087 744 omnia
1112 687 1385 758 sagaciter
1435 683 1741 753 investigat,
1775 688 1832 734 et

251 785 531 841 veraciter
554 787 744 853 pensat
776 779 1009 849 qualiter
1039 788 1090 834 te
1120 779 1300 832 divina
1356 775 1619 846 sapientia
1668 774 1826 829 Chri-

254 884 377 929 stus
407 874 459 928 iu
484 875 668 927 orbem
708 870 940 932 miserit,
983 884 1204 938 sumque
1247 883 1458 938 sponsa:
1501 865 1719 920 arrham
1744 864 1829 919 vel

252 967 454 1038 pignus
501 964 730 1029 dederit,
788 963 917 1018 dum
942 971 1239 1017 comternus
1284 960 1394 1015 Deo
1418 958 1569 1014 Patri
1595 966 1651 1013 et
1687 956 1829 1011 Filio

254 1071 316 1116 et
343 1057 819 1117 consubstantialis
856 1057 1035 1121 simul,
1067 1071 1190 1111 cum
1234 1055 1315 1109 eis
1355 1053 1594 1108 omnium
1648 1066 1828 1105 rerum

254 1140 455 1209 artifex
495 1150 705 1213 existis,
734 1157 788 1203 et
810 1148 989 1202 omnia
1009 1155 1279 1216 penetras,
1318 1161 1416 1200 nec
1437 1152 1520 1199 est
1546 1142 1650 1197 ulla
1679 1156 1831 1195 crea-

256 1251 382 1298 tum
421 1240 706 1296 invisibilis
735 1240 787 1293 in
833 1246 1121 1308 conspectu
1156 1246 1267 1291 tuo.
1302 1235 1378 1290 Te
1403 1234 1619 1305 quidem
1664 1231 1832 1287 Isaias

252 1336 521 1406 propheta
548 1333 804 1388 divinitus
833 1332 1147 1401 inspiratus,
1178 1330 1231 1384 in
1259 1337 1464 1398 septem
1508 1327 1714 1396 species
1740 1340 1826 1379 no-

254 1422 466 1476 tninum
501 1428 723 1491 propter
750 1418 1113 1473 diversitatem
1151 1418 1433 1478 donorum,
1467 1414 1556 1483 qui
1589 1428 1728 1467 unus
1750 1419 1831 1466 at-

257 1526 368 1582 que
390 1511 532 1566 idem
567 1525 644 1573 es,
676 1507 949 1564 distribuit
977 1516 1139 1576 atque
1183 1505 1441 1575 Spiritum
1472 1502 1749 1572 sapientire
1777 1509 1833 1556 et

260 1601 585 1664 intellectus,
619 1598 882 1671 Spiritum
929 1597 1139 1653 consilii
1188 1605 1244 1652 et
1275 1595 1627 1659 fortitudinis,
1662 1593 1832 1663 Spiri-

260 1706 376 1749 tum
406 1692 646 1749 scientia:
693 1698 747 1745 et
772 1690 1032 1760 pietatis,
1061 1697 1116 1744 et
1163 1688 1427 1756 Spiritum
1477 1686 1688 1741 timoris
1734 1683 1830 1738 Dei

258 1782 614 1853 nuncupavit.
676 1779 926 1836 Christus
973 1780 1155 1848 itaque
1208 1777 1461 1832 Salvator
1506 1785 1716 1838 uoster,
1767 1788 1831 1829 ac

1931 598 2130 644 sancta:
2150 587 2333 642 crucis
2352 583 2688 654 aptissimum
2712 582 2962 646 iunuens,
3001 581 3128 650 quia
3151 590 3337 634 sancta
3369 594 3505 633 crux

1929 679 2181 735 collatrix
2211 678 2489 741 virtutum,
2517 681 2573 728 et
2596 672 2809 727 initium
2834 688 2898 727 ac
2921 672 3185 743 perfectio
3210 679 3294 727 est
3319 670 3507 726 salutis

1929 781 2149 837 nostrae,
2185 781 2237 827 et
2260 788 2358 842 per
2391 773 2561 842 ipsam
2616 768 2676 822 fit
2705 768 2933 823 salvatio
2962 776 3017 821 et
3054 764 3385 821 resurrectio
3411 779 3506 819 no-

1930 878 2059 921 Stra.
2111 865 2199 921 Sic
2223 882 2352 936 ergo
2395 868 2673 933 condecet,
2722 873 2779 920 et
2819 863 2898 917 sic
2934 876 2968 915 ο
2998 857 3308 930 quicunque
3354 872 3414 912 es
3440 857 3508 912 de

1925 955 2194 1025 justorum
2220 972 2464 1020 numero,
2498 957 2735 1027 quandiu
2782 954 2873 1008 hic
2902 952 2997 1016 sis,
3037 950 3275 1006 divinam
3298 948 3508 1003 laudem

1932 1063 2054 1102 cum
2114 1050 2308 1103 timore
2352 1056 2409 1104 et
2453 1065 2639 1105 amore
2694 1045 2900 1118 profer,
2930 1043 3018 1099 fac
3058 1057 3221 1112 opera
3261 1039 3507 1109 iustitiae,

1931 1140 2149 1195 inimico
2172 1148 2264 1195 tuo
2278 1141 2369 1210 qui
2398 1148 2447 1195 te
2468 1139 2810 1210 persequitur
2831 1135 3048 1205 indulge
3072 1143 3126 1188 et
3139 1140 3333 1203 prtesta
3348 1130 3397 1185 ei
3413 1145 3498 1184 re-

1931 1232 2233 1304 frigerium,
2263 1248 2525 1304 pauperes
2548 1232 2751 1289 Christi
2774 1231 2865 1301 qui
2892 1244 3034 1284 nunc
3059 1228 3112 1282 in
3143 1226 3511 1296 prtesentisae-

1931 1324 2053 1378 culo
2075 1323 2279 1394 lugent,
2301 1330 2356 1377 et
2374 1324 2676 1378 esurientes
2698 1337 2764 1377 ac
2798 1320 3045 1375 sitientes
3061 1316 3333 1387 justitiam
3347 1314 3413 1369 ad
3435 1316 3515 1369 vi-

1931 1425 2039 1469 tam
2057 1414 2290 1469 futuram
2306 1422 2417 1471 toto
2434 1413 2702 1469 desiderio
2718 1409 2993 1474 anhelant,
3016 1407 3247 1477 benigne
3272 1405 3511 1475 suscipe,

1932 1505 2057 1574 quia
2086 1504 2186 1574 ipsi
2210 1503 2563 1573 inspiratione
2588 1503 2766 1558 divina
2809 1508 3261 1569 compunguntur,
3298 1510 3361 1549 ac
3386 1510 3510 1549 sur-

1932 1612 2049 1651 sum
2079 1595 2338 1650 habentes
2376 1610 2488 1659 cor,
2512 1591 2945 1663 contemplantur
2970 1590 3091 1660 quis
3115 1586 3337 1642 consilio
3355 1592 3513 1639 aeter-

1932 1707 2001 1745 no
2031 1688 2169 1759 regit
2198 1689 2399 1753 omnia,
2435 1694 2490 1741 et
2517 1687 2637 1756 quis
2661 1682 3009 1739 miseratione
3045 1681 3307 1734 immensa
3333 1675 3510 1730 indul-

1936 1790 2024 1852 get
2053 1788 2294 1850 peccata.
2327 1778 2442 1835 Hoc
2467 1790 2566 1849 ego
2603 1778 2770 1833 miser
2800 1774 2990 1828 Latina
3030 1770 3212 1841 lingua
3244 1768 3515 1831 describo,

260 1877 387 1931 vitae
411 1884 628 1930 πῖθι-ηαξ
654 1874 828 1937 dator,
861 1870 1018 1927 factis
1046 1880 1208 1940 atque
1232 1870 1501 1925 mandatis
1528 1878 1580 1923 te
1612 1874 1830 1937 aposto-
1861 1854 1908 1913 Β
1936 1874 2144 1942 hocque
2172 1881 2298 1943 opto
2325 1878 2384 1925 ut
2412 1871 2527 1940 ipse
2563 1866 2784 1923 refectio
2812 1863 3008 1919 mentis
3035 1876 3169 1916 meae
3196 1861 3268 1915 sit
3296 1861 3348 1913 in
3374 1873 3517 1927 pra:-

258 1966 332 2021 lis
378 1966 491 2021 suis
522 1964 607 2019 his
634 1964 759 2018 dare
807 1976 866 2016 se
892 1961 1151 2024 ostendit,
1211 1976 1332 2015 cum
1376 1961 1502 2014 bina
1549 1957 1836 2015 charitatis

257 2063 536 2127 praecepta
558 2052 855 2117 constituit,
889 2059 949 2104 ut
992 2051 1158 2105 Deum
1182 2065 1249 2104 ex
1298 2058 1412 2105 toto
1448 2050 1610 2106 corde
1637 2048 1834 2120 diliga-

260 2160 412 2211 mus,
441 2143 751 2211 laudemque
793 2139 909 2209 ejus
957 2140 1116 2212 pleno
1161 2139 1355 2197 affectu
1402 2139 1834 2212 pronuntiemus,

257 2248 585 2303 omnemque
612 2232 893 2287 scientiam
937 2239 1174 2286 nostram
1217 2240 1380 2300 atque
1425 2230 1753 2285 intellectum
1783 2230 1837 2284 in

256 2325 496 2378 veritate
516 2323 634 2391 ejus
663 2322 850 2393 gratim
875 2321 1212 2391 deputemus,
1243 2330 1297 2375 et
1320 2321 1596 2390 proximos
1623 2327 1838 2375 nostros

198 2455 219 2472 .
259 2424 520 2484 tanquam
545 2415 905 2485 nosmetipsos
954 2428 1217 2468 amemus.
1257 2412 1393 2467 Nam
1440 2420 1563 2482 post
1594 2425 1839 2467 resurre-

258 2506 497 2560 ctionem
529 2520 685 2578 suam
718 2505 771 2560 in
826 2519 954 2560 suos
978 2504 1267 2576 discipulos
1319 2503 1562 2569 sufﬂans,
1593 2504 1839 2573 accipere

261 2594 526 2664 Spiritum
541 2602 787 2651 sanctum
801 2609 894 2651 eos
902 2595 1085 2666 jussit,
1102 2603 1155 2649 et
1179 2595 1308 2650 item
1324 2596 1378 2649 in
1394 2595 1479 2649 die
1490 2594 1842 2667 Pentecostes

261 2688 333 2742 de
369 2686 505 2742 ccelo
531 2688 584 2740 in
626 2686 822 2757 linguis
846 2686 1018 2757 igneis
1045 2694 1395 2756 apparentem
1439 2685 1686 2741 eumdem
1717 2684 1839 2754 Spi-

260 2777 429 2831 ritum
445 2785 691 2832 sanetum
712 2792 874 2847 super
897 2791 990 2833 eos
1013 2777 1182 2843 misit,
1200 2776 1343 2847 quod
1372 2774 1623 2831 videlicet
1649 2783 1840 2831 sancta

259 2883 399 2923 crux
438 2868 534 2923 Dei
576 2868 630 2922 in
662 2867 832 2940 figura
861 2884 957 2923 sua
986 2868 1141 2923 nobis
1164 2868 1519 2923 demonstrat.
1565 2866 1701 2921 Nam
1725 2880 1840 2920 ere-

250 2969 355 3017 vcta
392 2960 507 3031 ejus
548 2976 678 3031 pars
722 2960 984 3026 divinum,
1038 2970 1345 3016 transversa
1380 2975 1595 3031 quoque
1646 2960 1842 3014 frater-

261 3064 396 3104 num
427 3050 768 3104 commendat
808 3064 1069 3114 amorem,
1111 3048 1266 3118 cujus
1314 3050 1517 3105 amoris
1565 3049 1844 3118 integrita-

264 3148 380 3194 tem
417 3138 666 3195 Christus
709 3140 867 3194 nobis
904 3140 1161 3205 ostendit,
1192 3156 1257 3196 ac
1313 3157 1413 3196 suo
1455 3140 1703 3210 exemplo
1744 3154 1842 3193 nos

265 3230 545 3295 instruxit,
577 3231 669 3301 qui
697 3229 947 3285 dilectam
976 3230 1210 3285 animam
1232 3246 1387 3285 suam
1430 3231 1484 3284 in
1526 3243 1689 3285 cruce
1727 3242 1843 3282 mo-
1870 3210 1915 3272 (ἶ

263 3322 419 3376 riens
446 3335 546 3391 pro
576 3320 767 3376 amicis
800 3321 913 3376 suis
943 3323 1143 3391 posuit,
1171 3330 1227 3376 et
1247 3321 1520 3376 nos~idem
1554 3321 1733 3375 facere
1750 3320 1843 3374 do-

262 3413 402 3467 cuit.
445 3412 599 3469 lIunc
639 3427 882 3468 amorem
930 3428 1145 3483 semper
1190 3412 1494 3478 laudabilis,
1542 3420 1596 3468 et
1630 3427 1845 3481 semper

263 3502 587 3567 laudandus,
619 3511 807 3558 sancte
836 3503 978 3557 Deus
1014 3502 1249 3572 Spiritus
1285 3510 1337 3556 tu
1362 3517 1502 3572 pone
1550 3503 1604 3556 in
1650 3517 1759 3565 me,
1790 3509 1847 3557 et

264 3595 434 3651 timor
475 3594 671 3650 noxius
709 3601 870 3662 atque
912 3593 1145 3648 carnalis
1201 3592 1426 3649 atiectus
1476 3594 1663 3664 procul
1692 3608 1844 3647 rece-

264 3688 420 3753 dant,
450 3695 717 3757 quatenus
760 3684 928 3757 gloria
979 3693 1181 3741 sancta:
1218 3686 1396 3740 crucis
1434 3694 1590 3739 aucta
1617 3701 1681 3739 ac
1708 3685 1846 3738 mul-

261 3779 536 3849 tiplicata,
566 3792 779 3832 mecum
821 3777 876 3830 in
899 3792 1025 3831 vera
1055 3777 1389 3846 professione
1415 3784 1471 3831 et
1506 3776 1665 3846 digna
1689 3775 1845 3831 laude

262 3870 320 3925 in
368 3877 632 3923 a‘ternum
658 3875 987 3938 perseveret,
1024 3867 1147 3936 quia
1189 3875 1245 3921 tu
1274 3883 1333 3922 es
1370 3866 1589 3937 quidem
1628 3865 1716 3918 ille
1749 3865 1843 3934 qui

264 3975 332 4015 os
364 3957 552 4027 implet
586 3966 817 4025 mutum,
871 3966 927 4013 et
950 3956 1226 4013 caelestem
1274 3956 1403 4014 facit
1429 3959 1532 4013 rite
1584 3971 1846 4013 resonare

265 4056 511 4105 Cautum.

831 4134 1059 4193 CAPUT
1093 4137 1261 4193 XVII.

262 4231 351 4288 De
377 4230 609 4301 septima:
643 4228 857 4301 decimis
885 4230 1072 4299 ﬁgura:
1107 4232 1329 4295 ratione,
1356 4232 1444 4286 ubi
1473 4239 1587 4285 octo
1621 4227 1845 4283 beatitu-

726 4298 1342 4355 dinesdnnumerautur.

339 4410 387 4467 0
420 4419 605 4466 sancta
651 4419 708 4467 et
750 4411 934 4477 beata,
986 4420 1180 4481 potens
1226 4418 1282 4467 et
1325 4411 1655 4468 venerabilis
1712 4427 1846 4467 crux

266 4501 495 4567 Christi,
522 4501 639 4557 laus
667 4502 793 4557 vita:
820 4501 1015 4557 futurae
1049 4510 1106 4556 et
1128 4503 1300 4572 gloria
1354 4502 1755 4573 Redemptoris,
1788 4512 1845 4557 tu

267 4592 491 4663 quidem
550 4607 811 4665 prospera
844 4591 1050 4649 functio
1081 4609 1161 4660 es,
1219 4604 1275 4649 et
1320 4594 1500 4649 vitalis
1540 4595 1751 4649 cunctis
1778 4594 1846 4649 ab

269 4684 430 4739 initio
473 4683 705 4748 seculis,
762 4685 995 4755 benigna
1041 4692 1097 4740 et
1135 4683 1490 4750 honorabilis,
1530 4685 1660 4755 quia
1722 4700 1847 4741 cum

267 4775 474 4832 Christi
511 4777 754 4832 membra
790 4778 843 4832 in
880 4787 931 4833 te
962 4792 1223 4848 suspensa
1270 4778 1522 4847 passione
1559 4777 1845 4849 fatigabas,

267 4868 591 4923 innumeros
617 4868 847 4939 populos
886 4884 919 4923 a
966 4870 1207 4926 tenebris
1238 4876 1583 4940 peccatorum
1625 4884 1848 4924 suorum

267 4960 576 5029 eripueras,
616 4967 672 5014 et
691 4959 814 5015 caeli
836 4975 1082 5031 regnum,
1135 4963 1278 5033 quod
1307 4976 1405 5032 per
1453 4961 1847 5033 transgressio-

267 5063 398 5103 nem
427 5048 667 5104 ablatum
692 5048 889 5116 fuerat,
911 5051 1334 5108 misericorditer
1356 5066 1452 5123 per
1473 5053 1700 5123 gratiam
1725 5053 1847 5107 red-

268 5139 460 5203 debas,
487 5142 743 5210 quoniam
765 5140 981 5198 bonitas
1000 5142 1307 5199 Conditoris
1331 5158 1434 5197 non
1452 5159 1606 5215 passa
1630 5152 1849 5214 estper-

272 5229 358 5283 ire
387 5229 509 5286 illos
549 5232 643 5301 qui
677 5247 827 5303 spem
854 5234 907 5288 in
935 5233 1022 5288 illa
1052 5235 1371 5305 jamdudum
1393 5238 1716 5304 habuerant,
1753 5240 1846 5295 sed

270 5329 450 5389 perte
498 5325 864 5379 remuneravit
909 5340 1097 5380 eorum
1131 5327 1270 5381 bona
1319 5328 1533 5394 merita,
1599 5328 1851 5384 videlicet

271 5419 537 5466 aeternam
565 5413 645 5469 eis
674 5415 916 5471 tribuens
952 5432 1226 5473 coronam.
1254 5417 1388 5473 Nam
1415 5434 1598 5475 semen
1621 5433 1850 5491 evange-

275 5504 396 5560 licae
423 5506 706 5572 doctrinae,
730 5509 876 5577 quod
906 5508 958 5565 in
985 5509 1369 5581 disciputorum
1396 5511 1562 5565 corda
1604 5509 1854 5567 Salvator

275 5596 587 5662 seminavit,
644 5599 937 5655 secundum
1001 5616 1156 5655 suum
1216 5586 1482 5671 placitum'
1539 5602 1594 5656 in
1663 5617 1852 5659 eorum

274 5702 445 5756 opere
468 5689 860 5759 multiplieavit,
901 5707 1022 5746 eum
1068 5692 1121 5746 in
1173 5704 1353 5748 monte
1405 5696 1598 5751 sedens
1627 5697 1854 5751 docebat

276 5796 395 5848 eos,
426 5787 481 5833 et
507 5781 768 5852 incipiens
811 5784 877 5840 ab
915 5792 1039 5839 octo
1084 5784 1506 5843 beatitudiuibus
1548 5788 1850 5857 largis-sima

1937 1963 2076 2018 senti
2102 1969 2155 2016 et
2184 1962 2236 2015 in
2268 1960 2447 2014 futuro
2489 1958 2713 2013 satietas
2750 1964 2972 2009 aeterna.
3004 1951 3120 2007 Non
3153 1951 3294 2005 enim
3324 1963 3518 2017 super-

1934 2057 2034 2112 bus
2063 2056 2345 2126 quisquam
2372 2054 2500 2108 hinc
2539 2050 2927 2123 justiﬁcabitur
2963 2048 3106 2117 quod
3133 2062 3227 2101 ore
3249 2054 3305 2100 et
3331 2044 3517 2100 habitu

1936 2147 2296 2204 humilitatem
2323 2144 2579 2209 ostendit,
2609 2154 3010 2212 supernumque
3041 2145 3377 2208 regnatorem
3405 2135 3520 2190 solo

1936 2247 2242 2310 prostratus
2270 2238 2477 2301 adorat,
2509 2237 2634 2289 dum
2687 2234 2896 2288 interna
2931 2230 3111 2285 cordis
3139 2228 3256 2299 ejus
3286 2228 3515 2297 superbe

1940 2327 2200 2389 sentiunt;
2226 2334 2281 2379 et
2305 2340 2436 2395 opes
2464 2324 2670 2378 habens
2699 2321 3075 2391 eleemosynas
3106 2332 3213 2373 non
3243 2314 3390 2381 facit,
3416 2329 3520 2369 nec

1937 2432 2036 2488 per
2086 2415 2450 2470 valetudinem
2502 2411 2745 2481 corporis
2774 2409 2855 2463 sui
2904 2409 3051 2479 (eum
3086 2407 3295 2476 integer
3318 2404 3523 2458 viribus

1941 2505 2032 2577 sit)
2056 2520 2218 2575 opera
2251 2502 2379 2558 facit
2407 2501 2629 2571 justitiw
2655 2517 2671 2567 ;
2707 2500 2832 2569 quia
2862 2506 3071 2553 certum
3098 2504 3153 2551 et
3177 2495 3522 2566 perspicuum

1939 2604 2025 2650 est
2052 2594 2194 2664 quod
2218 2593 2558 2648 omnitencns
2583 2589 2961 2646 conditornou
2993 2587 3166 2643 solum
3200 2586 3383 2649 verba,
3425 2585 3521 2639 sed

1940 2697 1992 2741 et
2022 2686 2161 2740 facta
2187 2685 2327 2740 bona
2353 2692 2407 2740 et
2434 2684 2600 2738 vitam
2627 2683 2908 2737 honestam
2937 2680 3082 2736 omni
3113 2688 3355 2747 tempore
3379 2693 3525 2748 quae-

1940 2787 2043 2833 rat.
2075 2778 2242 2849 lgitur
2269 2779 2575 2848 quicunque
2608 2787 2864 2833 atternam
2888 2776 3061 2831 lucem
3088 2773 3359 2828 veraciter
3375 2787 3523 2841 quiu-

1944 2873 2037 2936 rit,
2062 2880 2117 2925 et
2148 2871 2215 2925 ad
2250 2879 2505 2925 :eteruam
2536 2869 2921 2925 beatitudinem
2953 2866 3065 2921 vult
3092 2866 3401 2937 pervenire,
3423 2879 3520 2918 ne—

1943 2974 2095 3019 ceSSe
2120 2972 2205 3019 est
2231 2970 2290 3017 ut
2334 2978 2430 3033 per
2477 2970 2599 3017 octo
2629 2961 2811 3015 titulos
2859 2959 3218 3030 evangelicos,
3250 2957 3302 3012 iu
3330 2956 3527 3027 quibus

1944 3054 2153 3127 species
2175 3068 2318 3108 verte
2366 3051 2713 3108 beatitudinis
2747 3053 3150 3121 exprimuntur,
3181 3050 3249 3103 ad
3300 3062 3526 3118 regnum

1948 3144 2135 3198 tendat
2164 3158 2476 3212 supernum,
2517 3143 2640 3212 quia
2668 3151 2721 3198 et
2751 3143 2803 3196 in
2850 3142 2966 3212 ipso
3003 3157 3231 3196 numero
3283 3153 3527 3195 resurre-

1947 3233 2125 3287 ctione
2152 3232 2379 3300 gererali
2410 3240 2740 3302 perpetrata,
2796 3238 2918 3300 post
2946 3239 3224 3300 peractum
3260 3227 3527 3298 judicium

1947 3326 2118 3380 sancti
2148 3325 2243 3379 Dei
2284 3324 2488 3395 pariter
2516 3339 2639 3378 cum
2692 3321 2914 3377 Christo
2961 3335 3188 3389 regnum
3245 3317 3527 3373 intrabunt

1946 3426 2227 3472 aeternum.
2289 3415 2432 3471 Crux
2480 3429 2695 3486 quoque
2748 3413 2948 3469 Christi
3000 3414 3086 3467 via
3110 3420 3194 3466 est
3233 3410 3524 3481 justorum,
3582 3449 3597 3454 -

1947 3523 2204 3565 ascensus
2255 3508 2322 3562 ad
2372 3506 2590 3572 cadum,
2634 3514 2751 3560 rota
2786 3505 2854 3560 de
2890 3505 3091 3560 infimis
3126 3505 3191 3558 ad
3244 3504 3527 3575 superiora

1948 3617 2047 3655 nos
2090 3600 2331 3663 trahens,
2392 3599 2498 3653 dux
2543 3606 2598 3653 ct
2636 3597 2803 3666 janua
2836 3597 3009 3668 regni,
3062 3595 3287 3651 victoria
3320 3603 3527 3649 nostra.

1948 3693 2054 3749 Per
2088 3695 2232 3748 illam
2261 3693 2429 3746 vitam
2462 3692 2859 3763 possidebimus
2903 3705 3112 3753 veram,
3138 3698 3192 3743 et
3225 3686 3531 3741 mercedem

1945 3784 2305 3854 percipiemus
2329 3792 2610 3844 wtcrnam,
2639 3798 2759 3850 qua:
2783 3788 2840 3835 et
2868 3780 3077 3835 binario
3116 3788 3309 3847 quater
3328 3776 3529 3847 posito,

1947 3875 2283 3931 octonarium
2336 3873 2387 3927 in
2433 3888 2492 3928 se
2558 3872 2908 3936 concludens,
2956 3868 3225 3940 significat
3266 3867 3407 3937 quod
3436 3881 3535 3934 per

1949 3967 2056 4021 duo
2087 3973 2352 4035 praecepta
2387 3963 2694 4028 charitatis,
2724 3976 2845 4029 qua:
2880 3960 3039 4016 nobis
3084 3958 3259 4013 sancti
3296 3966 3533 4026 quatuor

1950 4055 2361 4126 Evangeliorum
2390 4053 2513 4108 libri
2562 4050 2966 4115 commendant,
3011 4048 3309 4118 promereri
3336 4061 3532 4117 possu-

1950 4162 2073 4201 mus
2124 4146 2317 4216 gaudia
2365 4143 2717 4213 sempiterna.
2760 4141 2875 4197 IIoc
2924 4155 3138 4211 quoque
3193 4138 3536 4208 omnipotens

1950 4236 2045 4293 Dei
2069 4236 2453 4306 omnipotentis
2477 4233 2730 4304 Spiritus,
2756 4233 2847 4303 qui
2876 4247 2975 4287 nos
3001 4247 3098 4302 per
3124 4245 3313 4301 pacem
3338 4238 3393 4285 et
3410 4230 3535 4283 cha-

1949 4330 2164 4385 ritatem
2196 4344 2380 4384 veram
2409 4328 2478 4383 ad
2501 4342 2723 4400 regnum
2750 4326 2943 4381 invitat
2966 4323 3227 4388 futurum,
3249 4323 3302 4377 in
3325 4331 3533 4391 septem

1951 4421 2109 4477 donis
2134 4420 2322 4491 gratia;
2349 4434 2461 4475 suae
2504 4432 2762 4474 ascensus
2810 4416 2865 4471 in
2916 4415 3171 4469 cordibus
3200 4413 3399 4469 nostris
3432 4428 3532 4482 po-

1953 4514 2078 4574 suit,
2109 4520 2170 4565 nt
2194 4511 2590 4566 demonstraret
2610 4524 2675 4563 eo
2694 4500 2856 4562 modo
2876 4506 2980 4560 rite
3002 4520 3161 4575 posse
3184 4518 3400 4574 quoque
3421 4517 3535 4558 coe-

1951 4603 2061 4658 lum
2083 4600 2375 4657 ascendere
2406 4598 2609 4662 fideles,
2641 4599 2687 4654 si
2721 4598 2839 4667 ejus
2880 4596 3068 4666 gratia:
3097 4594 3389 4664 participes
3415 4592 3533 4645 ﬁeri

1948 4710 2058 4751 non
2089 4694 2419 4765 neglexerint
2450 4709 2464 4745 :
2493 4700 2551 4746 et
2575 4691 2717 4760 quod
2743 4705 2838 4744 eos
2864 4694 3148 4758 exspectet
3183 4699 3396 4740 sursum
3428 4684 3536 4753 glo-

1950 4782 2031 4839 ria
2056 4790 2111 4837 et
2137 4796 2336 4837 corona
2366 4778 2512 4835 sedis
2535 4779 2711 4835 lucida
2748 4778 2804 4834 in
2848 4792 2975 4834 arce
2999 4791 3254 4847 superna,
3284 4790 3421 4845 quos
3447 4774 3536 4828 hic

1949 4870 2231 4928 irradiavit
2258 4885 2380 4925 cum
2405 4869 2606 4925 virtute
2641 4869 2882 4924 charitas
2904 4883 3055 4923 vera.

2513 4982 2741 5041 CAPUT
2780 4982 2964 5039 XVIII.

1954 5077 2032 5133 De
2056 5087 2239 5131 octava
2272 5076 2473 5130 decima
2500 5077 2685 5147 specie,
2712 5076 2799 5130 ubi
2817 5074 3270 5146 quadragenarius
3291 5088 3538 5126 ttunterus

2575 5148 2774 5217 positus
2802 5155 2898 5201 est.

2025 5240 2246 5309 Expone
2272 5240 2431 5295 modo
2452 5247 2505 5295 et
2532 5239 2758 5294 laudans
2785 5239 2905 5293 cdic
2925 5278 2941 5303 ,
2979 5252 3014 5292 ο
3042 5237 3226 5302 homo,
3260 5244 3374 5290 toto
3401 5234 3534 5290 aﬂ'e-

1957 5343 2045 5390 ctu
2068 5334 2263 5388 anima:
2287 5342 2343 5389 et
2371 5334 2639 5389 universis
2662 5333 2909 5388 sensibus
2932 5331 3182 5401 corporis
3204 5332 3535 5400 triumphqu

1957 5425 2194 5480 nobilem
2217 5425 2439 5481 victoris
2461 5425 2670 5489 atterni,
2705 5439 2865 5494 quem
2894 5423 3063 5493 gloria
3093 5423 3387 5478 Dominicae
3415 5439 3538 5478 cru-

1957 5519 2039 5572 cis
2071 5518 2269 5587 ubique
2310 5517 2532 5586 expetit,
2556 5530 2718 5586 super
2744 5515 2883 5569 celsa
2914 5514 3171 5569 cmlorum
3216 5513 3391 5568 sidera
3418 5554 3433 5578 ,
3479 5523 3537 5567 et

1959 5610 2149 5665 subtus
2171 5608 2350 5678 abyssi
2372 5605 2788 5677 profundissima
2818 5606 3145 5671 tartara,ubi
3169 5605 3304 5659 lueis
3321 5613 3536 5658 :eterme

1958 5708 2239 5769 permanet
2273 5698 2477 5753 candor
2506 5737 2521 5761 ,
2571 5706 2627 5752 et
2653 5697 2743 5751 ubi
2777 5698 2948 5751 noctis
2973 5705 3246 5767 perpetua:
3285 5696 3539 5764 perdurat

1960 5792 2154 5848 horror
2182 5808 2195 5846 :
2244 5805 2341 5847 nec
2370 5805 2473 5845 non
2502 5798 2554 5845 et
2585 5804 2681 5858 per
2710 5797 2905 5845 cuncta
2938 5797 3203 5844 terrarum
3231 5788 3424 5858 spatia,
3449 5787 3539 5840 ubi
