3970 6460
501 326 610 383 285

1143 324 1205 381 B.
1242 319 1496 380 RABANI
1533 315 1752 374 MAURI
1790 310 2112 368 ARCIIIEP.
2154 311 2465 370 MOCUNT.
2506 314 2794 373 OPERUM
2830 313 3010 370 PARS
3046 314 3086 370 Ι.

3661 315 3774 373 284

501 455 610 496 nox
631 436 852 509 diesque
889 437 1002 495 suis
1034 436 1330 494 inconfusis
1374 435 1645 490 alternam
1682 429 1915 491 vicibus,
1942 441 2075 497 quo-
2100 428 2151 488 Α
2175 426 2510 495 mgritudinis
2534 439 2729 486 vestra:
2765 446 2834 487 ne
2856 445 2951 486 vos
2976 430 3176 501 pudeat
3219 429 3296 486 illi
3325 431 3611 489 molestias
3642 447 3777 489 con-

500 548 675 605 usque
702 533 886 588 mundi
910 530 1160 588 adveniat
1202 530 1483 587 terminus.
1515 526 1630 583 Hoc
1671 538 1864 580 sensus
1913 520 2078 576 animi

502 623 724 693 cogitet,
756 623 858 677 hoc
879 629 1065 693 guttur
1096 634 1230 676 voce
1262 625 1516 682 resonet,
1562 616 1664 671 hoc
1691 613 1874 684 lingua
1900 611 1953 665 in
1983 627 2079 681 pa-

502 713 614 769 lato
640 716 949 783 concrepet,
976 711 1082 768 hoc
1122 724 1314 764 manus
1340 707 1535 762 litteris
1556 705 1781 769 scribat,
1804 703 1907 757 hoc
1932 700 2078 755 labia

499 802 682 858 verbis
708 802 1032 871 exprimant,
1062 800 1166 855 hoc
1193 800 1308 870 ipsa
1342 798 1513 870 ﬁgura
1541 793 1770 852 metrico
1789 806 1951 862 opere
1977 791 2075 846 de-

499 891 701 961 pictam
731 898 917 946 notet:
954 904 1073 959 quae
1106 888 1233 944 licet
1258 886 1564 951 dilliculter,
1595 891 1775 939 tamen
1802 881 2078 937 ordinabi-

498 979 624 1035 liter
663 995 765 1050 per
798 977 1286 1050 quadragenarium
1318 977 1373 1031 in
1420 984 1655 1046 quatuor
1682 973 1911 1029 decades
1942 972 2078 1028 divi-

497 1087 617 1128 sum
648 1080 703 1127 et
721 1069 1116 1141 exemplatum,
1166 1070 1311 1125 clara
1353 1075 1555 1124 sancta:
1578 1064 1758 1120 crucis
1807 1064 2075 1134 pnecouia

495 1166 717 1235 promit,
744 1166 836 1236 qui
859 1180 1116 1221 numerus
1146 1165 1335 1236 plenus
1376 1163 1634 1235 mysterio
1669 1159 1994 1224 venerabili,
2022 1165 2078 1214 et

497 1273 735 1328 superno
784 1273 1010 1313 serenus
1052 1256 1292 1321 lumine,
1333 1256 1474 1311 inter
1503 1264 1696 1310 caitcra
1737 1258 2077 1309 sacramenta

497 1346 911 1418 signiﬁcationis
939 1361 1051 1402 sua:
1099 1345 1404 1416 praisentis-
1431 1345 1688 1416 temporis
1727 1350 1904 1415 gestat
1948 1341 2077 1413 ﬁgu-

499 1451 652 1503 ram;
683 1451 791 1505 quo
810 1444 998 1491 sancta
1028 1436 1265 1491 Ecclesia
1289 1434 1389 1491 sub
1414 1434 1631 1492 Christo
1651 1434 1915 1506 principe,
1937 1448 2071 1489 con-

499 1537 584 1584 tra
606 1528 916 1599 spirituales
945 1528 1215 1599 nequitias
1252 1536 1306 1582 et
1330 1536 1517 1583 contra
1548 1535 1816 1582 amatores
1850 1525 2071 1592 mundi,

497 1631 653 1681 scuto
674 1622 797 1678 ﬁdei
827 1631 884 1679 et
926 1621 1091 1678 lorica
1113 1621 1361 1693 jllSlllltﬂ,
1402 1620 1554 1691 galea
1588 1619 1779 1676 salutis
1814 1626 1871 1673 et
1897 1618 2074 1690 gladio

498 1714 734 1786 Spiritus
758 1714 883 1785 (hoc
906 1720 1014 1780 est,
1045 1713 1211 1769 verbo
1237 1713 1355 1785 Dei)
1381 1711 1595 1768 fortiter
1620 1719 1676 1767 et
1704 1711 2073 1782 inseparabili-

2179 519 2354 588 queri.
2384 520 2557 576 Verus
2580 532 2764 578 vester
2807 522 3049 578 medicus
3085 533 3166 580 est
3198 523 3328 589 iste,
3380 539 3546 594 quem
3577 536 3773 583 sancta

2176 625 2310 664 crux
2365 609 2421 664 in
2476 611 2660 681 patulo
2711 612 2943 680 gestavit
2994 613 3216 682 stipite:
3245 612 3469 684 ipseque
3512 615 3773 672 manibus

2176 699 2289 755 suis
2313 701 2569 771 expansis
2611 701 2680 756 ad
2720 701 2981 758 medelam
3004 718 3099 758 vos
3135 702 3347 769 invitat,
3376 704 3471 775 qui
3489 705 3652 761 vobis
3678 722 3769 761 sa-

2176 790 2402 845 nitatem
2429 791 2691 863 integram
2719 792 2880 848 citius
2922 800 3160 862 przestat.
3189 791 3413 850 Pandite
3454 794 3537 849 illi
3568 796 3773 852 vulnus

2176 883 2391 947 mentis,
2424 893 2479 939 et
2512 885 2564 939 in
2594 883 2773 940 ulcere
2798 886 3040 955 corporis
3061 886 3207 940 virus
3234 885 3409 941 latens
3437 886 3615 941 nolite
3640 889 3770 943 abs-

2175 977 2438 1044 condere;
2470 979 2677 1048 poscite
2707 979 2969 1035 medelam
3009 979 3189 1035 cordis
3217 980 3528 1045 devotione,
3564 987 3630 1035 et
3654 980 3770 1050 pulo

2175 1079 2292 1126 sate
2312 1071 2579 1126 medicum
2607 1071 2662 1125 in
2682 1071 2947 1126 bonorum
2971 1086 3194 1141 operum
3217 1072 3566 1127 strenuitate.
3592 1071 3771 1141 ipsius

2174 1177 2302 1232 ergo
2327 1177 2518 1218 manus
2552 1161 2829 1218 salutifera
2866 1178 2973 1218 non
3004 1163 3060 1218 in
3085 1162 3342 1218 dilatione
3369 1163 3645 1232 temporis
3674 1178 3769 1217 no-

2174 1254 2253 1310 vit
2276 1256 2519 1318 tardare,
2577 1256 2671 1311 sed
2704 1257 2760 1312 in
2787 1256 3070 1313 velocitate
3113 1256 3370 1313 momenti
3419 1256 3624 1311 idonea
3650 1266 3768 1320 est,

2174 1346 2460 1402 sanitatem
2488 1358 2746 1417 praestare
2787 1349 3070 1413 omnibus,
3122 1348 3215 1419 qui
3271 1348 3571 1404 salubriter
3615 1357 3768 1403 metu

2174 1442 2512 1512 compuncti,
2555 1450 2754 1498 etcum
2784 1443 3086 1499 reverentia
3131 1443 3201 1497 ab
3241 1441 3357 1512 ipso
3386 1456 3522 1497 vero
3550 1441 3768 1496 medico

2173 1535 2354 1591 curari
2384 1544 2660 1606 appetunt,
2684 1534 2772 1591 cui
2794 1549 3004 1590 summa
3028 1541 3112 1589 est
3141 1534 3314 1587 virtus
3335 1532 3403 1587 ad
3423 1531 3768 1587 curationem

2174 1624 2577 1695 perﬁciendam,
2602 1633 2658 1682 et
2700 1625 2916 1696 sapiens
2937 1623 3221 1680 consilium
3265 1623 3333 1677 ad
3357 1620 3593 1678 salutem
3625 1637 3767 1691 pra:-

2174 1715 2455 1781 standam;
2487 1715 2581 1784 qui
2610 1715 2676 1770 de
2716 1714 2965 1784 supernis
3003 1720 3057 1769 et
3093 1712 3465 1783 perpetuisad
3498 1711 3695 1765 inﬁma
3718 1719 3769 1765 et

496 1777 582 1862 te}
606 1777 901 1877 prmliatur,
930 1812 988 1860 et
1001 1777 1291 1860 conﬁdens
1324 1777 1407 1859 sui
1435 1802 1579 1875 regis
1605 1777 1867 1872 potentia,
1904 1802 2074 1856 virtu—
2101 1777 2149 1838 Β
2177 1777 2492 1875 temporalia
2505 1777 2813 1872 descendit,
2847 1811 2906 1858 ut
2948 1777 3128 1859 rerum
3166 1777 3417 1857 naturam
3448 1800 3598 1873 (quae
3644 1818 3768 1857 cor-

495 1896 676 1966 tisque
707 1893 825 1965 ejus
851 1893 1090 1957 conscia,
1126 1892 1307 1948 omnia
1338 1892 1444 1948 tela
1489 1891 1660 1948 hostis
1688 1892 1898 1962 antiqui
1932 1890 2076 1946 frau-

493 1988 574 2058 git
605 2002 669 2043 ac
697 1994 991 2058 prosternit
1018 1986 1206 2055 ignita.
1232 1986 1439 2041 Vexillo
1466 1985 1663 2056 quippe
1684 1984 1886 2050 crucis,
1911 1999 2075 2054 quam

495 2081 552 2135 in
580 2079 760 2135 fronte
803 2080 1067 2150 signatam
1099 2078 1215 2147 ipsa
1241 2077 1436 2133 victrix
1465 2077 1695 2148 gloriose
1730 2085 1927 2147 gestat,
1951 2092 2074 2146 par-

494 2172 567 2227 tis
592 2171 833 2227 adversa:
852 2169 1132 2226 confundit
1158 2168 1391 2225 frontem
1409 2209 1425 2235 ,
1476 2177 1639 2238 atque
1670 2183 1867 2223 srvam
1895 2167 2075 2224 inimi-

493 2278 681 2319 corum
705 2263 882 2319 subito
905 2262 1188 2333 perturbat
1209 2262 1401 2317 aciem.
1431 2261 1572 2333 Ergo
1614 2260 1668 2315 in
1701 2268 1888 2315 sancta
1914 2274 2074 2318 cruce

493 2352 746 2412 Salvator
758 2362 942 2409 noster
953 2353 1234 2424 antiquum
1250 2352 1458 2408 hostem
1472 2351 1699 2417 vicerat,
1712 2358 1767 2404 et
1782 2351 1833 2405 in
1850 2367 2073 2408 numero

491 2445 610 2515 ejus
634 2446 817 2514 ﬁgurae
852 2445 953 2499 rite
980 2452 1039 2499 et
1079 2451 1203 2514 apte
1231 2442 1567 2499 convenienti
1588 2483 1602 2508 ,
1646 2443 2073 2512 quadragenario

491 2537 762 2601 videlicet,
780 2550 994 2591 sacrum
1015 2534 1279 2606 jejunium
1308 2536 1363 2590 in
1385 2534 1598 2590 deserto
1616 2534 1991 2604 protendebat,
2014 2542 2075 2589 ut

492 2640 766 2700 raptorem
785 2629 1335 2706 fraudulentissimum
1357 2629 1508 2698 prius
1525 2635 1841 2693 tentantem,
1860 2643 1959 2698 per
1979 2643 2075 2698 pa-

491 2723 741 2778 tientiam
765 2732 821 2778 et
863 2721 1222 2777 humilitatem
1267 2722 1544 2788 vinceret;
1578 2735 1643 2776 ac
1681 2720 1874 2778 deinde
1900 2719 1954 2776 in
1983 2734 2074 2777 ue-

489 2812 661 2884 quitia
687 2829 784 2869 sua
811 2812 1192 2883 persistentem
1239 2828 1305 2869 ac
1332 2813 1715 2884 perdurantem
1745 2851 1761 2878 ,
1819 2811 1935 2882 ipse
1958 2826 2074 2867 mo-

491 2906 639 2962 riens
661 2913 863 2960 :eterua
891 2913 1070 2961 morte
1103 2906 1251 2976 juste
1277 2905 1580 2959 damnaret.
1613 2901 1766 2957 Sicut
1786 2902 1931 2956 enim
1960 2916 2076 2957 ser-

489 3010 625 3067 pens
654 2996 743 3051 ille
766 2996 1006 3051 lubricus
1030 3004 1084 3051 et
1122 2994 1347 3051 callidus
1393 2995 1664 3050 hominem
1715 2996 1948 3065 primum
1974 3010 2075 3064 per

2175 1904 2333 1966 rupta
2354 1895 2456 1968 est)
2487 1896 2667 1952 divina
2691 1895 3088 1967 dispensatione
3117 1893 3474 1964 reintegraret
3495 1933 3514 1958 ,
3566 1901 3770 1947 metus-

2172 2000 2276 2056 que
2304 1986 2494 2040 mortis
2523 1986 2718 2051 abiret,
2755 1994 2811 2043 et
2856 1986 3012 2057 signa
3058 1983 3405 2041 beatitudinis
3434 2001 3539 2055 per
3568 1986 3770 2040 charis-

2172 2085 2319 2133 mata
2371 2076 2550 2133 divina
2589 2092 2805 2133 rursum
2853 2077 2908 2131 in
2966 2075 3183 2131 homine
3228 2076 3763 2130 demonstrarentur.

2172 2166 2464 2225 Numerum
2476 2181 2604 2238 ergo
2616 2166 2781 2236 quinq
2789 2166 3137 2236 uagenarium
3150 2165 3448 2219 salutarem
3467 2164 3631 2219 nobis
3654 2179 3767 2219 esse

2171 2264 2374 2313 sancta:
2423 2256 2602 2312 crucis
2639 2256 2849 2326 species
2878 2254 2932 2310 in
2964 2254 3219 2310 cornibus
3261 2254 3374 2310 suis
3430 2254 3768 2325 descriptum

2171 2348 2564 2404 venerabiliter
2576 2355 2745 2413 notat,
2761 2354 2815 2402 et
2834 2346 3190 2402 sacramentis
3210 2345 3528 2402 caelestibus
3545 2346 3787 2431 plenum.

2173 2453 2292 2495 esse
2327 2440 2430 2494 rite
2457 2439 2724 2510 designat.
2772 2436 2829 2492 In
2861 2437 2950 2492 illo
2972 2436 3118 2492 enim
3140 2436 3253 2490 veri
3286 2436 3490 2508 jubilaai
3516 2477 3535 2501 ,
3598 2437 3657 2492 id
3686 2446 3769 2492 est

2171 2533 2343 2603 plenae
2378 2534 2735 2600 remissionis,
2766 2535 2955 2590 notitia
2997 2534 3186 2597 datur,
3221 2534 3275 2588 in
3313 2533 3405 2589 illo
3433 2533 3651 2589 sabbati
3686 2549 3771 2589 re.

2172 2624 2327 2694 quies
2352 2624 2455 2681 rite
2490 2625 2817 2682 celebratur.
2848 2625 2940 2681 Ille
2986 2624 3121 2696 legis
3161 2626 3363 2681 veteris
3387 2624 3613 2679 datione
3639 2624 3769 2678 insi-

2173 2716 2292 2787 gnis
2316 2724 2422 2783 est,
2451 2725 2507 2773 et
2527 2717 2581 2772 in
2611 2718 2844 2772 adventu
2877 2717 3109 2788 Spiritus
3136 2716 3394 2787 paracleti
3430 2731 3601 2787 super
3629 2733 3765 2786 apo-

2173 2808 2341 2864 stolos
2369 2808 2658 2879 iusignior;
2700 2808 2789 2863 ille
2831 2809 2981 2879 pacis
3005 2816 3282 2863 auctorem
3311 2806 3528 2882 venisse
3563 2809 3764 2877 prodit.

2172 2909 2228 2956 et
2270 2903 2419 2972 pacis
2471 2901 2804 2973 signaculum
2855 2900 3093 2971 perfecta
3132 2899 3575 2957 reconciliatione
3623 2900 3767 2954 inter

2173 2993 2341 3048 Deum
2366 3002 2423 3048 et
2455 2994 2702 3049 homines
2724 3009 2820 3064 per
2848 2992 3081 3063 Spiritus
3118 2992 3293 3047 sancti
3323 2992 3556 3062 gratiam
3584 3001 3769 3046 osten-

490 3085 690 3155 gulam,
721 3084 1004 3139 avaritiam
1042 3094 1097 3139 et
1120 3100 1311 3138 vanam
1346 3083 1572 3154 gloriam
1598 3084 1665 3139 ad
1702 3083 1910 3140 facinus
1955 3085 2072 3140 ille-
2096 3124 2141 3186 ο
2173 3084 2269 3140 dit.
2298 3083 2415 3153 ipse
2445 3084 2767 3140 venerabilis
2795 3084 2847 3138 in
2874 3085 3076 3154 specie,
3123 3083 3357 3138 salubris
3385 3083 3438 3137 in
3486 3082 3683 3153 ﬁgura,
3713 3091 3766 3137 et

489 3177 590 3241 xit,
638 3184 692 3231 et
725 3176 799 3231 ita
830 3192 951 3231 eum
999 3177 1158 3232 morti
1188 3177 1481 3233 obnoxium
1536 3176 1799 3243 reddidit,
1848 3177 1929 3233 sic
1954 3185 2011 3232 et
2037 3193 2069 3234 e

489 3267 764 3322 contrario
793 3268 1222 3337 competentibus
1247 3268 1676 3335 medicamentis,
1705 3269 1955 3325 Salvator
1979 3286 2071 3326 no-

489 3365 603 3412 ster
638 3373 737 3428 per
765 3357 1172 3426 abstinentiam,
1192 3358 1579 3430 benignitatem
1612 3366 1776 3429 atque
1797 3359 2071 3415 humilita—

490 3456 598 3501 tem
651 3448 944 3504 humanum
984 3464 1154 3519 genus
1204 3449 1272 3504 ad
1299 3449 1464 3505 vitam
1490 3450 1701 3505 erexit:
1735 3450 1910 3521 ipsum
1936 3466 2072 3523 quo-

489 3554 597 3608 que
621 3547 898 3594 auctorem
923 3540 1133 3606 mortis,
1162 3541 1381 3597 :eternis
1408 3541 1740 3598 cruciatibus
1762 3558 1912 3598 reum
1935 3585 1950 3608 ,
1990 3544 2070 3599 vi-

488 3637 612 3682 ctor
646 3634 852 3682 :artaro
877 3626 1122 3696 subjecit.
1156 3629 1359 3685 Christi
1405 3644 1620 3700 quoque
1662 3645 1838 3702 pugna
1883 3642 2069 3688 nostra

486 3719 716 3775 victoria
741 3730 846 3788 est,
866 3719 1089 3791 ejusque
1118 3721 1421 3793 triumphus
1458 3732 1643 3779 nostra
1680 3725 1826 3780 salus
1846 3734 1950 3788 est,
1977 3726 2069 3798 qui

488 3812 642 3866 sedet
688 3813 740 3867 in
796 3813 1054 3868 coriorum
1126 3827 1254 3868 arce
1297 3823 1354 3869 et
1403 3815 1664 3886 prospicit
1715 3815 1769 3871 in
1816 3814 2070 3872 inferiora

491 3909 671 3956 teme.
694 3904 946 3972 Cruxque
971 3905 1088 3975 ejus
1112 3905 1227 3975 ipsa
1250 3913 1333 3962 est
1360 3907 1523 3961 totius
1543 3908 1694 3963 orbis
1715 3907 1919 3973 honor;
1937 3907 2070 3978 ipsa

487 4001 658 4048 totum
712 4002 980 4048 sustentat
1021 3997 1318 4062 mundum,
1373 3998 1596 4069 ipsaque
1640 3998 1773 4053 mihi
1824 3999 2069 4054 carmine

487 4098 703 4152 semper
726 4095 779 4138 et
805 4098 989 4141 amore
1023 4088 1346 4143 venerabilis
1389 4098 1743 4158 permaneat:
1774 4104 1988 4160 semper
2013 4089 2065 4145 in

486 4189 582 4230 ore
611 4189 732 4230 meo
761 4175 878 4230 laus
903 4182 958 4231 et
985 4177 1271 4234 exsultatio
1297 4179 1351 4234 in
1380 4181 1542 4235 corde
1576 4190 1853 4252 perpetua.

1067 4286 1296 4343 CAPUT
1334 4288 1476 4344 XIX.

600 4376 772 4445 [arma
798 4393 938 4433 nona
972 4377 1173 4432 decima
1197 4379 1348 4460 nubi
1381 4381 1822 4452 quinquagenarii
1860 4382 2065 4439 numer‘

1140 4458 1276 4503 ratio
1307 4459 1403 4503 est.

556 4536 829 4593 Attendite
851 4537 1024 4594 oculis
1046 4546 1102 4594 et
1122 4539 1297 4595 videte
1328 4548 1527 4608 mente,
1558 4542 1737 4597 audite
1757 4543 1977 4600 auribus
2004 4556 2062 4601 et

478 4628 744 4700 percipite
765 4630 961 4696 corde,
1004 4645 1038 4685 ο
1074 4645 1262 4686 omnes
1291 4631 1474 4686 ﬁdeles
1498 4633 1552 4686 in
1602 4633 1797 4704 quibus
1823 4636 2060 4692 charitas

482 4726 686 4781 Christi
713 4736 769 4782 et
789 4742 942 4784 amor
964 4729 1243 4799 sapientiae
1272 4729 1461 4796 fervet,
1489 4731 1683 4800 quibus
1709 4747 1855 4787 cura:
1880 4741 1964 4788 est
1991 4734 2060 4789 ad

483 4823 660 4880 lucem
693 4834 951 4881 aeternam
984 4829 1270 4897 pervenire
1317 4838 1372 4883 et
1413 4830 1866 4900 incorruptionem
1898 4839 2060 4902 atque

408 4954 423 4965 κ.
482 4919 942 4975 immortalitatem
972 4920 1087 4976 sine
1116 4921 1221 4976 ﬁne
1268 4924 1564 4993 percipere.
1618 4921 1854 4978 Laudem
1885 4925 2062 4981 crucis

483 5013 685 5069 Christi
717 5014 954 5070 carmine
987 5015 1264 5085 deprome.
1298 5016 1395 5071 ilic
1419 5017 1614 5072 summi
1638 5017 1845 5087 opiﬁcis
1887 5018 2059 5073 virtus

481 5105 805 5168 ostenditur,
835 5114 891 5161 et
923 5104 1065 5160 beati
1087 5108 1265 5177 operis
1291 5107 1453 5162 decor
1474 5109 1796 5177 exprimitur
1822 5110 2061 5179 artisque

484 5196 651 5263 ipsius
675 5196 926 5252 nobilitas
945 5197 1264 5253 declaratur.
1284 5199 1473 5254 Vester
1487 5198 1655 5254 honor
1672 5199 1845 5253 honor
1856 5206 1939 5256 est
1951 5215 2059 5257 non

481 5288 735 5354 caducus,
753 5289 845 5345 sed
865 5291 1157 5345 secundum
1191 5290 1575 5360 redemptionis
1602 5291 1846 5347 ordinem
1879 5300 2060 5347 manet

481 5388 804 5450 perpetuus;
830 5380 1152 5437 immortalis
1170 5389 1254 5436 est
1274 5390 1450 5436 vestra
1472 5381 1525 5435 in
1547 5382 1699 5438 caelis
1718 5382 1910 5453 palma,
1926 5384 2053 5454 qu'a

484 5471 733 5526 Christus
764 5472 879 5541 ipse
907 5473 1058 5527 vobis
1101 5483 1186 5529 est
1231 5473 1454 5528 victoria
1488 5514 1502 5539 ,
1545 5476 1636 5545 qui
1678 5475 1824 5530 salus
1867 5487 2052 5531 nostra

480 5562 746 5617 veraciter
768 5562 1027 5627 existens,
1053 5562 1344 5618 vindictam
1383 5563 1436 5618 in
1471 5564 1682 5620 hostem
1703 5566 1930 5622 detorsit
1952 5583 2051 5622 an-

478 5652 706 5722 tiquum,
730 5664 787 5709 et
820 5653 875 5708 in
895 5668 1057 5710 cruce
1076 5653 1365 5725 degustans
1389 5665 1642 5722 mortem,
1663 5655 1837 5727 ipsum
1862 5657 2054 5713 mortis

478 5742 988 5802 devicitauctorem.
1015 5741 1131 5800 Huc
1167 5758 1355 5801 omnes
1400 5745 1679 5801 convenite
1721 5745 1941 5814 aegroti,
1997 5755 2054 5802 et

2170 3173 2441 3246 perfectus
2460 3183 2546 3230 est
2569 3174 2622 3230 in
2649 3184 3110 3231 sacramentorum
3152 3173 3370 3229 decore.
3421 3172 3561 3227 Nam
3589 3174 3636 3228 Χ
3674 3175 3764 3229 lit—

2173 3278 2285 3325 tera
2323 3269 2509 3340 ﬁgurae
2552 3277 2756 3324 sancta}
2794 3270 2972 3325 crucis
3009 3269 3286 3339 aptissima
3313 3308 3329 3335 ,
3371 3276 3427 3324 et
3476 3270 3767 3324 denarium

2169 3376 2454 3416 numerum
2497 3360 2806 3431 designans,
2834 3374 2932 3429 per
2967 3359 3073 3415 duo
3104 3360 3221 3416 loca
3257 3360 3433 3431 posita
3463 3361 3533 3416 ad
3573 3377 3764 3417 exem-

2168 3451 2288 3522 plar
2308 3459 2509 3507 sanctm
2536 3452 2737 3517 crucis,
2766 3452 3004 3522 quinque
3031 3450 3199 3507 libros
3234 3451 3369 3523 legis
3412 3466 3539 3507 cum
3567 3452 3761 3507 decent

2167 3543 2453 3613 praeceptis
2474 3542 2764 3614 signiﬁcat,
2793 3543 2916 3613 quia
2939 3544 3082 3612 quod
3108 3542 3191 3597 lex
3220 3550 3377 3597 vetus
3405 3556 3507 3612 per
3524 3539 3761 3612 ﬁguram

2168 3642 2225 3690 et
2252 3635 2500 3690 umbram
2526 3634 2921 3705 quodammodo
2948 3633 3224 3703 depinxit,
3265 3633 3369 3689 hoc
3399 3641 3575 3688 totum
3603 3632 3764 3688 Chri-

2169 3734 2287 3781 stus
2309 3742 2410 3796 per
2432 3740 2650 3782 crucem
2678 3726 2733 3781 in
2761 3725 2912 3780 Novo
2941 3724 3290 3781 Testamento
3332 3725 3636 3781 secundum
3662 3740 3760 3780 ve—

2169 3817 2384 3873 ritatem
2415 3818 2676 3887 implevit.
2709 3816 2901 3873 Omnia
2928 3818 3122 3888 quippe
3147 3824 3348 3872 sanctae
3371 3816 3523 3871 cruci
3559 3817 3761 3873 decen-

2170 3908 2380 3964 tissime
2406 3909 2754 3974 conveniuut,
2801 3917 2857 3962 et
2885 3908 3171 3964 character
3192 3906 3386 3962 littera:
3409 3913 3465 3961 et
3497 3922 3762 3961 numerus

2169 3999 2225 4053 in
2264 4014 2329 4053 ea
2352 4000 2660 4065 denotatus,
2698 3999 2830 4070 legis
2857 3999 3175 4070 mysterium
3200 4008 3257 4053 et
3279 3998 3540 4065 temporis
3571 4014 3761 4052 sacra—

2169 4100 2444 4155 mentum,
2503 4089 2811 4161 factumque
2860 4091 2913 4145 in
2943 4090 3046 4144 hoc
3091 4089 3432 4144 laudabiliter
3473 4100 3761 4159 perpetra-

2171 4188 2315 4248 tum;
2352 4181 2580 4252 ideoque
2604 4190 2816 4251 oportet
2838 4189 2897 4236 ιιι
2923 4195 3111 4236 omnes
3138 4186 3380 4235 sanctam
3399 4193 3621 4233 crucem
3647 4179 3759 4233 lau-

2169 4277 2358 4330 demus
2387 4276 2586 4346 pariter
2611 4286 2859 4341 ovantes,
2888 4274 3256 4342 cruciﬁxoque
3300 4272 3413 4341 regi
3454 4271 3759 4326 incessabi—

2169 4367 2295 4422 liter
2316 4368 2520 4436 gratias
2545 4381 2789 4437 agamus,
2818 4365 2910 4437 qui
2952 4364 3213 4436 sanguine
3255 4361 3475 4433 proprio
3502 4362 3756 4418 universa

2086 4493 2142 4555 Β
2170 4458 2371 4515 laxavit
2405 4460 2586 4517 debita
2611 4460 2830 4515 mundo.

2765 4547 2992 4605 CAPUT
3031 4546 3150 4603 XX.

2163 4640 2243 4697 De
2265 4640 2508 4697 viresima
2539 4640 2727 4706 forma,
2761 4640 2849 4694 ubi
2881 4638 3209 4693 centenarias
3245 4646 3295 4692 et
3320 4636 3623 4693 vicenariae
3651 4655 3753 4692 ηι-

2684 4727 2856 4764 merus
2889 4709 3086 4765 inditus
3121 4718 3216 4763 est.

2235 4822 2375 4877 Ecce
2407 4821 2683 4893 sanguinis
2708 4819 2904 4877 Christi
2954 4821 3042 4892 pia
3081 4820 3303 4885 cll'usiu,
3358 4827 3415 4874 et
3437 4820 3584 4875 unda
3625 4820 3757 4883 illa,

2165 4930 2285 4985 quae
2314 4916 2430 4985 ipso
2464 4916 2767 4971 dormiente
2793 4916 2846 4969 in
2879 4931 3040 4972 cruce
3068 4917 3135 4970 de
3165 4914 3334 4970 latere
3372 4914 3493 4983 ejus
3521 4930 3752 4969 emana-

2166 5009 2266 5075 vit,
2294 5009 2515 5063 mnndat
2542 5022 2640 5063 nos
2685 5021 2715 5061 a
2764 5007 3014 5062 sordibus
3040 5007 3270 5072 cunctis,
3299 5005 3429 5075 quia
3477 5005 3594 5075 ipse
3641 5007 3749 5060 Re-

2166 5100 2415 5167 demptor
2446 5105 2620 5152 morte
2643 5112 2738 5151 sua
2756 5080 2923 5152 noxia
2954 5106 3145 5151 cuneta
3178 5111 3209 5150 a
3244 5096 3399 5152 nobis
3423 5095 3579 5159 tulit,
3623 5109 3751 5150 cum

2166 5186 2316 5244 labes
2356 5196 2696 5259 peccatorum
2734 5194 3039 5242 nostrorum
3066 5185 3332 5255 dempsit,
3382 5192 3439 5240 et
3474 5185 3748 5253 chirogra-

2165 5280 2327 5351 phum
2342 5281 2484 5350 quod
2500 5286 2617 5335 erat
2632 5278 2787 5332 nobis
2802 5277 3131 5333 contrarium
3147 5293 3245 5347 per
3257 5276 3567 5346 passionem
3590 5290 3743 5329 suam

2163 5372 2378 5428 delevit.
2419 5370 2709 5427 Laudabile
2739 5369 2933 5439 quippe
2954 5369 3148 5439 dogma
3174 5366 3447 5436 Evangelii
3475 5364 3743 5429 condidit,

2160 5466 2303 5535 quod
2321 5472 2661 5535 peccatorum
2678 5462 2928 5517 tenebras
2953 5460 3144 5532 fugans
3164 5474 3324 5516 omne
3346 5459 3559 5514 facinus
3572 5464 3739 5523 vetat,

2161 5559 2534 5627 idolormnque
2569 5555 2813 5611 culturas
2842 5554 3058 5625 penitus
3086 5553 3337 5621 abnegat.
3380 5550 3537 5619 Quod
3570 5551 3740 5604 vitam

2158 5653 2359 5709 docens
2384 5651 2688 5710 honestam,
2716 5662 2811 5716 per
2832 5647 3090 5701 virtutum
3133 5643 3429 5714 potentiam
3467 5642 3520 5698 in
3548 5639 3742 5711 praedi“-

2159 5743 2435 5801 catorihus
2469 5740 2583 5797 suis
2610 5738 2954 5796 commendat
2974 5735 3244 5794 universis
3271 5734 3373 5791 sub
3394 5733 3538 5789 cutio
3560 5731 3741 5787 natio.
