3970 6464
297 351 408 410 285

1284 351 1374 407 DE
1410 350 1752 409 LAUDIBUS
1786 351 1845 408 S.
1886 350 2155 411 CRUCIS.
2197 385 2268 397 —-
2297 356 2425 413 LIB.
2467 358 2530 414 ll.

3445 375 3552 434 286

298 467 481 523 nibus.
514 464 641 522 Post
671 465 1042 522 ascensionem
1061 480 1276 537 quoque
1305 465 1600 522 Salvatoris
1619 466 1870 537 apostoli,
1898 470 1951 527 Α
1977 466 2055 522 ira
2100 468 2275 524 debita
2317 469 2522 526 solutus
2545 479 2657 539 est,
2679 482 2736 528 et
2758 475 2924 531 vitam
2969 489 3281 551 perpetuam
3310 495 3551 556 portum-

286 559 369 613 .ab
398 558 512 628 ipsa
548 557 789 616 Veritate
838 557 1109 623 instructi,
1143 557 1494 628 pnedicantes
1523 558 1871 627 Evangelium

294 648 558 719 mysteria
582 646 795 703 Veteris
814 646 1145 702 Testamenti
1168 663 1266 718 per
1280 647 1552 704 Christum
1573 649 1795 720 impleta
1817 656 1874 705 et

295 739 569 794 declarata
598 752 718 793 esse
738 739 920 793 testati
945 748 1090 804 sunt,
1120 748 1176 794 et
1203 740 1376 809 ipsum
1409 741 1570 796 ﬁnem
1592 758 1711 799 esse
1737 742 1871 813 legis

295 838 347 884 et
373 831 756 899 prophetarum
785 829 929 885 veris
956 831 1340 887 assertionibus
1362 833 1733 889 ﬁrmaverunt.
1762 834 1870 889 De-

295 923 463 989 nique
486 921 839 976 centesimum
868 921 1181 993 vigesimum
1215 938 1497 978 numerum
1521 924 1575 978 in
1604 933 1762 979 :etate
1789 924 1870 981 le—

293 1013 566 1083 gislatoris
593 1020 647 1069 et
670 1013 723 1068 in
750 1015 978 1069 adventu
1008 1013 1241 1083 Spiritus
1268 1016 1439 1070 sancti
1468 1030 1631 1086 super
1657 1024 1872 1086 aposto-

292 1103 380 1159 los
408 1104 672 1173 insignem
709 1103 867 1159 lauda
918 1105 1097 1159 littera
1125 1146 1141 1171 ,
1197 1107 1490 1161 secundum
1518 1106 1868 1176 signiﬁcatio-

291 1211 422 1250 nem
454 1211 608 1250 suam
647 1204 839 1267 quater
871 1198 1065 1267 posita,
1094 1198 1147 1253 id
1179 1208 1284 1264 est,
1330 1198 1384 1253 in
1421 1199 1600 1255 crucis
1628 1200 1867 1266 modum,

290 1291 541 1347 nobiliter
570 1292 821 1362 complet,
843 1292 1085 1363 pandens
1115 1294 1234 1351 ﬁdei
1271 1302 1607 1352 sacramenta
1647 1303 1703 1351 et
1729 1309 1870 1352 verte

288 1380 643 1437 beatitudinis
669 1383 1045 1439 demonstrans
1066 1385 1422 1456 gautlia,quia
1445 1386 1584 1442 sicut
1618 1402 1716 1457 per
1736 1402 1870 1457 qua-

290 1479 419 1525 tuor
443 1472 788 1528 characteres
833 1472 1001 1528 laudae
1035 1482 1221 1529 sancta
1258 1491 1389 1530 crux
1424 1475 1478 1530 in
1521 1491 1685 1531 unum
1718 1475 1870 1532 colli-

288 1563 370 1633 git
393 1569 607 1617 centum
652 1572 709 1619 et
735 1564 923 1635 viginti
974 1565 1227 1630 unitates,
1260 1566 1334 1620 ita
1383 1565 1618 1636 Spiritus
1646 1574 1869 1621 sanctus

286 1654 582 1709 adveniens
616 1654 669 1709 in
701 1656 889 1710 notitia
934 1658 1175 1712 omnium
1209 1657 1511 1727 linguarum
1547 1659 1869 1714 coadunavit

285 1751 504 1797 centum
547 1754 603 1799 et
626 1745 810 1816 viginti
845 1747 1164 1807 credentes:
1198 1748 1338 1805 unde
1363 1758 1547 1820 aperte
1590 1766 1655 1808 ac
1700 1752 1869 1807 mani-

1975 574 2081 630 que
2116 562 2306 617 salutis
2338 572 2395 621 et
2431 564 2626 634 quietis
2651 575 2866 625 aeternae
2914 570 3139 641 invenit,
3172 585 3296 646 post
3331 582 3552 637 naufra-

1972 652 2116 722 gium
2141 653 2389 710 videlicet
2420 654 2547 710 illud
2577 658 2721 727 quod
2747 660 2953 728 primus
2982 678 3178 733 parens
3225 676 3410 724 noster
3454 686 3552 740 per

1970 744 2465 813 praevaricationem
2486 748 2653 803 divini
2684 752 2938 827 praecepti
2985 769 3148 825 super
3173 774 3274 815 nos
3316 759 3547 818 induxit.

1971 831 2105 887 Nam
2131 835 2255 903 quia
2294 850 2390 905 per
2419 836 2621 908 lignum
2649 841 2874 895 vetitum
2901 857 3050 899 mors
3076 861 3220 901 sceva
3264 854 3436 904 totum
3464 864 3553 921 ge-

1970 938 2072 978 nus
2098 924 2389 980 humanum
2427 927 2706 983 absorbuit
2739 946 2802 986 ac
2840 947 2938 987 suo
2968 932 3092 1003 jure
3120 937 3409 1006 captivavit
3432 979 3447 1003 ,
3490 947 3553 995 ut
3607 1000 3615 1009 ,

1970 1013 2072 1069 hoc
2100 1031 2130 1069 a
2150 1024 2416 1086 potestate
2439 1017 2680 1086 ejusdem
2714 1022 2904 1079 mortis
2928 1025 3180 1096 eriperet,
3202 1027 3550 1099 Redemptori

1969 1116 2155 1165 nostro
2184 1108 2385 1177 placuit
2411 1110 2609 1180 lignum
2643 1122 2842 1169 sancte
2865 1116 3044 1172 crucis
3065 1117 3117 1172 in
3147 1127 3291 1174 terra
3315 1120 3546 1191 erigere,

1968 1207 2232 1267 quatenus
2266 1201 2368 1256 hoc
2394 1204 2537 1272 quod
2567 1218 2666 1272 per
2709 1206 2847 1276 gulm
2894 1223 3090 1263 noxam
3135 1210 3308 1265 hostis
3341 1210 3431 1266 ille
3457 1213 3551 1267 de-
3630 1248 3643 1257 ς

1967 1287 2274 1358 glutiverat,
2303 1292 2525 1361 cuspide
2551 1293 2679 1364 ligni
2717 1296 2895 1353 vitalis
2933 1298 3230 1368 perfossus,
3257 1316 3355 1372 per
3378 1303 3552 1358 conti-

1967 1381 2163 1436 nentiae
2188 1384 2414 1452 gratiam
2443 1396 2715 1442 evomeret
2745 1427 2760 1452 ,
2816 1391 3146 1461 meritasque
3192 1408 3383 1463 poenas
3426 1394 3551 1449 inde

1964 1471 2137 1526 lueret
2164 1475 2303 1543 quod
2329 1485 2519 1531 contra
2547 1493 2708 1533 omne
2747 1478 2838 1548 jus
2860 1489 2921 1535 et
2949 1496 3110 1536 omne
3138 1481 3217 1537 fas
3246 1497 3432 1539 servus
3459 1498 3553 1539 ne-

1965 1565 2257 1633 quissimus
2299 1576 2354 1623 et
2400 1567 2488 1622 fur
2530 1569 2903 1627 dolosissimus
2961 1572 3064 1627 sibi
3107 1573 3442 1629 dominatum
3494 1573 3550 1628 in

1967 1656 2139 1713 alieno
2164 1673 2328 1729 opere
2354 1670 2730 1730 usurpaverat.
2772 1662 2888 1718 Hoc
2913 1671 2967 1719 et
2998 1664 3111 1735 jam
3158 1672 3349 1721 auctor
3388 1665 3551 1720 totius

1967 1756 2249 1815 creaturae,
2286 1757 2342 1804 et
2369 1748 2593 1821 largitor
2616 1752 2843 1808 duorum
2894 1754 3364 1811 Testamentorum
3409 1757 3550 1811 Deus

285 1832 427 1888 festo
453 1836 610 1892 datur
639 1837 860 1908 intelligi
897 1850 1141 1896 sanctam
1166 1818 1593 1899 crucem—veram
1620 1860 1741 1901 esse
1772 1860 1868 1900 ηο-
1898 1818 1942 1877 Β
1971 1840 2221 1895 intimare
2243 1841 2450 1907 volens,
2473 1858 2608 1912 opus
2634 1844 3045 1901 saluberrimum
3073 1856 3275 1903 sanctae
3296 1847 3475 1902 crucis
3495 1855 3552 1903 et

285 1932 462 1979 stram
501 1927 918 1997 redemptionem
942 1968 959 1993 ,
999 1938 1055 1985 et
1082 1931 1137 1985 in
1177 1931 1292 2001 ipsa
1319 1932 1586 1989 veraciter
1624 1942 1866 1990 nostram

284 2017 592 2073 consistere
612 2020 887 2075 unitatem.
918 2021 1180 2093 Percepto
1204 2025 1384 2095 itaque
1408 2026 1550 2082 dono
1574 2026 1628 2080 in
1655 2027 1864 2098 loquela

285 2106 534 2161 omnium
559 2108 880 2179 linguarum,
911 2112 1092 2168 alacer
1119 2124 1295 2170 coetus
1329 2116 1660 2171 credentium
1686 2116 1864 2172 lumen

284 2197 493 2263 sparsit
514 2198 710 2268 ubique
729 2200 1032 2258 divinorum
1063 2194 1517 2267 testimoniorum.
1545 2217 1866 2264 coruscante

282 2286 450 2340 simul
482 2287 780 2359 frequentia
819 2294 1221 2363 miraculorum,
1243 2306 1298 2351 et
1324 2308 1438 2354 rete
1463 2299 1739 2370 Evangelii
1767 2300 1867 2355 mi-

280 2382 359 2430 sit
387 2376 438 2431 in
467 2378 687 2452 pelagus
709 2382 865 2439 istius
898 2387 1106 2452 mundi,
1135 2397 1195 2442 ut
1219 2404 1417 2459 sagena
1449 2390 1662 2444 Domini
1693 2399 1866 2445 retra-

279 2468 441 2523 heret
469 2470 715 2528 homines
768 2474 835 2530 de
890 2476 1255 2546 profunditate
1278 2480 1481 2551 abyssi,
1511 2490 1568 2537 et
1598 2482 1866 2554 congluti-

277 2570 441 2616 naret
491 2563 559 2617 ad
606 2565 936 2623 soliditatem
974 2568 1240 2627 Dominici
1267 2572 1480 2639 vexilli;
1531 2582 1698 2643 utque
1738 2575 1865 2631 insi-

277 2652 407 2719 gnia
436 2654 613 2709 crucis
640 2655 838 2712 Christi
878 2659 1127 2715 omnibus
1159 2669 1396 2731 pateant,
1427 2664 1695 2733 quomodo
1725 2665 1863 2719 dona

277 2746 583 2815 spiritualia
610 2752 912 2822 quibusque
954 2757 1235 2827 consignet
1270 2758 1538 2823 ﬁdelibus,
1566 2769 1624 2817 et
1643 2749 1863 2832 praemia

277 2854 403 2907 qum
434 2840 746 2899 incarnatus
784 2844 1031 2901 Salvator
1054 2848 1161 2905 illis
1200 2851 1470 2920 promisit,
1496 2852 1609 2921 ipsa
1637 2853 1865 2908 ﬁdeliter

275 2945 376 2984 eos
403 2932 682 3001 percipere
713 2935 762 2989 in
804 2937 957 2993 caelis
988 2938 1169 3005 faciat,
1203 2957 1323 3011 quae
1359 2942 1612 2999 videlicet
1640 2945 1860 3014 praemia

278 3021 336 3075 in
364 3031 523 3077 auctu
551 3027 844 3083 secundum
896 3031 1211 3086 meritorum
1256 3034 1568 3103 qualitatem
1607 3045 1733 3091 sunt
1772 3054 1865 3108 po-

275 3111 408 3178 sita,
444 3121 500 3167 et
531 3129 759 3183 sponsor
809 3134 969 3174 verus
1011 3121 1257 3178 Christus
1297 3124 1467 3181 Filius
1521 3126 1706 3196 utique
1731 3128 1858 3193 Dei,

275 3202 444 3257 simul
473 3220 593 3259 cum
621 3206 782 3263 Patre
816 3210 924 3264 Deo
948 3220 1002 3266 et
1030 3211 1233 3282 Spiritu
1277 3226 1468 3273 sancto
1498 3259 1514 3284 ,
1556 3217 1861 3290 quibusque

276 3293 459 3363 dignis
485 3297 801 3368 multiplicia
833 3301 886 3356 in
910 3306 1158 3372 supernis
1188 3317 1371 3362 servat
1393 3320 1447 3364 et
1477 3311 1744 3368 veraciter
1762 3313 1859 3368 do—

275 3394 377 3438 nat
405 3385 517 3442 Rex
536 3391 733 3460 regum
765 3392 818 3446 in
845 3404 1106 3452 :cternum
1134 3413 1384 3469 regnans,
1410 3408 1465 3456 et
1483 3403 1664 3458 omnia
1694 3420 1861 3476 regna

274 3476 483 3533 ditione
506 3482 721 3550 propria
748 3484 1075 3553 gubernans,
1107 3490 1199 3559 qui
1244 3489 1466 3547 dederat
1501 3493 1656 3550 nobis
1687 3494 1861 3565 Spiri-

272 3576 393 3624 tum
445 3574 775 3640 paracletnm
797 3617 812 3641 ,
867 3579 1059 3651 pignus
1097 3582 1285 3638 salutis
1314 3592 1369 3639 et
1406 3585 1734 3644 barreditatis
1764 3604 1861 3644 no-

270 3667 427 3728 strzn,
462 3674 523 3717 ut
555 3678 654 3718 nos
678 3668 971 3722 secundum
997 3670 1323 3728 voluntatem
1351 3688 1502 3730 suam
1531 3692 1722 3748 regens
1748 3695 1863 3735 ser-

268 3759 390 3815 vet,
413 3754 766 3824 quoadusque
785 3767 1010 3816 ovantes
1028 3763 1217 3831 gaudia
1244 3765 1369 3820 vita:
1408 3766 1573 3823 faciat
1610 3769 1855 3827 introire.

272 3841 504 3897 Psallite
553 3845 720 3900 vitam
759 3847 975 3915 devote,
1002 3850 1137 3906 bene
1183 3854 1395 3923 psallite
1444 3857 1672 3913 Domino
1703 3859 1859 3915 Chri-

271 3942 363 3986 sto
391 3942 584 4001 gentes
608 3951 818 4003 omnes,
854 3940 1026 3996 tribus
1053 3953 1111 3996 ct
1139 3942 1330 4014 lingua;
1377 3947 1662 4014 universae,
1694 3959 1750 4005 et
1776 3965 1861 4006 co—

271 4023 517 4091 gnoscite
546 4040 730 4081 verum
758 4043 939 4099 regem
986 4041 1253 4107 vestrum,
1280 4037 1597 4106 sapientiam
1618 4048 1673 4095 et
1692 4040 1860 4095 virtu-

274 4121 391 4167 tem
418 4113 512 4170 Dei
535 4115 732 4185 Patris,
773 4119 927 4187 cujus
948 4126 1188 4191 potentia
1211 4142 1359 4183 mors
1390 4129 1530 4185 victa
1550 4132 1855 4198 succubuit,

272 4215 331 4261 et
366 4211 624 4265 memoria
655 4215 845 4270 mortis
870 4215 1042 4272 deleta
1068 4226 1173 4276 est.
1196 4220 1437 4276 omnium
1460 4238 1639 4279 rerum
1666 4240 1859 4294 paren-

273 4307 387 4354 tem
418 4296 597 4357 Jesum
626 4307 955 4374 cognoscite.
999 4307 1125 4364 Haec
1160 4309 1277 4366 laus
1303 4352 1317 4377 ,
1372 4314 1496 4382 quia
1538 4328 1603 4369 ex
1642 4332 1770 4373 vero
1803 4327 1858 4373 et

272 4391 504 4460 probato
530 4394 735 4462 prolata
766 4405 848 4451 est
881 4399 1144 4467 germine,
1182 4402 1342 4457 ﬁnem
1379 4411 1434 4457 et
1469 4404 1856 4474 perfectionem

1967 1945 2064 1999 per
2082 1930 2251 2000 legem
2282 1932 2568 2001 praadixit,
2614 1942 2669 1989 et
2719 1951 2818 2005 per
2840 1938 3130 2006 prophetas
3180 1938 3457 2007 promisit,
3494 1948 3552 1993 et

1964 2034 2063 2089 per
2101 2020 2448 2091 Evangelium
2483 2038 2637 2078 suum
2664 2040 2724 2079 se
2768 2026 3066 2095 complesse
3106 2027 3323 2094 fatetur,
3350 2038 3410 2083 ut
3456 2029 3550 2084 ho-

1965 2107 2140 2163 mines
2169 2118 2469 2164 creatorem
2495 2125 2651 2165 suum
2685 2125 3156 2195 recognoscat/ent,
3192 2116 3550 2188 redemptori-

1965 2215 2071 2269 que
2091 2215 2190 2254 suo
2215 2202 2416 2271 gratias
2447 2211 2689 2272 agerent.
2737 2203 2979 2276 Denique
3002 2215 3193 2263 sancta
3224 2215 3387 2279 atque
3427 2223 3548 2263 ma-

1964 2290 2160 2362 gniﬁca
2203 2306 2335 2347 crux
2380 2292 2505 2350 hinc
2553 2308 2613 2351 se
2648 2302 2813 2350 totam
2856 2311 3047 2352 serena
3109 2296 3227 2352 luce
3264 2311 3549 2352 coruscam

1964 2382 2224 2447 ostendit,
2249 2397 2414 2453 seque
2437 2384 2579 2439 viam
2607 2393 2767 2455 atque
2795 2386 2982 2442 ducem
3014 2387 3081 2441 ad
3131 2394 3442 2457 perpetuam
3469 2386 3523 2440 vi

1965 2480 2077 2525 tam
2112 2472 2265 2528 nobis
2287 2488 2406 2528 esse
2437 2475 2803 2541 demonstrat;
2857 2476 3081 2546 ideoque
3108 2477 3274 2532 radiis
3306 2477 3420 2531 suis
3449 2476 3551 2531 mi-

1963 2577 2096 2618 cans
2124 2562 2350 2632 lampas,
2380 2564 2515 2620 lucis
2547 2573 2765 2620 :eternar
2791 2581 2978 2621 omnes
2999 2574 3184 2637 gentes
3215 2581 3279 2620 ac
3322 2563 3550 2634 populos

1965 2653 2030 2708 ad
2067 2654 2308 2710 coelestia
2337 2669 2502 2726 regna
2530 2664 2806 2725 provocat,
2834 2657 2899 2710 ab
2927 2658 3187 2725 hosteque
3235 2656 3550 2711 misericor-

1964 2743 2106 2798 diter
2140 2751 2323 2799 erutos
2350 2745 2683 2814 pronuntiat,
2707 2746 2891 2814 sicque
2918 2762 3061 2800 nunc
3102 2747 3155 2800 in
3197 2754 3355 2801 nocte
3395 2745 3553 2800 istius

1965 2835 2148 2889 mundi
2178 2836 2382 2905 positos
2430 2851 2525 2890 sua
2565 2836 2921 2891 illustratione
2950 2836 3187 2891 lmtiﬁcat
3217 2844 3378 2904 atque
3424 2835 3552 2889 hinc

1964 2926 2030 2980 ad
2058 2926 2165 2980 alta
2201 2922 2464 2981 caelorum
2511 2927 2647 2982 bene
2694 2928 2918 2983 meritos
2967 2925 3308 2997 postmodum
3350 2925 3546 2981 elevat.

1963 3013 2073 3070 Nec
2096 3030 2224 3087 ergo
2256 3017 2550 3071 verendum
2595 3026 2678 3071 est
2721 3017 2861 3086 quod
2911 3017 3017 3071 ulla
3059 3016 3271 3070 fallacia
3316 3014 3549 3084 aliquem

1964 3106 2215 3176 decipiat,
2243 3108 2357 3170 sed,
2385 3107 2631 3177 principe
2669 3108 2828 3177 hujus
2866 3108 3048 3161 mundi
3088 3107 3218 3162 foris
3244 3105 3434 3174 ejecto,
3459 3120 3551 3160 ve-

1886 3172 1932 3235 C
1965 3172 2164 3253 raciter
2188 3214 2314 3254 vera
2343 3172 2535 3253 victrix
2565 3172 2772 3270 regnat.
2804 3199 2941 3254 llinc
2966 3215 3176 3271 quoque
3204 3208 3288 3254 est
3314 3198 3457 3269 quod
3492 3196 3549 3253 in

1959 3292 2341 3362 praulicatione
2392 3293 2649 3363 potentiae
2694 3300 2749 3348 et
2786 3292 3166 3348 dominationis
3212 3290 3329 3361 ejus
3376 3291 3549 3346 sancti

1959 3382 2344 3452 praedicatores
2384 3382 2659 3439 miraculis
2704 3392 3013 3446 coruscant,
3042 3392 3321 3451 totumque
3360 3382 3549 3436 orbem

1961 3476 2062 3533 sibi
2085 3477 2411 3546 subjiciant,
2464 3477 2877 3547 redemptosque
2926 3490 3023 3547 per
3071 3475 3275 3531 Christi
3317 3474 3548 3545 gratiam

1961 3572 2182 3628 devotos
2215 3570 2398 3635 corde,
2424 3560 2663 3639 placidos
2694 3569 2954 3633 moribus,
2982 3575 3295 3622 mansuetos
3334 3564 3546 3635 patien-
3644 3618 3649 3623 .

1961 3664 2075 3730 tia,
2124 3640 2548 3733 tranquillusque
2601 3660 3014 3715 conversatione
3055 3658 3359 3728 perﬁciant.
3406 3655 3549 3711 Ecce

1960 3763 2093 3826 quot
2120 3754 2311 3826 linguae
2360 3760 2487 3808 sunt
2518 3752 2796 3807 nationum
2849 3752 2902 3805 in
2949 3750 3363 3821 scptuagenario
3390 3757 3446 3803 et
3472 3748 3548 3802 bi-

1960 3846 2117 3901 nario
2146 3859 2369 3899 numero
2413 3858 2546 3897 crux
2588 3851 2773 3896 sancta
2821 3840 3123 3909 cxcmplata
3180 3839 3546 3901 demonstrat,

1958 3934 2315 4002 omnibusque
2352 3931 2603 4003 gentibus
2626 3948 2722 4001 per
2750 3932 2850 3986 hoc
2884 3930 3019 3985 lucis
3037 3936 3245 3999 portam
3276 3934 3547 3998 patentem

1959 4022 2246 4092 signiﬁcat,
2275 4023 2484 4091 hocque
2513 4037 2610 4091 per
2643 4020 2983 4091 septuaginta
3016 4027 3072 4075 et
3098 4018 3205 4072 duo
3252 4009 3549 4087 discipulos

1961 4113 2211 4169 Salvator
2246 4112 2359 4183 ipse
2396 4112 2688 4182 praedicare
2729 4108 2985 4178 jusserat,
3015 4116 3432 4176 sanctorumque
3458 4120 3548 4159 ar-

1959 4207 2342 4278 changelorum
2374 4205 2645 4261 consortia
2681 4210 2803 4274 post
2848 4200 3300 4258 resurrectionem
3328 4213 3552 4271 genera-

1958 4300 2063 4355 lem
2094 4301 2149 4354 in
2175 4299 2328 4355 etnlis
2365 4297 2725 4368 promiserat,
2768 4294 2909 4364 quod
2936 4293 3098 4348 etiam
3125 4292 3240 4361 ipse
3290 4305 3552 4345 numerus

1958 4394 2224 4465 designat.
2242 4391 2566 4447 Octonarius
2593 4404 2826 4459 namque
2851 4402 3108 4443 numerus
3122 4393 3179 4443 et
3201 4384 3548 4449 novenarius,

272 4481 443 4536 habet
465 4490 719 4538 anei-nam
766 4488 1028 4556 requiem,
1060 4489 1165 4546 ιςιθ
1208 4494 1355 4547 enim
1401 4505 1609 4551 ηεηηι-τη
1655 4507 1855 4555 ηοειηρ
1882 4523 1934 4583 D
1959 4484 2015 4538 in
2038 4498 2097 4537 se
2119 4481 2476 4552 multiplicati,
2502 4478 2971 4550 septuagenarium
2988 4476 3325 4532 etbinarium
3338 4480 3547 4537 creant,

270 4572 480 4629 inditus
512 4586 596 4631 est
625 4578 776 4643 ordo,
836 4588 879 4634 rt
919 4581 1119 4638 indicta
1148 4601 1273 4641 cum
1320 4591 1621 4645 reverentia
1651 4604 1706 4647 et
1756 4601 1863 4650 tre-

269 4680 430 4721 more
460 4674 659 4734 servet,
699 4676 754 4725 et
798 4670 853 4726 in
882 4670 1065 4729 futuro
1114 4685 1430 4745 perpetuam
1476 4686 1861 4741 remuneratio-

1964 4589 2193 4643 quorum
2219 4572 2531 4628 octonarius
2575 4570 2641 4625 ad
2679 4568 3087 4624 resurrectionis
3115 4576 3348 4636 tempus,
3386 4579 3552 4619 nove-

1964 4665 2150 4719 narins
2170 4678 2297 4717 vero
2337 4662 2403 4715 ad
2442 4675 2633 4716 novem
2658 4660 2877 4717 ordines
2904 4657 3213 4728 angelorum
3242 4661 3548 4724 respectat;

272 4773 400 4812 nem
428 4768 722 4828 εχερρριει,
751 4761 880 4819 nam
901 4743 1224 4835 αυοιιυοίεεί
1242 4768 1411 4838 gloria
1435 4780 1642 4840 nostra,
1667 4776 1782 4833 huc
1805 4787 1863 4835 ει
1963 4757 2151 4825 sicque
2179 4753 2441 4809 catholica
2472 4752 2607 4806 ﬁdes
2637 4758 2778 4805 tenet
2808 4747 3029 4840 quodin
3068 4745 3175 4801 ﬁne
3215 4743 3421 4840 mundi,
3446 4744 3551 4798 hoc

272 4850 472 4914 virtus,
499 4851 615 4909 haec
642 4868 770 4909 vera
809 4855 1075 4913 stabilitas
1103 4858 1298 4929 quietis
1342 4877 1564 4918 summae
1584 4906 1599 4929 ,
1651 4866 1861 4939 isteque

264 4942 394 5014 jura
424 4945 698 5017 religionis
723 4947 860 5003 bene
909 4958 1119 5017 servat,
1146 4961 1201 5006 et
1227 4954 1331 5007 rite
1358 4953 1587 5010 arbitrio
1627 4973 1725 5013 suo
1755 4963 1859 5016 uti-

272 5049 391 5103 tur,
416 5041 509 5110 qui
540 5042 678 5096 bona
714 5058 921 5099 summa
948 5060 1059 5115 prae
1084 5046 1333 5103 omnibus
1353 5052 1559 5120 appetit
1596 5061 1652 5107 ct
1685 5053 1857 5109 media

272 5132 677 5191 rationabiliter
704 5137 864 5208 regit.

864 5292 1090 5349 CAPUT
1129 5291 1270 5349 XXI.

272 5411 358 5465 De
384 5407 628 5488 vicesima
664 5407 833 5488 prima
872 5407 1076 5477 ﬁgura,
1127 5408 1182 5461 in
1203 5425 1307 5478 qua
1351 5411 1779 5488 septuagenarius
1811 5423 1860 5466 et

545 5479 780 5532 binarius
815 5493 1060 5532 numerus
1086 5489 1161 5533 est
1184 5479 1604 5549 comprehensus.

1962 4858 2065 4915 est,
2089 4850 2141 4902 in
2172 4854 2363 4900 octava
2393 4852 2551 4899 aetate
2571 4841 2782 4907 saeculi,
2812 4838 2984 4896 sancti
3020 4841 3357 4908 resurgentes
3384 4834 3437 4889 in
3461 4848 3547 4889 s0-

1961 4943 2212 4998 cieiatcm
2226 4945 2498 4994 transeant
2516 4934 2847 5006 angelorum.
2866 4931 3057 4988 Omnia
3071 4942 3304 4998 namque
3324 4931 3550 4995 peccata

1962 5038 2145 5094 mundi
2173 5034 2419 5091 Christus
2447 5033 2500 5088 in
2536 5029 2802 5102 passionis
2824 5043 2934 5084 suae
2973 5026 3165 5081 ardore
3193 5017 3548 5088 consumpsit,

1960 5128 2176 5201 quando
2201 5142 2265 5182 ex
2292 5135 2445 5196 parte
2472 5125 2654 5181 carnis
2701 5122 2754 5176 in
2796 5119 2909 5193 ipsa
2943 5126 3171 5174 mortem
3201 5110 3459 5184 gustavit,
3484 5123 3549 5164 ac

1961 5238 2060 5293 per
2088 5221 2382 5292 potentiam
2410 5218 2702 5272 divinitatis
2726 5230 2837 5271 suae
2863 5214 3062 5270 electos
3088 5225 3215 5265 suos
3241 5209 3309 5263 ab
3354 5204 3547 5260 inferni

1964 5330 2181 5371 carcere
2224 5314 2501 5377 liberavit,
2533 5320 2589 5366 ct
2633 5307 2944 5364 sobrietatis
2971 5321 3036 5361 ac
3060 5303 3180 5359 ﬁdei
3230 5302 3409 5358 lumen
3451 5313 3551 5368 per

1964 5407 2233 5477 apostolos
2283 5421 2411 5461 suos
2446 5404 2625 5476 g-neri
2679 5404 2915 5458 humano
2946 5396 3230 5469 praedicari
3265 5392 3447 5463 jussit,
3474 5388 3548 5443 le-

1962 5515 2082 5572 gem
2106 5500 2356 5556 videlicet
2379 5515 2531 5554 suam
2563 5505 2799 5552 veterem
2827 5505 2881 5550 et
2909 5510 3128 5556 novam,
3151 5506 3316 5563 quam
3347 5490 3399 5542 in
3423 5487 3545 5549 hoc,

352 5591 497 5662 Ergo
521 5589 604 5645 lex
630 5589 841 5645 Domini
863 5604 994 5644 vera
1016 5596 1070 5644 et
1099 5589 1607 5659 irreprchcnsibilis,
1630 5592 1859 5648 duorum
1962 5592 2105 5663 quod
2144 5599 2345 5646 sancta:
2364 5590 2544 5646 crucis
2566 5588 2750 5659 ﬁgurae
2793 5585 3059 5656 congruit,
3084 5584 3200 5639 leve
3228 5595 3364 5637 onus
3385 5586 3548 5645 atque

274 5681 755 5737 Testamentorum
776 5680 929 5735 libris
958 5680 1282 5749 conscripta,
1307 5681 1360 5734 in
1387 5680 1608 5751 ﬁguram
1660 5692 1863 5739 sanctae
1959 5682 2147 5765 iugum
2168 5695 2332 5737 suave
2357 5694 2496 5741 esse,
2525 5686 2577 5733 et
2600 5677 2666 5732 ad
2697 5675 2866 5731 etelos
2891 5674 3119 5731 ducendi
3150 5672 3399 5727 idoneum
3432 5679 3548 5722 om-

275 5777 461 5836 crucis
494 5776 740 5847 ponenda
769 5782 872 5843 est,
912 5788 1197 5846 perquam
1221 5785 1275 5830 et
1306 5773 1455 5831 orbis
1497 5782 1760 5831 terraruzn
1793 5777 1862 5832 ab
1961 5774 2121 5832 nibus
2148 5771 2492 5830 credentibus
2517 5769 2616 5825 sibi
2654 5766 3063 5825 demonstravit.
3158 5802 3163 5807 ι
