3970 6456
459 355 496 411 2
509 353 575 412 87

1044 453 1270 511 CAPUT
1312 452 1475 508 XXII.

462 554 540 609 Dc
569 553 809 609 vice-sima
854 547 1102 670 seruuer
1133 547 1304 616 ﬁgura
1333 583 1347 607 ,
1398 544 1455 597 in
1497 556 1601 614 qua
1650 554 2048 608 utonogmmma

1105 627 1327 670 emctum
1353 624 1449 667 est.

1105 627 1327 686 eptctunt
1353 624 1449 667 est.

533 734 784 791 Christus
807 731 898 802 qui
946 737 1030 784 est
1061 742 1221 782 verus
1259 726 1568 795 redemptor
1598 730 1812 786 uoster,
1859 721 1912 776 in
1942 736 2051 791 quo

461 834 546 880 est
567 839 727 879 οιιιιιε
760 820 1085 877 desiderium
1111 826 1376 880 nostrum,
1403 816 1496 886 qui
1521 830 1616 886 per
1652 814 1880 886 gratiam
1898 828 2051 867 suam

450 916 567 970 hoc
589 929 724 985 opus
751 928 836 967 me
868 913 1046 965 facere
1093 908 1283 973 voluit,
1313 922 1348 961 ο
1373 908 1580 961 utinam
1613 906 1729 977 ipse
1754 904 1955 958 laboris
1990 903 2053 957 ﬁ-

463 1021 571 1069 nis,
597 1005 818 1075 ipseque
852 1002 983 1056 mihi
1013 1001 1083 1055 sit
1109 999 1339 1070 pretium
1380 996 1642 1052 carminis
1668 1037 1683 1062 ,
1733 996 1821 1051 cui
1873 994 2054 1049 onmia

462 1094 603 1148 bona
629 1093 867 1164 placent,
897 1092 1023 1161 quia
1069 1090 1186 1160 ipse
1225 1088 1469 1144 omnium
1498 1086 1722 1157 largitor
1776 1094 1860 1142 est
1888 1087 2059 1142 bono-

465 1200 583 1239 rum
611 1186 626 1239 !
656 1183 756 1240 llic
781 1199 913 1253 ergo
960 1185 1207 1238 hortatur
1236 1180 1468 1235 invitans
1493 1194 1682 1234 omnes
1713 1178 1780 1232 ad
1813 1178 2057 1233 coelestia

462 1273 627 1339 dona,
648 1273 983 1344 spondetque
999 1273 1112 1326 hate
1128 1270 1283 1324 facile
1310 1269 1603 1339 impetrare
1628 1282 1807 1338 posse,
1829 1268 1873 1322 si
1908 1281 2059 1337 spre-

467 1366 538 1419 tis
567 1367 778 1421 cunctis
806 1364 1193 1436 cupiditatibus
1244 1362 1400 1417 istius
1442 1361 1663 1426 mundi,
1714 1376 1813 1432 per
1863 1359 2058 1425 ﬁdem,

466 1472 620 1525 spem
660 1465 715 1511 ct
742 1457 1062 1510 charitatem
1103 1454 1226 1525 quis
1247 1468 1313 1508 ea
1338 1453 1497 1523 digne
1542 1453 1874 1521 quaesiverit.
1932 1452 2060 1507 llzec

466 1547 686 1616 quidem
715 1547 853 1602 dona
894 1547 1007 1618 ipse
1044 1547 1098 1601 in
1126 1547 1271 1601 hunc
1294 1543 1559 1598 mundum
1581 1543 1825 1608 veniens,
1855 1553 1909 1598 et
1938 1558 2059 1598 car-

468 1637 647 1692 nalem
676 1653 916 1693 amorem
949 1637 1135 1709 gladio
1164 1637 1266 1707 piae
1309 1638 1666 1707 separationis
1709 1636 2059 1702 interﬁciens,

467 1743 565 1798 per
596 1728 876 1799 Evangelii
911 1730 992 1784 sui
1025 1729 1410 1799 praedicatores
1436 1728 1825 1792 seminaverat,
1853 1734 1909 1781 et
1950 1725 2064 1779 fru-

1123 345 1184 401 D.
1227 341 1483 399 RABANI
1518 337 1737 408 MADRI
1780 335 2097 393 ARCHIEP.
2140 334 2451 393 MOGUNT.
2491 332 2781 391 OPERUM
2819 333 3000 390 PARS
3038 334 3079 390 Ι.

3635 338 3747 394 288

2075 459 2123 517 Α
2151 446 2347 503 ritibus
2373 447 2631 516 angelicis
2671 446 2726 502 in
2751 447 2872 503 luce
2899 445 3122 517 perenni
3163 446 3473 518 perfruetur
3500 467 3513 501 ε
3555 449 3751 506 laudes

2149 539 2427 610 psallendo
2446 538 2683 605 Christo,
2714 539 2986 595 canticum
3018 539 3204 609 utique
3255 555 3454 595 novum
3509 542 3750 598 Domino

2150 631 2422 687 cantando
2452 632 2504 686 in
2532 630 2773 687 Ecclesia
2798 640 3108 687 sanctorum
3138 673 3153 697 ,
3199 631 3253 687 in
3279 647 3387 701 quo
3433 633 3624 687 studio
3650 648 3749 702 po-

2152 731 2265 779 stea
2289 739 2563 793 nunquam
2592 722 2889 780 lassescere
2925 724 3116 789 nescit,
3143 724 3269 794 quia
3314 723 3397 780 sic
3422 739 3600 798 regna
3622 723 3749 780 cudi

2153 815 2353 872 habere
2376 816 2761 888 perpetualiter
2785 817 3005 887 appetit.

2713 927 2942 985 CAPUT
2982 928 3169 984 XXIII.

2157 1018 2234 1075 De
2255 1021 2499 1075 vicesima
2538 1021 2693 1102 tertia
2724 1021 2929 1090 ﬁgura,
2979 1020 3035 1073 in
3077 1038 3182 1102 qua
3211 1021 3509 1077 vicenariae
3534 1031 3587 1077 et
3618 1040 3754 1094 qua.

2465 1101 2728 1146 ternarias
2760 1107 3007 1144 numerus
3031 1101 3312 1147 adnotatas
3335 1102 3431 1147 est.

2230 1183 2310 1238 En
2340 1184 2538 1240 nobilis
2592 1184 2681 1239 hic
2726 1184 2891 1240 micat
2929 1183 3046 1252 ﬂos,
3094 1194 3151 1241 et
3189 1186 3302 1241 veri
3327 1188 3491 1258 regis,
3532 1187 3645 1243 hoc
3672 1198 3755 1243 est

2157 1272 2283 1329 Iesu
2314 1274 2557 1340 Christi,
2599 1274 2818 1331 nomine
2858 1276 3058 1346 pictus,
3109 1293 3277 1348 quem
3318 1276 3492 1342 ﬁgura
3543 1290 3753 1334 sanctae

2158 1364 2337 1420 crucis
2368 1363 2624 1420 cornibus
2671 1367 2784 1420 suis
2825 1368 3168 1436 exemplatur
3211 1367 3331 1423 laeta
3368 1367 3517 1424 facta
3545 1368 3754 1426 Christi

2161 1455 2605 1510 demonstrando.
2653 1454 2914 1513 Senarius
2948 1472 3079 1529 ergo
3121 1473 3377 1514 numerus
3400 1502 3415 1525 ,
3460 1474 3636 1529 quem
3662 1474 3756 1527 per

2162 1546 2370 1616 singula
2409 1562 2612 1602 cornua
2646 1555 2803 1602 terno
2843 1562 3003 1604 versu
3042 1549 3357 1618 dispositum
3389 1558 3584 1605 sancta
3621 1564 3757 1604 crux

2163 1643 2334 1700 notat,
2363 1635 2750 1705 perfectionem
2789 1638 3059 1706 passionis
3094 1636 3298 1693 Christi
3328 1647 3647 1707 nostraeque
3679 1653 3759 1692 re-

2165 1726 2490 1797 demptionis
2525 1728 2775 1799 designat
2811 1746 2825 1781 :
2867 1729 2991 1798 quia
3022 1730 3164 1783 sicut
3189 1729 3241 1783 in
3268 1729 3489 1784 senario
3521 1742 3758 1782 numero

466 1828 614 1873 ctmn
645 1818 1051 1889 pacatissimam
1098 1819 1153 1873 in
1186 1834 1319 1889 agro
1360 1832 1460 1872 suo
1487 1818 1908 1887 conquisiverat.
1952 1815 2065 1871 Hoc
2094 1812 2142 1871 B
2169 1820 2355 1875 mundi
2387 1830 2638 1877 creatura
2665 1818 2907 1890 perfecta
2949 1820 3302 1891 signiﬁcatur,
3345 1820 3419 1873 ita
3456 1827 3517 1875 et
3538 1819 3760 1874 senario

464 1911 681 1980 quidem
710 1926 924 1981 semper
959 1911 1195 1981 optimus
1232 1912 1493 1983 magister
1537 1911 1737 1975 docuit,
1765 1918 1954 1965 vetans
1996 1925 2065 1966 nc

390 2042 399 2047 -
466 2003 532 2056 ad
560 2002 665 2056 ima
701 2010 755 2057 et
775 2003 1033 2073 proclivia
1057 2017 1115 2057 se
1140 2011 1435 2066 verterent,
1467 2003 1559 2057 sed
1595 2002 1767 2070 magis
1793 2003 1858 2055 ad
1889 2003 2060 2056 ardua

469 2107 527 2146 se
549 2092 841 2162 erigerent,
880 2101 1042 2163 atque
1072 2091 1346 2147 intellecto
1371 2091 1662 2165 Evangelio
1689 2107 1788 2146 suo
1821 2091 2067 2145 inolitam

468 2181 729 2237 saevitiam
768 2198 978 2237 morum
1023 2181 1375 2254 deponerent,
1407 2191 1462 2237 et
1493 2183 1654 2237 mites
1703 2197 1769 2238 ac
1798 2183 2067 2238 mansueti

466 2288 589 2328 esse
609 2273 899 2340 discerent,
928 2282 1196 2344 quatenus
1246 2274 1299 2329 in
1355 2274 1593 2330 secundo
1645 2288 1743 2329 suo
1796 2274 2064 2339 adventu,

467 2380 591 2421 cum
633 2365 913 2420 advenerit
940 2366 992 2420 in
1024 2366 1193 2437 gloria
1217 2366 1395 2421 Patris
1437 2366 1545 2432 sui,
1577 2381 1701 2422 cum
1730 2365 1936 2436 angelis
1956 2366 2069 2422 suis

455 2458 703 2513 reddere
724 2459 1012 2530 unicuique
1025 2462 1320 2516 secundum
1344 2476 1508 2532 opera
1530 2478 1648 2529 sua,
1671 2461 1803 2516 tales
1830 2460 2070 2516 inveniat

466 2548 663 2617 quibus
689 2556 907 2619 propter
942 2550 1133 2604 merita
1164 2551 1304 2604 lzona
1355 2560 1560 2606 mterua
1612 2550 1800 2606 reddat
1827 2559 1883 2607 et
1929 2565 2069 2621 prte-

467 2642 599 2697 mia.
630 2643 736 2698 Iste
764 2644 979 2715 quidem
1016 2661 1296 2711 numerus,
1326 2661 1486 2715 quem
1538 2645 1593 2700 in
1624 2644 1819 2701 litteris
1861 2644 2067 2702 Graecis

467 2737 574 2792 hoc
601 2754 1007 2809 monogramma
1041 2740 1256 2812 ﬁgurat,
1288 2740 1496 2796 Domini
1531 2742 1827 2799 Salvatoris
1854 2754 2061 2799 utrum-

465 2843 574 2897 que
602 2828 871 2899 signiﬁcat
897 2829 1205 2896 adventum,
1224 2832 1325 2886 hoc
1343 2841 1447 2897 est,
1466 2832 1629 2894 illum,
1647 2833 1861 2903 quando
1876 2835 2067 2889 huma-

468 2928 629 2976 natus
669 2923 970 2994 principem
998 2924 1164 2995 hujus
1216 2928 1400 2981 mundi
1440 2928 1585 2984 foras
1614 2929 1794 2999 ejecit,
1827 2939 1949 3002 post
1974 2932 2070 2987 ba-

468 3011 667 3081 ptisma
700 3014 907 3068 scilicet
942 3030 1096 3070 suum
1118 3058 1132 3081 ,
1184 3018 1487 3085 prtedicaus
1515 3019 1863 3091 Evangelium
1893 3022 2065 3093 regni,

468 3107 524 3153 et
560 3116 759 3158 sanans
785 3118 1002 3159 omnem
1033 3105 1345 3178 languorem
1373 3118 1661 3166 etonmem
1694 3113 2064 3170 inﬁrmitatem

470 3190 528 3245 in
563 3192 792 3262 populo;
822 3203 877 3249 et
902 3195 1074 3263 illum,
1097 3197 1311 3268 quando
1332 3200 1471 3255 idem
1494 3200 1675 3270 justus
1718 3202 1882 3271 judcx
1906 3205 2069 3260 homo

472 3279 721 3338 Christus
745 3283 923 3352 Jesus,
957 3286 1025 3342 de
1054 3288 1189 3343 solio
1223 3289 1315 3345 Dei
1347 3290 1526 3347 Patris
1574 3292 1626 3347 in
1664 3292 1818 3362 jussu
1844 3304 1901 3350 et
1935 3310 2068 3352 voce

470 3373 802 3445 archangeli,
834 3378 970 3432 etin
1012 3379 1139 3433 tuba
1178 3380 1273 3436 Dei
1307 3380 1604 3449 descendit,
1645 3393 1701 3439 et
1728 3386 1949 3451 mortui,
1976 3388 2068 3458 qui

472 3461 527 3516 in
560 3462 775 3519 Christo
819 3476 980 3533 sunt,
1025 3479 1309 3542 resurgent
1357 3471 1424 3527 ad
1473 3471 1730 3543 gloriam,
1770 3476 2067 3531 secundum

472 3556 805 3622 praeconium
831 3560 1003 3613 sancti
1032 3560 1305 3632 Evangelii
1336 3571 1391 3619 et
1437 3580 1600 3620 voces
1644 3568 2031 3635 prophetarum
2050 3609 2066 3633 ,

472 3656 593 3712 qu:e
626 3653 894 3702 testantur
929 3659 1143 3705 sanctos
1196 3652 1289 3707 Dei
1327 3653 1542 3711 visuros
1583 3656 1725 3711 bona
1756 3657 1969 3712 Domini
2014 3660 2068 3713 in

472 3742 619 3790 terra
647 3738 961 3806 viventium,
991 3744 1208 3812 quando
1246 3745 1465 3800 venient
1492 3755 1548 3801 et
1576 3749 1911 3817 apparebunt
1943 3759 2070 3806 ante

474 3827 667 3882 facient
714 3829 828 3885 Dei.
861 3833 960 3899 Qui
987 3849 1120 3905 ergo
1146 3836 1273 3890 boni
1305 3837 1485 3892 meriti
1514 3847 1661 3903 sunt,
1688 3848 1817 3895 tunc
1846 3851 2067 3912 accepta

475 3918 677 3972 talenta
701 3935 825 3975 cum
856 3921 1007 3978 lucro
1033 3934 1313 3995 reportant
1334 3927 1401 3981 ad
1425 3927 1728 3995 Dominum,
1751 3938 1806 3986 et
1828 3932 1896 3989 ab
1919 3933 2069 3988 omni

474 4006 595 4061 lahe
621 4020 969 4076 peccatorum
998 4016 1239 4071 mundati
1272 4016 1544 4090 (laverunt
1563 4020 1708 4074 enim
1735 4022 1901 4077 stolas
1942 4039 2069 4079 suas

473 4104 529 4149 et
553 4097 811 4155 candidas
835 4117 925 4157 eas
956 4102 1203 4159 fecerunt
1232 4106 1285 4161 in
1332 4108 1595 4177 sanguine
1620 4110 1779 4183 Agni)
1807 4112 1956 4168 illum
1986 4129 2072 4170 se-

475 4185 565 4253 qui
598 4200 1032 4258 promcruerunt,
1065 4197 1364 4250 cantabunt
1395 4197 1506 4253 Deo
1539 4201 1807 4257 canticum
1834 4220 2067 4272 novum,

473 4273 701 4330 Alleluia
725 4278 970 4337 videlicet
990 4283 1290 4355 angelicum
1312 4301 1532 4343 carmen
1555 4329 1570 4354 ,
1594 4289 1681 4344 die
1716 4301 1986 4363 noctuque
2015 4295 2068 4349 in

476 4366 682 4437 templo
706 4381 893 4427 sancto
917 4373 1065 4443 ejus,
1104 4392 1202 4432 nec
1242 4379 1348 4432 erit
1394 4380 1468 4436 ibi
1505 4379 1683 4438 luctus
1732 4400 1907 4453 neque
1932 4386 2071 4442 ullus

475 4456 649 4523 dolor,
680 4462 805 4516 auia
841 4467 1013 4533 prima
1051 4467 1302 4523 abierunt
1325 4510 1340 4535 ,
1390 4471 1680 4542 onmiaque
1733 4474 1873 4530 facta
1908 4488 2071 4534 erunt

475 4564 633 4606 nova.
672 4530 854 4625 lgiturv
880 4573 1101 4614 necesse
1149 4569 1233 4615 est
1260 4530 1512 4617 ut'Deum
1564 4530 1618 4618 el.
1658 4530 2071 4625 Dominum
2095 4530 2147 4590 Β

474 4650 644 4699 strum
675 4646 779 4704 ﬁde
815 4650 996 4720 plena,
1018 4669 1138 4723 qua:
1158 4655 1344 4726 utique
1371 4672 1469 4727 per
1499 4657 1843 4716 dilectionem
1878 4678 2069 4732 opera-

476 4743 587 4801 tur,
610 4738 828 4807 placare
856 4746 1187 4812 studeamus,
1218 4759 1488 4819 quatenus
1518 4752 1631 4822 ipse
1675 4761 1806 4810 tunc
1853 4757 2069 4826 adjutor

475 4834 531 4880 ct
570 4828 809 4887 salvator
851 4845 1036 4890 noster
1080 4840 1193 4894 ﬁeri
1224 4841 1498 4912 dignetur,
1530 4845 1745 4912 quando
1771 4849 2066 4905 secundum

477 4913 788 4987 Scripturas
815 4922 879 4977 ad
910 4921 1176 4993 judicium
1222 4932 1461 4996 venerit,
1514 4932 1762 5003 ignisque
1790 4946 1915 4991 ante
1941 4954 2066 4994 eum

476 5011 705 5078 pneihit,
737 5020 792 5068 et
818 5013 1173 5072 inﬂammahit
1198 5020 1252 5074 in
1280 5021 1509 5077 circuitu
1536 5023 1788 5081 inimicos
1836 5028 1978 5097 ejus,
2012 5040 2068 5085 et

479 5102 694 5158 venient
722 5105 955 5162 ministri
982 5107 1119 5178 ejus,
1152 5119 1208 5168 et
1244 5113 1497 5184 colligent
1527 5118 1591 5172 de
1622 5133 1789 5189 regno
1807 5118 1923 5187 ejus
1946 5137 2065 5175 om-

485 5193 571 5246 nia
601 5199 877 5264 scandala,
899 5209 955 5255 et
984 5202 1278 5273 alligabunt
1299 5205 1507 5262 zizania
1536 5208 1802 5266 fasciculis
1831 5206 1897 5267 ad
1921 5216 2068 5269 c'om-

479 5283 800 5354 burendum,
833 5292 1068 5347 triticum
1097 5306 1276 5350 autem
1303 5301 1705 5370 congregahunt
1734 5302 1786 5356 in
1812 5304 2066 5361 horreum

483 5377 692 5432 Domini
723 5381 825 5435 sui.
850 5382 894 5438 Ο
917 5384 1140 5440 uimimn
1170 5387 1297 5443 felix
1318 5389 1625 5454 auima,cui
1652 5391 1777 5449 licet
1799 5411 1919 5450 cum
1950 5412 2067 5451 cor-

478 5480 608 5533 pore
634 5467 1029 5541 incorruptibili
1063 5476 1266 5532 intrare
1302 5478 1495 5548 jannas
1543 5482 1700 5548 cmli,
1762 5493 1818 5539 et
1853 5488 2067 5543 mundis

477 5556 649 5612 ortdis
691 5561 869 5617 cordis
896 5573 1168 5620 auctorem
1196 5572 1510 5640 conspicere
1535 5572 1695 5629 lucis!
1728 5575 1892 5645 Cujus
1920 5578 2064 5633 desi-

480 5646 689 5703 derium
731 5650 834 5708 rite
883 5661 1009 5709 tunc
1046 5656 1350 5727 implebitur
1379 5665 1594 5732 quando
1622 5680 1686 5720 cx
1719 5670 1864 5723 omni
1910 5678 2064 5739 parte

479 5740 714 5804 perfecta
744 5742 998 5809 manebit,
1027 5754 1080 5800 et
1127 5756 1327 5807 aeterno
1355 5754 1548 5815 gaudio
1574 5771 1693 5809 cum
1723 5756 1923 5813 sanctis
1954 5758 2062 5822 spi-

2167 1926 2394 1967 numero
2420 1927 2517 1983 per
2547 1912 2859 1978 Christum,
2899 1913 2991 1982 qui
3028 1913 3079 1966 in
3109 1921 3261 1967 sexta
3293 1911 3432 1967 feria
3458 1911 3760 1966 cruciﬁxus

2170 2010 2291 2063 est,
2342 2002 2530 2055 mundi
2584 2002 2855 2071 reparatio
2908 2002 3142 2071 perfecta
3203 2002 3534 2057 insinuatur.
3599 2002 3759 2056 Clara

2170 2106 2364 2163 nempe
2394 2092 2512 2147 dies
2537 2092 2627 2147 illa
2664 2092 2786 2158 fuit,
2838 2108 2942 2162 qua
2991 2093 3251 2148 Conditor
3277 2109 3415 2164 opus
3441 2110 3605 2149 suum
3647 2110 3763 2164 per-

2169 2179 2321 2247 fecit,
2349 2197 2450 2237 nec
2471 2183 2653 2237 minus
2680 2183 2783 2237 ista
2814 2182 2959 2239 clara
2988 2191 3093 2247 est,
3117 2199 3224 2253 qua
3267 2183 3606 2253 Redemptor
3630 2199 3765 2252 opus

2168 2287 2325 2327 suum
2359 2273 2711 2328 restaurando
2741 2272 3119 2327 sanctificavit.
3176 2272 3326 2328 Tune
3368 2288 3503 2344 ergo
3546 2284 3763 2328 creator

2167 2375 2477 2421 creaturam
2506 2381 2662 2422 suam
2684 2368 2957 2437 operando
2984 2368 3301 2439 complevit,
3332 2377 3389 2424 et
3415 2385 3565 2423 nunc
3593 2370 3761 2423 etiam

2169 2457 2342 2528 ipsam
2370 2458 2673 2527 reparando
2710 2458 3086 2513 benedictione
3130 2459 3337 2514 caelesti
3372 2459 3624 2530 replevit.
3668 2459 3763 2513 De

2169 2548 2334 2619 niqne
2380 2549 2449 2603 ad
2486 2549 2871 2604 iusinuandnm
2911 2550 3228 2621 mysterium
3277 2550 3475 2604 factum
3499 2551 3764 2620 estquod

2170 2639 2420 2693 senarius
2461 2639 2513 2693 in
2557 2649 2793 2709 quatuor
2846 2641 3102 2696 cornibus
3141 2641 3320 2696 crucis
3366 2641 3618 2712 positus,
3665 2656 3763 2711 per

2168 2734 2404 2801 quatuor
2426 2730 2610 2801 plagas
2636 2733 2818 2788 mundi
2842 2732 3030 2797 tendit,
3059 2749 3237 2788 rerum
3260 2733 3654 2802 perfectionem
3675 2736 3766 2790 de-

2167 2833 2499 2891 monstrans,
2538 2827 2665 2896 quia
2710 2826 2825 2897 ipse
2848 2843 3105 2882 numerus
3125 2827 3331 2897 primus
3350 2828 3632 2898 perfectus
3658 2839 3762 2892 est,

2170 2918 2394 2987 ipseque
2434 2918 2577 2974 diem
2622 2918 2960 2975 artiﬁcialem
3009 2920 3277 2985 dimidiat,
3326 2928 3383 2975 et
3427 2919 3514 2976 bis
3554 2921 3768 2991 positus

2171 3010 2435 3081 complet;
2462 3011 2576 3081 ipse
2609 3012 2774 3066 unius
2804 3012 3008 3066 mensis
3030 3019 3112 3066 est
3141 3027 3270 3082 pars
3295 3020 3480 3077 sexta,
3510 3021 3572 3067 et
3598 3013 3773 3067 totius

2172 3104 2301 3158 anni
2345 3103 2717 3175 sexagesima;
2749 3104 2862 3173 ipse
2901 3104 3253 3173 quadrantem
3292 3103 3631 3159 bissextilem
3671 3119 3769 3157 nuo

2095 3171 2140 3233 C
2175 3202 2373 3260 inerat,
2400 3171 2597 3250 etcum
2627 3171 2866 3264 quinque
2895 3171 3083 3248 diebus
3102 3192 3426 3263 superﬂuum
3454 3194 3763 3248 eoadunat:

2171 3286 2389 3341 ordinat
2433 3293 2622 3340 :etates
2659 3285 2864 3349 mundi,
2915 3293 2971 3339 et
3021 3292 3320 3355 temporum
3359 3300 3583 3339 cursum
3615 3284 3768 3340 ﬁniet

2171 3378 2387 3448 quando
2411 3376 2525 3432 Rex
2555 3392 2749 3446 regum.
2777 3378 2959 3431 veniet
2991 3378 3195 3432 sanctis
3227 3376 3341 3432 suis
3369 3376 3768 3445 placido‘vultn

2170 3480 2390 3541 peccata
2418 3471 2692 3525 dimittere
2729 3480 2783 3525 et
2820 3486 2985 3541 regna
3028 3470 3268 3526 caelestia
3309 3469 3545 3524 tradere.
3598 3470 3766 3538 Ergo,

2172 3566 2313 3619 bone
2340 3579 2432 3618 rex
2460 3564 2676 3619 Christe
2704 3563 2853 3629 .lesu,
2883 3552 2937 3618 tu
2969 3565 3107 3619 bene
3132 3564 3238 3619 scis
3266 3561 3484 3617 famulis
3511 3562 3626 3617 tnis
3644 3578 3766 3616 cep

2172 3665 2225 3711 ta
2252 3657 2470 3726 praemia
2508 3657 2660 3721 dare,
2688 3671 2824 3727 quos
2850 3671 2915 3711 ex
2939 3656 3086 3712 omni
3121 3657 3323 3712 mundo
3357 3672 3489 3714 vera
3515 3654 3643 3711 fidei
3671 3655 3766 3710 lux

2172 3748 2500 3814 illuminaus,
2531 3756 2587 3803 et
2614 3749 2770 3803 vivus
2809 3748 3089 3822 sapientim
3124 3749 3352 3804 haustus
3382 3749 3642 3819 irrigans,
3674 3749 3767 3803 de-

2170 3854 2268 3894 cor
2287 3838 2569 3894 charitatis
2603 3845 2658 3893 et
2700 3836 2926 3907 iustitiae
2974 3854 3139 3910 opera
3175 3840 3281 3895 rite
3313 3848 3575 3895 ornantes
3608 3839 3677 3893 ad
3713 3846 3765 3894 te

2171 3930 2555 4001 perduxerant.
2595 3931 2839 4001 Denique
2866 3931 3156 4000 praedictus
3177 3945 3435 3985 numerus
3456 3930 3609 3985 circa
3636 3945 3765 3984 cru-

2173 4037 2289 4077 cem
2314 4024 2521 4092 positus
2566 4024 2772 4079 indicat
2807 4038 3130 4079 concursum
3174 4023 3409 4094 plebium
3449 4038 3482 4077 a
3521 4029 3765 4091 quatuor

2171 4114 2343 4186 plagis
2365 4114 2548 4168 mundi
2571 4114 2635 4168 ad
2654 4112 3065 4184 Redemptorem
3087 4129 3263 4177 suum,
3278 4113 3396 4183 ejus
3416 4112 3764 4167 divinitatem

2171 4221 2271 4276 pro
2303 4214 2504 4259 aeterna
2532 4205 2706 4259 salute
2733 4204 3134 4275 deprecantium
3154 4246 3168 4271 ,
3201 4213 3261 4259 ut
3289 4204 3456 4274 ipsius
3484 4205 3762 4275 magnitu-

2173 4296 2352 4351 dinem
2380 4312 2444 4349 εχ
2473 4295 2714 4367 perfecto
2743 4296 3021 4368 Evangelii
3052 4297 3305 4368 dogmate
3333 4294 3490 4349 avide
3519 4296 3758 4358 discant,

2171 4396 2227 4443 et
2262 4387 2553 4458 perfectam
2587 4387 2743 4442 ﬁdem
2771 4387 3026 4457 perfectis
3054 4388 3308 4457 operibus
3332 4385 3583 4456 probent.
3632 4385 3763 4442 Oni-

2174 4482 2262 4535 nia
2296 4481 2523 4550 quidem
2561 4496 2726 4550 opera
2755 4479 2852 4535 Dei
2879 4480 3118 4551 perfecta
3143 4479 3442 4550 perfectum
3468 4477 3759 4532 insinuant

2173 4583 2500 4640 creatorem,
2530 4574 2859 4644 proprioque
2896 4572 3091 4629 decore
3116 4572 3231 4641 ejus
3263 4571 3513 4627 decorem
3556 4570 3763 4624 intesti-

2171 4664 2425 4719 mahilem
2451 4671 2737 4719 testantur.
2782 4663 3043 4719 Universa
3086 4678 3207 4734 qure
3256 4661 3311 4716 in
3346 4660 3499 4717 caelis
3523 4669 3676 4725 sunt,
3707 4670 3767 4714 et

2172 4769 2293 4823 qua:
2322 4754 2374 4808 in
2404 4762 2571 4819 terra,
2595 4762 2650 4808 et
2682 4768 2804 4823 qua:
2844 4753 2898 4808 in
2934 4753 3093 4818 mari,
3123 4753 3384 4823 Optimum
3414 4750 3646 4805 laudant
3674 4765 3761 4803 ar-

2171 4846 2371 4901 tiﬁcem
2396 4864 2409 4899 :
2436 4852 2493 4899 at
2522 4860 2622 4900 nos
2644 4846 2890 4900 homines
2912 4886 2927 4910 ,
2968 4845 3059 4915 qni
3096 4842 3427 4914 aliquantulo
3449 4856 3579 4912 pars
3603 4855 3761 4896 erea-

2172 4946 2312 4992 tune
2343 4936 2460 5005 ejus
2506 4952 2693 4992 sumus
2718 4977 2732 5002 ,
2776 4936 2902 4991 licet
2931 4951 3035 4989 non
3065 4934 3430 5003 condignam,
3455 4940 3636 4985 tamen
3667 4931 3760 4985 de-

2170 5036 2349 5082 votam
2377 5034 2657 5081 cantemus
2686 5027 2911 5097 gloriam
2961 5025 3163 5079 nomini
3189 5022 3305 5092 ejus
3326 5063 3342 5088 ,
3384 5032 3441 5077 et
3468 5022 3680 5092 gratias
3707 5021 3758 5074 ei

2170 5131 2395 5187 agamus
2422 5131 2522 5186 pro
2551 5116 2921 5185 redemptione
2942 5100 3183 5177 °nostra‘,
3228 5113 3357 5183 quia
3400 5111 3491 5167 ille
3530 5112 3626 5181 qui
3656 5127 3756 5166 nos

2172 5208 2300 5263 fecit
2330 5217 2386 5263 et
2413 5207 2821 5278 multiplicavit,
2867 5208 2981 5277 ipse
3022 5221 3120 5260 nos
3145 5206 3365 5277 proprio
3395 5203 3662 5273 sanguine
3690 5204 3755 5256 de

2172 5300 2377 5355 inimici
2406 5308 2674 5371 potestate
2702 5300 2989 5354 liberavit:
3016 5300 3092 5353 sic
3116 5313 3328 5368 quoque
3349 5298 3401 5351 in
3426 5297 3528 5351 hoc
3551 5296 3751 5350 celebri

2170 5393 2415 5447 carmine
2439 5391 2557 5460 ejus
2593 5406 2856 5456 amorem,
2885 5406 3045 5460 quem
3071 5391 3122 5444 in
3153 5391 3308 5443 nobis
3338 5390 3453 5459 ipse
3491 5388 3749 5445 ostendit,

2170 5486 2544 5555 prtedicemus,
2584 5485 2709 5554 quia
2738 5484 2878 5539 lumc
2909 5483 3266 5537 inzestimahili
3293 5483 3497 5551 pietate
3524 5496 3753 5550 operan-

2169 5575 2237 5629 do
2261 5575 2653 5631 demonstravit
2680 5614 2693 5637 ,
2733 5574 3064 5630 defensando
3111 5574 3405 5628 insinuavit
3426 5614 3439 5639 ,
3473 5572 3755 5627 snadwdo

2168 5680 2382 5735 quoque
2401 5675 2453 5720 et
2473 5666 2571 5721 sibi
2606 5665 2859 5737 placitum
2894 5684 3014 5721 esse
3048 5667 3381 5723 ostendendo
3414 5683 3515 5721 nos
3550 5666 3751 5723 habere

2165 5758 2436 5827 pra'cepit.
