3970 6466
210 434 317 491 Ξ89

773 537 1000 595 CAPUT
1049 532 1239 590 XXIV.

219 636 296 691 De
330 635 572 690 vicesima
600 641 789 703 quarta
823 629 1021 703 specie,
1070 627 1158 680 ubi
1186 623 1544 703 centenurius,
1574 617 1802 703 quadra-

327 704 574 777 θεῇσι-ἕπε
600 696 648 756 ἐι
672 696 1042 772 quaternarius
1065 711 1314 751 numerus
1335 696 1570 763 signatus
1595 699 1694 745 est.

291 816 337 872 0
359 815 514 885 plebs
541 813 735 868 dilecta
780 813 909 873 Deo,
940 809 1312 865 sanctissimus
1342 808 1475 861 ordo
1512 804 1801 874 virginum,

217 904 528 962 benedicite
550 902 790 958 Domino
839 899 1079 959 Christo,
1123 907 1408 953 cantantes
1449 896 1501 951 ei
1529 894 1805 950 canticum

220 1008 450 1059 novum,
482 994 627 1064 quod
654 991 865 1047 caeteris
889 989 1141 1045 omnibus
1168 997 1252 1045 est
1281 987 1559 1042 imitabile.
1586 984 1806 1040 Psallite

221 1090 390 1143 decus
424 1084 612 1156 gloria:
646 1082 969 1138 immortalis
1013 1089 1139 1135 ante
1173 1078 1356 1136 sedem
1391 1075 1682 1131 Altithroni
1705 1116 1721 1142 ,
1751 1082 1807 1129 et

219 1185 352 1230 ante
371 1182 606 1244 quatuor
623 1172 895 1235 animalia,
921 1187 1040 1241 qure
1070 1172 1296 1225 diversis
1317 1168 1553 1223 vultibus
1575 1165 1805 1220 formata

222 1272 392 1328 sunt,
441 1272 497 1315 et
534 1269 667 1315 ante
707 1261 898 1330 viginti
938 1267 1172 1330 quatuor
1198 1257 1442 1313 seniores
1471 1256 1719 1311 sedentes
1751 1253 1806 1307 in

221 1354 415 1425 viginti
454 1361 688 1423 quatuor
732 1352 1015 1407 sedilibus.
1072 1351 1182 1407 Vos
1218 1349 1353 1405 estis
1379 1349 1578 1419 sumpti
1607 1346 1674 1401 ab
1709 1346 1807 1401 ho-

224 1447 464 1501 minibus
484 1485 498 1508 ,
532 1443 790 1514 primitiae
820 1441 928 1497 Deo
958 1453 1013 1496 et
1038 1440 1210 1512 Aguo,
1241 1439 1587 1510 pulchraeque
1613 1437 1809 1490 cohor-

226 1543 331 1599 tes,
367 1535 647 1605 sanguinis
689 1531 832 1586 illius
879 1531 1057 1602 pretio
1095 1538 1443 1600 comparatre,
1491 1528 1543 1582 in
1572 1527 1688 1597 ejus
1717 1541 1808 1579 ca-

224 1628 356 1680 stris
415 1623 735 1687 consistitis,
791 1638 856 1677 ac
909 1622 1256 1693 dignissimas
1309 1620 1495 1675 laudes
1546 1616 1805 1686 triumphi

226 1715 551 1771 nobilissimi
584 1713 837 1769 cantatis.
883 1712 1072 1768 Vestra
1121 1727 1311 1767 manus
1349 1710 1576 1765 citharis
1619 1709 1807 1763 modu-

227 1806 369 1870 lans,
412 1804 619 1859 vultum
662 1803 757 1858 Dei
803 1817 1055 1857 serenum
1082 1816 1145 1855 ac
1171 1799 1487 1871 placabilem
1524 1796 1809 1865 terrigenis

1219 422 1305 477 DE
1344 413 1690 476 LAUDIBL‘S
1731 412 1789 469 S.
1833 412 2104 470 CRUCIS.
2146 445 2213 456 -——
2252 412 2379 468 LIB.
2419 410 2482 467 11.

3358 404 3479 461 ’290

1828 528 1881 587 Α
1907 527 2041 581 dens
2070 526 2334 595 dignitate
2370 526 2728 595 quantitatem
2755 521 2953 577 virium
2981 528 3286 576 nostrarum
3320 522 3483 591 largi-

1906 618 2117 673 tionem”
2134 632 2348 687 quoque
2394 631 2676 671 munerum
2711 624 3017 669 nostrorum
3043 612 3331 682 superasti.
3371 610 3481 666 Nec

1905 711 2129 772 mirum,
2158 725 2281 764 cum
2307 708 2472 763 etiam
2497 708 2739 763 cmlestia
2762 704 2923 761 simul
2965 713 3022 759 et
3048 704 3327 759 terrestria
3352 717 3484 757 cnn-

1905 812 1993 859 cta
2028 818 2286 873 superas,
2336 816 2434 858 nec
2477 802 2609 858 satis
2633 800 2777 855 valet
2807 799 2945 854 ullus
2980 797 3246 868 majestati
3277 805 3380 850 ture
3406 795 3485 849 fa-

1905 909 2032 949 cere
2069 901 2163 947 aut
2213 893 2374 947 verba
2418 892 2684 963 condigna
2734 890 2926 945 honori
2966 897 3059 943 tuo
3095 896 3302 957 aptare.
3340 886 3485 954 Quae

1903 996 2124 1058 propter
2149 985 2352 1041 tentavi
2378 998 2442 1039 ex
2467 984 2779 1039 coelestibus
2804 983 2924 1038 odis
2952 981 3196 1051 quredam
3224 980 3385 1034 verba
3417 977 3487 1032 ad

1907 1078 2231 1134 laudandum
2261 1086 2313 1132 te
2353 1091 2587 1141 sumere,
2638 1091 2758 1145 qua:
2796 1075 2959 1129 etiam
2990 1072 3187 1144 speciei
3222 1078 3328 1127 ture
3353 1070 3487 1142 ligu-

1907 1184 2087 1241 rzeque
2112 1168 2501 1225 convenirent:
2539 1166 2775 1237 disposui
2799 1166 2989 1220 eadem
3015 1165 3177 1219 verba
3204 1163 3256 1217 in
3292 1162 3486 1233 pagina

1906 1276 2156 1317 versuum
2196 1275 2303 1315 non
2345 1258 2733 1322 continuatim,
2780 1256 2871 1312 sed
2903 1256 3173 1326 disperse,
3205 1262 3260 1311 et
3288 1254 3490 1309 inserui

1908 1352 2177 1424 angelicos
2225 1359 2420 1407 cantus
2445 1390 2460 1414 ,
2500 1350 2675 1404 Arnen
2720 1347 2971 1403 videlicet
3007 1348 3060 1401 in
3101 1345 3280 1400 medio
3314 1344 3491 1399 crucis

1908 1444 2199 1507 collocans,
2224 1452 2280 1497 et
2311 1457 2434 1497 cum
2462 1439 2688 1495 Alleluia
2714 1454 2919 1494 cornua
2949 1437 3091 1493 illius
3117 1435 3409 1506 complens,
3433 1442 3494 1487 ut

1909 1535 1987 1590 sic
2016 1550 2230 1605 quoque
2283 1533 2422 1587 hanc
2467 1547 2676 1587 sacram
2720 1530 2949 1600 eiligiem
2997 1529 3204 1585 caelesti
3250 1527 3493 1583 carmine

1909 1623 2209 1696 signarem,
2248 1632 2304 1678 et
2337 1622 2654 1693 mysterium
2693 1637 2793 1691 per
2819 1623 2922 1676 hoc
2954 1621 3304 1675 insinuarem.
3357 1615 3494 1672 Nam

1912 1716 2098 1772 fideles
2126 1715 2326 1786 quique
2354 1723 2409 1769 et
2429 1713 2560 1784 justi
2583 1712 2768 1767 famuli
2802 1710 2897 1767 Dei
2925 1710 3108 1765 mundi
3132 1718 3345 1778 sceptra
3367 1708 3495 1763 hinc

1912 1810 2286 1879 triumphant,
2335 1816 2390 1863 et
2415 1821 2697 1861 munerum
2739 1804 2885 1861 illius
2932 1802 3181 1858 decorem
3209 1810 3491 1872 spernunt,

226 1896 442 1959 reddet,
470 1909 593 1949 eum
614 1893 857 1947 clamore
880 1892 1058 1947 valido
1087 1892 1223 1945 atria
1246 1893 1439 1945 domus
1474 1888 1689 1945 Domini
1726 1901 1811 1941 re-
1837 1892 1885 1953 B
1913 1905 2015 1959 hoc
2048 1902 2226 1973 palam
2256 1900 2613 1971 praedicantes
2632 1939 2647 1966 ’
2686 1897 2829 1969 quod
2863 1911 2958 1968 spe
2985 1904 3309 1951 ωιειιηοιιυιη
3333 1894 3498 1949 αιτιοι*

225 1986 407 2055 piens,
435 1993 689 2054 tanquam
714 1999 825 2037 vox
864 1983 1088 2037 touitrui
1123 1981 1302 2052 magni
1327 1987 1480 2035 tonat
1504 1980 1558 2035 in
1584 1980 1807 2044 aethere,

227 2084 290 2130 et
321 2077 462 2130 sicut
495 2089 600 2129 vox
645 2082 929 2144 concrepat
958 2088 1218 2142 aquarum
1257 2072 1549 2127 multarum
1580 2072 1635 2125 in
1663 2069 1816 2124 valli-

228 2168 358 2222 bus.
412 2166 472 2220 ln
513 2179 609 2221 ore
648 2180 862 2235 quoque
900 2173 1082 2220 vestro
1115 2180 1219 2220 non
1256 2172 1342 2219 est
1364 2164 1709 2219 mendacium‘
1734 2162 1817 2217 in-

226 2266 451 2312 ventum
476 2258 727 2326 nequein
749 2256 913 2312 corde
935 2256 1111 2319 dolus,
1136 2257 1228 2311 sed
1254 2257 1340 2326 pia
1369 2255 1611 2311 carmina
1631 2263 1817 2324 aptan-

232 2360 340 2413 tes,
386 2347 577 2417 dignas
603 2348 797 2403 laudes
853 2356 979 2403 ante
1012 2348 1266 2402 thronum
1306 2347 1400 2401 Dei
1438 2347 1523 2402 die
1544 2354 1818 2416 noctuque

229 2439 545 2504 concinitis,
586 2454 685 2510 per
720 2439 925 2495 indicia
963 2439 1291 2510 virginitatis
1337 2446 1500 2508 atque
1546 2437 1819 2493 castitatis

232 2532 486 2601 corporis
510 2539 672 2601 atque
702 2532 901 2586 animae
924 2572 940 2597 ,
979 2547 1099 2603 quae
1136 2532 1189 2586 in
1218 2531 1372 2587 vobis
1397 2546 1493 2587 rex
1523 2538 1704 2586 vester
1729 2546 1820 2586 su-

229 2637 336 2693 per
363 2622 545 2677 omnia
596 2622 787 2694 diligit.
827 2622 964 2677 Nam
1008 2623 1150 2678 hanc
1183 2623 1421 2677 animam
1455 2622 1610 2677 vobis
1638 2620 1819 2677 nullus

232 2714 376 2768 alius
396 2713 566 2778 dedit,
595 2729 757 2784 quam
781 2714 976 2769 ductor
1002 2722 1057 2769 et
1092 2713 1344 2769 conditor
1379 2721 1586 2778 vester,
1617 2721 1679 2766 ut
1702 2711 1820 2766 sine

232 2806 345 2859 ulla
376 2806 799 2876 reprehensione
822 2806 1067 2861 viventes
1094 2804 1148 2859 in
1176 2805 1358 2870 terris,
1401 2813 1658 2859 (sternam
1692 2802 1819 2857 inde

216 2895 733 2949 remunerationem
785 2895 1124 2965 postmodum
1187 2895 1508 2965 acciperetis
1554 2894 1607 2948 in
1642 2894 1815 2948 cretis.

236 2987 581 3059 Quapropter
634 2988 1049 3059 probatissimus
1095 2995 1151 3043 et
1200 2986 1631 3057 perfectissimus
1681 2986 1820 3041 ordo

231 3079 531 3150 virginum,
552 3080 648 3148 qui
683 3079 901 3134 diverso
927 3094 1059 3134 sexu
1105 3088 1160 3133 et
1197 3080 1252 3134 in
1300 3078 1547 3133 dissimili
1574 3080 1733 3132 rctat'e
1763 3078 1818 3131 in

233 3170 441 3225 mundo
477 3172 752 3226 cwlestem
799 3172 1265 3233 conversationem
1313 3173 1543 3241 agebas,
1574 3171 1642 3225 ab
1665 3169 1814 3225 omni

1913 1984 2039 2046 ﬁdei
2087 2008 2185 2062 per
2234 2006 2297 2046 os
2336 1991 2631 2045 electorum
2684 2003 2953 2043 resonans
2988 1986 3210 2057 praemia
3238 1984 3495 2041 Accelestia

1912 2082 2025 2137 suis
2059 2082 2400 2136 consortibus
2426 2087 2723 2151 praeparet,
2774 2087 2824 2133 et
2857 2079 3137 2148 antiquum
3167 2079 3375 2132 hostem
3402 2091 3499 2130 au-

1915 2173 2087 2244 fuget,
2119 2173 2208 2243 qui
2238 2173 2471 2242 primum
2498 2171 2737 2226 humano
2766 2170 2950 2241 generi
2978 2169 3327 2225 saevissimam
3359 2168 3500 2221 intu-

1915 2263 1977 2318 lit
2020 2272 2251 2318 mortcm
2277 2304 2291 2327 ,
2338 2272 2394 2318 et
2449 2278 2480 2318 a
2528 2261 2873 2333 protoplastis
2912 2259 3226 2331 parentibus
3274 2259 3497 2322 nostris,

1916 2364 2082 2411 totam
2125 2355 2442 2426 progeniem
2487 2367 2658 2422 usque
2684 2353 2737 2407 iu
2765 2353 3054 2408 adventum
3081 2350 3281 2406 Christi
3317 2350 3382 2404 ad
3416 2350 3499 2404 in-

1916 2448 2054 2503 ferni
2082 2447 2198 2501 loca
2224 2447 2554 2501 detraxerat.
2595 2446 2666 2500 At
2692 2461 2812 2510 nos,
2840 2459 2974 2514 quos
2995 2443 3320 2499 desiderium
3341 2451 3500 2495 aeter-

1916 2556 2109 2596 norum
2141 2540 2207 2593 ad
2241 2538 2410 2593 crelos
2450 2537 2631 2592 animo
2675 2536 2886 2602 elevat,
2930 2547 3367 2605 pratoccupcmus
3410 2531 3494 2586 fa-

1918 2633 2057 2688 ciem
2084 2630 2300 2685 Domini
2329 2629 2383 2685 in
2413 2627 2777 2691 confessione,
2807 2634 2860 2681 et
2890 2624 2943 2679 in
2971 2621 3193 2695 psalmis
3224 2621 3328 2675 rite
3348 2620 3499 2688 jubi-

1919 2727 2114 2789 lantes,
2150 2722 2377 2794 gratiam
2420 2722 2476 2776 in
2526 2729 2819 2791 conspectu
2848 2717 2963 2788 ejus
3005 2717 3248 2773 invenire
3284 2715 3501 2771 studea-

1918 2833 2077 2873 mus:
2112 2815 2291 2870 taliter
2316 2814 2369 2868 in
2398 2813 2647 2868 laudibus
2670 2811 2838 2883 ipsius
2861 2809 3222 2870 exsultantes,
3265 2806 3503 2877 qualiter

1914 2905 2140 2976 justitize
2167 2904 2409 2974 exposcit
2432 2904 2585 2965 ordo,
2612 2914 2669 2957 et
2692 2909 3002 2956 sanctorum
3027 2899 3241 2969 agmina
3273 2897 3322 2951 in
3348 2895 3503 2952 caelis

1920 2996 2305 3069 perpetualiter
2347 2994 2751 3050 concelebrant.
2811 2992 2924 3047 l‘loe
2966 2999 3095 3045 tunc
3136 2990 3238 3044 rite
3282 2988 3409 3053 fiet,
3455 2986 3501 3041 si

1922 3091 2143 3159 implere
2186 3087 2628 3144 contenderimus
2666 3093 2935 3156 praecepta
2961 3083 3253 3147 Tonantis,
3299 3088 3355 3135 et
3395 3094 3503 3135 non

1922 3182 2095 3239 solum
2122 3180 2323 3251 lingua,
2360 3179 2454 3235 sed
2480 3178 2642 3234 etiam
2668 3177 2905 3247 cogitatu
2934 3183 3095 3246 atque
3127 3188 3288 3244 opere
3317 3170 3504 3226 laudes

234 3259 619 3317 fornicationis
671 3262 1081 3332 inquinamento
1138 3262 1346 3318 alienus
1382 3304 1397 3328 ,
1447 3272 1503 3317 et
1553 3264 1622 3317 ab
1669 3262 1815 3316 omni

1925 3272 2262 3345 gratissimas
2288 3270 2471 3325 dicere
2499 3268 2995 3325 decertaverimus:
3022 3282 3145 3321 nam
3178 3278 3357 3320 sermo
3377 3262 3501 3317 ﬁdei

236 3353 503 3423 spurcitia
531 3353 728 3407 diaboli
780 3354 1037 3408 immunis
1060 3394 1073 3420 ,
1112 3368 1208 3423 per
1240 3353 1472 3408 ollicium
1507 3352 1624 3406 oris
1644 3367 1710 3405 ac
1735 3351 1825 3405 de-

232 3443 514 3497 votionem
555 3443 761 3506 cordis,
809 3451 1130 3514 gestumque
1160 3444 1404 3513 corporis
1438 3442 1682 3512 placidus
1708 3441 1823 3495 lau-

235 3533 341 3586 des
366 3531 475 3585 Deo
504 3532 749 3587 decanla.
806 3532 946 3588 Ecce
993 3534 1254 3588 transitus
1294 3541 1476 3587 vester
1517 3533 1583 3586 ad
1625 3532 1822 3588 caelum

234 3623 484 3678 directus
508 3633 616 3687 est,
648 3623 737 3676 tibi
762 3638 972 3678 merces
991 3633 1195 3677 aeterna
1223 3623 1376 3678 vobis
1396 3631 1584 3692 parata
1613 3634 1717 3686 est,
1735 3624 1824 3679 ubi

233 3712 644 3776 immaculatus
668 3712 894 3781 virginis
934 3727 1104 3782 agnus
1145 3720 1301 3782 prata
1345 3711 1587 3783 depascit
1613 3713 1821 3780 florida,

231 3820 404 3874 quem
426 3815 483 3859 et
506 3819 604 3858 vos
633 3812 920 3873 sequentes
944 3821 1264 3875 quocunque
1292 3807 1416 3863 ierit
1450 3821 1665 3861 amoena
1699 3823 1824 3863 car-

234 3896 373 3967 pitis
398 3909 632 3965 pascua,
667 3894 907 3965 singulas
939 3897 1106 3952 stolas
1135 3913 1256 3952 cum
1290 3897 1448 3953 laude
1476 3900 1745 3954 castitatis
1769 3899 1823 3953 in

237 3986 535 4042 animabus
582 3986 780 4040 vestris
824 3987 935 4057 jam
990 3990 1212 4053 tenetis,
1273 3987 1407 4044 alias
1457 3988 1615 4057 juxta
1664 3989 1826 4044 finem

239 4078 439 4134 mundi
462 4078 514 4132 in
546 4076 863 4147 corporibus
886 4079 1278 4135 immortalibus
1304 4081 1601 4150 accepturi,
1631 4080 1828 4150 duplici

241 4170 458 4224 honore
498 4167 825 4239 gaudebitis.
866 4169 1208 4240 Quapropter
1242 4186 1461 4225 oramus
1489 4180 1544 4225 ct
1574 4173 1832 4226 obsecra-

242 4274 376 4313 rnus
395 4272 513 4323 vos,
543 4274 577 4313 o
619 4259 800 4329 populi
831 4269 885 4313 et
928 4260 1141 4331 agmina
1184 4262 1423 4317 crelestis
1462 4262 1703 4327 militiae,
1737 4278 1833 4333 per

248 4367 453 4407 nomen
496 4352 890 4408 nobilissimum
938 4362 993 4407 et
1038 4353 1246 4425 insigne
1272 4354 1692 4409 famosissimum
1741 4356 1833 4410 dc-

243 4443 400 4498 eoris
432 4444 638 4510 vestri,
682 4452 742 4497 ut
771 4444 861 4498 ubi
894 4459 989 4498 vos
1025 4443 1141 4513 jam
1184 4445 1288 4499 hcti
1334 4461 1456 4500 cum
1489 4461 1612 4516 rege
1649 4454 1833 4501 vestro

247 4535 516 4606 regnatis,
567 4534 637 4591 ibi
670 4535 825 4589 nobis
855 4542 1056 4590 aeterna
1097 4537 1287 4606 gaudia
1324 4537 1619 4606 promereri
1659 4547 1835 4592 certe-

252 4627 352 4690 tis,
398 4633 667 4696 quatenus
705 4625 894 4696 Agnus
933 4625 1020 4680 ille
1059 4628 1163 4682 dux
1212 4634 1266 4681 et
1310 4627 1477 4697 gloria
1508 4637 1707 4689 vestra,
1741 4629 1831 4697 qui

248 4715 385 4770 εαξη
428 4714 739 4769 dominatur
781 4714 835 4768 in
885 4729 1041 4781 arce,
1087 4717 1347 4771 concedat
1372 4718 1528 4771 nobis
1560 4716 1733 4771 locum
1760 4718 1833 4773 ibi

253 4803 559 4876 spatiosum
600 4812 655 4859 et
696 4805 1128 4871 desiderabilem,
1152 4814 1213 4860 ut
1237 4815 1478 4861 vestrum
1515 4815 1732 4861 cautum
1758 4817 1837 4862 ct-

250 4896 301 4949 si
334 4909 441 4947 non
470 4904 697 4948 cantare
717 4895 1006 4964 possimus,
1032 4897 1219 4951 saltem
1244 4913 1364 4952 cum
1385 4897 1724 4968 jocunditatc
1743 4914 1838 4970 per

250 4985 457 5041 saecula
482 4986 786 5041 audiamus.

827 5077 1054 5135 CAPUT
1092 5078 1259 5134 XXV.

253 5166 340 5223 De
380 5167 621 5222 vicesima
651 5166 833 5238 quinta
871 5168 1064 5239 ﬁgura,
1094 5169 1185 5222 ubi
1229 5166 1456 5223 Alleluia
1482 5177 1531 5223 et
1559 5171 1723 5223 Amen
1748 5185 1842 5240 po-

921 5241 1023 5293 sita
1046 5249 1190 5293 sunt.

332 5351 381 5408 Ο
402 5352 519 5408 laus
537 5353 623 5423 pia
645 5360 700 5407 et
719 5361 975 5422 perpetua
998 5360 1198 5407 sanctae
1219 5350 1416 5415 crucis,
1442 5365 1603 5421 quam
1636 5359 1845 5406 sancto-

255 5463 383 5501 rum
410 5454 583 5501 cmtus
609 5445 662 5499 in
702 5445 856 5498 caelis
901 5443 1237 5514 frequentat,
1270 5443 1416 5498 adsis
1447 5443 1752 5513 terrigenis,
1784 5451 1844 5496 ut

254 5538 469 5609 aliquid
493 5538 753 5593 decenter
777 5545 829 5591 et
857 5536 1016 5607 digne
1052 5537 1119 5591 de
1150 5545 1200 5591 te
1229 5536 1474 5607 proferre
1503 5535 1756 5601 valeant,
1790 5543 1845 5589 et

255 5633 427 5702 pleno
462 5648 558 5686 ore
605 5632 835 5703 gloriam
884 5640 1029 5685 tuam
1067 5630 1380 5700 praidicare.
1434 5629 1546 5701 Ego
1586 5643 1842 5699 namque,

258 5732 427 5796 prout
451 5723 617 5793 potui,
646 5732 718 5786 te,
737 5730 924 5777 sancta
948 5737 1106 5787 crux,
1122 5722 1357 5777 metrico
1373 5721 1481 5776 ritu
1496 5721 1692 5786 cecini,
1710 5719 1846 5775 mul-

262 5827 382 5872 tum
408 5815 501 5870 tibi
530 5815 841 5870 desiderans
871 5813 925 5868 in
956 5814 1059 5868 hoc
1100 5811 1447 5877 satisfacere,
1477 5812 1572 5869 sed
1603 5820 1659 5867 tu
1692 5826 1847 5867 exce-
1874 5826 1877 5829 '

1860 4589 1911 4648 Ι)

1925 3373 2130 3420 tantum
2158 3377 2251 3417 ore
2279 3360 2554 3431 prolatus,
2603 3360 2720 3414 sine
2748 3354 3038 3413 concordia
3070 3353 3270 3409 mentis
3291 3360 3347 3405 ct
3368 3364 3504 3421 ope-

1923 3456 2020 3518 ris,
2046 3469 2152 3507 non
2188 3451 2385 3507 suﬂicit
2413 3451 2478 3505 ad
2506 3450 2739 3504 salutem
2780 3463 2794 3503 :
2834 3448 2960 3517 quia
2992 3445 3117 3501 talis
3136 3443 3376 3499 laudatio
3398 3457 3504 3497 non

1922 3553 2009 3601 est
2052 3544 2160 3599 Deo
2204 3542 2420 3613 placita,
2462 3556 2581 3611 qute
2628 3539 2756 3595 licet
2801 3538 2904 3595 sibi
2948 3538 3172 3610 grandia
3199 3535 3504 3607 promittat,

1923 3649 2089 3704 parva
2120 3641 2301 3688 tamen
2328 3639 2566 3686 meretur
2600 3648 2613 3684 :
2649 3628 2777 3700 quia
2822 3628 3084 3697 scriptum
3122 3634 3207 3682 est
3236 3644 3249 3679 :
3276 3623 3391 3679 Non
3421 3630 3507 3677 est

1922 3725 2147 3796 pulchra
2180 3722 2414 3777 laudatio
2441 3722 2493 3776 in
2539 3735 2633 3775 ore
2667 3717 2987 3789 peccatoris.
3026 3715 3134 3772 Vos
3162 3713 3342 3786 igitur,
3386 3727 3507 3783 pre-

1927 3832 2043 3881 cor,
2075 3816 2326 3870 cmlestcs
2350 3811 2661 3881 angelorum
2689 3811 2873 3882 plebes
2901 3824 2963 3864 ac
2992 3808 3236 3878 Spiritus,
3277 3805 3510 3859 animas-

1927 3906 2353 3976 quejuslorum,
2405 3902 2496 3972 qui
2544 3901 2597 3956 in
2644 3910 2936 3971 conspectu
2979 3897 3164 3968 gloria:
3209 3890 3511 3962 majestatis

1929 4000 2123 4053 divinae
2148 3997 2418 4051 veraciter
2446 3994 2763 4055 exsultatis,
2792 4002 2852 4047 ut
2880 3991 3020 4047 sicut
3046 3990 3162 4045 sine
3202 3987 3510 4042 cessatione

1927 4087 2156 4143 Alleluia
2207 4094 2261 4140 et
2310 4085 2482 4141 Amen
2540 4094 2858 4156 perpetuum
2910 4079 3139 4137 Domino
3190 4076 3408 4134 Christo
3456 4075 3511 4130 in

1929 4186 2191 4233 :cternum
2217 4178 2483 4242 cantatis,
2533 4178 2609 4231 ita
2644 4184 2883 4231 nostram
2922 4187 3136 4243 quoque
3161 4178 3361 4225 sortem
3385 4183 3513 4239 pre-

1932 4269 2086 4324 cibus
2128 4269 2386 4340 adjuvare
2430 4268 2728 4333 studeatis,
2776 4275 3077 4337 quatenus,
3124 4261 3514 4318 beatitudinem

1933 4375 2143 4424 veram,
2171 4374 2331 4428 quam
2359 4374 2457 4413 vos
2493 4359 2602 4429 jam
2634 4357 2872 4429 perfecte
2915 4356 3105 4411 tenetis
3126 4396 3141 4420 ,
3172 4354 3388 4408 tandem
3416 4350 3518 4406 ali-

1935 4449 2150 4518 quando
2173 4462 2271 4519 per
2294 4448 2498 4504 Christi
2529 4448 2757 4519 gratiam
2780 4462 2878 4502 nos
2917 4446 3163 4518 accipere
3189 4457 3517 4500 mereamur.

2489 4557 2720 4615 CAPUT
2768 4555 2960 4611 XXVI.

1943 4649 2021 4706 De
2056 4651 2299 4706 vicesima
2345 4659 2494 4704 scala
2538 4649 2734 4719 ﬁgura.
2765 4650 2821 4702 in
2850 4664 2952 4719 qua
2978 4643 3291 4716 prophetica:
3318 4650 3525 4696 senten-

2512 4720 2599 4773 tia:
2621 4720 2955 4772 denotamur.

2015 4809 2091 4864 Te
2120 4809 2304 4880 igitur,
2337 4824 2370 4860 ο
2397 4815 2582 4862 sancta
2622 4822 2755 4861 crux
2784 4805 3010 4872 Christi,
3036 4803 3258 4861 oracula
3299 4801 3507 4874 prophe

1946 4909 2125 4956 tarum
2177 4901 2313 4954 bene
2367 4900 2667 4961 honorant,
2726 4897 2868 4952 facta
2922 4896 3242 4967 praedicant,
3297 4894 3529 4948 virtutes

1945 4990 2224 5055 exaltant,
2270 4990 2396 5059 quia
2439 4988 2701 5059 quidquid
2743 4988 2898 5060 plebs
2934 4986 3023 5042 illa
3059 4984 3443 5045 sacratissima,
3475 4990 3532 5037 et

1944 5081 2128 5136 divino
2172 5079 2377 5149 Spiritu
2426 5079 2687 5150 inspirata
2730 5078 3077 5133 vaticinando
3112 5077 3178 5131 de
3205 5073 3407 5130 Christi
3437 5072 3531 5128 ad-

1944 5185 2108 5231 ventu
2136 5174 2384 5246 protulit,
2414 5182 2517 5230 tua:
2543 5175 2800 5244 potentiae
2823 5174 3049 5245 gloriam
3079 5172 3132 5226 in
3161 5186 3228 5226 eo
3249 5168 3528 5233 revelavit,

1945 5281 2068 5322 cum
2099 5281 2205 5320 non
2240 5267 2309 5320 ob
2330 5266 2474 5320 aliud
2501 5266 2615 5336 ipse
2655 5265 2907 5321 Salvator
2939 5263 2993 5319 in
3030 5263 3232 5319 mundo
3260 5260 3531 5331 apparuit,

1946 5357 2049 5411 nisi
2080 5364 2139 5410 ut
2172 5371 2269 5426 per
2302 5365 2353 5411 te
2399 5355 2633 5410 salvarct
2675 5370 2843 5425 genus
2870 5354 3185 5408 humanum.
3242 5350 3534 5406 Videamus

1947 5464 2075 5519 ergo
2124 5448 2250 5518 quid
2300 5448 2562 5517 propheta
2604 5456 2659 5501 et
2700 5445 2980 5516 psalmista
3028 5442 3194 5499 David
3225 5442 3453 5505 dixerit,
3485 5441 3533 5496 si

1951 5538 2087 5592 forte
2116 5539 2394 5609 signanter
2433 5538 2634 5607 aliquid
2660 5537 2726 5592 de
2755 5545 2809 5590 te
2848 5535 3061 5590 locutus
3090 5535 3179 5590 sit.
3216 5532 3308 5588 Ait
3339 5532 3484 5588 enim
3516 5549 3530 5585 :

1952 5628 2223 5683 Foderunt
2265 5646 2454 5685 manus
2501 5646 2643 5683 meas
2693 5638 2739 5682 et
2767 5628 2921 5698 pedes
2948 5644 3120 5693 meos,
3170 5627 3533 5681 dinumerare-

1950 5734 2069 5776 runt
2092 5723 2267 5776 omm’a
2294 5739 2413 5776 ossa
2448 5738 2585 5777 mea.
2625 5720 2762 5788 Quid
2793 5728 2877 5776 est
2913 5735 3042 5792 ergo
3068 5734 3263 5774 manus
3287 5726 3344 5771 et
3372 5715 3537 5786 pedes

1951 5815 2275 5881 confodere,
2305 5829 2537 5884 ossaque
2577 5814 2756 5869 omnia
2795 5812 3173 5876 dinumerare,
3201 5809 3303 5865 nisi
3333 5803 3554 5862 Christi.
