3970 6446
402 336 413 347 ’
463 362 567 420 291

1119 362 1182 417 B.
1223 360 1476 418 RABANI
1515 360 1736 420 MAURI
1771 359 2094 418 ARCHIEP.
2136 361 2448 420 MOGUNT.
2489 361 2773 421 OPERUM
2811 361 2994 418 PARS
3030 360 3072 417 Ι.

3623 359 3739 418 292

468 476 715 531 membra
739 478 796 532 in
829 484 881 531 te
905 474 1140 530 distensa
1169 475 1338 530 clavis
1359 473 1666 545 conﬁgere?
1706 472 1839 529 item
1877 472 2045 528 David
2071 477 2121 535 Α
2147 474 2481 545 ρτωςίηιιθιιθ
2513 474 2818 544 prophetae;
2868 481 2924 528 et
2953 472 3021 527 ad
3058 473 3164 528 hoc
3193 480 3243 528 te
3268 479 3458 527 auctor
3481 472 3735 527 omnium

470 565 641 620 dicit:
674 564 941 618 Dederunt
967 564 1021 618 in
1046 581 1216 617 escam
1242 581 1411 619 meam
1439 564 1530 634 fel,
1554 574 1603 619 et
1625 565 1680 617 in
1704 565 1793 622 siti
1821 581 1935 619 mea
1959 580 2047 634 po-

474 664 715 709 tarerunt
737 672 818 708 me
839 665 1008 708 aceto.
1039 654 1152 709 Hoc
1173 656 1358 725 utique
1386 656 1695 726 signiﬁcans
1720 656 1864 725 quod
1888 669 2048 710 evan-

473 744 664 817 gelista
690 745 755 799 de
782 744 1001 798 Christo
1042 746 1291 814 exposuit
1336 744 1522 801 dicens
1556 762 1570 798 :
1603 743 1818 812 Postea,
1851 745 2044 814 inquit,

469 836 635 891 sciens
670 834 825 888 Iesus
865 835 989 905 quia
1028 834 1147 903 jam
1178 835 1353 889 omnia
1394 844 1759 890 consummata
1802 844 1947 899 sunt,
1988 843 2047 887 ut

475 936 929 982 consummaretur
951 926 1244 997 Scriptura,
1271 927 1403 982 dixit
1427 941 1444 979 :
1470 925 1625 981 Sitio.
1679 923 1779 980 Vas
1810 942 1932 997 ergo
1960 942 2049 996 po-

470 1019 633 1072 situm
670 1014 783 1071 erat
832 1027 976 1071 aceto
1018 1015 1248 1087 plenum.
1315 1016 1407 1070 Illi
1442 1026 1616 1070 autem
1642 1016 1912 1087 spongiam
1938 1013 2050 1085 ple-

469 1126 592 1164 nam
627 1119 807 1173 aceto,
852 1108 1075 1178 hyssopo
1109 1109 1587 1177 circumponentes,
1637 1105 1931 1160 obtulerunt
1967 1104 2048 1158 ori

468 1200 608 1272 ejus.
638 1199 706 1253 Et
730 1198 858 1253 alibi
885 1199 1145 1267 scriptum
1175 1207 1259 1253 est
1284 1216 1297 1251 :
1330 1197 1590 1252 Dederqu
1616 1198 1664 1252 ei
1693 1198 1867 1252 vinum
1880 1196 2049 1251 bibere

471 1308 590 1345 cum
617 1289 736 1359 felle
776 1289 1009 1343 mistum.
1053 1288 1193 1344 Hinc
1228 1304 1442 1358 quoque
1469 1289 1635 1344 Isaias
1666 1289 1925 1358 propheta
1950 1304 2047 1343 va-

476 1382 706 1438 ticinans
732 1382 809 1436 ait
836 1398 850 1434 :
883 1379 1147 1434 Parvulas
1185 1391 1340 1435 natus
1369 1390 1443 1434 est
1467 1379 1634 1445 nobis,
1658 1389 1706 1434 et
1727 1378 1870 1448 filius
1894 1379 2049 1433 datus

472 1484 548 1527 est
584 1474 752 1538 nobis,
797 1481 847 1526 et
893 1472 1066 1542 factus
1109 1484 1183 1527 est
1222 1473 1546 1544 principatus
1581 1488 1737 1541 super
1777 1473 2050 1526 humerum

471 1563 612 1633 ejus,
636 1570 691 1617 et
718 1561 944 1632 reliqua.
982 1562 1049 1615 Et
1082 1562 1212 1617 item
1252 1576 1319 1616 ex
1350 1576 1580 1632 persona
1628 1559 1829 1616 Christi
1873 1559 2005 1615 dicit
2033 1577 2046 1614 :

471 1651 673 1723 Corpus
709 1666 881 1713 meum
912 1651 1031 1705 dedi
1057 1652 1490 1721 percutientibus,
1520 1662 1567 1707 et
1589 1669 1749 1723 genas
1775 1669 1917 1707 meas
1940 1650 2051 1707 vel-

470 1743 714 1798 lentibus.
754 1742 822 1799 Et
848 1742 975 1797 item
1022 1760 1036 1797 :
1091 1740 1308 1796 Faciem
1354 1759 1523 1797 meam
1551 1760 1655 1798 non
1691 1743 1854 1798 averti
1875 1743 1939 1796 ab
1965 1742 2049 1797 in-

2148 579 2330 618 rcrum
2376 565 2688 629 destinavit,
2736 570 2793 619 et
2842 563 3023 619 omnia
3052 562 3109 617 in
3142 569 3194 617 te
3229 562 3347 619 sine
3377 561 3486 616 ulla
3512 560 3739 617 dubita-

2149 656 2313 722 tione,
2341 670 2463 726 qua:
2489 656 2557 711 de
2582 671 2646 711 eo
2668 656 2934 726 promissa
2958 662 3104 721 sunt,
3137 654 3252 726 ipse
3276 653 3528 726 perfecit.

2689 765 2916 821 CAPUT
2955 763 3168 820 XXVII.

2144 855 2225 911 De
2251 855 2494 911 vicesima
2506 856 2736 924 septima
2773 854 2961 921 forma,
3005 855 3062 908 in
3092 870 3198 920 qua
3225 853 3592 924 apostolorum
3621 873 3740 910 sen-

2665 925 2842 980 tentia:
2864 924 3212 980 collocantur.

2218 1013 2335 1071 Non
2360 1014 2542 1071 minus
2575 1023 2661 1070 tua
2683 1016 2830 1086 jura,
2877 1030 2911 1070 o
2940 1023 3128 1070 sancta
3165 1029 3301 1068 crux
3324 1054 3341 1080 ,
3372 1019 3614 1068 testatur
3650 1013 3741 1068 lit-

2150 1116 2262 1164 tera
2291 1108 2426 1164 Novi
2455 1108 2789 1164 Testamenti
2824 1122 2985 1177 quam
3023 1107 3292 1177 scriptura
3330 1105 3466 1176 legis
3506 1107 3739 1172 veteris,

2149 1200 2273 1269 quia
2298 1201 2438 1255 dona
2467 1201 2656 1270 gratia:
2691 1199 2888 1254 divina:
2917 1213 3038 1268 quae
3066 1197 3156 1251 illa
3180 1198 3484 1268 spondebat
3516 1196 3732 1263 futura,

2150 1291 2265 1346 hare
2297 1306 2394 1361 per
2437 1291 2864 1347 incarnationem
2910 1288 3210 1344 Salvatoris
3245 1289 3555 1369 docetesse
3590 1305 3743 1345 com-

2149 1382 2322 1454 pleta;
2358 1383 2594 1453 indeque
2632 1383 2867 1438 maxime
2911 1381 3083 1437 claret
3116 1382 3258 1452 quod
3285 1381 3538 1437 Christus
3578 1382 3744 1438 Jesus

2152 1473 2411 1529 Dominus
2435 1483 2519 1529 est
2540 1474 2675 1545 legis
2696 1474 3006 1543 utriusque,
3042 1473 3171 1543 quia
3203 1474 3422 1544 proprio
3449 1489 3550 1530 ore
3574 1474 3746 1545 gemi-

2151 1582 2276 1621 nam
2316 1568 2518 1623 mundo
2560 1566 2892 1637 patefecerat
2937 1567 3214 1639 abyssum,
3261 1567 3436 1637 legem
3481 1568 3743 1622 videlicet

2152 1671 2425 1727 exponens
2473 1666 2528 1713 et
2575 1657 2922 1727 Evangelium
2973 1658 3213 1713 condens
3248 1675 3263 1712 :
3310 1666 3745 1728 sanctorumque

2153 1747 2547 1804 desideriorum
2575 1757 2698 1803 voto
2723 1748 3002 1804 reﬁciebat
3022 1749 3305 1818 antiquos,
3333 1758 3389 1803 ct
3420 1751 3743 1805 ostensione

468 1837 797 1907 crepantibus
820 1845 871 1889 et
896 1835 1300 1906 conspuentibus
1339 1836 1394 1890 in
1417 1851 1516 1889 me.
1559 1834 1628 1889 Et
1652 1834 1841 1889 levabit
1869 1835 2051 1890 Domi-
2077 1819 2125 1879 Β
2153 1841 2392 1912 ipsarum
2441 1856 2625 1896 rerum
2682 1838 2918 1896 satiabat
2958 1848 3208 1910 posteros
3228 1826 3265 1905 ,‘
3295 1841 3493 1905 bonus,
3548 1855 3742 1902 verax.

472 1943 571 1981 nus
614 1927 823 1997 signum
866 1926 920 1980 in
967 1924 1295 1990 nationibus,
1353 1934 1401 1980 et
1444 1925 1774 1996 congregabit
1800 1923 2053 1996 profugos

469 2016 664 2083 Israel,
692 2025 747 2072 et
776 2016 1005 2086 reliqua.
1048 2015 1106 2069 In
1135 2016 1220 2072 his
1248 2030 1377 2086 ergo
1403 2016 1657 2073 omnibus
1680 2016 1966 2072 sententiis
1998 2025 2055 2072 et

472 2109 549 2169 tui
580 2110 909 2165 erectionem
938 2117 995 2164 et
1019 2109 1289 2180 passionis
1311 2109 1511 2165 Christi
1533 2110 1815 2166 veritatem
1842 2109 2056 2166 Iudaeo-

471 2216 700 2271 rumque
728 2202 995 2272 expressit
1025 2202 1307 2279 smvitiam.
1348 2200 1614 2258 Jeremias
1634 2216 1763 2256 vero
1797 2200 2055 2256 describit
2079 2267 2087 2277 _

469 2293 746 2351 Christum
770 2295 926 2365 quasi
952 2310 1149 2367 agnum
1177 2296 1517 2352 innocentem
1541 2297 1761 2352 ductum
1789 2297 1907 2351 sine
1920 2311 2053 2352 voce

473 2385 542 2441 ad
565 2385 973 2451 immolandum,
1004 2386 1314 2457 lignumque
1344 2389 1396 2442 in
1424 2403 1620 2458 panem
1651 2389 1767 2460 ejus
1793 2388 2055 2444 missuros

468 2475 795 2539 incredulos,
823 2478 966 2545 quod
996 2478 1268 2548 signiﬁcat
1302 2494 1496 2549 panem
1525 2480 1649 2535 vitae
1671 2480 1725 2534 in
1759 2489 1812 2535 te
1840 2480 2055 2536 elevan-

469 2570 620 2633 dum,
652 2578 993 2640 mortemque
1018 2571 1198 2626 carnis
1223 2581 1589 2642 gustaturum.
1640 2572 1889 2629 Ezechiel
1926 2589 2054 2630 vero

474 2661 540 2727 Τ,
574 2670 663 2716 tau
700 2662 971 2728 litteram,
1029 2674 1174 2718 tuam
1221 2664 1448 2737 cfligiem
1492 2666 1840 2731 similantem,
1893 2681 2056 2736 super

470 2752 681 2811 frontes
715 2755 958 2810 virorum
1006 2758 1334 2828 gementium
1378 2767 1433 2814 et
1477 2758 1771 2814 dolentium
1806 2770 1928 2814 esse
1960 2772 2057 2827 po-

472 2848 632 2904 sitam
655 2858 968 2916 asseverat,
1013 2853 1083 2908 ob
1122 2854 1498 2909 liberationem
1535 2853 1703 2909 eladis
1739 2852 2052 2907 vastatoris.

473 2938 566 2995 Sic
587 2947 640 2993 tu
664 2956 898 3011 quoque,
929 2951 1115 2998 sancta
1143 2949 1272 2999 crux
1291 2986 1306 3009 ,
1338 2961 1444 2999 non
1478 2945 1767 2999 inﬁrmitas
1791 2944 1877 2999 vel
1899 2944 2054 3014 igno-

470 3031 656 3087 bilitas
679 3048 802 3088 esse
827 3035 1034 3090 sanctis
1060 3037 1338 3106 prophetis
1375 3047 1595 3093 ostensa
1629 3052 1689 3093 es
1707 3079 1722 3103 ,
1760 3039 1854 3092 sed
1883 3039 2056 3092 virtus

475 3124 655 3191 ﬁrma,
687 3124 804 3182 laus
844 3127 1131 3197 prmcipua,
1180 3137 1234 3183 et
1279 3130 1432 3185 navis
1469 3144 1562 3184 seu
1588 3138 1778 3199 portus
1805 3127 2057 3184 ﬁdelissi-

472 3229 594 3271 mus
624 3216 677 3270 in
707 3215 1039 3273 sublevando
1082 3218 1247 3275 totius
1297 3218 1448 3274 orbis
1491 3219 1851 3290 naufragium.
1918 3217 2054 3272 Nam

472 3306 660 3362 Daniel
682 3308 935 3378 praedixit
960 3308 1237 3367 Christum
1273 3311 1559 3367 Dominum
1599 3327 1630 3365 a
1656 3310 1877 3381 perﬁdis
1903 3309 2053 3366 occi—

472 3400 725 3465 dendum,
757 3410 812 3457 et
840 3402 920 3457 sic
967 3403 1177 3472 peccati
1215 3419 1413 3458 noxam
1445 3402 1758 3459 ﬁniendam.
1810 3401 1948 3458 Osee
1977 3401 2059 3456 in-

473 3490 849 3548 terfectionem
883 3495 1114 3560 mortis,
1161 3494 1618 3563 salvationemque
1663 3492 1919 3548 describit
1958 3507 2056 3563 po-

472 3582 624 3653 puli;
654 3591 710 3637 et
733 3581 847 3637 Joel
875 3583 1265 3638 obscuritatem
1293 3583 1530 3638 siderum
1567 3582 1622 3636 in
1653 3590 1829 3636 morte
1856 3580 2058 3637 Christi

473 3672 856 3743 praenuntiavit
896 3672 1154 3727 futuram.
1191 3672 1358 3728 Amos
1397 3671 1719 3728 festivitates
1746 3672 2059 3742 iniquorum

470 3764 526 3818 in
547 3763 749 3818 luctum
781 3763 1210 3827 convertendas,
1241 3772 1294 3817 et
1333 3762 1517 3818 omnia
1552 3762 1760 3817 cantica
1790 3776 1980 3816 eorum
2002 3761 2056 3815 in

470 3852 769 3923 planctum.
809 3852 1009 3907 Alidias
1037 3852 1190 3908 dolos
1215 3850 1525 3907 Judazorum
1552 3862 1741 3908 contra
1770 3850 2056 3906 Dominum

473 3951 529 3999 et
575 3941 831 3998 Ecclesia:
878 3943 1230 3998 salvationem
1279 3942 1565 4011 expressit.
1638 3939 1803 3997 Jonas
1842 3956 2058 4011 quoque

472 4052 572 4092 suo
602 4036 851 4106 exemplo
876 4037 1177 4091 triduanam
1215 4036 1544 4106 sepulturam
1573 4035 1785 4092 Domini
1807 4033 2056 4106 praefigu-

469 4127 632 4182 ravit.
674 4125 908 4181 Micheas
929 4126 1204 4181 Christum
1241 4135 1479 4181 montem
1509 4125 1719 4180 Domini
1759 4121 2055 4194 appellans,

474 4227 800 4275 conventum
846 4218 1166 4288 populorum
1215 4218 1282 4271 ad
1327 4217 1502 4287 ipsum
1548 4216 1818 4287 praedixit.
1884 4214 2056 4270 Naum

473 4309 705 4364 ultorem
734 4324 854 4363 esse
886 4308 1123 4362 futurum
1165 4307 1365 4378 impiis,
1412 4316 1468 4361 et
1502 4304 1893 4361 consolatorem
1928 4302 2053 4372 piis,

472 4400 759 4456 Dominum
787 4399 1056 4469 promisit.
1095 4398 1350 4454 Habacuc
1376 4411 1590 4467 quoque
1625 4395 1786 4465 plano
1810 4408 2057 4449 sermone

470 4505 673 4546 cornua
705 4499 816 4557 tua,
845 4507 878 4546 ο
910 4498 1095 4545 saneta
1120 4506 1277 4555 crux,
1298 4488 1352 4543 in
1377 4489 1626 4543 manibus
1653 4486 1853 4541 Christi
1878 4485 2054 4554 splen-
2081 4523 2132 4582 Ι)

468 4585 695 4640 dcscere
747 4592 1015 4650 testatur;
1068 4592 1124 4637 et
1172 4580 1477 4651 Sophonias
1521 4578 1808 4634 adventum
1843 4575 2052 4630 Domini

468 4676 796 4750 praenuntiat
826 4675 1097 4739 futurum,
1121 4682 1176 4729 et
1206 4673 1349 4728 diem
1377 4668 1793 4726 resurrectionis
1821 4665 1940 4736 ejus
1961 4665 2055 4719 de-

468 4768 678 4824 scribit.
703 4767 932 4837 Aggmus
960 4765 1158 4835 quippe
1183 4764 1237 4818 iu
1260 4762 1619 4819 commotione
1657 4758 1781 4814 caeli
1807 4766 1863 4813 et
1893 4765 2049 4811 terra:

467 4857 846 4912 Desideratum
861 4855 1100 4910 omnium
1116 4854 1356 4924 gentium
1383 4851 1664 4906 advenisse
1687 4856 1933 4905 testatur.
1954 4847 2053 4901 Za-

465 4947 685 5005 charias
703 4946 851 5001 videt
875 4944 1059 5000 Iesum
1082 4946 1134 4999 in
1165 4945 1406 4999 vestibus
1436 4940 1669 4998 sordidis
1697 4938 2049 4996 mortalitatis

469 5047 691 5107 nostrae,
713 5045 769 5093 et
794 5036 978 5109 plagas
998 5036 1052 5091 in
1075 5036 1324 5090 manibus
1349 5034 1466 5105 ejus
1492 5032 1646 5097 ﬁxas,
1672 5031 2053 5102 planctumque

472 5129 765 5186 multorum
807 5143 972 5199 super
1010 5143 1077 5183 eo
1124 5127 1279 5198 quasi
1320 5141 1485 5196 super
1526 5122 1835 5194 Uuigenito.
1889 5119 2053 5172 lllala—

469 5222 623 5277 chias
651 5237 868 5292 quoque
918 5222 1043 5277 licet
1078 5220 1404 5276 novissimus
1441 5219 1495 5272 in
1538 5216 1729 5273 ordine
1769 5210 2049 5269 duodecim

472 5315 863 5386 prophetarum
890 5321 1141 5383 ponatur,
1187 5311 1487 5367 luculenter
1519 5317 1700 5362 tamen
1718 5345 1733 5370 ,
1760 5312 1821 5359 ut
1843 5301 2049 5367 caeteri,

473 5404 876 5461 Dominatorem
916 5413 1072 5460 terra:
1118 5404 1183 5459 ad
1231 5401 1488 5472 templum
1533 5414 1691 5455 suum
1736 5395 1925 5451 venire
1961 5394 2055 5449 de.

471 5494 685 5558 scribit,
716 5504 774 5548 et
797 5510 1027 5566 purgare
1054 5494 1334 5548 ministros
1363 5506 1492 5546 suos
1525 5486 1929 5545 examinatione
1952 5499 2052 5537 va-

472 5585 616 5651 lida,
669 5584 811 5655 quod
856 5585 1062 5654 possint
1116 5576 1218 5653 ipsi
1262 5581 1533 5637 sacrilicia
1569 5577 1763 5632 otl‘erre
1806 5573 2049 5646 justitite.

473 5675 601 5733 Haec
626 5685 819 5733 cuneta
848 5674 1036 5731 salutis
1058 5675 1196 5729 dona
1240 5680 1297 5728 et
1333 5670 1510 5726 valida
1544 5668 1748 5738 judicia
1779 5666 1832 5720 in
1863 5673 1917 5720 te
1938 5679 2055 5735 per-

479 5770 760 5838 petranda,
790 5784 824 5829 o
859 5775 1046 5824 sant-ta
1077 5781 1209 5838 crux
1237 5762 1466 5828 Christi,
1510 5760 1684 5816 sancti
1705 5756 2051 5815 concorditer

2153 1931 2406 1987 omnibus
2430 1945 2635 2001 aequus.
2684 1928 2833 1985 Unde
2856 1930 2917 1984 ﬁt
2943 1930 3089 1999 quod
3115 1929 3447 2000 apostolicus
3469 1937 3660 1985 certus
3681 1931 3745 1984 de

2155 2032 2245 2079 tua
2286 2022 2626 2078 sanctissima
2682 2021 3088 2077 constructione
3155 2034 3464 2075 sermonem
3516 2019 3747 2088 protulit

2144 2112 2617 2183 iocundissimum,
2644 2111 2896 2182 factaque
2924 2120 3016 2166 tua
3051 2110 3337 2182 magniﬁca
3379 2109 3747 2165 saluberrimo

2153 2206 2390 2262 ostendit
2413 2205 2609 2260 relatu.
2636 2203 2772 2259 Nam
2794 2202 2989 2258 Petrus
3005 2243 3022 2270 ,
3053 2203 3145 2272 qui
3182 2201 3236 2255 in
3262 2199 3641 2270 apostolorum
3662 2216 3748 2254 or-

2153 2300 2278 2355 dine
2305 2298 2511 2369 primus
2540 2305 2654 2363 est,
2698 2295 2910 2352 fortiter
2935 2295 3002 2350 de
3026 2302 3081 2349 te
3113 2294 3483 2364 persuasionis
3514 2294 3748 2364 sumpsit

2158 2388 2489 2459 exemplum,
2517 2386 2590 2441 ita
2620 2386 2842 2442 dicens:
2872 2382 3114 2438 Christus
3142 2400 3236 2452 pro
3261 2383 3409 2437 nobis
3428 2399 3624 2452 passus
3650 2394 3746 2447 est,

2155 2480 2366 2549 fratres,
2398 2478 2538 2533 vobis
2566 2477 2862 2548 relinquens
2891 2474 3184 2545 exemplum
3205 2514 3222 2537 ,
3255 2482 3311 2526 ut
3339 2473 3643 2544 sequamini
3670 2490 3749 2525 re-

2153 2573 2312 2643 stigia
2357 2573 2493 2643 ejus.
2562 2572 2631 2626 Et
2680 2572 2808 2626 item
2839 2589 2852 2625 :
2884 2570 3127 2629 Peccata,
3177 2568 3382 2637 inquit,
3415 2577 3601 2621 nostra
3639 2569 3748 2637 ipse

2154 2663 2364 2733 pertulit
2396 2664 2451 2717 in
2478 2680 2692 2733 corpore
2719 2679 2815 2717 suo
2834 2677 2991 2732 super
3017 2659 3240 2730 lignum,
3268 2668 3325 2713 ut
3353 2660 3586 2729 peccatis
3606 2676 3751 2713 mor-

2155 2754 2252 2819 tui,
2282 2754 2511 2824 justitt'te
2534 2754 2768 2808 vivamus
2795 2770 2813 2807 :
2844 2752 2997 2823 cujus
3027 2750 3186 2804 livore
3220 2750 3395 2804 sanati
3430 2751 3581 2803 estis.
3612 2749 3748 2806 Hinc

2156 2859 2370 2914 quoque
2406 2844 2569 2898 credo
2614 2844 2757 2911 quod
2804 2842 2919 2911 ipse
2962 2840 3054 2910 qui
3092 2853 3191 2908 pro
3225 2838 3406 2908 impiis
3428 2847 3480 2893 et
3514 2840 3749 2910 ingratis

2157 2935 2391 2990 animam
2415 2948 2565 2989 suam
2606 2933 2816 3002 posuit,
2865 2932 2934 2986 ad
2970 2931 3286 2985 devotorum
3314 2934 3474 2997 atquc
3502 2927 3747 2984 ﬁdelium

2157 3025 2257 3082 sibi
2290 3040 2480 3096 preces
2503 3040 2662 3079 aures
2696 3038 2806 3078 sua:
2838 3021 3056 3094 pietatis
3080 3019 3322 3075 inclinet.
3381 3019 3621 3075 Proinde
3646 3036 3749 3092 ego

2159 3115 2346 3182 miser,
2395 3116 2439 3171 si
2484 3113 2896 3170 honoriﬁcentia
2945 3110 3062 3181 ejus
3104 3109 3320 3179 aliquod
3359 3111 3750 3166 munusculum

2083 3166 2127 3228 Ο
2160 3204 2472 3277 dignabitur
2523 3205 2658 3258 artis
2702 3204 2950 3257 humanm
2995 3201 3262 3270 accipere,
3302 3199 3406 3256 hoc
3437 3216 3668 3256 carmen
3696 3201 3749 3256 ei

2158 3310 2368 3351 summo
2410 3296 2532 3350 nisu
2578 3302 2706 3365 opto
2747 3293 2980 3358 offerre,
3026 3293 3153 3364 quia
3199 3292 3254 3346 in
3290 3290 3409 3361 ejus
3441 3292 3745 3348 bonitatem

2157 3385 2369 3441 conﬁdo
2400 3385 2542 3455 quod
2572 3386 2674 3455 piae
2696 3383 3000 3439 devotionis
3028 3396 3256 3437 munera
3283 3381 3386 3451 ipsi
3415 3397 3525 3436 non
3559 3382 3747 3453 displi-

2156 3485 2334 3540 ceant,
2364 3476 2406 3531 si
2436 3474 2965 3546 perseveraverimus
3006 3472 3061 3527 in
3104 3487 3235 3526 vera
3276 3470 3623 3526 confessione
3648 3488 3745 3527 no-

2156 3570 2320 3625 minis
2350 3568 2487 3640 ejus.
2536 3567 2636 3622 Ast
2676 3582 2776 3623 nos
2818 3566 3009 3621 beatus
3045 3563 3282 3620 Iacobus
3314 3561 3594 3631 apostolus
3619 3563 3746 3617 hinc

2156 3661 2497 3720 exhortatur,
2527 3658 2832 3729 exemplum
2863 3656 3138 3727 patientiae
3158 3653 3360 3709 Christi
3383 3653 3538 3707 noliis
3560 3662 3747 3708 osten-

2156 3753 2291 3808 dens
2315 3769 2330 3804 :
2369 3749 2700 3819 Exemplum,
2731 3747 2926 3816 inquit,
2952 3744 3192 3815 accipite,
3220 3743 3435 3812 fratres,
3471 3741 3672 3796 laboris
3694 3753 3743 3795 et

2154 3844 2442 3914 patientia,
2469 3841 2780 3913 prophetas,
2828 3838 2917 3909 qui
2961 3836 3121 3890 locuti
3149 3844 3272 3889 sunt
3314 3834 3369 3887 in
3399 3834 3612 3887 nomine
3638 3831 3747 3885 Do-

2154 3935 2286 3988 mini
2309 3932 2436 3988 Iesu
2479 3930 2702 3986 Christi.
2757 3928 2892 3982 Ecce
2942 3925 3303 3994 beati/icamus
3346 3923 3435 3993 qui
3481 3921 3748 3975 sustinue-

2157 4002 2299 4079 runt.
2359 4021 2730 4093 Su/ferentiam
2773 4018 2873 4073 Job
2917 4016 3181 4078 audistis,
3218 4021 3273 4087 et
3316 4012 3472 4082 ﬁnem
3525 4011 3745 4065 Domini

2155 4114 2379 4171 vidistis.
2440 4112 2577 4167 Hine
2610 4119 2665 4165 et
2712 4109 2939 4172 dilectus
2979 4104 3190 4160 Domini
3233 4102 3471 4159 Joannes
3514 4103 3584 4157 ad
3620 4118 3743 4155 mu-

2157 4214 2303 4260 tuam
2330 4202 2669 4259 dilectionem
2694 4214 2794 4253 nos
2811 4203 3091 4268 provocat,
3120 4193 3397 4249 Christum
3426 4193 3743 4248 inmedium

2154 4293 2465 4366 proferens,
2515 4298 2574 4345 ut
2621 4291 2764 4345 sicut
2810 4288 2925 4358 ipse
2974 4301 3075 4357 pro
3101 4285 3258 4341 nobis
3300 4285 3535 4338 animam
3583 4300 3742 4339 suam

2155 4383 2353 4455 posuit,
2385 4381 2460 4435 ita
2483 4389 2540 4435 et
2574 4393 2673 4434 nos
2700 4393 2800 4449 pro
2823 4376 3081 4431 fratribus
3103 4375 3303 4430 nostris
3332 4373 3541 4428 animas
3572 4388 3745 4443 pona-

2157 4489 2297 4530 mus.
2340 4471 2509 4527 Judas
2535 4483 2749 4539 quoque
2774 4482 2963 4522 servus
2985 4464 3216 4528 Christi,
3244 4463 3411 4517 frater
3438 4472 3624 4516 autem
3651 4461 3744 4517 Ia-

2157 4565 2276 4623 cobi
2297 4604 2312 4629 ,
2366 4561 2466 4618 sub
2494 4559 2740 4629 exemplo
2767 4556 2894 4612 Jesu
2935 4555 3268 4611 successoris
3294 4553 3483 4624 Moysi,
3517 4554 3741 4609 detuon.

2155 4654 2349 4711 stravit
2374 4650 2558 4708 Jesum
2591 4651 2871 4707 Christum
2901 4648 3154 4704 eduxisse
3180 4662 3279 4701 nos
3308 4662 3408 4716 per
3433 4661 3656 4701 crucem
3677 4647 3742 4701 de

2156 4744 2418 4819 spirituali
2445 4742 2707 4815 Aigypto,
2742 4742 2793 4796 id
2827 4748 2942 4805 est,
2981 4740 3046 4793 de
3076 4746 3343 4809 potestate
3366 4735 3740 4801 tenebrarum,

2154 4845 2209 4892 ct
2232 4834 2537 4890 incredulos
2560 4832 2875 4903 perdidisse.
2904 4829 3100 4885 Paulus
3128 4843 3258 4897 ergo
3292 4842 3399 4882 non
3436 4826 3737 4897 paululum,

2158 4932 2252 4987 sed
2277 4929 2563 5001 magniﬁce
2590 4929 2655 4983 de
2680 4936 2731 4982 te
2767 4926 2979 4981 locutus
3004 4934 3110 4984 est,
3139 4923 3231 4992 qui
3255 4921 3597 4977 auditoribus
3628 4923 3740 4976 suis

2155 5022 2268 5075 ait:
2301 5017 2424 5073 Non
2455 5019 2592 5071 enim
2612 5017 2796 5088 judico
2829 5032 2910 5069 me
2934 5015 3068 5068 inter
3103 5028 3192 5066 vos
3230 5008 3433 5081 aliquid
3473 5009 3610 5063 scire
3640 5008 3741 5063 nisi

2155 5109 2418 5165 Christum
2446 5108 2652 5173 Iesum,
2681 5118 2728 5163 et
2754 5109 2891 5162 hunc
2919 5106 3255 5175 cruciﬁxum.
3310 5102 3378 5157 Et
3401 5101 3735 5156 contradixit

2154 5201 2256 5256 sibi
2287 5200 2536 5270 gloriari,
2570 5200 2674 5255 nisi
2711 5200 2765 5254 in
2798 5213 2960 5254 cruce
2985 5195 3200 5253 Domini
3230 5192 3402 5249 nostri
3429 5190 3558 5247 Jesu
3585 5191 3740 5246 Chri-

2154 5292 2247 5358 sti,
2277 5307 2373 5362 pcr
2395 5306 2556 5362 quem
2581 5290 2659 5346 illi
2680 5290 2909 5346 mundus
2929 5286 3222 5344 cruciﬁxus
3247 5284 3338 5350 sit,
3362 5291 3419 5338 ct
3441 5283 3559 5353 ipse
3583 5298 3741 5337 inun—

2154 5386 2243 5451 do,
2292 5385 2678 5453 Christumque
2727 5381 2960 5437 afﬁrmat
3003 5387 3225 5449 propter
3273 5384 3508 5431 mortem
3562 5375 3742 5428 crucis

2155 5479 2430 5549 accepisse
2455 5485 2779 5548 potestatem
2816 5476 2868 5529 in
2901 5474 3039 5530 cmlo
3079 5480 3135 5528 et
3175 5471 3230 5525 in
3268 5476 3412 5523 terra
3453 5474 3510 5522 et
3551 5468 3739 5522 subtus

2155 5580 2377 5634 terram,
2410 5569 2485 5624 ita
2527 5578 2583 5622 ut
2623 5569 2680 5622 in
2716 5568 2923 5621 nomine
2948 5564 3076 5620 Iesu
3116 5578 3267 5617 omne
3304 5576 3439 5632 genu
3472 5560 3738 5628 ﬂectatur,

2155 5662 2463 5727 ctelestium,
2484 5660 2806 5714 terrestrium
2834 5668 2881 5712 et
2910 5657 3264 5727 infernarum,
3287 5662 3335 5707 et
3365 5651 3537 5705 omnis
3562 5648 3739 5717 lingua

2154 5751 2467 5820 conﬁteatur
2492 5750 2615 5822 quia
2644 5749 2900 5805 Dominus
2929 5747 3086 5803 Iesus
3122 5747 3177 5802 in
3207 5743 3373 5813 qloria
3409 5750 3484 5795 est
3510 5739 3611 5795 Dei
3640 5735 3739 5791 Pa-
