3970 6454
210 399 314 459 2'35

901 396 986 451 DE
1023 395 1467 452 CLERICORUM
1504 393 2010 464 INSTITUTIONE,
2052 397 2203 454 ETC.
2242 428 2315 439 —
2352 398 2777 457 EPIGRAMMA.

3354 408 3455 467 294

212 516 327 571 tris.
360 512 522 577 Ecce,
577 517 762 566 sancta
814 524 947 565 crux
1005 509 1226 574 Christi,
1276 508 1603 579 apostolicus
1647 507 1783 563 ordo
1816 508 2166 573 A'cruciﬁxio
2215 517 2388 564 totum
2437 509 2581 579 quod
2618 511 2674 565 in
2727 527 2815 568 me
2866 513 2963 569 tibi
3011 517 3343 574 contrarium
3385 523 3460 577 sit

211 618 371 675 quam
389 600 651 657 concinne
672 599 909 669 antiquis
924 599 1199 668 prophetis
1214 606 1335 653 tuas
1350 598 1533 653 laudes
1554 596 1779 668 profert,

209 694 285 749 ita
318 699 379 747 ut
405 692 464 745 in
496 689 645 745 nullo
675 688 977 753 dissentiat,
1015 702 1138 743 cum
1159 703 1222 742 ea
1248 702 1367 757 qua:
1396 687 1495 756 ipsi
1526 687 1782 758 prazcine-

209 782 338 839 bant
372 781 593 844 futura,
639 778 726 833 isti
760 777 813 831 in
856 786 909 832 te
948 776 1211 848 completa
1250 775 1538 843 atlirment,
1571 777 1696 846 quia
1725 784 1782 831 tu

204 886 345 928 vera:
373 870 677 926 concordia:
701 870 913 939 signum
938 868 1183 924 cmlestia
1207 869 1368 925 simul
1395 877 1451 925 et
1477 870 1777 938 terrestria,

206 972 385 1020 vetera
413 972 471 1018 et
494 978 635 1018 nova
666 962 845 1017 omnia
870 961 1140 1033 perficias.

735 1092 963 1150 CAPUT
1012 1092 1245 1151 XXVIII.

201 1211 275 1266 De
296 1211 468 1282 ﬁgura
510 1209 758 1264 vicesima
791 1219 972 1262 octava
1001 1248 1017 1272 ,
1050 1208 1145 1282 _ubi
1188 1207 1365 1279 opifex
1403 1211 1512 1281 ipse
1538 1220 1775 1266 sanctam

756 1295 962 1332 crucem
990 1279 1200 1333 adorat.

266 1411 624 1481 Omnipotens
649 1407 927 1478 maiestas,
962 1407 1133 1463 virtus
1155 1408 1391 1475 excelsa,
1422 1417 1638 1465 creator
1665 1426 1775 1467 car-

201 1505 407 1558 lestium
437 1509 494 1556 et
519 1500 779 1556 formator
808 1499 1143 1554 terrestrium
1162 1539 1177 1564 ,
1220 1500 1482 1555 Dominus
1521 1499 1662 1556 Deus
1688 1517 1775 1556 sa-

204 1593 379 1657 baoth,
410 1592 502 1662 qui
530 1606 692 1646 verus
721 1590 966 1646 conditor
983 1598 1037 1645 et
1055 1590 1363 1662 redemptor
1383 1608 1443 1647 es
1469 1592 1769 1659 hominum,

198 1693 251 1739 tu
299 1684 413 1739 laus
468 1691 656 1738 nostra
688 1698 769 1748 es,
827 1690 885 1737 tu
931 1683 1104 1737 virtus
1147 1691 1204 1738 et.
1244 1684 1415 1754 gloria
1442 1700 1565 1740 cum
1597 1685 1772 1739 salute

196 1791 338 1841 vera,
374 1783 427 1829 tu
456 1791 519 1830 es
560 1774 675 1830 Rex
710 1789 919 1845 regum,
959 1782 1015 1827 tu
1051 1774 1239 1829 doctor
1272 1773 1652 1846 ignorantium,
1688 1791 1772 1831 re-

1881 608 2203 667 consumat,
2252 610 2308 657 et
2351 602 2626 658 carnalem
2673 613 2865 659 aestum
2894 613 3169 677 temperet,
3202 610 3337 665 iram
3360 628 3453 668 ex-

1880 692 2146 763 stinguat,
2178 692 2413 763 linguam
2460 709 2490 749 a
2518 709 2685 764 pravo
2716 703 2773 751 et
2797 697 3102 768 vaniloquio
3128 712 3454 772 compescat,

1879 791 1934 837 et
1959 782 2178 852 pietatis
2196 784 2358 839 verba
2392 785 2445 839 in
2470 801 2532 841 os
2572 802 2752 841 meum
2787 782 3043 857 reponat;
3079 806 3293 846 omnem
3330 808 3455 862 pcr-

1877 874 2241 928 turbationem
2287 875 2483 930 mentis
2526 876 2809 945 pacificet,
2860 887 2917 931 et
2959 877 3123 934 vitam
3170 880 3454 936 honestam

1877 966 2126 1022 deducat.
2163 966 2307 1037 Ergo
2335 969 2549 1037 quando
2577 968 2862 1025 adveneris
2882 1010 2896 1035 ,
2934 970 3159 1028 Domine
3185 972 3334 1039 Iesu,
3366 973 3452 1042 ju-

1876 1058 2057 1114 dicare
2081 1059 2234 1113 vivos
2277 1075 2341 1115 ac
2375 1069 2618 1116 mortuos
2658 1077 2720 1117 ac
2752 1062 3004 1119 saeculum
3032 1079 3126 1134 per
3160 1066 3362 1134 ignem,
3396 1076 3454 1122 et

1874 1151 2274 1221 consumpserit
2297 1151 2513 1207 flamma
2557 1155 2899 1212 adversarios
2932 1166 3080 1224 tuos,
3131 1174 3319 1216 omnes
3357 1161 3451 1232 qui

1874 1243 2105 1297 oderunt
2147 1257 2341 1297 nomen
2386 1250 2536 1297 tuum
2581 1243 2635 1298 in
2680 1245 2973 1302 novissima
3006 1251 3131 1304 tuba
3158 1259 3214 1304 et
3244 1260 3447 1321 tempe-

1873 1339 2014 1387 state
2052 1332 2227 1388 valida
2250 1373 2266 1400 ,
2304 1333 2519 1403 quando
2564 1335 2861 1390 secundum
2904 1338 3253 1409 Evangelium
3294 1351 3447 1396 tuum

1873 1422 2154 1492 apparebit
2179 1423 2390 1493 signum
2423 1421 2518 1478 filii
2546 1425 2780 1479 hominis
2822 1427 2876 1480 in
2916 1428 3072 1490 cmlo,
3113 1440 3168 1484 et
3194 1430 3450 1502 plangent

1872 1527 2033 1582 super
2056 1529 2116 1569 se
2150 1528 2340 1569 omnes
2384 1515 2557 1570 tribus
2602 1522 2792 1582 terrm,
2841 1516 3113 1574 intuentes
3158 1520 3213 1574 in
3237 1534 3359 1575 eum
3392 1522 3447 1577 in

1871 1617 2031 1672 quem
2058 1611 2399 1674 pupugerunt
2424 1622 2435 1658 :
2468 1605 2693 1661 obsecro
2723 1613 2779 1660 ut
2816 1616 2944 1663 tunc
2985 1625 3015 1663 a
3041 1608 3270 1665 ﬂammis
3293 1613 3449 1666 ultri-

1872 1694 2024 1749 cibus
2072 1703 2255 1749 sancta
2300 1712 2437 1750 crux
2485 1712 2573 1751 me
2616 1697 2853 1768 eripiat,
2904 1707 3066 1769 atque
3094 1703 3163 1756 ab
3200 1703 3279 1757 ira
3309 1703 3446 1775 Agni

1870 1786 2146 1855 proprium
2195 1795 2409 1856 poetam
2451 1787 2722 1855 defendat,
2764 1791 2850 1845 cui
2890 1807 3029 1846 cano
3065 1809 3281 1850 carmen
3309 1812 3447 1866 prte-

195 1874 311 1922 ctor
343 1865 578 1921 ﬁdelium
609 1875 663 1921 et
690 1865 949 1937 magister
974 1866 1328 1933 credentium,
1354 1875 1408 1922 tu
1445 1883 1688 1925 summus
1715 1878 1770 1925 et
1797 1867 1844 1925 B
1873 1892 2015 1941 sens,
2049 1884 2105 1932 et
2128 1877 2333 1931 utinam
2360 1893 2531 1947 usque
2560 1878 2612 1933 in
2642 1879 2804 1934 linem
2838 1881 2962 1937 vitae
2990 1897 3123 1938 mea:
3144 1865 3340 1953 placita
3371 1886 3444 1940 illi

192 1957 443 2027 princeps
494 1970 555 2011 es
605 1964 906 2027 pastorum,
959 1963 1019 2010 tu
1063 1956 1185 2028 pius
1234 1966 1511 2028 protector
1554 1967 1767 2014 tuarum

191 2048 371 2102 ovium
394 2086 410 2114 ,
437 2056 496 2102 tu
524 2056 707 2103 sancte
730 2046 979 2103 Salvator
1003 2056 1193 2103 auctor
1212 2064 1272 2105 es
1298 2051 1461 2105 totius
1482 2051 1628 2117 boni,
1661 2052 1768 2106 dux

191 2136 386 2203 bonus,
418 2134 503 2191 via
546 2145 712 2205 recta,
760 2137 852 2192 lux
873 2153 1004 2194 vera
1028 2146 1084 2194 et
1106 2140 1219 2194 vita
1252 2149 1533 2211 perpetua,
1558 2156 1769 2199 merces

190 2228 335 2283 clara
366 2237 420 2284 et
442 2230 643 2284 ostium
669 2229 857 2286 salutis
876 2238 1115 2287 aeternae.
1162 2231 1242 2286 Ex
1274 2240 1326 2286 te
1353 2233 1529 2288 omnis
1552 2249 1765 2301 sensus,

190 2332 308 2380 vox,
340 2317 565 2373 verbum
598 2327 653 2373 et
686 2321 947 2375 virtutum
976 2322 1217 2375 omnium
1256 2322 1465 2378 fructus
1499 2323 1761 2393 procedit.

190 2410 265 2465 Ad
289 2417 340 2465 te
363 2404 493 2481 ergo
525 2412 696 2468 direxi
725 2427 1031 2470 sermonem
1058 2414 1112 2469 in
1138 2416 1434 2486 primordio
1454 2416 1615 2485 hujus
1631 2434 1763 2489 ope-

189 2500 282 2564 ris,
328 2510 381 2557 et
434 2518 771 2576 qumcunque
813 2505 869 2560 in
913 2508 1263 2578 sequentibus
1291 2509 1491 2573 addidi,
1521 2509 1588 2563 ad
1617 2518 1763 2563 tuam

189 2593 388 2649 laudem
417 2598 705 2666 pervenire
725 2599 924 2669 optavi.
962 2599 1071 2656 Cor
1093 2615 1272 2656 meum
1299 2600 1368 2655 ad
1399 2608 1452 2656 te
1479 2616 1537 2656 se
1565 2600 1759 2666 elevat,

191 2689 379 2744 mentis
413 2705 553 2746 mea:
604 2699 713 2746 tota
756 2692 982 2748 intentio
1027 2692 1095 2748 ad
1150 2701 1202 2748 te
1247 2693 1472 2759 clamat,
1499 2693 1761 2764 quidquid

188 2795 404 2849 usquam
447 2782 633 2855 lingua
677 2793 839 2840 rectae
883 2784 1238 2841 confessionis
1267 2800 1363 2840 seu
1388 2800 1582 2839 manus
1605 2786 1761 2841 bona:

189 2872 514 2940 operationis
541 2889 663 2928 cum
688 2874 969 2930 devotione
989 2876 1091 2945 pim
1117 2876 1313 2931 utentis
1337 2874 1562 2946 profert,
1590 2883 1759 2931 totum

191 2960 254 3013 ad
281 2959 492 3017 laudem
520 2970 666 3017 tuam
695 2964 949 3033 pertinet.
988 2964 1176 3021 Omnia
1209 2980 1439 3035 namque
1474 2974 1526 3019 te
1559 2966 1761 3036 gloritl-

188 3058 382 3106 cantet
403 3053 750 3119 benedicunt,
796 3071 917 3126 quae
952 3056 1007 3111 in
1050 3056 1175 3111 imis
1211 3064 1266 3111 et
1293 3072 1413 3126 qua:
1434 3056 1487 3111 in
1511 3057 1759 3128 supernis

188 3148 326 3205 sunt,
355 3156 457 3198 nec
482 3158 592 3198 non
628 3152 683 3199 et
708 3160 808 3216 ego
848 3160 976 3214 pars
1004 3145 1227 3200 minima
1255 3156 1359 3201 tua:
1385 3156 1670 3210 creatura),
1702 3155 1756 3202 te

1868 1976 1922 2022 et
1958 1967 2253 2023 honorifica
2299 1983 2514 2039 semper
2562 1971 2862 2035 decantem,
2910 1973 3165 2029 minimus
3201 1975 3444 2033 omnium

1867 2074 2147 2115 servorum
2176 2068 2387 2115 tuorum
2410 2070 2464 2116 et
2487 2069 2740 2131 peccator
2762 2061 3044 2128 Rabanus,
3069 2065 3296 2135 hymnis,
3328 2066 3445 2121 lau-

1866 2150 2043 2215 dibus,
2069 2151 2254 2216 eorde,
2281 2166 2398 2217 ore,
2423 2167 2585 2205 manu
2610 2159 2665 2206 et
2689 2153 2854 2207 totius
2876 2162 3026 2224 gestu
3050 2154 3314 2225 corporis,
3339 2156 3444 2212 hoc

1865 2255 2082 2309 semper
2102 2254 2442 2306 memorans,
2489 2251 2688 2310 quanta
2717 2243 2956 2298 bonitate
2989 2259 3088 2298 nos
3117 2252 3171 2299 tu
3199 2246 3444 2302 conditor

1862 2340 2051 2387 noster
2072 2333 2295 2398 creasti,
2331 2340 2386 2398 et
2419 2343 2621 2402 quanta
2648 2334 2850 2404 pietate
2882 2336 3180 2402 redemisti,
3219 2352 3342 2391 cum
3372 2339 3440 2392 ab

1864 2420 2059 2475 inferni
2089 2436 2310 2476 carcere
2332 2429 2387 2477 et
2414 2423 2674 2493 gehennm
2700 2423 2915 2479 ﬂamma
2951 2441 3050 2480 nos
3074 2426 3333 2482 liberasti.
3374 2427 3443 2481 Et

1861 2526 2025 2576 nunc,
2060 2512 2203 2565 bone
2227 2510 2499 2578 Salvator,
2528 2513 2788 2583 deprecor
2813 2523 2874 2569 ut
2901 2515 2996 2571 des
3032 2516 3164 2571 mihi
3200 2517 3440 2586 requiem

1861 2602 2008 2657 illam
2034 2617 2197 2671 quam
2223 2602 2472 2659 fidelibus
2499 2605 2609 2660 tuis
2655 2606 2985 2676 promiseras
3021 2615 3074 2662 te
3111 2609 3358 2663 daturum
3386 2607 3442 2661 in

1862 2706 1990 2747 arce
2016 2691 2283 2762 polorum,
2309 2693 2400 2747 ubi
2424 2708 2549 2749 vere
2578 2694 2806 2764 pepulus
2832 2703 2955 2750 tuus
2979 2695 3297 2761 sabbatizat,
3320 2695 3444 2750 sab—

1859 2782 1988 2837 bato
2028 2782 2253 2853 perenni
2295 2783 2501 2839 fruens.
2558 2783 2782 2839 Interim
2809 2800 3043 2855 quoque,
3072 2786 3308 2854 quandiu
3337 2786 3442 2840 sim

1859 2872 1913 2926 in
1953 2872 2054 2927 hoc
2094 2872 2453 2942 corpusculo,
2503 2872 2673 2943 dirige
2725 2889 2811 2929 me
2859 2875 2911 2928 in
2947 2875 3140 2929 semita
3188 2885 3332 2929 recta
3383 2876 3443 2927 ti-

1860 2961 1944 3018 dei
1990 2962 2289 3028 catholicae,
2333 2970 2572 3017 sustenta
2616 2963 2772 3017 firma
2822 2979 2938 3033 spe,
2979 2963 3138 3018 reﬁce
3174 2971 3265 3017 tua
3302 2962 3438 3018 dile-

1859 3056 2057 3120 ctione,
2088 3065 2146 3109 ut
2174 3055 2287 3125 ipse
2314 3054 2446 3109 mihi
2472 3055 2544 3111 sis
2577 3055 2914 3126 refrigerium
2941 3057 2993 3111 in
3032 3056 3135 3122 via,
3160 3070 3320 3125 quem
3351 3068 3441 3109 re-

1858 3145 2038 3215 quiem
2087 3144 2335 3200 desidero
2377 3143 2577 3199 habere
2618 3145 2673 3199 in
2718 3145 2912 3216 patria.
2965 3145 3096 3201 Sine
3146 3145 3250 3200 ulla
3296 3145 3443 3200 enim

187 3230 463 3290 Dominum
513 3252 701 3291 verum
758 3237 982 3309 supplex
1033 3248 1088 3293 et
1134 3239 1288 3294 lmtus
1334 3239 1500 3295 adoro
1524 3280 1539 3305 ,
1591 3250 1754 3309 atque
1781 3224 1825 3287 C
1858 3232 2171 3299 difﬁdentia,
2197 3233 2377 3288 omnia
2401 3234 2665 3305 promissa
2697 3243 2784 3289 tua
2812 3236 2973 3290 credo
3000 3249 3120 3291 esse
3142 3235 3439 3300 verissima,

187 3327 325 3381 cruci
375 3337 480 3383 tua;
531 3330 798 3386 submisse
844 3339 899 3386 ct
946 3332 1223 3386 humiliter
1262 3331 1503 3386 salutans
1524 3330 1648 3386 dico
1674 3351 1686 3386 :
1712 3330 1757 3387 Ο
1851 3326 2052 3397 judicia
2089 3336 2181 3381 tua
2221 3328 2544 3398 pertimesco
2587 3328 2908 3391 rectissima,
2951 3327 3091 3381 dona
3133 3335 3220 3381 tua
3251 3340 3444 3395 exspe-

188 3413 382 3485 lignum
414 3420 577 3475 vitale
612 3431 668 3476 et
701 3438 795 3477 ara
829 3423 1130 3490 salutifera,
1163 3433 1215 3479 te
1245 3425 1427 3488 adoro,
1458 3440 1607 3493 spem
1635 3425 1758 3480 vita:

187 3509 722 3587 arternzedeprecans
742 3554 756 3576 ,
803 3520 864 3566 ut
909 3529 1010 3583 per
1039 3521 1091 3567 te
1118 3521 1445 3567 structuram
1485 3514 1760 3569 sanctissi-

187 3612 322 3653 mam
359 3602 539 3657 hostia
566 3615 717 3675 grata
746 3607 860 3661 Deo
882 3608 1098 3662 oblatus
1124 3608 1375 3663 existam.
1434 3609 1547 3663 Hoc
1577 3625 1756 3665 meum

186 3696 262 3743 est
293 3691 652 3760 desiderium,
679 3697 782 3751 hoc
804 3697 1011 3753 validus
1041 3699 1242 3753 amoris
1278 3697 1478 3766 fervor,
1523 3701 1623 3755 hoc
1644 3709 1757 3755 tota

188 3778 413 3835 intentio
440 3785 639 3839 mentis
678 3794 733 3840 et
760 3786 958 3842 famina
1001 3789 1196 3861 linguae
1219 3801 1467 3857 exorant,
1495 3792 1600 3847 hoc
1628 3808 1755 3848 esu-

190 3869 290 3925 ries
323 3874 510 3929 cordis
537 3883 593 3929 et
618 3876 736 3932 sitis
769 3888 847 3933 est
878 3881 1071 3936 anima:
1091 3923 1106 3947 ,
1151 3890 1212 3936 ut
1246 3898 1342 3953 per
1362 3883 1629 3952 passionis
1653 3892 1757 3939 tute

190 3963 414 4030 gratiam
442 3981 529 4021 me
561 3968 654 4023 tibi
685 3970 923 4025 oblatum
954 3970 1214 4028 famulum
1241 3974 1525 4044 suscipias,
1559 3984 1757 4045 tuaque

1858 3430 1950 3475 cto
1984 3419 2312 3474 dulcissima.
2361 3418 2564 3475 Przesta
2593 3428 2654 3473 ut
2679 3419 2731 3472 in
2760 3427 2810 3473 te
2834 3419 3071 3488 gaudens
3107 3426 3281 3472 tecum
3312 3428 3445 3487 per-

1859 3528 2105 3569 maneam
2136 3514 2190 3568 in
2218 3522 2417 3569 mterna
2446 3512 2648 3568 laetitia.
2693 3511 2737 3567 Ο
2774 3527 2907 3567 crux
2942 3510 3083 3565 alma
3123 3509 3241 3576 Dei,
3273 3524 3445 3579 usque

1859 3608 1986 3671 huc,
2022 3613 2284 3677 quantum
2324 3604 2496 3676 potui,
2541 3604 2754 3659 laudem
2793 3612 2938 3658 tuam
2964 3602 3165 3666 cecini;
3196 3600 3289 3655 scd
3313 3600 3442 3670 quia

1861 3700 2194 3769 triumphum
2230 3708 2506 3769 perpetem
2536 3698 2770 3768 expetis,
2808 3710 2965 3765 quem
2996 3695 3047 3749 in
3088 3693 3175 3748 his
3200 3691 3443 3747 mortali-

1862 3790 1962 3844 bus
1984 3789 2212 3860 pleniter
2236 3797 2289 3844 et
2313 3787 2548 3859 perfecte
2579 3802 2683 3842 non
2708 3787 2935 3849 invenis,
2961 3784 3146 3840 confer
3173 3792 3224 3837 te
3246 3781 3314 3836 ad
3334 3796 3446 3836 cm-

1861 3881 2014 3935 lcstia
2055 3879 2365 3950 angelorum
2404 3879 2637 3950 agmina,
2676 3877 2857 3947 ibique
2894 3876 2991 3932 tibi
3031 3874 3148 3929 laus
3183 3878 3444 3943 perpetua

1861 3987 1958 4042 per
1983 3979 2182 4026 cuncta
2209 3968 2420 4023 sonabit
2441 3967 2657 4022 smcula.

1159 4096 3429 4141 mm

195 4099 1222 4138 ========

770 4247 1343 4362 ΒΕΔΤῙ
1417 4252 1765 4365 ΒΔΕ

1866 4249 2166 4364 IN!
2240 4244 2850 4361 ΜΔΙῘΒῙ

925 4479 1635 4555 ΡυιῡΕΝδῐὸζΑΒΒΑΤΙΞ
1667 4480 1758 4538 ΕΤ

1866 4478 2179 4538 )GUNTINI
2213 4476 2733 4537 ARCHIEPISCOPI

492 4660 731 4789 ΒΕ
831 4661 1857 4812 CLERICORUM
1952 4660 3076 4790 INSTITUTIONE

1191 4895 1288 4952 an
1324 4894 1820 4955 HElS’l‘ULPHUM
1856 4876 2456 4950 ARCHIEPISCOPUM

1356 5053 1572 5116 LIBRI
1616 5052 1839 5114 TRES.
1887 5052 2131 5134 (ANNO
2172 5049 2341 5134 819.)

958 5282 1050 5338 AD
1087 5281 1409 5339 FBATRES
1446 5283 1854 5341 FULDENSES
1890 5279 2294 5340 EPIGRAMMA
2331 5276 2662 5336 EJUSDEDL

268 5502 475 5560 Cernite
499 5504 628 5576 quid
663 5503 851 5570 voluit,
883 5503 1092 5567 fratres,
1119 5506 1384 5561 sententia
1408 5505 1563 5578 legis,
1595 5553 1600 5558 .

337 5598 463 5662 Quae
493 5597 713 5651 mandat
740 5596 845 5651 rite
875 5611 1099 5652 noscere
1140 5597 1300 5652 verba
1326 5597 1442 5652 Dei.

271 5680 435 5737 Aures
460 5685 702 5757 quisquis
729 5685 908 5749 habet,
940 5685 1029 5740 hic
1053 5686 1259 5752 audiat,
1292 5687 1485 5758 inquit,
1523 5696 1760 5759 apertas,

336 5774 467 5839 Quid
494 5778 634 5833 dicat
666 5785 882 5833 sanctus
905 5776 1140 5846 Spiritus
1162 5777 1443 5835 Ecclesiis.

1784 5507 1839 5566 D
1933 5504 2031 5560 Cui
2061 5502 2343 5559 Psalmista
2365 5501 2482 5573 pari
2512 5498 2807 5555 concordat
2835 5505 3132 5569 grammate
3160 5494 3370 5566 plebem

2007 5596 2064 5651 In
2084 5596 2257 5665 legem
2284 5594 2493 5650 Domini
2520 5605 2741 5647 cernere
2773 5588 3103 5659 ritejubens.

1941 5689 2032 5743 Sic
2045 5702 2259 5757 quoque
2280 5701 2378 5740 nos
2402 5698 2616 5752 semper
2638 5682 2810 5738 oculis
2831 5690 2995 5752 atque
3013 5682 3233 5737 auribus
3262 5688 3343 5738 est
3360 5678 3440 5733 fas

2011 5781 2251 5836 lntentis.
2285 5779 2496 5835 fratres.
2525 5777 2734 5831 discere
2758 5777 2919 5831 verba
2949 5774 3064 5828 Dei.
