3970 6450
458 367 567 425 295

529 478 668 547 Quid
698 479 919 534 mandet
944 475 1123 539 dictis,
1154 473 1283 543 quid
1312 470 1470 526 factis
1500 468 1699 523 indicet
1728 464 1859 536 ipsis
1882 505 1897 527 .

602 569 732 636 Quae
758 568 926 623 codex
954 564 1184 637 geminis
1211 562 1453 618 continet
1479 560 1567 615 ille
1593 557 1725 613 suis.

531 659 671 728 Quid
698 656 1019 714 celebrando
1041 654 1144 725 piis
1172 655 1351 724 signet
1376 649 1698 705 charissima
1719 646 1918 703 Christi

604 749 812 821 Sponsa
842 744 1223 811 sacramentis,
1263 752 1318 799 et
1349 741 1546 798 studiis
1573 739 1758 794 variis.

532 842 775 912 Namque
805 836 1127 909 poposcistis
1148 838 1263 892 inec
1282 834 1437 891 vobis
1463 833 1688 917 reddere
1712 831 1954 904 scriptis,

602 931 836 987 Exhibui
860 928 1044 1001 parvis
1071 928 1187 983 iure
1213 926 1386 982 tribus
1415 920 1530 996 ipse
1549 924 1724 979 libris.

531 1023 672 1092 Quid
701 1022 912 1078 cultura
941 1019 1110 1085 venit,
1166 1017 1425 1089 gradibus
1472 1015 1600 1086 quid
1629 1013 1843 1069 nuntiet
1871 1012 2048 1079 almis,

603 1114 742 1183 Quid
770 1126 952 1184 prece,
981 1111 1111 1182 quid
1146 1109 1297 1165 festis
1326 1116 1513 1163 sancta
1538 1107 1632 1162 Dei
1660 1106 1920 1162 Ecclesia.

533 1208 798 1277 Dogmata
825 1219 945 1274 qua:
972 1202 1186 1258 cunctis
1210 1199 1299 1270 pia
1330 1199 1538 1254 discere
1566 1212 1752 1267 quaeve
1782 1197 1999 1261 docere,

607 1295 879 1350 Condecet
907 1291 1190 1348 ordinibus
1217 1288 1445 1361 mystica
1470 1288 1613 1343 dicta
1648 1286 1767 1343 Dei.

1124 361 1187 416 Β.
1220 318 1476 416 ΒΑΒᾸΝι
1517 356 1732 414 πάθη...
1772 350 2066 410 Auernae

2165 348 2442 407 iOGUNT.
2484 349 2771 408 OPERUM
2803 348 2987 406 PARS
3024 349 3066 406 Ι.

3626 349 3742 435 29⁸

2061 467 2115 524 Α
2212 463 2269 517 Si
2291 463 2418 518 licet
2444 464 2561 520 bare
2596 472 2709 519 tota
2731 477 2838 519 non
2865 478 3083 534 possum
3109 474 3335 534 carpere
3359 463 3603 532 scriptis,

2289 552 2529 609 Plurima
2553 552 2867 624 complexus
2897 552 2986 607 hic
3006 544 3187 606 tamen
3207 559 3328 605 arte
3356 549 3501 605 dedi.

2222 646 2347 701 Hice
2370 660 2470 717 ego
2496 654 2750 715 peccator
2776 643 3029 699 Rabanus
3049 644 3191 699 dona
3213 642 3474 708 tonantis,

2297 736 2582 791 Vobiscum
2615 734 2836 804 capiens
2859 749 3002 789 nunc
3021 733 3109 803 pia
3133 732 3419 804 participe.

2224 827 2459 899 Supplex
2484 842 2581 881 vos
2605 840 2789 895 posco,
2816 833 3021 881 testans
3047 840 3147 896 per
3171 833 3386 895 sceptra
3411 823 3703 890 Tonantis,

2298 919 2379 972 Me
2404 927 2464 973 ut
2484 917 2870 973 commendetis
2899 931 2995 973 vos
3018 917 3269 988 precibus
3297 916 3547 973 Domino.

2221 1008 2497 1077 Quatenus
2529 1008 2642 1078 ipse
2671 1007 2791 1078 pius
2812 1007 3073 1063 concedat
3099 1007 3241 1062 dona
3269 1006 3484 1075 salutis,

2293 1098 2581 1155 Vobiscum
2604 1098 2843 1153 mihimet
2879 1113 3044 1170 regna
3081 1099 3239 1153 beata
3265 1097 3393 1168 poli.

2222 1191 2473 1248 Christus
2486 1191 2591 1246 dux
2616 1200 2817 1255 vester,
2840 1191 3088 1247 Christus
3114 1208 3228 1254 rex,
3244 1191 3495 1247 Christus
3506 1200 3750 1249 amator.

2297 1274 2524 1353 Semper
2547 1296 2644 1337 vos
2671 1280 2843 1337 salvet
2869 1297 3113 1337 summus
3139 1284 3193 1337 in
3221 1282 3541 1365 arce.Deus.

468 1485 3301 1520 ________________________________________

1834 1623 2365 1707 PRZEFATIO

543 1931 773 1986 Domino
806 1926 1260 1984 reverendissimo
1287 1942 1350 1982 ac
1378 1923 1783 1996 religiosissimo
1795 1921 2062 1978 liensum
2088 1925 2137 1985 Β
2166 1918 2393 1975 resibus.
2449 1915 2663 1971 Tertius
2690 1930 2820 1971 vero
2871 1912 3007 1970 liber
3053 1913 3247 1970 edocet
3273 1912 3550 1985 quomodo
3570 1915 3754 1970 omnia

471 2036 572 2077 rno
601 2020 1005 2090 archiepiscopo
1032 2018 1302 2084 Rauaxus,
1344 2017 1597 2071 minimus
1626 2030 1908 2071 servorum
1936 2013 2052 2078 Dei,

470 2123 732 2173 tolernam
756 2113 807 2167 in
830 2112 1046 2167 Christo
1070 2118 1218 2180 optat
1239 2109 1492 2165 salutem.

542 2206 676 2261 Cum
711 2212 783 2268 te,
813 2210 999 2256 sancte
1027 2200 1209 2265 Pater,
1232 2215 1331 2270 pro
1366 2199 1559 2253 merito
1586 2212 1812 2252 summa:
1840 2196 2057 2267 pietatis

471 2296 688 2368 plurimi
717 2303 1061 2358 venerentur,
1104 2300 1160 2346 et
1200 2290 1454 2345 omnibus
1480 2288 1725 2343 ﬁdelibus
1754 2303 1920 2342 causa
1945 2303 2060 2341 ma—

472 2403 591 2459 gnte
617 2386 739 2441 ﬁdei
772 2394 829 2440 ct
875 2400 1022 2439 sanae
1057 2381 1317 2436 doctrinae
1366 2379 1698 2435 honorabilis
1729 2388 1890 2450 atque
1914 2393 2061 2432 ama-

472 2478 598 2533 bilis
622 2476 852 2540 existas,
881 2488 1177 2544 congruum
1201 2487 1322 2526 esse
1342 2469 1579 2538 judicavi
1610 2479 1665 2524 ut
1689 2484 1789 2541 ego
1818 2469 1871 2523 in
1899 2484 2059 2539 quem

473 2568 768 2639 plurimum
817 2574 1031 2620 tuorum
1082 2563 1468 2619 beneﬁciorum
1503 2562 1798 2628 contulisti,
1845 2561 2061 2631 aliquod

477 2658 856 2714 munusculum
889 2657 1014 2712 licet
1042 2672 1149 2710 non
1175 2655 1523 2726 condignum,
1558 2664 1759 2720 tamen,
1788 2663 1846 2709 ut
1875 2655 2060 2719 credo,

477 2763 586 2802 non
616 2747 890 2818 ingratum
940 2754 1046 2802 tua:
1095 2744 1433 2800 venerationi
1485 2742 1774 2810 deferrem,
1806 2744 1940 2799 nihil
1970 2760 2064 2799 ve-

477 2853 604 2893 rens
629 2837 698 2892 de
728 2836 927 2908 pretio,
959 2835 1084 2906 quia
1110 2834 1325 2890 animus
1351 2835 1403 2889 in
1433 2834 1673 2889 bonitate
1714 2834 1863 2889 dives
1891 2833 2065 2903 magis

475 2929 712 2983 testimat
731 2926 1070 2982 devotionem
1096 2923 1373 2980 oilerentis
1404 2939 1566 2994 quam
1613 2924 1811 2979 donum
1830 2931 1932 2993 μοι
1961 2923 2065 2977 bac

478 3017 671 3073 ﬁducia
699 3032 865 3072 ausus
895 3031 1014 3070 sum
1054 3016 1263 3085 partem
1293 3014 1493 3069 laboris
1516 3013 1642 3078 mei,
1683 3029 1845 3082 quam
1872 3013 1925 3066 in
1954 3025 2067 3067 stu-

479 3108 569 3163 dio
598 3122 768 3163 sacrae
796 3106 1046 3161 lectionis
1074 3103 1369 3169 elaboravi,
1410 3102 1529 3167 tibi,
1553 3117 1714 3171 quem
1744 3102 2068 3172 benignissi-

477 3214 624 3254 mum
651 3208 812 3268 atquc
837 3195 1203 3267 requissimum
1227 3209 1346 3249 esse
1387 3194 1518 3254 scio,
1559 3192 1677 3247 vice
1705 3192 1945 3247 muneris
1989 3191 2069 3246 di-

2157 2024 2278 2080 quae
2308 2008 2360 2062 in
2390 2006 2585 2062 divinis
2630 2005 2783 2060 libris
2816 2005 3017 2075 scripta
3043 2011 3190 2068 sunt,
3223 2003 3605 2074 investiganda
3634 2014 3758 2058 sunt

2157 2106 2320 2169 atque
2341 2096 2617 2161 discenda,
2657 2110 2755 2150 nec
2782 2110 2887 2149 non
2912 2102 2968 2148 et
2990 2109 3054 2149 ea
3083 2109 3203 2165 qua:
3232 2093 3285 2147 in
3316 2093 3608 2164 gentilium
3644 2104 3760 2147 stu-

2157 2189 2262 2243 diis
2287 2198 2343 2244 et
2383 2187 2594 2242 artibus
2621 2187 2993 2243 ecclesiastico
3021 2186 3139 2240 viro
3166 2187 3398 2241 scrutari
3426 2186 3581 2241 utilia
3609 2196 3758 2242 sunt.

2158 2276 2460 2333 Novissime
2490 2292 2616 2331 vero
2642 2277 2777 2332 liber
2827 2276 2947 2347 ipse
2984 2277 3209 2346 exponit
3237 2276 3511 2345 quomodo
3539 2284 3758 2346 oportet

2159 2386 2254 2427 eos
2302 2371 2395 2441 qui
2446 2371 2669 2426 docendi
2701 2369 2938 2424 cilicium
2984 2376 3183 2439 gerunt
3206 2368 3452 2423 diversos
3478 2369 3763 2424 auditores

2160 2464 2391 2521 diversis
2411 2463 2827 2518 allocutionibus
2863 2462 3179 2526 admonere,
3223 2469 3277 2516 et
3305 2460 3358 2515 in
3388 2461 3646 2516 doctrina
3676 2475 3757 2516 ec.

2161 2553 2464 2609 clesiastica
2500 2551 2732 2607 ﬁdeliter
2758 2551 2994 2607 erudire.
3028 2551 3097 2605 Et
3126 2551 3255 2621 quia
3281 2551 3397 2606 hmc
3421 2553 3605 2607 omnia
3640 2568 3765 2622 qua:

2162 2643 2396 2699 diximus
2436 2640 2502 2697 ad
2546 2642 2870 2697 clericorum
2906 2642 3141 2698 cilicium
3181 2643 3417 2699 maxime
3458 2644 3765 2715 pertinent,

2162 2733 2255 2803 qui
2302 2733 2477 2789 locum
2510 2732 2788 2804 regiminis
2823 2733 2876 2787 in
2920 2732 3164 2789 Ecclesia
3216 2741 3425 2800 tenent,
3455 2744 3513 2790 et
3539 2736 3609 2791 de
3637 2737 3764 2792 uni-

2164 2830 2335 2886 versis
2364 2829 2619 2901 legitimis
2640 2828 2737 2884 Dei
2771 2829 3028 2901 populum
3060 2829 3334 2886 instruere
3368 2830 3591 2895 debent,
3646 2831 3765 2903 pla-

2165 2926 2277 2982 cuit
2314 2926 2459 2995 ipsos
2487 2925 2653 2980 libros
2702 2925 2767 2980 de
2808 2924 3150 2982 institutione
3194 2925 3521 2982 clericorum
3549 2943 3766 2983 nuneu-

2164 3016 2304 3087 pari,
2335 3016 2387 3071 id
2416 3023 2518 3082 est,
2551 3031 2674 3070 cum
2709 3030 2817 3085 qua
2850 3030 2909 3070 se
2935 3014 3022 3070 vel
3055 3016 3158 3071 sibi
3195 3016 3440 3072 subditos
3478 3017 3548 3071 ad
3588 3020 3767 3074 servi-

2167 3107 2297 3162 tium
2331 3106 2573 3161 divinum
2604 3104 2874 3160 instruere
2897 3105 3113 3161 debent.
3163 3105 3396 3162 Proinde
3422 3108 3663 3164 obsecro
3691 3118 3768 3174 te,

2169 3206 2357 3254 sancte
2376 3196 2555 3257 Pater,
2584 3203 2647 3250 ut
2677 3195 2917 3251 oblatum
2946 3196 3041 3251 tibi
3070 3212 3204 3267 opus
3233 3197 3520 3268 suscipias,
3570 3214 3637 3255 ac
3680 3202 3768 3270 pie

477 3288 677 3357 rigere,
706 3303 735 3340 a
761 3295 811 3341 te
839 3284 1226 3355 qualiscunque
1252 3283 1322 3337 sit
1358 3282 1691 3351 reciperetur
1711 3321 1726 3347 ,
1754 3297 1818 3337 ac
1858 3289 1948 3335 tuo
1975 3297 2059 3336 sa—
2088 3283 2132 3345 C
2164 3285 2430 3356 relegens,
2461 3283 2749 3355 diligenter
2772 3284 2899 3340 illud
2940 3286 3250 3351 examines,
3277 3294 3333 3342 et
3361 3286 3436 3341 ita
3461 3304 3585 3358 quae
3615 3289 3673 3343 in
3703 3305 3769 3345 eo

478 3378 798 3447 crojudicio
825 3377 1165 3446 probaretur,
1208 3384 1371 3443 atque
1409 3373 1473 3426 ad
1504 3387 1696 3442 purum
1725 3371 2066 3428 examinare-

479 3475 590 3521 tur.
616 3466 1015 3534 Quzestionibus
1039 3480 1168 3535 ergo
1210 3464 1439 3519 diversis
1477 3462 1702 3518 fratrum
1734 3472 2063 3530 nostrorum,

482 3567 539 3613 et
581 3559 818 3612 maxime
843 3572 1030 3611 eorum
1061 3557 1152 3626 qui
1180 3557 1231 3610 in
1259 3557 1429 3612 sacris
1464 3557 1747 3612 ordinibus
1769 3556 2065 3627 pollebant,

482 3650 808 3719 respondere
829 3648 1207 3718 compellebar,
1244 3648 1332 3717 qui
1367 3663 1451 3703 me
1480 3649 1545 3704 de
1581 3646 1755 3704 cilicio
1777 3664 1876 3705 suo
1897 3658 1952 3702 et
1974 3664 2068 3702 va-

483 3740 580 3794 riis
622 3738 1092 3794 observationibus
1134 3752 1251 3807 qua:
1280 3737 1332 3791 in
1383 3737 1622 3792 Ecclesia
1671 3736 1767 3792 Dei
1801 3737 2069 3793 decentis-

481 3833 618 3888 sime
669 3831 1049 3894 obscrvantur,
1102 3830 1397 3899 sazpissime
1442 3839 1496 3884 et
1532 3830 1961 3902 interrogabant.
2013 3837 2069 3882 et

482 3926 750 3995 aliquibus
770 3940 957 3979 eorum
987 3923 1163 3987 dictis,
1190 3922 1457 3992 aliquibus
1489 3938 1615 3977 vero
1638 3922 1874 3991 scriptis,
1906 3928 2070 3991 prout

484 4016 860 4086 opportunitas
898 4014 999 4068 loci
1053 4028 1117 4067 ac
1151 4012 1406 4082 temporis
1457 4019 1591 4075 erat,
1649 4010 1945 4065 secundum
1974 4024 2069 4062 au-

486 4105 790 4160 ctoritatem
838 4113 892 4159 ct
937 4105 1133 4175 stylum
1186 4102 1445 4169 majorum
1492 4101 1558 4156 ad
1606 4101 1933 4172 interrogata
1984 4114 2069 4153 rc—

484 4197 696 4266 spondi,
731 4195 822 4249 sed
852 4210 954 4249 non
981 4195 1032 4247 in
1066 4196 1165 4248 hoc
1191 4193 1324 4248 satis
1351 4192 1429 4247 eis
1454 4191 1629 4247 iacere
1657 4193 1825 4261 potui,
1857 4190 1947 4261 qui
1982 4204 2069 4244 me

485 4285 875 4340 instantissime
901 4284 1260 4353 postulabant,
1312 4283 1420 4337 imo
1450 4282 1736 4352 cogebant,
1786 4289 1845 4335 ut
1885 4280 2068 4336 omnia

489 4377 606 4435 lizec
634 4374 687 4428 in
720 4390 885 4429 unum
908 4374 1155 4429 volumen
1183 4388 1554 4445 congererem,
1584 4381 1644 4427 ut
1661 4373 1926 4427 haberent
1961 4387 2068 4442 quo

488 4466 669 4534 aliquo
706 4466 864 4521 modo
914 4464 1352 4534 inquisitiouibus
1397 4463 1510 4518 suis
1554 4462 1792 4517 iacerent
1820 4463 1972 4528 satis,
2014 4470 2070 4518 et

488 4554 543 4607 in
568 4570 673 4609 uno
696 4555 880 4610 codice
902 4553 1062 4609 simul
1081 4554 1341 4622 scriptum
1382 4552 1700 4622 reperirent,
1740 4553 1885 4621 quod
1909 4561 2068 4608 antea

2168 3372 2562 3430 rationabiliter
2586 3374 2858 3430 inveneris
2886 3375 3107 3441 dictata,
3143 3375 3193 3431 ei
3224 3376 3330 3432 hoc
3367 3378 3580 3435 tribuas
3600 3395 3631 3433 a
3658 3398 3769 3451 quo

2167 3474 2254 3523 est
2279 3465 2418 3520 ratio
2451 3473 2673 3530 creata;
2723 3466 2769 3522 si
2798 3481 2905 3535 qua
2944 3481 3075 3521 vero
3106 3466 3507 3524 inconsiderate
3546 3486 3768 3540 repere-

2167 3555 2243 3611 ris
2268 3555 2502 3626 prolata,
2553 3564 2648 3611 tuo
2697 3557 2876 3612 studio
2918 3556 3078 3612 citius
3104 3557 3300 3614 reddas
3328 3559 3419 3614 illa
3447 3563 3768 3619 emendata.

2168 3646 2284 3703 Tuo
2309 3647 2453 3703 enim
2482 3644 2795 3719 magisterio
2836 3662 3052 3718 semper
3092 3664 3181 3705 me
3210 3649 3383 3706 libens
3412 3651 3646 3707 subdam
3672 3695 3691 3719 ,
3736 3670 3769 3709 ι

2168 3755 2274 3809 quo
2302 3741 2556 3795 recordor
2583 3755 2668 3795 me
2688 3740 2959 3809 accepisse
2985 3740 3298 3811 dignitatem
3314 3742 3767 3800 ecclesiasticam.

2168 3828 2392 3885 Conﬁdo
2421 3839 2598 3884 tamen
2633 3829 3017 3900 omnipotentis
3043 3829 3135 3884 Dei
3164 3832 3372 3901 gratiae,
3408 3834 3555 3903 quod
3605 3834 3767 3891 ﬁdem

2167 3930 2223 3978 et
2250 3936 2465 3976 sensum
2498 3919 2819 3975 catholicum
2848 3920 2900 3973 in
2925 3920 3177 3975 omnibus
3204 3922 3494 3988 tenuerim,
3524 3939 3632 3979 nec
3664 3939 3769 3995 per

2168 4028 2255 4068 me
2280 4010 2433 4080 quasi
2461 4026 2524 4065 ex
2555 4025 2640 4064 me
2662 4025 2725 4065 ea
2754 4009 2993 4080 protuli,
3027 4011 3122 4065 sed
3162 4011 3473 4066 auctoritati
3523 4013 3771 4069 innitens

2168 4103 2453 4173 majorum,
2502 4116 2599 4170 per
2624 4100 2803 4155 omnia
2849 4099 3065 4155 illorum
3094 4102 3325 4172 vestigia
3370 4117 3491 4157 sum
3518 4112 3764 4159 secutus.

2168 4192 2495 4263 Cyprianum
2518 4190 2638 4246 dico
2669 4197 2831 4261 atque
2857 4190 3143 4258 ililarium,
3178 4192 3548 4260 Ambrosium,
3580 4193 3769 4251 lliero-

2168 4298 2410 4353 nymum,
2440 4282 2822 4353 Augustinum,
2871 4282 3215 4353 Gregorium,
3252 4282 3536 4352 Joannem,
3564 4286 3769 4342 Dama-

2169 4387 2309 4437 sum,
2357 4371 2764 4437 Cassiodorum,
2822 4383 2875 4428 et
2906 4381 3130 4430 caeteros
3179 4376 3485 4442 nonnullos,
3531 4393 3768 4449 quorum

2169 4463 2313 4519 dicta
2352 4462 2551 4517 alicubi
2579 4464 2633 4518 in
2668 4463 2784 4533 ipso
2805 4477 2967 4533 opere
3009 4465 3082 4520 ita
3107 4474 3167 4520 ut
3202 4467 3268 4521 ab
3293 4468 3372 4522 eis
3403 4468 3612 4538 scripta
3636 4480 3767 4525 sunt

2171 4570 2269 4625 per
2291 4554 2721 4608 convenientiam
2750 4554 2925 4624 posui,
2957 4555 3151 4610 alicubi
3185 4571 3397 4626 quoque
3425 4571 3617 4613 eorum
3648 4577 3769 4617 sen-

488 4661 595 4700 non
646 4645 824 4710 simul,
879 4645 972 4701 sed
1001 4645 1280 4714 speciatim
1336 4642 1527 4714 singuli
1576 4651 1737 4714 prout
1765 4644 2067 4714 interroga-
2096 4623 2149 4685 D
2173 4623 2291 4702 sum
2320 4645 2455 4699 meis
2480 4644 2663 4699 verbis
2700 4623 2918 4714 propter
2942 4623 3261 4701 brevitatem
3304 4623 3487 4716 operis
3529 4652 3767 4705 strictim

487 4737 640 4800 bant,
680 4737 732 4790 in
759 4736 900 4790 foliis
946 4737 1145 4804 scripta
1174 4736 1453 4790 haberent.
1484 4733 1688 4802 Quibus
1714 4735 1984 4800 consensi,
2014 4743 2070 4789 et

488 4827 632 4897 quod
663 4826 927 4895 rogabant
951 4825 1052 4879 feci
1079 4834 1337 4894 quantum
1367 4826 1535 4896 potui.
1570 4825 1702 4879 Nam
1733 4826 1800 4879 de
1828 4826 1931 4880 hoc
1960 4833 2070 4881 tres

488 4918 657 4971 libros
678 4914 842 4970 edidi.
886 4914 1126 4982 Quorum
1179 4915 1388 4984 primus
1412 4916 1479 4970 de
1508 4914 1892 4969 ecclesiasticis
1920 4917 2067 4970 ordi—

489 5009 669 5074 nibus,
719 5014 775 5061 et
820 5007 885 5062 de
924 5015 1075 5061 veste
1103 5004 1421 5060 sacerdotali
1468 5005 1796 5060 continetur.
1842 5004 1973 5059 item
2003 5006 2070 5060 de

489 5107 723 5168 quatuor
769 5096 1186 5151 charismatibus
1223 5094 1495 5158 Ecclesiae,
1548 5094 1600 5148 id
1630 5102 1733 5157 est,
1782 5094 2069 5163 baptismo,

490 5198 543 5241 et
569 5189 903 5252 chrismate,
949 5201 1177 5255 corpore
1227 5193 1282 5240 et
1327 5186 1587 5256 sanguine
1634 5184 1881 5252 Domini,
1925 5188 2071 5244 etde

491 5276 669 5331 cilicio
696 5278 875 5331 missre
921 5277 1215 5331 secundum
1243 5290 1450 5329 morem
1495 5274 1750 5330 Romana:
1794 5276 2066 5332 ECC'CSliE.

494 5368 776 5423 Secundus
801 5376 979 5422 autem
1026 5368 1163 5423 liber
1187 5367 1429 5422 continet
1455 5368 1521 5423 de
1563 5366 1738 5422 cilicio
1785 5370 2071 5425 canonica-

496 5475 614 5514 I‘lllll
643 5459 920 5524 horarum,
975 5468 1033 5513 et
1057 5460 1123 5514 dc
1158 5457 1388 5529 jejunio,
1431 5467 1486 5514 et
1529 5460 1594 5514 dc
1624 5460 1959 5516 confessione
2005 5477 2069 5515 ac

494 5550 833 5621 pmnitentia,
882 5550 948 5605 de
983 5550 1232 5621 legitimis
1256 5566 1472 5621 quoque
1498 5550 1734 5622 jejuniis,
1772 5562 1829 5608 et
1863 5553 2068 5607 festivi-

497 5642 696 5695 tatibus
725 5641 915 5704 variis,
966 5641 1031 5696 de
1083 5641 1401 5697 lectionibus
1448 5651 1504 5697 et
1552 5644 1765 5698 cantico
1816 5643 2072 5700 ecclesia-

496 5734 655 5797 stico,
688 5734 753 5788 de
778 5733 880 5789 ﬁde
910 5736 1170 5795 catholica
1193 5776 1207 5798 ,
1244 5743 1297 5788 et
1325 5751 1354 5789 c
1380 5744 1654 5792 contrario
1680 5741 1744 5789 de
1772 5742 1937 5788 vat-tis
1963 5740 2073 5789 liae-

2170 4736 2469 4792 enuntiavi.
2498 4735 2770 4790 Interdum
2793 4752 2921 4801 vero
2943 4736 3035 4792 ubi
3063 4752 3282 4793 necesse
3314 4736 3438 4803 iuit,
3464 4741 3767 4795 secundum

2171 4830 2449 4901 exemplar
2476 4845 2663 4885 eorum
2692 4828 2934 4901 quaedam
2966 4845 3126 4884 sensu
3157 4844 3278 4885 meo
3302 4830 3525 4899 protuli.
3562 4832 3622 4885 in
3644 4848 3766 4887 om-

2172 4923 2330 4977 nibus
2362 4928 2561 4985 tamen,
2594 4919 2646 4972 ni
2677 4918 2853 4984 fallor,
2882 4918 3205 4974 catholicam
3248 4920 3492 4975 imitatus
3522 4937 3645 4976 sum
3678 4938 3767 4978 ve-

2174 5014 2412 5078 ritatem,
2439 5028 2468 5066 a
2497 5027 2602 5082 qua
2632 5011 2699 5082 (si
2727 5010 2985 5066 Dominus
3007 5010 3292 5085 adjuverit)
3319 5029 3425 5068 non
3453 5014 3636 5082 patior
3660 5015 3767 5069 ullo

2176 5104 2335 5161 modo
2378 5103 2573 5165 divelli,
2607 5117 2767 5171 quam
2796 5112 2851 5157 et
2877 5110 2932 5157 te
2956 5119 3066 5173 prae
3095 5103 3344 5159 omnibus
3370 5104 3572 5159 habere
3600 5114 3766 5175 atque

2175 5211 2361 5252 amare
2388 5194 2630 5259 conﬁdo;
2656 5203 2709 5249 et
2735 5194 2854 5249 ideo
2879 5184 2967 5249 tua
3003 5194 3255 5266 suilragia
3276 5195 3498 5265 supplex
3528 5206 3679 5265 peto,
3705 5205 3764 5251 ut

2175 5288 2292 5357 ipsa
2334 5286 2549 5340 Veritas
2607 5285 2847 5339 omnium
2897 5286 3131 5341 creatrix
3164 5294 3326 5356 atque
3382 5288 3760 5360 gubernatrix,

2174 5375 2299 5430 licet
2323 5391 2429 5430 non
2459 5374 2591 5427 meis
2620 5373 2846 5437 meritis,
2876 5382 3054 5429 tamen
3080 5384 3300 5445 propter
3326 5384 3475 5430 tuam
3505 5378 3765 5433 sacratis-

2174 5468 2365 5521 simam
2388 5465 2688 5520 orationem
2720 5479 2806 5518 me
2833 5465 2885 5517 in
2919 5480 2976 5518 se
3013 5454 3128 5520 sine
3154 5466 3259 5520 ullo
3280 5465 3436 5520 devio
3472 5467 3675 5522 erroris
3706 5467 3761 5520 in

2172 5565 2434 5610 :etcrnum
2474 5569 2801 5609 conservare
2848 5555 3113 5625 dignetur.
3171 5555 3565 5611 Beatitudinem
3611 5567 3759 5611 tuam

2173 5654 2298 5711 opto
2327 5659 2541 5713 semper
2568 5644 2704 5698 bene
2734 5645 2912 5700 valere
2943 5647 2995 5700 in
3037 5648 3308 5713 omnibus,
3354 5659 3543 5704 sancte
3574 5649 3755 5716 Pater,

2177 5749 2371 5790 memon
2387 5750 2469 5788 em
2502 5736 2688 5789 nostri.
