3970 6454
240 429 351 490 397

1054 450 1146 507 DE
1183 453 1629 519 CLERICORUM
1664 460 2174 538 INSTITUTIONE,
2213 470 2367 529 ETC.
2407 502 2479 515 ——
2513 474 2644 532 LIB.
2684 477 2725 533 l.

3410 494 3516 554 298

168 578 175 581 _
240 574 3508 666 ....__.________________________

1723 712 2021 779 INCIPIT

716 887 901 1005 DE
985 892 1892 1022 CLERICORUM
1988 911 3016 1047 INSTITUTIONE

1466 1142 1773 1228 LIBER
1844 1150 2265 1237 PRIMUS.

729 1397 956 1456 CAPUT
1001 1399 1294 1461 PRIMUM.

695 1510 776 1567 De
801 1529 905 1568 una
936 1514 1177 1572 Ecclesia
1204 1517 1326 1577 Dei.

284 1624 528 1681 Ecclesia
549 1641 681 1698 ergo
702 1627 798 1683 Dei
825 1629 1116 1698 catholica,
1153 1648 1275 1704 quae
1296 1649 1396 1705 per
1415 1644 1589 1694 totum
1614 1641 1802 1699 orbem

205 1717 433 1775 dilatata
465 1716 801 1787 dillunditur,
830 1718 1034 1777 Christi
1084 1726 1302 1781 nomine
1335 1728 1616 1786 nobilitata
1638 1732 1803 1804 glori-

202 1808 418 1867 ﬁcatur.
460 1811 646 1868 Omnis
695 1814 840 1868 enim
889 1815 1053 1872 homo
1103 1820 1197 1889 qui
1232 1831 1399 1879 rectas
1434 1818 1574 1880 ﬁdei
1616 1828 1803 1885 existit

196 1903 500 1976 particeps,
550 1914 606 1960 et
634 1922 790 1963 sacro
817 1909 1143 1980 baptismate
1172 1925 1542 1986 regeneratur,
1582 1936 1613 1974 a
1642 1920 1798 1978 Chri-

194 2000 288 2049 sto
314 1992 658 2053 Christianus
685 2008 928 2065 vocatur,
959 2010 1013 2056 et
1044 2003 1141 2059 Dei
1162 2007 1334 2074 patris
1356 2017 1519 2079 atque
1540 2010 1796 2069 Ecclesiae

192 2086 397 2141 matris
440 2089 680 2143 noscitur
725 2106 845 2146 esse
886 2090 1051 2149 ﬁlius.
1105 2094 1348 2152 Ecclesia
1380 2099 1614 2159 ἐκκλησία
1641 2101 1791 2159 Grac-

191 2189 323 2231 cum
355 2184 459 2242 est,
502 2180 644 2248 quod
689 2179 742 2234 in
769 2180 1020 2239 Latinum
1052 2184 1283 2240 vertitur
1317 2191 1638 2246 convocatio
1676 2193 1792 2249 sive

189 2278 518 2335 conventus,
563 2286 629 2326 eo
665 2275 809 2342 quod
856 2290 1048 2331 omnes
1081 2287 1345 2335 convocat
1377 2281 1441 2335 ad
1472 2298 1552 2339 se.
1590 2283 1792 2342 Catho-

187 2356 299 2414 lica
330 2361 582 2424 καθολικὸς
610 2373 793 2419 autem
822 2365 1041 2433 dicitur,
1075 2367 1128 2424 id
1157 2376 1260 2436 est,
1286 2371 1632 2441 universalis,
1660 2377 1787 2447 quia

188 2451 249 2505 in
299 2461 412 2509 toto
465 2457 669 2513 mundo
719 2473 823 2514 una
869 2468 956 2516 est
997 2461 1239 2520 Ecclesia
1286 2464 1512 2538 Christi,
1570 2486 1692 2541 quae
1728 2480 1788 2529 et

187 2559 392 2614 sponsa
421 2546 644 2616 Christi,
675 2556 731 2604 et
752 2564 949 2621 corpus
978 2553 1097 2624 ejus
1122 2563 1224 2612 est.

808 2663 1038 2721 CAPUT
1082 2666 1147 2722 Il.

544 2751 624 2807 De
656 2753 822 2809 tribus
852 2756 1125 2812 ordinibus
1148 2758 1421 2818 Ecclesiae.

262 2862 402 2921 Sunt
446 2874 627 2923 tamen
669 2876 782 2925 tres
808 2870 1025 2927 ordines
1064 2873 1118 2927 in
1149 2873 1411 2932 Ecclesia.
1443 2876 1779 2938 Conversan-

180 2953 345 3017 tium.
377 2956 431 3010 id
458 2965 543 3012 est
586 2956 870 3027 laicorum,
917 2965 1329 3035 monachorum?
1353 2975 1409 3023 et
1430 2969 1771 3027 clericorum.

178 3044 427 3112 Quorum
453 3049 680 3118 primus,
712 3051 765 3106 id
803 3061 887 3108 est
910 3053 1083 3111 laicus
1109 3058 1267 3124 ordo,
1295 3060 1573 3130 popularis
1607 3062 1775 3119 inter-

175 3147 447 3209 pretatur.
486 3141 627 3199 Laos
660 3144 782 3207 λαός
806 3147 951 3202 enim
979 3147 1185 3215 Graece,
1220 3152 1451 3222 populus
1473 3153 1663 3211 Latine
1692 3156 1772 3210 di-

175 3230 346 3286 citur.
392 3231 671 3291 Secundus
694 3244 779 3292 est
806 3242 1178 3309 monachicus,
1228 3243 1285 3297 id
1316 3250 1400 3299 est
1425 3246 1774 3317 singulariter

171 3337 531 3395 conversaris,
582 3329 686 3385 hoc
720 3339 824 3399 est,
872 3349 903 3388 a
933 3335 1179 3390 saeculari
1228 3340 1645 3397 conversatione
1679 3356 1770 3396 re-

171 3422 380 3471 motus.
408 3415 594 3474 Menas
612 3424 766 3492 μονὰς·
794 3425 939 3478 enim
960 3423 1147 3481 Graece
1166 3427 1522 3498 singularitas
1546 3431 1769 3499 dicitur,

170 3512 234 3560 et
258 3510 555 3564 monachus
590 3508 825 3584 μόναχὸς
851 3515 1142 3586 singularis
1168 3517 1255 3571 vel
1290 3518 1583 3577 solitarius.
1639 3522 1771 3578 Ter-

168 3599 287 3655 tius
320 3610 404 3656 est
430 3604 567 3658 ordo
586 3605 873 3663 clericalis.
912 3608 1101 3667 Cleros
1127 3613 1310 3688 κλῆρος
1343 3615 1538 3687 quippe
1558 3617 1765 3687 Graece,

166 3704 295 3745 sors
323 3691 410 3747 vel
446 3693 740 3751 haereditas
763 3696 978 3753 dicitur.
1011 3699 1197 3759 Cleros
1221 3712 1399 3760 autem
1421 3708 1504 3762 vel
1539 3708 1769 3767 clericos

163 3782 299 3838 hinc
326 3783 626 3854 appellatos
658 3788 907 3846 doctores
933 3793 1103 3848 nostri
1127 3795 1332 3863 dicunt,
1369 3798 1496 3867 quia
1514 3790 1768 3859 Matthias

162 3882 322 3928 sorte
365 3874 575 3931 electus
606 3886 710 3946 est,
761 3896 924 3951 quem
965 3884 1201 3953 primum
1232 3888 1301 3943 ab
1343 3890 1601 3958 apostolis
1627 3892 1764 3965 legi-

162 3981 295 4022 mus
322 3967 631 4024 ordinatum
664 3970 801 4043 (Act.
833 3975 894 4047 r),
925 3976 1004 4032 sic
1037 3988 1093 4033 et
1130 3996 1225 4037 eos
1259 3998 1395 4053 quos
1421 3984 1528 4041 illis
1555 3993 1764 4057 tempe.

161 4058 325 4113 ribus
350 4058 714 4116 Eeclesiarum
742 4064 1017 4137 principes
1044 4070 1391 4141 ordinabant,
1431 4084 1578 4132 sorte
1616 4077 1762 4150 lege-

80 4210 85 4215 ,
157 4148 321 4204 bant.
354 4147 484 4204 Nam
508 4160 562 4207 et
591 4152 879 4211 haereditas
890 4155 1076 4215 Graece
1106 4161 1437 4221 cleronomia
1460 4146 1765 4243 depravantur
1794 4146 1840 4211 (ἶ

162 4238 493 4310 appellatur,
517 4251 572 4298 et
599 4244 773 4301 hzeres
800 4248 1157 4310 cleronomos.
1213 4254 1503 4327 Propterea
1529 4238 1659 4334 ergo
1670 4238 1766 4320 'di-

164 4332 245 4386 cti
277 4342 403 4388 sunt
425 4334 627 4404 clerici,
659 4340 787 4409 quia
809 4341 879 4399 de
906 4352 1052 4400 sorte
1088 4356 1215 4403 sunt
1252 4350 1487 4419 Domini,
1521 4332 1613 4409 vel
1635 4357 1764 4427 quia

162 4423 386 4479 Domini
416 4436 625 4495 partem
647 4430 870 4500 habent,
902 4436 1041 4492 sicut
1079 4439 1146 4494 de
1169 4440 1250 4496 eis
1274 4442 1538 4513 scriptum
1570 4423 1763 4504 est—lo-

159 4523 368 4586 quente
398 4516 624 4575 Domino
652 4538 664 4574 :
698 4520 813 4594 Ego
834 4523 1114 4582 Itwredilas
1135 4546 1315 4584 eorum
1346 4531 1563 4604 (Ezech.
1589 4536 1758 4611 ιιιν).

161 4611 325 4667 Unde
345 4620 556 4682 oportet
576 4623 636 4669 ut
659 4618 750 4688 qui
766 4618 935 4675 Deum
964 4621 1279 4681 haereditate
1302 4628 1600 4696 possident,
1638 4632 1762 4687 abs-

158 4718 271 4773 que
298 4703 409 4760 ullo
436 4705 818 4778 impedimento
854 4714 1063 4777 saeculi,
1117 4716 1227 4772 Deo
1249 4719 1458 4775 servire
1485 4722 1757 4790 studeant,

158 4804 225 4850 ut
260 4812 499 4869 congrue
531 4798 661 4856 illud
690 4802 991 4861 Psalmistae
1011 4806 1196 4864 dicere
1221 4811 1430 4880 possint
1456 4830 1469 4865 :
1501 4813 1760 4870 Dominus

160 4905 292 4959 pars
323 4889 645 4947 hwreditatis
692 4911 822 4950 mea:
865 4896 1037 4968 (Psal.
1085 4901 1198 4972 xv).
1252 4902 1359 4957 Iste
1403 4912 1584 4959 autem
1630 4905 1764 4961 ordo

160 4980 503 5051 prazponitur
524 4982 578 5037 in
607 4983 871 5053 Ecclesia,
909 4988 1034 5057 quia
1052 4988 1177 5058 jure
1197 4992 1250 5046 in
1278 4994 1479 5050 sanctis
1500 4996 1761 5064 deservit,

161 5080 220 5125 et
247 5084 592 5130 sacramenta
619 5078 830 5146 populis
857 5079 1152 5151 dispensat.
1205 5082 1357 5139 Sicut
1396 5087 1544 5142 enim
1570 5088 1624 5142 in
1664 5087 1768 5144 Ve-

166 5162 275 5216 teri
298 5161 649 5223 Testamento
673 5169 848 5225 tribus
861 5169 992 5227 Levi
1013 5189 1124 5242 pra:
1153 5178 1365 5233 caeteris
1394 5179 1641 5237 tribubus
1674 5196 1768 5252 pe-

164 5252 439 5311 culialiter
469 5274 498 5312 a
528 5260 758 5317 Domino
781 5264 951 5320 electa
986 5275 1070 5322 est
1100 5269 1168 5323 ad
1198 5272 1540 5329 serviendum
1563 5275 1639 5331 illi
1671 5293 1770 5347 per

164 5344 386 5402 diversa
415 5348 589 5406 cilicia
612 5353 666 5407 in
692 5356 1063 5426 tabernaculo,
1096 5362 1241 5430 quod
1261 5372 1345 5418 est
1366 5364 1612 5423 Ecclesia
1636 5344 1770 5440 prae-

163 5449 313 5503 sens,
347 5444 408 5492 ut
436 5441 675 5496 serviant
703 5445 754 5499 ei
805 5446 890 5502 die
926 5464 991 5505 ac
1037 5461 1197 5507 nocte
1244 5452 1301 5508 in
1335 5456 1533 5526 templo
1575 5469 1765 5518 sancto

161 5525 302 5597 ejus,
340 5536 403 5584 ut
432 5531 540 5586 sint
560 5536 760 5605 populo
786 5537 839 5591 in
878 5537 963 5595 his
1008 5557 1128 5611 quae
1154 5544 1221 5599 ad
1265 5546 1754 5621 Deumpertinent,

160 5628 222 5676 ut
250 5619 488 5679 oﬂ‘erant
515 5625 624 5682 Deo
676 5629 816 5685 dona
854 5640 912 5686 et
953 5634 1221 5692 sacriﬁcia
1247 5654 1349 5710 pro
1369 5619 1552 5699 suaet
1576 5645 1758 5717 populi

160 5709 502 5781 ignorantia,
532 5725 593 5773 ut
614 5716 860 5788 judicent
889 5723 1029 5780 inter
1050 5709 1264 5795 justum
1287 5740 1343 5787 et
1369 5709 1666 5805 iniustum;
1703 5748 1759 5796 et

159 5800 477 5861 discernant
526 5807 668 5864 inter
718 5823 966 5870 sanctum
1011 5825 1066 5871 et
1113 5800 1438 5893 profanum,
1467 5828 1609 5885 inter
1635 5800 1752 5902 pol-

170 5905 328 5963 utum
377 5910 437 5959 et
458 5904 718 5961 mundum
747 5946 761 5973 ,
812 5909 1147 5984 doceantque
1197 5921 1452 5990 populum
1496 5925 1590 5987 Dei
1629 5942 1749 5984 om-

562 5994 845 6063 Pa’raoc.
892 6000 1083 6069 CVII.

1839 1400 1893 1461 Α
1917 1399 2006 1455 nia
2032 1400 2275 1475 legitima
2300 1406 2422 1478 ejus
2462 1420 2521 1468 et
2560 1427 2831 1491 praecepta
2870 1437 2990 1495 qua:
3037 1430 3392 1492 mandaverat
3437 1437 3506 1494 ad

1912 1506 2025 1550 008.

2532 1598 2761 1659 CAPUT
2798 1603 2884 1662 Ill.

2351 1683 2433 1741 De
2458 1695 2676 1747 tonsura
2708 1692 3038 1755 clericorum.

1975 1787 2223 1849 Tonsura
2251 1796 2607 1860 ecclesiastici
2657 1822 2788 1865 usus
2817 1825 2849 1864 a
2895 1811 3167 1874 Nazaraeis
3211 1821 3288 1893 (ni
3314 1823 3496 1900 fallor)

1900 1896 2086 1943 exorta
2120 1902 2223 1957 est,
2253 1895 2368 1964 qui,
2408 1899 2562 1969 prius
2587 1902 2738 1957 crine
2762 1915 2999 1976 servato,
3025 1911 3202 1970 denuo
3222 1926 3345 1986 post
3370 1895 3497 1977 vitae

1897 1993 2108 2051 magnae
2128 1986 2516 2045 continentiam
2543 1993 2828 2053 devotione
2856 2003 3122 2073 completa
3144 2019 3305 2079 caput
3338 2014 3496 2070 rade-

1895 2069 2048 2153 bant,
2085 2082 2140 2129 et
2159 2078 2382 2148 capillos
2404 2081 2459 2135 in
2490 2083 2668 2155 ignem
2694 2089 2953 2148 sacriﬁcii
2978 2069 3491 2175 ponerejubebant,

2226 2146 2243 2148 _
2510 2146 2539 2155 ν
2938 2146 2947 2148 ~
2985 2146 3490 2175 r"“'""d“'""""’“""

1893 2146 2101 2219 scilicet
2125 2174 2185 2221 ut
2210 2169 2602 2239 perfectionem
2628 2177 2934 2239 devotionis
2961 2201 3071 2242 suae
3101 2188 3332 2250 Domino
3357 2212 3490 2254 con-

1892 2266 2193 2347 secrarent.
2252 2259 2456 2318 llorum
2487 2279 2617 2338 ergo
2660 2274 2923 2344 exemplis
2961 2295 3091 2334 usus
3138 2283 3207 2338 ab
3233 2290 3492 2357 apostolis

1892 2335 2235 2398 introductus
2269 2355 2374 2414 est,
2422 2357 2481 2404 ut
2526 2335 2581 2406 hi
2623 2356 2716 2424 qui
2767 2335 2834 2413 in'
2854 2361 3050 2420 divinis
3074 2335 3308 2427 cultihurs
3336 2335 3491 2431 man:

1890 2430 2053 2500 cipati
2081 2434 2310 2494 Domino
2334 2456 2726 2504 consecrantur
2750 2493 2765 2517 ,
2806 2457 2958 2523 quasi
2986 2457 3250 2531 Nazaraei,
3302 2466 3356 2521 id
3381 2478 3486 2536 est,

1887 2525 2060 2578 sancti
2098 2526 2194 2582 Dei
2245 2530 2399 2588 crine
2439 2538 2671 2606 praeciso
2711 2542 3069 2606 innovantur.
3126 2551 3240 2611 Hoc
3286 2560 3486 2632 quippe

1884 2611 2156 2674 Ezechieli
2178 2623 2458 2693 propheta:
2480 2629 2721 2700 jubetur,
2753 2636 2964 2695 dicente
2990 2640 3253 2702 Domino:

1884 2704 2131 2777 hominis,
2160 2728 2310 2769 sume
2332 2717 2427 2771 tibi
2447 2718 2685 2790 gladium
2713 2737 2948 2797 acutum,
2988 2744 3036 2787 et
3074 2736 3231 2793 duces
3269 2758 3363 2812 per
3391 2704 3486 2800 ca-

1805 2780 1856 2842 B
1881 2804 1976 2864 put
2005 2806 2155 2852 tuum
2184 2811 2231 2855 et
2272 2780 2488 2861 barbam
2514 2808 2730 2881 (Ezech.
2761 2780 3370 2900 ru)m;",vivdelieeivqluvia
3391 2780 3484 2889 "ct

1880 2884 2001 2955 ipse
2022 2902 2086 2943 ex
2116 2894 2441 2952 sacerdotali
2476 2914 2674 2970 genere
2705 2905 2816 2963 Deo
2853 2910 2906 2965 in
2943 2914 3248 2975 ministerio
3275 2926 3481 2980 sancti-

1881 2974 2150 3036 ﬁcationis
2202 2984 2565 3046 deserviebat.
2604 2993 2719 3051 Hoc
2771 3008 2828 3055 et
2863 2999 3152 3064 Nazaraeos
3191 3010 3312 3069 illos
3359 3014 3480 3072 Pri-

1880 3071 2091 3130 scillam
2122 3087 2179 3133 et
2220 3080 2473 3151 Aquilam
2507 3087 2563 3143 in
2598 3083 2825 3151 Actibus
2875 3101 3242 3170 apostolorum
3272 3110 3479 3179 primos

1878 3162 2072 3223 fecisse
2101 3168 2352 3241 legimus,
2375 3174 2602 3235 Paulum
2632 3199 2848 3255 quoque
2876 3162 3198 3264 apostolum,
3238 3162 3294 3254 ei
3320 3214 3483 3271 quos-

1877 3255 2001 3354 dam
2032 3259 2418 3332 discipulorum
2470 3269 2692 3339 Christi,
2740 3279 2833 3347 qui
2875 3255 2931 3336 in
2978 3255 3289 3354 hujusmodi

1875 3344 2124 3404 imitandi
2175 3355 2520 3414 exstiterunt.
2572 3363 2670 3419 Est
2693 3344 2875 3422 autem
2905 3370 2959 3424 in
2988 3344 3200 3433 clericis
3247 3388 3473 3440 tonsura

1872 3435 2089 3507 signum
2118 3444 2387 3511 quoddam
2417 3452 2561 3518 quod
2592 3453 2646 3507 in
2687 3471 2913 3527 corpore
2957 3435 3475 3536 ﬁguratur,

1874 3529 2057 3585 animo
2084 3533 2265 3602 agitur
2289 3554 2302 3591 :
2333 3538 2538 3597 scilicet
2564 3555 2624 3599 ut
2645 3546 2749 3603 hoc
2778 3551 2932 3622 signo
2954 3555 3083 3612 vitia
3114 3559 3171 3614 in
3207 3562 3467 3637 religione

1872 3632 2210 3694 resecentur,
2238 3636 2295 3684 et
2321 3630 2645 3693 criminibus
2669 3643 2849 3699 carnis
2883 3657 3085 3705 nostra}
3111 3655 3265 3723 quasi
3294 3660 3464 3713 crini-

1871 3711 1975 3768 bus
1999 3729 2297 3788 exuamur,
2345 3731 2509 3794 atque
2536 3726 2662 3784 inde
2688 3730 2959 3793 innovatis
2989 3742 3238 3800 sensibus
3268 3757 3327 3802 ut
3371 3766 3468 3805 co-

1872 3802 1976 3858 mis
1996 3807 2219 3864 rudibus
2243 3812 2624 3884 enitescamus,
2654 3824 3001 3893 cxspoliantes
3020 3847 3135 3897 nos,
3159 3832 3316 3902 juxta
3343 3855 3472 3909 apo-

1872 3894 2089 3963 stolum,
2119 3908 2337 3957 veterem
2356 3905 2619 3964 hominem
2642 3928 2761 3966 cum
2783 3918 2985 3974 actibus
3012 3923 3152 3993 ejus,
3180 3936 3230 3980 et
3252 3929 3473 3987 induen-

1871 3994 1945 4041 les
1974 4005 2161 4046 novum
2190 3997 2282 4065 qui
2303 4010 2583 4056 renovatur
2607 4005 2662 4059 in
2708 4011 3032 4078 agnitionem
3067 4017 3170 4073 Dei
3195 4020 3332 4093 (Col.
3360 4025 3469 4099 ιιι).

1872 4077 2036 4099 Ιὶ--Ακ-Α
2070 4097 2119 4099 μμ
2277 4088 2311 4099 -⁸
2530 4093 2542 4099 ⁸

1871 4077 2040 4144 Quam
2069 4088 2476 4145 renovationem
2528 4093 2582 4148 in
2615 4077 2795 4154 mente
2822 4113 3037 4172 oportet
3079 4077 3220 4179 ﬁeri,
3270 4116 3364 4170 sed
3412 4077 3470 4172 iln

1873 4170 2051 4239 capite
2081 4173 2485 4249 demonstrare,
2526 4186 2618 4241 ubi
2667 4188 2781 4259 ipsa
2816 4208 2972 4252 mens
3021 4204 3265 4260 noscitur
3311 4206 3468 4264 habi—

1874 4268 2009 4319 tare.
2061 4265 2213 4333 Quod
2256 4286 2387 4330 vero
2438 4278 2664 4335 detonso
2713 4287 2963 4355 superius
3013 4295 3190 4363 capite
3238 4297 3467 4357 inferius

1871 4354 2063 4411 circuli
2102 4374 2300 4418 corona
2333 4365 2678 4438 relinquitur,
2738 4354 3098 4438 sacerdotium
3128 4400 3467 4462 regnumque

1870 4446 2127 4507 Ecclesia;
2156 4453 2211 4509 in
2237 4456 2318 4511 eis
2371 4461 2623 4517 existimo
2651 4465 2890 4536 ﬁgurari.
2949 4472 3108 4531 Tiara
3154 4482 3297 4535 enim
3324 4487 3466 4554 apud

1869 4551 2083 4600 veteres
2112 4549 2542 4610 constituebatur
2570 4558 2624 4611 in
2646 4561 2821 4629 capite
2848 4568 3209 4623 sacerdotum.
3244 4549 3374 4630 Haec
3398 4594 3464 4632 ex

1868 4631 2034 4704 bysso
2059 4638 2305 4695 confecta
2332 4646 2562 4701 rotunda
2590 4659 2709 4703 erat
2733 4654 2888 4720 quasi
2917 4658 3129 4723 spluera
3168 4665 3368 4731 media,
3410 4676 3468 4722 et

1870 4726 1973 4781 hoc
2005 4730 2341 4801 signiﬁcatur
2365 4735 2420 4789 in
2449 4746 2605 4807 parte
2633 4742 2826 4811 capitis
2841 4754 3013 4802 tonsa.
3041 4749 3251 4808 Corona
3280 4726 3463 4815 autem

1870 4831 2035 4873 aurea
2059 4820 2289 4878 latitudo
2327 4833 2413 4881 est
2441 4828 2649 4897 circuli,
2688 4847 2807 4901 qua:
2857 4853 3043 4910 regum
3069 4844 3245 4913 capita
3272 4847 3460 4918 cingit.

1873 4910 2175 4985 Utrumque
2228 4918 2411 4988 itaque
2444 4922 2658 4994 signum
2693 4929 3019 4999 exprimitur
3050 4934 3102 4988 in
3135 4910 3319 5006 capite
3350 4910 3462 4996 cule-

1872 5002 2127 5074 ricorum,
2173 5017 2233 5063 ut
2268 5011 2560 5082 impleatur
2576 5018 2742 5073 etiam
2772 5024 3017 5093 corporis
3044 5028 3275 5095 quadam
3306 5032 3462 5088 sim-i-

1871 5092 2098 5153 litudine
2141 5100 2286 5169 quod
2314 5104 2575 5175 scriptum
2602 5119 2687 5165 est
2729 5092 2892 5169 Petro
2932 5092 3177 5186 apostolo
3206 5120 3416 5180 dicente
3443 5142 3457 5180 :

1885 5187 1982 5244 Vos
2005 5194 2129 5247 estis
2168 5210 2329 5265 genus
2357 5196 2594 5268 electum,
2649 5202 2819 5273 regale
2851 5208 3199 5263 sacerdotium
3229 5212 3276 5283 (Ι
3310 5213 3456 5272 Petr.

1870 5278 1958 5351 ιι).
1997 5282 2267 5349 Quaeritur
2295 5294 2476 5345 autem
2504 5305 2604 5347 cur
2656 5296 2814 5350 modo
2845 5296 3005 5368 (sicut
3036 5303 3178 5370 apud
3206 5278 3460 5379 antiquos

1869 5372 2177 5452 Nazaraaos)
2223 5396 2331 5438 non
2362 5392 2491 5440 ante
2514 5401 2668 5442 coma
2695 5390 2953 5456 nutritur,
2985 5400 3040 5446 et
3066 5394 3145 5449 sic
3174 5401 3460 5458 tondetur?

1872 5465 1978 5523 Sed
2003 5470 2093 5539 qui
2117 5471 2235 5527 haec
2255 5477 2570 5546 exquirunt,
2598 5479 2882 5535 advertant
2906 5483 3035 5552 quid
3064 5486 3135 5542 sit
3160 5489 3301 5546 inter
3326 5492 3457 5549 illud

1864 5560 2241 5631 propheticum
2266 5567 2655 5637 velamentum,
2689 5579 2743 5625 et
2772 5571 2913 5629 hanc
2938 5573 3213 5648 Evangelii
3249 5584 3457 5639 revela-

1863 5650 2088 5718 tionem,
2128 5655 2196 5711 de
2223 5672 2330 5727 qua
2365 5659 2496 5716 dicit
2530 5659 2821 5731 Apostolus
2852 5680 2864 5718 :
2904 5663 3036 5721 Cum
3063 5673 3338 5729 transieris
3383 5676 3453 5729 ad

1861 5741 2148 5814 Christum,
2171 5748 2441 5819 auferetur
2469 5751 2705 5809 velamen
2718 5754 2807 5826 (II
2828 5753 2932 5813 Cor
2978 5759 3083 5833 ιιι).
3110 5761 3248 5830 Quid
3269 5775 3452 5821 autem

1859 5836 2198 5908 signiﬁcabat
2224 5843 2468 5900 velamen
2499 5846 2876 5917 interpositum
2901 5852 3046 5908 inter
3066 5853 3258 5912 faciem
3281 5858 3451 5930 Moysi

1857 5938 1912 5989 et
1927 5941 2209 6005 aspectum
2231 5936 2466 5998 ﬁliorum
2480 5938 2666 6009 Israel,
2690 5941 2795 6001 hoc
2814 5944 3156 6016 signiﬁcabat
3181 5947 3287 6006 illis
3306 5957 3449 6007 teme

2933 6038 3013 6134 ιιι
