3970 6448
450 431 557 512 299

1103 422 1162 479 Β.
1203 418 1462 478 RABANI
1500 414 1719 475 MAURi
1758 408 2078 471 ARCHIEP.
2118 402 2427 497 MOGUNT.
2465 399 2753 461 OPERUM
2787 398 2968 463 PARS
3002 394 3042 453 Ι.

3634 390 3743 450 300

436 518 675 623 onribus
716 548 880 605 etiam
932 560 1085 601 coma
1116 550 1449 599 sanctorum.
1500 536 1636 591 Nam
1674 542 1731 591 et
1757 529 2050 607 Apostolus
2076 525 2129 587 Α
2153 522 2466 623 primusque
2491 521 2560 622 ad
2818 515 3073 589 populum
3101 512 3299 615 virtute
3327 524 3438 623 sine
3474 505 3746 623 praefica-

451 658 662 701 comam
697 655 796 712 pro
831 638 1133 694 velamento
1161 650 1282 690 esse
1310 634 1457 689 dicit.
1508 627 1741 685 Proinde
1770 623 1885 694 jam
1931 637 2038 678 non

452 744 667 809 oportet
704 742 766 790 ut
802 732 1047 788 velentur
1077 729 1320 785 crinibus
1368 724 1547 795 capita
1587 735 1777 777 eorum
1802 717 1894 788 qui
1931 715 2041 770 Do-

452 836 603 888 mino
631 836 1038 892 consecrantur,
1093 825 1188 881 sed
1218 831 1424 878 tantum
1450 827 1510 874 ut
1537 819 1865 877 revelentur,
1913 808 2043 880 quia

453 929 599 1001 quod
628 935 746 984 erat
771 925 1043 981 occultum
1087 922 1144 979 in
1189 924 1528 977 sacramento
1577 903 2045 1001 prophetiae,‘j‘am

457 996 509 1076 in
540 1016 833 1089 Evangelio
875 1012 1206 1071 declaratum
1255 1017 1357 1065 est.
1413 1006 1553 1061 Sunt
1580 1016 1795 1075 quoque
1823 996 2045 1068 quidam

457 1112 763 1175 doctorum,
797 1107 889 1178 qui
937 1110 1189 1160 asserunt
1234 1101 1476 1155 diversas
1505 1096 1574 1152 ob
1603 1108 1796 1149 causas
1823 1089 2044 1145 Petrum

458 1203 759 1275 apostolum
802 1201 949 1255 hunc
982 1199 1145 1252 ritum
1174 1195 1408 1265 primum
1451 1188 1747 1259 sumpsisse
1770 1181 2043 1255 primitus,

459 1306 518 1353 ut
551 1296 783 1353 formam
813 1301 869 1348 et
893 1289 1298 1348 similitudinem
1335 1284 1537 1343 Christi
1588 1284 1641 1337 in
1670 1283 1848 1351 capite
1872 1285 2050 1350 gesta-

461 1393 576 1454 ret,
620 1388 747 1445 dum
772 1400 872 1457 pro
908 1382 1276 1453 redemptione
1310 1386 1496 1435 nostra
1536 1376 1717 1453 crucis
1748 1372 2051 1445 patibulum

462 1479 816 1540 subditurus,
867 1491 900 1530 a
940 1473 1170 1529 nefanda
1207 1470 1513 1527 Iudaeorum
1555 1476 1715 1539 gente
1740 1466 1914 1522 acutis
1942 1464 2054 1535 spi-

462 1585 658 1625 narum
704 1565 907 1623 aculeis
964 1563 1256 1621 crudeliter
1313 1567 1692 1618 coronaretur.
1745 1556 1947 1612 Deinde
1994 1562 2053 1609 ut

463 1661 781 1717 sacerdotes
806 1658 1020 1715 Veteris
1044 1665 1100 1712 et
1133 1654 1271 1711 Novi
1300 1651 1631 1711 Testamenti
1665 1651 1719 1706 in
1749 1659 1971 1705 tonsura
1999 1656 2054 1702 et

388 1738 391 1743 ’
463 1753 653 1808 habitu
682 1752 1135 1808 discernerentur.
1177 1747 1457 1803 Postremo
1504 1753 1564 1801 ut
1597 1743 1742 1802 idem
1767 1739 2054 1811 Apostolus

465 1843 656 1915 suique
675 1857 1016 1899 successores
1044 1849 1097 1895 et
1122 1838 1439 1919 sequipedes
1466 1836 1814 1892 ridiculosum
1847 1848 2047 1905 ganna-

2147 612 2308 669 tionis
2333 611 2574 668 adduxit.
2609 607 2889 679 Siquidem
2937 604 3121 661 cmteri
3169 601 3397 672 apostoli
3425 616 3551 655 cum
3580 598 3747 653 Petro

2144 700 2263 775 pari
2292 701 2567 758 consortio
2598 698 2822 755 honoris
2865 705 2920 752 et
2954 694 3238 766 potestatis
3262 691 3436 748 eﬁ'ecti
3469 697 3621 753 sunt,
3655 687 3749 758 qui

2144 794 2309 849 etiam
2338 794 2390 848 in
2422 801 2538 849 toto
2583 792 2716 847 orbe
2750 789 2981 860 dispersi
3011 785 3362 858 Evangelium
3406 783 3749 855 praedicave-

2145 890 2289 949 runt,
2320 880 2926 955 quibus'decedeutibns
2954 883 3337 941 successerunt
3368 873 3635 945 episcOpi,
3658 870 3749 941 qui

2146 984 2272 1033 sunt
2303 973 2584 1031 constituti
2610 984 2709 1043 per
2738 978 2912 1027 totum
2962 970 3226 1025 mundum
3258 968 3333 1022 in
3365 966 3590 1022 sedibus
3614 978 3748 1033 apo-

2148 1068 2431 1134 stolorum,
2477 1066 2570 1139 qui
2612 1066 2725 1137 jam
2767 1080 2877 1119 non
2918 1076 3117 1135 genere
3158 1061 3340 1115 carnis
3363 1066 3419 1114 et
3466 1055 3754 1128 sanguinis

2148 1162 2441 1233 eliguntur,
2488 1160 2630 1215 sicut
2657 1158 2893 1229 primum
2924 1156 3219 1212 secundum
3265 1154 3510 1210 ordinem
3544 1154 3752 1218 Aaron,

2148 1255 2245 1312 sed
2274 1270 2375 1324 pro
2402 1249 2824 1322 uniuscujusque
2856 1250 3083 1315 merito,
3110 1249 3216 1304 ﬁde
3246 1256 3303 1302 et
3330 1247 3605 1314 doctrina,
3635 1260 3756 1315 quae

2152 1349 2205 1404 in
2230 1364 2355 1403 eum
2384 1346 2555 1418 gratia
2584 1344 2767 1401 divina
2793 1343 3105 1401 contulerit.
3149 1341 3301 1411 Quod
3326 1356 3456 1396 vero
3499 1357 3602 1412 per
3642 1356 3764 1402 ma_

2132 1432 2256 1499 nus
2289 1442 2690 1513 impositionem
2718 1455 2750 1494 a
2778 1436 3271 1510 prmdecessoribus
3321 1436 3412 1491 Dei
3450 1434 3759 1491 sacerdoti-

2152 1533 2255 1589 bus
2280 1533 2517 1603 episcopi
2547 1531 2890 1597 ordinantur,
2919 1529 3141 1598 antiqua
3164 1534 3249 1583 est
3276 1527 3571 1581 institutio.
3606 1525 3763 1580 Isaac

2156 1626 2300 1681 enim
2326 1624 2637 1697 patriarcha
2667 1632 2910 1688 sanctus,
2968 1635 3176 1692 ponens
3212 1633 3434 1675 manum
3484 1632 3643 1673 suam
3675 1631 3765 1672 su-

2156 1733 2254 1788 per
2293 1727 2453 1788 caput
2502 1713 2669 1771 Iacob
2716 1710 2995 1770 benedixit
3043 1714 3114 1779 ei,
3167 1719 3225 1767 et
3251 1710 3420 1767 Iacob
3471 1709 3603 1764 ﬁliis
3628 1710 3763 1763 suis.

2161 1812 2269 1867 Sed
2294 1820 2351 1867 et
2393 1810 2605 1882 Moyses
2631 1823 2794 1880 super
2823 1816 2989 1878 caput
3014 1805 3141 1862 Iesu
3178 1804 3324 1861 Nave
3351 1819 3582 1859 manum
3609 1816 3767 1857 suam

468 1896 605 1996 tur;
629 1938 918 1994 ludibrium
947 1938 1001 1992 in
1027 1896 1224 2008 popqu
1246 1896 1488 1989 liomano
1514 1938 1815 2004 portarent,
1848 1928 1975 1997 quia
2004 1934 2060 1981 et

2184 1917 2484 1972 mponens,
2525 1901 2677 1956 dedit
2704 1900 2754 1957 ei
2776 1901 3027 1971 Spiritum
3057 1898 3277 1954 virtutis
3320 1906 3376 1954 et
3402 1898 3669 1953 ducatum
3714 1896 3773 1953 in

466 2032 660 2087 horum
703 2030 936 2086 barones
968 2028 1153 2083 hostes
1181 2026 1455 2081 exercitus
1498 2031 1782 2096 superatos
1838 2019 1938 2076 sub
1969 2035 2064 2074 co-

472 2139 603 2179 rona
631 2122 867 2178 vendere
886 2120 1155 2177 solebant.
1207 2117 1315 2176 Sed
1341 2119 1407 2175 de
1434 2116 1520 2172 his
1558 2116 1689 2186 quid
1718 2112 2064 2183 suscipiatur,

469 2213 689 2271 lectoris
713 2211 920 2283 judicio
951 2210 1395 2280 derelinquimus.
1439 2207 1734 2264 Veniamus
1763 2217 1894 2274 ergo
1922 2215 2068 2257 nunc

474 2306 542 2361 ad
590 2304 991 2361 sacratissimos
1059 2303 1276 2358 ordines
1335 2299 1697 2364 clericorum,
1769 2307 2071 2366 eorumque

477 2397 742 2469 originem
768 2403 823 2452 et
850 2394 1053 2466 gradus
1076 2391 1430 2464 singulariter
1458 2391 1912 2453 demonstremus.

1101 2504 1328 2562 CAPUT
1356 2505 1443 2560 lV.

895 2572 973 2634 De
996 2577 1246 2649 gradibus
1272 2574 1653 2633 ecclesiasticis.

549 2671 689 2727 Sunt
713 2680 895 2727 autem
919 2669 1118 2743 gradus
1139 2665 1493 2725 ecclesiastici
1527 2672 1677 2730 octo,
1709 2675 1941 2735 quorum
1970 2676 2071 2717 no-

479 2765 624 2821 mina
664 2763 780 2819 haec
820 2769 979 2818 sunt:
1031 2761 1317 2827 Ostiarius,
1368 2758 1669 2832 psalmista,
1728 2756 1843 2812 sive
1880 2754 2071 2821 lector,

478 2842 774 2923 etorcista,
817 2854 1119 2927 acolythus,
1154 2852 1553 2919 subdiaconus,
1593 2849 1871 2914 diaconus,
1920 2862 2077 2916 pres-

478 2949 653 3021 byter,
698 2954 862 3018 atque
883 2945 1184 3019 cpiscopus.
1211 2944 1429 3000 Initium
1458 2940 1676 3012 quidem
1706 2937 1991 2997 sacerdotii
2019 2936 2076 2991 in

481 3041 666 3098 Veteri
695 3039 1043 3096 Testamento
1068 3038 1250 3097 Aaron
1278 3036 1382 3093 fuit
1398 3077 1415 3104 ,
1438 3048 1749 3107 quanquam
1777 3040 1834 3087 et
1855 3030 2073 3087 Melchi.

484 3135 683 3193 sedech
723 3134 876 3209 prior
923 3133 1180 3191 obtulerit
1230 3131 1559 3192 sacriﬁcium
1585 3170 1600 3199 ,
1650 3138 1708 3186 et
1754 3136 1877 3201 post
1932 3128 2077 3182 hunc

484 3225 974 3296 Abraham,lsaac,
994 3236 1049 3283 et
1061 3224 1248 3283 Iacob.
1271 3222 1493 3297 Legitur
1510 3220 1693 3279 etNoe
1720 3220 1888 3277 altare
1910 3216 2079 3276 aediﬁ-

2168 1996 2366 2069 populo
2408 1996 2594 2063 Israel,
2648 1994 2729 2051 sic
2757 2003 2813 2050 et
2856 1994 3109 2065 impletor
3134 1993 3268 2064 legis
3292 2000 3347 2048 et
3374 1993 3769 2063 prophetarum

2169 2090 2431 2146 Dominus
2464 2098 2652 2144 noster
2675 2086 2835 2142 Iesus
2863 2087 3145 2151 Christus,
3178 2101 3278 2157 per
3321 2100 3519 2140 manus
3548 2083 3772 2154 imposio

2173 2183 2371 2239 tionem
2402 2178 2661 2250 apostolis
2706 2178 2820 2234 suis
2850 2177 3147 2241 benedix'it,
3202 2177 3345 2233 sicut
3388 2177 3444 2231 in
3478 2175 3776 2245 Evangelia

2170 2274 2330 2329 Lucas
2342 2272 2606 2343 scriptum
2630 2278 2756 2327 est:
2791 2269 2862 2325 Et
2882 2270 3132 2341 produxit
3165 2268 3287 2322 illos
3320 2266 3467 2337 [oras
3495 2268 3551 2321 in
3578 2266 3776 2321 Bellis-

2173 2371 2351 2434 niam,
2396 2377 2448 2423 et
2491 2366 2705 2422 elevavit
2752 2381 2941 2419 manus
2968 2380 3092 2419 suas
3129 2373 3178 2417 et
3224 2361 3486 2416 benedixit
3524 2360 3625 2415 eis.
3661 2358 3777 2413 Fa-

2172 2473 2414 2532 ctumque
2438 2468 2513 2515 est
2542 2475 2662 2513 cum
2694 2456 2953 2512 benedixit
2985 2455 3092 2510 illis
3119 2454 3356 2510 discessit
3385 2454 3450 2507 ab
3472 2454 3575 2518 eis,
3608 2462 3657 2507 et
3680 2452 3781 2523 ipsi

2174 2554 2361 2609 reversi
2387 2561 2511 2607 sunt
2545 2552 2597 2605 in
2638 2549 2936 2604 Jerusalem
2985 2564 3106 2602 cum
3134 2547 3331 2619 'gaudio
3379 2562 3575 2616 magno
3621 2543 3776 2617 (Luc.

2174 2644 2349 2717 xxxv).
2383 2644 2451 2698 Et
2478 2644 2533 2697 in
2567 2641 2795 2696 Actibus
2825 2640 3192 2711 apostolorum
3231 2654 3299 2694 ex
3349 2644 3632 2708 praecepto
3662 2635 3782 2705 Spi-

2176 2739 2314 2793 ritus
2341 2736 2516 2791 sancti
2561 2735 2728 2791 Paulo
2765 2742 2821 2790 et
2868 2733 3130 2789 Barnabas
3171 2732 3242 2787 ab
3287 2731 3552 2803 apostolis
3587 2746 3783 2785 manus

2178 2831 2431 2904 imposita
2482 2828 2652 2884 estin
2696 2828 3086 2897 episcopatum,
3132 2834 3186 2880 et
3231 2825 3311 2881 sic
3356 2824 3510 2879 missi
3542 2830 3675 2877 sunt
3717 2822 3782 2875 ad

2177 2922 2659 2995 evangelizandum
2704 2923 2843 2995 (Act.
2891 2918 3038 2992 xm).
3086 2918 3257 2975 Porro
3304 2918 3450 2987 quod
3490 2915 3787 2985 episcopus

2178 3034 2287 3079 non
2317 3018 2385 3072 ab
2410 3031 2517 3071 uno
2537 3056 2552 3082 ,
2606 3016 2700 3073 sed
2732 3029 2762 3068 a
2795 3012 3006 3068 cunctis
3035 3008 3461 3082 provincialibus
3508 3007 3785 3077 episcopis

2179 3110 2485 3174 ordinatur,
2521 3106 2571 3160 id
2601 3114 2823 3175 propter
2850 3105 3088 3160 haereses
3116 3101 3429 3176 agnoscitur
3449 3100 3785 3167 institutum,

2182 3220 2250 3262 ne
2268 3204 2469 3276 aliquid
2488 3212 2677 3260 contra
2693 3202 2856 3257 ﬁdem
2882 3200 3158 3266 Ecclesiae,
3185 3199 3347 3255 unius
3371 3198 3669 3269 tyrannica
3691 3214 3789 3253 au-

487 3284 662 3387 cavsse,
704 3284 1104 3391 εεέυρθιίίῃιιά
1130 3284 1771 3375 οοωίιιξιιοιοοειυειιιω
1796 3310 2075 3367 obtulisse.
2105 3284 2151 3348 Ο
2182 3298 2407 3356 ctoritas
2438 3296 2739 3353 moliretur.
2772 3295 3004 3364 Ideoque
3037 3293 3105 3348 ab
3130 3291 3382 3347 omnibus
3407 3289 3790 3347 convenienti-

489 3412 597 3469 Sed
626 3413 716 3470 isti
746 3421 1042 3483 spontaneo
1068 3410 1366 3478 voluntate,
1404 3424 1509 3466 non
1548 3405 1870 3465 sacerdotali
1901 3412 2086 3460 aucto-

490 3504 672 3570 ritate,
704 3504 806 3559 ista
835 3502 1101 3559 fecerunt.
1130 3502 1399 3559 Cazterum
1438 3501 1622 3556 Aaron
1647 3500 1855 3568 primus
1886 3497 1939 3551 in
1968 3494 2087 3565 lege

494 3592 832 3649 sacerdotale
878 3608 1075 3649 nomen
1119 3593 1368 3663 accepit,
1424 3591 1740 3662 primusque
1790 3583 2087 3659 pontilicali

495 3683 634 3740 stola
661 3683 920 3740 infulatus
948 3684 1197 3740 victimas
1244 3682 1691 3754 obtulitjubente
1741 3679 1972 3736 Domino
2023 3692 2088 3733 ac

495 3774 751 3846 loquente
779 3775 846 3829 ad
877 3774 1135 3846 Moysen:
1183 3775 1391 3846 Accipe,
1427 3774 1625 3845 inquit,
1657 3771 1838 3827 Aaron
1864 3780 1911 3824 et
1948 3768 2089 3837 ﬁlios

496 3866 633 3937 ejus,
664 3873 714 3921 et
750 3864 1041 3936 applicabis
1081 3865 1149 3920 ad
1187 3865 1379 3921 ostium
1420 3861 1748 3923 tabernaculi
1783 3860 2087 3927 testimonii,
2122 3916 2136 3927 ,

499 3976 720 4031 cumque
750 3958 938 4014 laveris
976 3970 1176 4032 patrem
1213 3975 1329 4013 cum
1356 3956 1481 4027 ﬁliis
1503 3974 1665 4029 aqua,
1702 3955 1887 4009 indues
1913 3954 2095 4008 Aaron

500 4051 816 4109 vestimentis
855 4052 985 4118 suis,
1038 4051 1092 4105 id
1120 4060 1225 4119 est,
1263 4051 1402 4105 linea
1438 4060 1485 4104 et
1526 4050 1728 4115 tunica,
1757 4059 1804 4103 et
1833 4046 2091 4117 superim-

503 4140 712 4208 merali,
737 4152 785 4197 et
813 4141 1062 4197 rationali
1090 4142 1227 4214 quod
1257 4143 1578 4213 constringes
1607 4140 1798 4206 balteo,
1842 4149 1889 4194 et
1932 4154 2095 4208 pones

503 4234 695 4289 tiaram
732 4232 787 4286 in
818 4233 985 4305 capite
1026 4233 1161 4303 ejus,
1193 4241 1240 4289 et
1268 4231 1519 4287 laminam
1540 4240 1775 4287 sanctam
1814 4246 1969 4302 super
1988 4231 2093 4283 tia-

505 4345 642 4395 ram,
689 4336 738 4385 et
768 4325 939 4383 oleum
965 4326 1225 4383 unctionis
1268 4326 1457 4397 fundes
1480 4342 1639 4397 super
1667 4335 1820 4399 caput
1842 4324 1977 4394 ejus,
2008 4332 2096 4377 at-

504 4438 603 4492 que
624 4420 723 4475 hoc
769 4421 875 4475 ritu
906 4420 1297 4479 consecrabitur
1327 4432 1344 4470 :
1375 4418 1515 4487 filios
1538 4434 1739 4490 quoque
1762 4416 1904 4471 illius
1929 4413 2092 4487 appli-

506 4514 674 4582 cabis,
703 4524 751 4571 et
778 4513 963 4573 induas
993 4513 1185 4569 tunicis
1225 4511 1399 4577 lineis,
1428 4513 1701 4585 cingesque
1727 4509 1895 4566 balteo
1917 4508 2099 4563 Aaron

504 4606 699 4662 scilicet
729 4617 776 4663 et
807 4606 993 4663 liberos
1019 4606 1155 4679 ejus,
1184 4616 1231 4663 et
1275 4606 1507 4678 imponas
1553 4607 1627 4662 eis
1654 4605 1867 4671 mitras,
1913 4611 2097 4658 erunt-

507 4715 602 4771 que
634 4699 928 4755 sacerdotes
960 4700 1062 4755 mei
1103 4699 1351 4771 religione
1398 4710 1646 4772 perpetua
1696 4699 1891 4771 (Exod.
1920 4696 2095 4771 xxnt).

508 4792 626 4859 Quo
681 4790 800 4845 loco
854 4792 1208 4864 contemplari
1260 4800 1473 4862 oportet
1527 4794 1711 4849 Aaron
1762 4792 2097 4848 sacerdotem

509 4900 780 4947 summum
805 4881 1006 4953 fuisse,
1066 4884 1121 4940 id
1149 4893 1234 4943 est
1259 4887 1589 4957 episcopum.
1640 4887 1776 4943 Nam
1814 4884 1955 4941 ﬁlios
1981 4884 2098 4954 ejus

506 4979 950 5049 presbyterorum
979 4977 1209 5049 ﬁguram
1234 4988 1711 5049 praemonstrasse,
1758 4979 1954 5049 quibus
1983 4991 2098 5033 me-

511 5073 615 5129 rito
640 5081 821 5131 astare
846 5071 1158 5129 debuissent
1177 5071 1380 5127 Levita:
1401 5073 1547 5130 sicut
1571 5088 1784 5131 summo
1805 5071 2095 5127 sacerdoti.

510 5161 720 5232 Moyses
742 5178 873 5220 vero
900 5160 1059 5232 hujus
1085 5161 1215 5218 facti
1242 5162 1540 5229 mediator,
1588 5161 1864 5218 Christum
1889 5160 2096 5231 signiti—

512 5261 618 5306 cat.
671 5251 729 5307 ln
760 5253 909 5310 Novo
944 5264 1124 5313 autem
1173 5253 1524 5311 Testamento
1550 5264 1671 5324 post
1700 5253 1975 5311 Christum
2002 5270 2094 5311 sae

511 5346 799 5402 cerdotalis
824 5350 960 5411 ordo
981 5366 1013 5405 a
1042 5349 1203 5407 Petro
1229 5350 1414 5421 erepit.
1443 5348 1546 5418 lpsi
1573 5349 1719 5407 enim
1744 5348 1977 5417 primum
2003 5350 2098 5406 da-

513 5445 598 5492 tus
616 5446 700 5492 est
720 5439 1069 5513 pontiﬁcatus
1105 5444 1160 5501 iu
1185 5442 1428 5501 Ecclesia
1465 5442 1689 5501 Christi.
1730 5442 1820 5499 Sic
1844 5443 1985 5501 enim
2017 5440 2095 5496 lo-

510 5526 696 5597 quitur
744 5529 812 5587 ad
856 5543 982 5587 eum
1028 5529 1278 5591 Christus
1323 5535 1601 5593 Dominus.
1654 5534 1731 5589 Tu
1780 5551 1853 5600 es,
1898 5536 2096 5607 inquit,

510 5618 727 5689 Petrus,
776 5631 825 5678 et
864 5639 1024 5693 super
1064 5624 1202 5681 hanc
1250 5636 1453 5698 petram
1502 5627 1775 5697 aediﬁcabo
1805 5628 2099 5685 Ecclesium

507 5729 701 5785 meam,
734 5725 784 5772 et
820 5725 990 5793 portas
1014 5717 1304 5789 inferorum
1338 5737 1443 5779 non
1468 5721 1671 5779 uincant
1703 5740 1839 5787 eam,
1880 5732 1928 5776 et
1961 5722 2099 5777 dabo

509 5805 603 5861 tibi
628 5806 796 5869 claves
828 5809 976 5883 regni
1010 5809 1256 5869 calorum
1300 5812 1515 5891 (Matth.
1552 5816 1688 5886 xxx).
1744 5815 1843 5871 llic
1868 5829 1996 5881 ergo
2030 5813 2096 5869 li-

511 5902 673 5973 gandi
718 5912 884 5979 atque
937 5908 1181 5969 solvendi
1231 5918 1553 5979 potestatem
1602 5910 1810 5982 primus
1868 5908 2098 5979 accepit,

2183 3392 2287 3447 bus
2310 3388 2614 3445 instituitur
2643 3395 2701 3442 ut
2753 3403 2858 3442 non
2909 3386 3090 3441 minus
3116 3401 3147 3439 a
3178 3384 3351 3440 tribus
3399 3382 3787 3453 prmsentibus,

2185 3482 2395 3541 ueteris
2432 3490 2612 3537 tamen
2674 3477 3158 3540 consentientibus,
3216 3475 3532 3535 testimonio
3572 3473 3789 3530 littera-

2186 3595 2329 3635 rum.
2362 3578 2500 3634 Huic
2527 3584 2708 3632 autem
2731 3576 2859 3630 dum
2889 3579 3243 3629 consecratur
3265 3570 3422 3625 datur
3443 3570 3699 3632 baculus,
3733 3579 3793 3624 ut

2189 3674 2306 3745 ejus
2336 3672 2535 3728 indicio
2566 3671 2839 3726 subditam
2879 3669 3094 3739 plebem
3119 3666 3204 3722 vel
3234 3674 3388 3736 regat
3413 3664 3497 3719 vel
3525 3665 3793 3734 corrigat,

2189 3766 2274 3823 vel
2303 3765 2650 3821 inﬁrmitates
2688 3764 3028 3819 inﬁrmorum
3073 3761 3361 3817 sustineat.
3412 3760 3588 3815 Datur
3609 3768 3667 3814 et
3696 3775 3797 3814 an-

2191 3856 2369 3921 nulus,
2402 3863 2624 3926 propter
2651 3855 2861 3924 signum
2891 3852 3218 3924 pontilicalis
3242 3850 3483 3913 honoris,
3510 3850 3595 3906 vel
3617 3852 3799 3921 signa-

2193 3948 2373 4005 culum
2403 3955 2758 4005 secretorum.
2808 3945 2945 4000 Nam
2979 3944 3146 4000 multa
3197 3950 3320 3999 sunt
3350 3958 3471 4011 qua:
3497 3950 3630 3997 ante
3676 3957 3800 3996 car-

2194 4043 2401 4099 naliuni
2449 4042 2737 4111 minusque
2765 4039 3180 4110 intelligentium
3222 4051 3414 4093 sensus
3454 4035 3799 4091 occultantes

2196 4137 2551 4201 sacerdotes,
2608 4134 2765 4204 quasi
2816 4131 2916 4189 sub
2962 4130 3240 4201 signaculo
3278 4129 3499 4195 cadunt,
3553 4143 3626 4186 ne
3657 4126 3771 4183 indi

2195 4230 2318 4302 guis
2345 4226 2652 4303 quibusque
2672 4228 2768 4284 Dei
2793 4233 3135 4282 sacramenta
3163 4223 3498 4294 aperiantur.

2816 4341 3043 4396 CAPUT
3082 4340 3145 4394 V.

2511 4413 2587 4471 De
2611 4413 2793 4468 ordine
2823 4412 3085 4482 tripartito
3107 4411 3487 4481 episcoporum.

2272 4508 2418 4565 Ordo
2449 4516 2627 4565 autem
2656 4508 3032 4577 episcoporum
3060 4504 3364 4573 tripartitns
3391 4510 3497 4568 est,
3524 4502 3581 4557 id
3610 4512 3717 4567 est,
3740 4504 3795 4558 in

2205 4598 2549 4672 patriarcliis,
2577 4596 3016 4667 archiepiscopis,
3045 4595 3135 4664 qui
3152 4604 3206 4650 et
3227 4593 3629 4663 metropolitani
3651 4602 3794 4658 sunt,

2204 4702 2259 4751 ct
2308 4692 2597 4763 episcopis.
2648 4689 2963 4745 Patriarcha
3002 4690 3328 4766 πατριάρχας
3386 4686 3581 4741 Grmca
3616 4686 3796 4756 lingua

2203 4795 2359 4858 pater
2385 4784 2688 4855 principum
2718 4783 2831 4838 sive
2854 4797 3099 4838 summus
3120 4794 3337 4852 patrum
3380 4779 3795 4847 interpretatur,

2202 4880 2331 4949 quia
2357 4877 2614 4948 primum,
2650 4875 2702 4930 id
2741 4884 2823 4930 est
2856 4873 3233 4944 apostolicum,
3287 4869 3488 4926 retinet
3514 4869 3720 4933 locum,
3748 4878 3800 4923 et

2202 4970 2324 5027 ideo
2352 4968 2498 5038 quod
2522 4982 2733 5024 summo
2756 4968 2961 5022 honore
2987 4963 3250 5035 fungitur,
3302 4962 3395 5016 tali
3425 4960 3648 5015 nomine
3676 4975 3801 5015 cen-

2202 5068 2374 5125 setnr,
2428 5060 2569 5115 sicut
2602 5058 3058 5128 archiepiscopus,
3100 5056 3472 5111 Antiochenus
3511 5054 3802 5124 epimpus

2205 5161 2369 5225 atque
2393 5150 2792 5209 Alexandrinus
2827 5151 3074 5207 antistes.
3127 5149 3586 5217 Archiepisoopus
3635 5151 3797 5224 ἀρχι-

2204 5246 2479 5309 σπίσκοπος
2508 5244 2696 5303 Graeco
2729 5245 2993 5301 vocabulo
3023 5244 3244 5309 dicitur,
3280 5242 3425 5312 quod
3452 5241 3524 5296 sit
3550 5255 3800 5295 summus

2204 5339 2287 5399 vel
2320 5340 2571 5410 princeps
2599 5339 2996 5409 episcoporum,
3024 5345 3174 5393 tenet
3198 5335 3343 5391 enim
3377 5335 3552 5390 vicem
3584 5342 3798 5403 aposto-

2203 5432 2389 5496 licam,
2435 5438 2490 5485 et
2516 5429 2770 5501 prmsidet
2798 5428 3067 5499 episcopis
3100 5426 3332 5484 caneris.
3385 5424 3629 5496 Singulis
3653 5424 3799 5479 cnim

2204 5523 2498 5596 provinciis
2520 5524 2853 5593 praaeminet,
2877 5538 3107 5592 quorum
3125 5521 3448 5579 auctoritate
3472 5529 3531 5574 et
3550 5518 3799 5573 doctrina

2201 5617 2382 5677 caeteri
2412 5616 2723 5673 sacerdotes
2769 5614 2998 5683 subjecti
3023 5622 3169 5679 sunt,
3208 5613 3326 5669 sine
3351 5610 3553 5682 quibus
3574 5607 3800 5676 reliquis

2202 5710 2470 5782 episcopis
2492 5708 2628 5765 nihil
2658 5722 2821 5778 agere
2844 5706 2995 5773 licet,
3027 5705 3134 5762 nisi
3161 5705 3305 5776 quod
3340 5701 3569 5774 singulis
3600 5701 3653 5755 in
3675 5712 3800 5768 pm-

2204 5808 2319 5879 Pl‘ia
2342 5804 2603 5877 DaIOCbia
2632 5802 3073 5863 commendatum
3119 5808 3225 5857 est.
3279 5794 3603 5856 Sollicitudo
3651 5790 3799 5847 enin

2209 5904 2373 5962 totius
2393 5901 2687 5976 provincia:
2716 5900 2820 5974 ipsi
2842 5900 3134 5962 commissa
3178 5906 3298 5969 est,
3345 5903 3403 5952 et
3421 5903 3614 5950 omnes
3637 5897 3797 5960 σφας
