3970 6466
1056 378 1151 436 DE
1182 377 1628 441 ΕΙΑΕΝΟΟΕΗΜ
1664 376 2172 446 INSTITUTIONE,
2210 377 2344 437 ETC
2406 410 2478 425 ---
2515 378 2640 437 LIB.
2677 378 2721 436 ι.

3438 385 3546 453 302

274 498 393 554 ritis
415 494 678 567 designati
704 494 946 559 ordines,
985 502 1096 552 uno
1134 494 1712 565 eodemque'vocalmlo
1735 494 1854 565 cpia
1879 495 1932 556 Δ
1957 491 2154 549 dicitur
2183 510 2196 546 ε
2228 490 2412 549 Gloria
2432 510 2614 551 senum
2651 494 2868 549 canities
2905 491 3088 568 (Prov.
3124 498 3239 569 xx),
3281 508 3336 554 et
3369 500 3496 557 item
3522 521 3537 560 τ

270 591 423 661 scopi
451 588 819 654 nominantur,
856 588 951 644 sed
980 589 1193 658 privato
1218 588 1441 647 nomine
1460 587 1676 657 multum
1700 594 1857 643 utun-

269 691 361 738 tur
384 688 607 753 propter
631 679 1029 736 distinctionem
1066 685 1393 749 potestatum
1422 691 1586 748 quam
1617 676 1852 749 singula—

260 764 407 830 riter
435 781 785 844 aeeqierunt.
815 770 1255 841 ltetrepolitanus
1301 779 1486 833 autem
1526 770 1671 827 idem
1698 783 1856 825 voca-

268 873 379 930 tur,
426 872 493 920 eo
519 864 663 934 quod
689 863 977 934 praesideat
1008 862 1083 921 illi
1123 862 1353 927 civitati,
1385 877 1506 931 quae
1535 860 1748 921 steteris
1777 859 1854 916 ci-

268 956 527 1017 vitatibus
578 955 637 1011 in
693 956 886 1011 eadem
928 954 1205 1025 provincia
1251 954 1559 1009 constitutis
1591 952 1852 1022 quodam-

265 1049 428 1104 modo
453 1056 633 1105 mater
655 1048 747 1103 sita
789 1047 1099 1119 Metropolis
1132 1046 1441 1125 empirici“
1465 1060 1599 1115 ergo
1639 1042 1849 1111 Grates,

265 1150 443 1199 mater
479 1140 761 1197 civilem
806 1140 1213 1209 interpretatur.
1270 1139 1625 1210 Episcopatus
1670 1148 1851 1197 autem

262 1234 585 1292 vocabulum
617 1234 744 1290 inde
769 1232 991 1297 dictum,
1034 1232 1180 1303 quod
1203 1232 1294 1288 ille
1340 1235 1435 1303 qui
1456 1234 1851 1305 superetiicitur

261 1326 672 1396 superintendat
694 1364 714 1392 ,
758 1334 947 1381 curam
986 1324 1192 1381 scilicet
1237 1324 1580 1383 subditorum
1629 1340 1845 1396 gerens.

263 1416 494 1487 Beopein
521 1424 736 1473 nam
764 1416 911 1473 snitu
939 1415 1131 1475 Latine
1164 1416 1445 1475 intendere
1468 1416 1685 1475 dicitur.
1721 1404 1848 1487 Epi-

259 1508 409 1579 scopi
436 1510 711 1565 ἂπίσιοποι
767 1516 951 1564 autem
989 1506 1198 1573 Graece,
1239 1506 1435 1565 Latino
1476 1508 1848 1578 speculatores

258 1601 375 1657 sive
417 1599 926 1670 superintcudentes
977 1600 1420 1670 interpretantur.
1481 1600 1618 1657 Nam
1653 1617 1845 1673 specu.

256 1690 397 1749 lator
422 1700 509 1747 est
530 1692 852 1763 praepositus
878 1691 933 1747 in
958 1690 1202 1749 Ecclesia
1230 1692 1425 1758 dictus,
1459 1708 1526 1750 eo
1554 1693 1697 1764 quod
1727 1706 1845 1764 spe-

257 1784 467 1841 culetur
490 1794 653 1855 atque
679 1785 970 1855 prospiciat
1018 1786 1339 1856 populorum
1368 1786 1511 1842 infra
1555 1800 1614 1842 se
1640 1787 1843 1858 posito-

1958 581 2188 641 Canities
2228 584 2452 640 hominis
2478 586 2755 657 prudentia
2792 588 2925 658 ejus.
2956 587 3109 645 Unde
3144 598 3209 662 et
3229 593 3366 664 apud
3395 602 3541 653 vete-

1954 690 2045 731 res
2091 675 2237 731 idem
2287 685 2343 731 et
2388 678 2623 750 episcopi
2658 689 2714 733 et
2765 681 3064 754 presbyteri
3111 680 3349 740 fuerunt.
3404 687 3539 758 Quia

1954 766 2082 822 illud
2101 784 2297 827 nomen
2322 769 2599 839 dignitatis
2621 781 2725 839 est,
2746 772 2850 829 hoc
2870 774 3064 831 aetatis.
3097 760 3163 830 Et
3181 772 3383 837 Paulus
3409 797 3539 853 apo-

1953 860 2124 917 stoltm
2153 862 2221 917 ad
2249 863 2428 919 Titum
2459 866 2702 923 scribens
2743 886 2756 922 :
2790 865 2989 939 Hujus,
3018 869 3210 940 inquit,
3252 871 3326 926 rei
3364 875 3540 945 gratia

1952 948 2139 1021 reliqui
2163 960 2210 1006 te
2238 951 2439 1021 Cretaz,
2461 965 2519 1008 ut
2546 972 2607 1010 ea
2627 972 2743 1028 qua:
2772 955 2959 1012 desunt
2989 960 3239 1030 corrigas,
3269 972 3317 1015 et
3339 964 3536 1017 consti-

1951 1049 2071 1095 tuas
2101 1059 2196 1112 per
2230 1045 2461 1101 civitates
2488 1049 2835 1118 presbyteros,
2873 1051 3007 1104 sicut
3038 1068 3130 1124 ego
3151 1052 3246 1107 tibi
3276 1052 3534 1127 disposui,

1949 1133 1996 1186 si
2021 1134 2136 1204 quis
2165 1135 2277 1190 sine
2304 1138 2522 1195 crimine
2555 1149 2629 1194 est
2656 1142 2812 1211 anius
2836 1144 3015 1199 uxoris
3046 1145 3140 1212 vir,
3161 1143 3304 1215 ﬁlios
3340 1146 3539 1206 habens

1947 1225 2151 1296 ﬁdeles,
2182 1245 2285 1285 non
2310 1230 2366 1285 in
2398 1233 2731 1289 accusatione
2752 1233 3013 1303 luxuria;
3038 1249 3132 1293 aut
3164 1257 3269 1295 non
3300 1240 3536 1297 subditos

1951 1319 2079 1393 (Tit.
2099 1321 2203 1385 ιιι).
2243 1322 2311 1379 Et
2345 1324 2531 1381 'statim
2567 1325 2839 1399 subjungit
2873 1346 2886 1383 :
2917 1326 3134 1401 Oportet
3166 1333 3305 1389 enim
3336 1336 3535 1406 episco-

1947 1431 2071 1486 pum
2114 1417 2225 1472 sine
2252 1418 2471 1475 crimine
2495 1436 2638 1488 esse,
2664 1422 2799 1478 sicut
2824 1421 2922 1478 Dei
2962 1423 3395 1497 dispensatorem,
3429 1445 3534 1483 non

1947 1509 2248 1578 superbum,
2285 1528 2391 1567 non
2410 1512 2749 1595 iracundum,
2781 1514 3259 1599 nontinolentum,
3287 1534 3391 1574 non
3410 1536 3531 1591 per-

1947 1616 2232 1669 cussorem,
2263 1610 2367 1658 etc.
2404 1602 2594 1675 (lbid.)
2612 1603 2761 1661 Etad
2784 1594 3158 1677 Pbilippenses
3182 1594 3451 1681 episcopis
3479 1612 3535 1666 et

1948 1692 2262 1749 diaconibus
2286 1695 2503 1760 scribit,
2533 1712 2656 1753 eum
2684 1713 2789 1753 una
2822 1699 3014 1754 civitas
3040 1700 3221 1770 plures
3248 1703 3534 1777 episeopos'

1944 1783 2145 1838 habere
2165 1800 2271 1840 non
2293 1786 2483 1857 possit,
2502 1787 2595 1842 sed
2621 1786 2722 1842 sub
2745 1787 3123 1860 episcoporum
3142 1792 3360 1847 nomine
3374 1796 3530 1867 pr‘es—

254 1891 376 1931 rum
402 1880 582 1931 mores
611 1885 665 1931 et
689 1875 876 1943 vitam,
916 1876 1130 1959 intimet
1178 1878 1471 1949 unicuique
1510 1888 1662 1934 actus
1688 1894 1836 1945 suos,
1867 1867 1916 1928 Β
1942 1878 2162 1950 byteros
2184 1880 2495 1952 complexus
2514 1890 2616 1937 est.
2646 1876 2774 1938 ideo
2802 1890 2983 1939 autem
3015 1882 3316 1959 presbyteri
3348 1902 3531 1943 sacer—

252 1967 395 2023 sicut
418 1967 675 2022 Dominus
693 1969 761 2022 ad
780 1958 1118 2027 Ezechielem
1137 1967 1273 2023 dixit
1294 1969 1632 2039 prophetam.
1665 1968 1736 2024 Et
1756 1981 1833 2037 tu,

252 2057 451 2128 inquit,
474 2057 553 2127 [ili
571 2058 815 2126 hominis,
837 2058 1215 2131 speculatorem
1232 2060 1356 2119 dedi
1374 2070 1428 2116 te
1451 2060 1632 2118 donni
1646 2060 1835 2119 Israel.

249 2151 488 2209 Audiens
510 2169 630 2226 ergo
653 2168 718 2209 ea:
765 2169 853 2208 ore
893 2169 1008 2209 meo
1038 2170 1351 2219 sermonem,
1382 2156 1723 2215 annuntiabis
1762 2157 1837 2211 eis

249 2261 316 2303 ea:
353 2261 455 2299 me.
502 2244 567 2300 Si
605 2262 687 2301 me
724 2244 926 2303 dicente
972 2245 1041 2301 ad
1093 2246 1312 2317 impium
1358 2257 1525 2303 morte
1570 2250 1835 2315 morieris,

248 2355 352 2399 non
386 2339 551 2409 {ueris
600 2337 805 2395 locutus
835 2349 891 2395 ut
918 2356 974 2394 se
1008 2340 1269 2399 custodiat
1306 2341 1495 2414 impius
1534 2358 1569 2397 a
1608 2343 1693 2397 eia
1714 2359 1835 2412 sua,

245 2431 352 2502 ipse
390 2432 585 2503 impius
640 2418 702 2493 in‘
747 2432 1022 2503 iniquitate
1065 2450 1163 2489 sua
1209 2434 1484 2505 morietur,
1524 2437 1835 2507 sanguinem

244 2534 419 2583 autem
437 2525 557 2597 ejus
574 2525 639 2581 de
658 2542 820 2583 manu
836 2536 929 2583 tua
945 2528 1231 2599 requiram,
1251 2537 1358 2586 etc.
1376 2528 1595 2600 (Exerit.
1610 2528 1830 2601 xxxtu).

242 2614 495 2673 Pontifex
524 2619 778 2690 princeps
805 2620 1147 2677 sacerdotum
1170 2628 1275 2688 est,
1304 2621 1462 2692 quasi
1486 2621 1575 2677 via
1597 2638 1831 2693 sequen-

244 2710 379 2769 tium
406 2729 422 2769 ι
454 2712 573 2783 ipse
601 2722 657 2769 et
680 2729 925 2770 summus
943 2715 1222 2781 sacerdos,
1247 2715 1364 2785 ipse
1392 2714 1637 2785 pontifex
1662 2715 1833 2771 maxi~

243 2818 363 2861 mus
395 2814 764 2875 nuncupatur.
801 2805 921 2874 ipse
947 2806 1095 2865 enim
1137 2804 1301 2862 allicit
1334 2808 1645 2865 sacerdotes
1667 2815 1832 2877 atque

242 2892 459 2953 Levitas
476 2932 492 2961 ,
542 2895 657 2965 ipse
683 2910 875 2952 mones
897 2896 1118 2953 ordines
1142 2896 1542 2953 ecclesiasticos
1571 2897 1827 2967 disponit,

240 2986 354 3059 ipse
380 2988 517 3058 quid
541 2989 911 3059 unusquisque
935 2986 1121 3045 facere
1149 2989 1363 3056 debeat,
1394 2988 1649 3045 ostendit.
1674 2987 1830 3043 Anti-

241 3089 349 3136 stes
378 3088 565 3135 autem
590 3080 731 3135 idem
755 3080 935 3135 dictus
985 3089 1092 3146 est,
1122 3095 1189 3135 eo
1209 3082 1353 3152 quod
1378 3088 1505 3137 ante
1533 3088 1658 3141 stet.
1710 3077 1828 3147 Pri-

242 3189 358 3230 mus
385 3174 537 3229 enim
574 3183 657 3229 est
703 3175 756 3229 in
786 3175 982 3243 ordino
1012 3175 1292 3241 Ecclesiae,
1347 3184 1404 3230 et
1431 3190 1594 3245 supra
1622 3190 1681 3230 se
1708 3173 1827 3229 nul-

239 3265 346 3322 lum
379 3266 546 3322 habet
568 3260 930 3333 Sacerdotem.
962 3265 1229 3325 Sacerdos
1255 3266 1473 3336 quidem
1503 3280 1700 3320 nomen
1730 3265 1827 3319 ha-

236 3359 329 3416 bet
371 3360 741 3430 connpositum
760 3376 831 3417 ex
860 3357 1051 3416 Graec
1089 3368 1145 3413 et
1168 3357 1382 3423 Latino,-
1431 3358 1588 3429 quasi
1612 3372 1829 3413 sacrum

236 3452 389 3510 dans.
422 3454 715 3524 Dispensat
735 3468 869 3524 ergo
895 3452 1152 3525 mysteria
1178 3452 1446 3518 cmlestia,
1473 3451 1720 3517 ﬁdelibus
1741 3451 1830 3507 ba~

236 3546 497 3616 ptismnm
530 3548 717 3613 tradit,
763 3561 962 3616 corpus
988 3554 1046 3600 et
1072 3544 1389 3615 sanguinem
1416 3543 1618 3603 Christi
1646 3544 1829 3601 distri-

235 3638 372 3706 buit,
405 3649 469 3701 et
509 3640 735 3697 verbum
763 3639 859 3697 Dei
897 3638 1177 3708 praedicat.
1224 3636 1494 3709 Sacerdos
1522 3647 1705 3697 autem
1734 3653 1828 3694 vo.

233 3730 344 3785 cari
374 3738 579 3801 potest,
635 3731 751 3786 sive
774 3729 1059 3800 episcopus
1086 3729 1176 3795 sit,
1204 3730 1319 3786 sive
1358 3730 1666 3801 presbyter.
1698 3729 1826 3799 Epi-

233 3820 386 3891 so0pi
416 3829 601 3877 autem
627 3820 995 3892 apostolorum
1053 3820 1229 3879 vicem
1262 3821 1317 3883 in
1617 3828 1823 3889 tenent,

234 3912 374 3969 sicut
393 3927 562 3983 supra
592 3912 847 3971 dlaimus.
884 3912 953 3968 Et
975 3912 1347 3983 chorepiscopi
1376 3912 1470 3982 qui
1488 3912 1675 3969 vicarii
1699 3921 1829 3968 sunt
1926 3964 1931 3967 .

234 4004 637 4074 episcoporum,
653 4001 722 4059 ad
738 4003 1044 4073 exemplum
1070 4002 1209 4059 ιη
1238 4004 1512 4059 seniorum
1538 4003 1825 4061 constituti

232 4107 392 4165 sunt;
420 4113 525 4154 nee
549 4097 753 4168 aliquid
782 4097 864 4153 eis
886 4097 1060 4169 magis
1078 4097 1205 4154 licet
1231 4098 1286 4153 in
1308 4097 1550 4154 Ecclesia
1568 4098 1825 4154 ordinare

234 4197 325 4244 aut
346 4189 707 4255 constituere,
764 4188 870 4245 nisi
896 4196 1159 4259 quantum
1184 4190 1264 4245 eis
1287 4190 1603 4245 conceditur
1628 4205 1662 4249 ει
1691 4189 1823 4262 1θαὶ-

236 4282 381 4338 timis
406 4282 703 4353 episcopis,
744 4282 835 4352 qui
886 4282 1070 4341 sedem
1109 4291 1167 4345 et
1197 4284 1437 4355 regimen
1470 4284 1739 4355 integrum
1764 4284 1820 4339 in

234 4374 490 4432 Ecclesiis
538 4375 807 4433 obtinent.
859 4374 1111 4435 Ordinati
1159 4384 1289 4435 sunt
1334 4383 1514 4441 autem
1568 4376 1819 4448 chorcpi-

230 4470 380 4538 εωγὶ
400 4477 631 4540 propter
650 4483 950 4540 pauperum
975 4484 1185 4535 curam,
1214 4469 1308 4540 qui
1335 4470 1390 4525 in
1416 4469 1561 4538 agris
1585 4477 1643 4527 et
1679 4468 1821 4524 villis

237 4566 561 4632 consistunt,
584 4579 655 4620 ne
687 4564 769 4621 eis
810 4564 1064 4620 solatium
1110 4563 1540 4620 conﬁrmationis
1584 4564 1816 4619 deesset.

1942 1974 2097 2028 dotes
2139 1981 2424 2040 vocantur,
2462 1975 2589 2047 quia
2618 1990 2834 2033 sacrum
2871 1976 3035 2043 dant,
3080 1976 3222 2033 sicut
3266 1977 3526 2049 episcopi,

1942 2064 1997 2120 id
2040 2072 2145 2131 est,
2183 2065 2238 2120 in
2273 2064 2614 2125 confectione
2656 2066 2825 2122 divini
2858 2069 3105 2140 corporis
3140 2077 3197 2125 et
3225 2070 3526 2142 sanguinis,

1939 2165 1996 2212 et
2032 2156 2086 2211 in
2114 2157 2457 2227 baptismate,
2488 2166 2544 2213 et
2570 2158 2625 2211 in
2661 2157 2839 2215 cilicio
2876 2152 3227 2229 prmdicandi.
3261 2154 3368 2215 Sed
3404 2159 3530 2217 licet

1940 2248 2050 2305 sint
2091 2248 2427 2315 sacerdotes,
2460 2256 2648 2304 tamen
2680 2247 3027 2321 pontiﬁcatus
3052 2249 3263 2321 apicem
3294 2265 3403 2306 non
3430 2250 3528 2306 ha-

1938 2338 2239 2408 bent,quod
2253 2350 2355 2394 nec
2366 2338 2663 2395 chrismate
2675 2337 2907 2394 frontem
2925 2340 3163 2412 signant,
3178 2350 3279 2396 nec
3291 2355 3357 2410 pa
3365 2340 3507 2397 racle

1936 2440 2051 2487 tum
2071 2432 2323 2503 spiritum
2354 2433 2504 2499 dant,
2534 2428 2678 2505 quod
2702 2431 2832 2488 solis
2860 2432 3130 2505 episcopis
3155 2430 3341 2489 deberi
3363 2432 3526 2488 lectio

1935 2524 2105 2593 Actus
2134 2524 2498 2597 apostolorum
2540 2524 2911 2592 demonstrat;
2945 2541 3048 2581 nec
3082 2525 3338 2583 ordinare
3366 2525 3527 2581 cleri-

1935 2633 2027 2674 cos
2060 2618 2113 2672 in
2142 2617 2314 2674 sacris
2344 2608 2626 2673 ordinibus
2647 2620 2895 2689 possunt,
2933 2614 3077 2689 quod
3104 2616 3374 2687 episcopis
3398 2626 3525 2687 pro-

1932 2718 2055 2783 pter
2096 2708 2363 2765 unitatem
2408 2718 2463 2765 et
2513 2708 2864 2765 concordiam
2907 2714 3237 2763 reservatur.
3287 2705 3524 2763 Secundi

1932 2819 2065 2859 vero
2102 2804 2310 2859 ordinis
2344 2804 2449 2858 viri
2486 2802 2791 2875 presbyteri
2840 2806 2990 2868 sunt,
3049 2806 3283 2872 quorum
3335 2804 3523 2873 typum

1931 2897 2293 2972 prmiorebant
2318 2895 2462 2952 LXX
2498 2895 2600 2951 viri
2622 2895 2677 2950 in
2712 2892 2895 2950 Veteri
2921 2892 3293 2959 Testamento,
3326 2892 3382 2949 in
3405 2894 3525 2965 qui-

1930 2993 2034 3050 bus
2067 2991 2327 3049 Dominus
2358 2991 2609 3062 spiritum
2649 2986 2819 3062 Moysi
2859 2986 3197 3061 propagavit,
3234 2992 3296 3042 ut
3320 2986 3524 3043 talibus

1930 3085 2271 3155 adiutoribus
2305 3100 2436 3143 usus
2473 3084 2528 3138 in
2557 3081 2773 3154 populo,
2806 3079 3121 3137 innumeras
3151 3077 3524 3136 multitudines

1931 3179 2092 3239 facile
2121 3180 2468 3252 gubernaret.
2507 3175 2599 3232 Sic
2625 3183 2680 3231 et
2700 3182 2942 3249 paternae
2966 3163 3321 3245 plenitudinis
3345 3171 3519 3227 abun-

1932 3275 2117 3331 dantia
2162 3270 2433 3328 transfusa
2485 3268 2660 3326 estin
2713 3262 2974 3324 Eleazaro
3024 3274 3080 3322 et
3120 3262 3414 3330 Ithamare,
3463 3271 3525 3319 ut

1931 3366 2001 3431 ad
2026 3366 2234 3422 hostias
2262 3362 2528 3420 salutares
2540 3370 2595 3419 et
2614 3358 2999 3432 frequentioris
3021 3355 3181 3414 cilicii
3208 3370 3523 3413 sacramen-

1930 3468 2086 3525 tum,
2145 3457 2509 3514 ministerium
2561 3453 2830 3511 sulliceret
2884 3450 3248 3508 sacerdotum.
3318 3448 3410 3507 Sic
3466 3454 3523 3504 et

1931 3556 2191 3628 apostolis
2241 3554 2487 3619 Christi,
2541 3552 2794 3608 doctores
2820 3590 2836 3616 ,
2892 3547 3018 3604 ﬁdei
3069 3545 3299 3603 comites
3351 3538 3522 3600 additi

1929 3658 2077 3711 sunt,
2122 3648 2320 3718 quibus
2356 3646 2430 3702 illi
2461 3646 2652 3701 orbem
2697 3650 2869 3699 totum
2910 3638 3163 3697 secundis
3198 3636 3520 3709 prmdicato—

1928 3744 2082 3800 ribus
2118 3743 2513 3812 impleverunt,
2555 3747 2615 3797 et
2655 3753 2756 3810 per
2794 3735 3164 3809 evangelicum
3214 3732 3518 3791 doctrinam

1924 3835 2312 3905 dilataverunt.

2532 3944 2764 4004 CAPUT
2800 3942 2912 4002 VII.

2537 4058 2616 4117 De
2638 4058 2895 4115 diaconia.

2002 4197 2204 4254 Levita;
2227 4212 2295 4253 ex
2318 4195 2536 4253 nomine
2556 4192 2794 4249 auctoris
2821 4180 3022 4258 vocati,
3053 4188 3120 4246 de
3149 4190 3368 4247 nomine
3390 4186 3525 4247 Levi

1928 4287 2135 4347 Levita:
2169 4285 2344 4345 exorti
2369 4293 2518 4351 sunt,
2556 4300 2589 4340 a
2615 4284 2813 4354 quibus
2840 4282 2894 4337 in
2933 4281 3132 4353 templo
3156 4282 3275 4349 Dei,
3308 4278 3523 4354 mystici

1932 4382 2260 4440 sacramenti
2323 4378 2582 4451 mysteria
2630 4376 3000 4448 exple-bantur.
3060 4374 3324 4448 Praecepit
3375 4378 3522 4432 enim

1931 4474 2195 4531 Dominus
2241 4485 2298 4528 et
2336 4471 2471 4527 dixit
2501 4470 2567 4524 ad
2601 4464 2818 4540 Moysen
2841 4508 2857 4534 ,
2886 4474 2945 4521 ut
2977 4474 3099 4538 post
3120 4466 3518 4522 ordinationem

1928 4569 2113 4624 Aaron
2144 4563 2441 4623 sacerdotis
2467 4572 2521 4618 et
2552 4561 2782 4616 ﬁliorum
2811 4557 2949 4629 ejus,
2975 4575 3160 4615 rursus
3186 4558 3315 4613 Levi
3346 4558 3519 4615 tribus

237 4655 375 4714 Dicti
398 4630 551 4715 sunt
574 4666 759 4714 autem
803 4656 1202 4727 cborcpiscopi,
1238 4657 1367 4727 quia
1392 4657 1459 4711 de
1482 4657 1649 4712 choro
1689 4663 1816 4711 sunt

1936 4664 1982 4718 in
2015 4660 2187 4715 divini
2226 4658 2401 4712 cultus
2440 4653 2701 4726 mysterio
2740 4650 3109 4713 ordinaretur,
3133 4657 3187 4703 et
3230 4664 3518 4705 consecro-

232 4752 616 4817 sacerdotum;
666 4749 723 4805 bi
744 4757 925 4809 autem
952 4761 984 4800 a
1015 4746 1131 4803 solo
1159 4746 1415 4817 episcopo
1462 4746 1699 4805 civitatis
1730 4745 1818 4802 cui

230 4840 486 4912 10M
509 4841 852 4908 ordinantur,
897 4841 1040 4903 sicut
1074 4839 1403 4911 presbyteri.

843 4955 1073 5013 CAPUT
1123 4953 1215 5011 VL

792 5028 873 5085 De
930 5027 1260 5098 presbyteris.
1792 5100 1797 5106 ι

305 5122 753 5197 Presbyterorum
793 5123 930 5183 ordo
952 5122 1236 5179 elordium
1258 5121 1489 5191 sumpsit
1513 5136 1545 5176 a
1581 5120 1727 5188 ﬁliis,
1757 5129 1819 5175 ut

240 5216 437 5275 dictum
475 5226 583 5285 est,
622 5217 825 5273 Aaron.
873 5215 977 5285 Qui
1017 5216 1163 5273 enim
1202 5214 1514 5275 sacerdotes
1550 5214 1607 5269 in
1633 5213 1816 5271 Veteri

240 5307 579 5367 Testamento
606 5310 965 5375 vocabuntur,
997 5308 1055 5363 hi
1073 5313 1203 5367 sunt
1232 5307 1326 5379 qui
1364 5322 1510 5365 nunc
1537 5306 1814 5376 appellau-

240 5412 326 5458 ωι-
366 5402 696 5476 presbyteri;
743 5409 799 5456 et
848 5401 941 5470 qui
979 5408 1107 5456 tunc
1148 5399 1402 5471 princeps
1450 5398 1814 5463 sacerdotum,

240 5508 379 5553 nunc
398 5499 683 5568 episcopus
702 5501 946 5550 vocatur.
971 5492 1262 5563 Presbyter
1279 5492 1635 5568 πρεσϐύτσρος
1665 5490 1812 5549 enim

235 5587 441 5655 Graec,
478 5590 673 5645 latine
707 5587 890 5645 maior
933 5586 1337 5658 interpretatur.
1368 5584 1485 5641 Non
1509 5601 1609 5656 pro
1652 5591 1814 5639 aetate

239 5695 410 5741 autem
439 5687 525 5743 vel
552 5684 825 5754 decrepita
854 5690 1152 5747 senectute,
1179 5680 1279 5738 sed
1300 5688 1522 5752 propter
1546 5681 1813 5737 honorem

238 5784 294 5833 et
317 5779 628 5850 dignitatem
657 5785 714 5832 et
749 5774 1049 5833 doctrinam
1082 5773 1361 5845 sapientiae
1396 5787 1557 5842 quam
1587 5785 1812 5841 accepe-

240 5883 383 5949 runt,
429 5873 728 5945 presbyteri
762 5870 1132 5936 nominantur,
1175 5868 1313 5927 sicut
1349 5882 1449 5939 per
1477 5865 1811 5940 Sapientiam

1928 4762 2116 4810 rentur
2148 4749 2373 4805 Domino
2414 4762 2513 4817 pro
2552 4742 2803 4799 omnibus
2843 4739 3236 4812 primogenitis,
3265 4743 3320 4793 et
3349 4740 3521 4794 servi-

1927 4854 2052 4903 rent
2068 4860 2171 4917 pro
2192 4842 2359 4899 Israel
2384 4854 2567 4897 coram
2590 4836 2770 4891 Aaron
2801 4843 2856 4891 et
2884 4832 3007 4889 ﬁliis
3030 4831 3147 4903 ejus
3179 4833 3233 4887 in
3264 4832 3520 4888 taberna-

1930 4942 2053 4998 culo
2071 4938 2284 4995 Domini
2313 4934 2648 4991 excubantes
2676 4931 2728 4985 in
2753 4928 2954 5000 templo
2977 4928 3063 4983 die
3092 4943 3154 4982 ac
3176 4932 3355 4990 nocte,
3387 4925 3517 4995 ipsi-

1928 5046 2034 5105 que
2056 5034 2330 5103 gestarent
2358 5038 2538 5079 arcam
2560 5031 2617 5078 et
2646 5018 3075 5084 tabernaculum,
3104 5022 3159 5072 et
3181 5016 3364 5071 omnia
3384 5026 3515 5070 vasa

1925 5125 2066 5196 ejus,
2097 5130 2152 5176 ct
2180 5122 2231 5175 in
2256 5117 2487 5174 circuitu
2513 5106 2847 5169 tabernacuﬁ
2870 5117 3050 5166 castra
3077 5107 3181 5178 ipsi
3211 5106 3510 5162 constitue-

1924 5224 2080 5281 rent,
2104 5222 2159 5268 et
2185 5213 2238 5267 in
2261 5205 2629 5283 promovendo
2654 5201 3006 5261 tabernaculo
3033 5200 3133 5271 ipsi
3158 5200 3511 5270 deponerent,

1923 5319 1979 5369 ct
2004 5320 2191 5364 rursus
2219 5302 2318 5373 ipsi
2341 5302 2691 5371 deponerent,
2722 5304 2776 5351 et
2804 5309 2992 5348 rursus
3010 5291 3109 5361 ipsi
3126 5299 3510 5360 componerent

1923 5394 2122 5477 (Exod.
2141 5396 2313 5468 χχιχ).
2328 5390 2393 5449 lli
2410 5393 2596 5477 Graece
2609 5389 2861 5447 diaconcs
2877 5382 3123 5449 διάκονςς,
3142 5380 3333 5437 Latine
3347 5376 3509 5477 mini-

1924 5473 2023 5551 stri
2041 5494 2317 5553 dicuntur,
2341 5486 2483 5558 quod
2506 5474 2649 5537 sicut
2677 5480 2730 5534 in
2755 5478 3035 5533 sacerdote
3056 5476 3419 5539 consecratiO,
3436 5473 3511 5528 ita

1910 5560 2051 5645 etin
2068 5583 2297 5639 diacono
2313 5572 2600 5633 ministerii
2621 5568 2951 5641 dispensatio
2965 5567 3211 5621 habetur.
3236 5563 3294 5618 ln
3325 5561 3510 5617 Veteri

1925 5680 2274 5736 Testamento
2307 5666 2644 5726 excubabant
2673 5664 2726 5718 in
2751 5658 3098 5718 tabernaculo
3127 5654 3417 5713 testimonii
3444 5652 3513 5707 ad

1920 5775 2193 5843 prmcepta
2227 5765 2428 5826 Aaron,
2457 5766 2510 5812 et
2534 5755 2600 5812 ad
2626 5762 2818 5811 cuncta
2841 5769 3004 5826 opera
3029 5746 3393 5811 tabernaculi;
3421 5756 3503 5798 ve-

1896 5846 2227 5923 rumtamen
2263 5856 2331 5914 ad
2355 5868 2486 5911 vasa
2519 5848 2814 5908 sanctuarii
2838 5854 2893 5903 et
2921 5846 2988 5903 ad
3016 5844 3185 5901 altare
3215 5850 3323 5904 non
3352 5844 3511 5893 acce-
