3970 6442
433 395 541 454 505

1086 385 1151 439 ιι.
1191 346 1457 438 mnam
1484 370 1705 434 nsum
1736 364 2059 427 ARCHIEP.
2100 357 2414 419 uocum.
2456 355 2744 417 OPERUM
2781 353 2963 443 rans
2996 352 3040 409 1.

3606 347 3711 404 504

427 470 630 567 dabant
647 547 662 574 ,
697 505 839 561 sicut
879 500 1234 557 mandaverat
1260 495 1521 552 Dominus
1548 489 1731 546 Aaron
1777 487 1963 543 dicens
2002 499 2015 535 :
2040 476 2100 542 Α
2124 479 2177 533 in
2200 476 2493 548 Evangelia
2517 473 2765 539 Joannis,
2793 471 2975 527 divina
2996 466 3302 573 proditione
3327 465 3715 574 commonitus,

432 601 572 658 Ecce
602 595 724 652 dedi
746 593 888 651 vobis
915 591 1106 661 fratres
1139 597 1333 643 vestros
1359 584 1565 640 Levitas
1592 582 1656 636 de
1676 578 1847 634 medio
1881 574 2024 663 ﬁlio;

434 710 553 750 rum
598 688 791 754 Israel,
834 693 883 741 et
918 682 1118 739 tradidi
1162 680 1357 735 donum
1396 676 1647 741 Domino,
1690 682 1749 727 ut
1792 669 2023 726 serviant

430 786 491 845 in
529 779 832 840 ministeriis
869 773 1196 832 tabernaculi
1240 771 1390 842 ejus;
1424 777 1481 822 tu
1519 777 1694 821 autem
1731 775 1782 820 et
1806 761 1915 837 xfilii
1946 762 2023 815 tui

433 874 691 935 custodite
717 869 1073 927 sacerdotium
1104 874 1349 930 vestrum,
1381 871 1429 916 et
1467 861 1643 915 omnia
1674 874 1791 930 qua:
1822 856 1890 911 ad
1918 854 2024 909 cul-

432 978 545 1025 tum
574 964 757 1020 altaris
777 960 1119 1034 pertinent,et
1137 958 1277 1011 intra
1306 952 1474 1009 velum
1500 960 1643 1017 sunt,
1661 966 1753 1021 per
1775 947 2020 1003 sacerdo-

434 1070 509 1119 tes
535 1053 1073 1118 administrabantur,
1105 1057 1210 1105 etc.
1251 1046 1443 1119 (Num.
1475 1040 1656 1114 xvm.)
1687 1041 1753 1096 Hi
1781 1057 1811 1095 a
1832 1040 2024 1112 viginti

427 1153 672 1225 quinque
699 1147 856 1203 annis
884 1152 941 1199 et
964 1157 1128 1214 supra
1151 1137 1624 1211 ingrediebantur,
1654 1141 1717 1188 ut
1744 1131 2020 1217 ministra-

427 1223 550 1302 rent
566 1243 623 1298 in
640 1235 988 1296 tabernaculo
1008 1231 1252 1296 foederis,
1267 1241 1499 1297 cumque
1517 1223 2021 1298 quinquagesimum

425 1349 632 1391 annum
671 1328 846 1386 aetatis
875 1323 1169 1395 explebant
1200 1319 1407 1376 servire
1437 1316 1745 1381 cessabant,
1787 1321 1843 1367 et
1868 1319 2023 1367 erant

427 1422 667 1483 ministri
706 1419 937 1476 fratrum
964 1429 1185 1471 suorum
1214 1413 1270 1467 in
1305 1407 1656 1465 tabernaculo
1687 1404 1932 1469 foederis,
1963 1410 2025 1456 ut

430 1516 773 1575 custodirent
822 1525 943 1583 quae
981 1508 1085 1567 sibi
1119 1506 1337 1560 fuerant
1365 1500 1764 1561 commendata.
1792 1498 1853 1552 In
1876 1496 2025 1551 Novo

431 1624 616 1672 autem
641 1609 991 1668 Testamento
1016 1603 1244 1677 apostoli
1267 1610 1474 1672 septem
1509 1599 1789 1663 diaconos,
1805 1602 2026 1667 propter

428 1714 832 1767 sacramentum
867 1698 1110 1769 ejusdem
1143 1695 1355 1752 numeri
1401 1692 1792 1749 ordinaverunt
1823 1688 1889 1743 ad
1926 1686 2026 1741 mi-

427 1800 716 1858 nisterium
750 1810 968 1853 sacrum
1006 1800 1062 1846 et
1097 1787 1333 1845 officium
1376 1784 1593 1850 altaris,
1641 1782 1733 1853 qui
1778 1780 2028 1849 leguntur

425 1895 592 1953 etiam
616 1902 672 1948 et
698 1889 1045 1963 praedicasse,
1086 1892 1143 1939 et
1176 1881 1480 1954 baptizasse
1508 1893 1617 1934 non
1646 1890 1867 1946 paucos,
1907 1872 2016 1928 sic-

424 1994 488 2042 ut
521 1992 742 2042 sanctus
792 1979 1101 2049 Stephanus
1134 1971 1429 2043 disputavit
1472 1976 1661 2025 contra
1694 1965 1940 2028 Judmos,
1969 1971 2025 2019 et

424 2076 728 2146 Philippus,
757 2070 1037 2143 baptizata
1064 2065 1331 2131 eunucho,
1364 2060 1757 2134 evangelizavit
1789 2056 2025 2113 civitati-

424 2172 530 2226 bus
560 2167 793 2232 cunctis,
828 2166 1000 2222 donec
1018 2163 1233 2219 veniret
1252 2158 1579 2221 Caesaream,
1615 2164 1669 2210 et
1699 2155 1751 2208 in
1775 2152 2024 2208 Samaria

423 2262 776 2335 praedicabat,
812 2268 869 2315 et
901 2255 1215 2327 baptizabat
1243 2269 1338 2310 eos
1362 2253 1451 2323 qui
1485 2252 1553 2307 ab
1585 2248 1843 2320 apostolis
1863 2246 2025 2302 Petro

425 2363 483 2411 et
524 2351 733 2408 Joanne
776 2347 1129 2420 postmodum
1176 2342 1660 2401 conﬁrmabantur.
1701 2339 1808 2395 Sed
1850 2338 2026 2408 bapti-

427 2461 555 2501 zare
577 2436 661 2500 eis
688 2442 851 2498 modo
881 2455 1068 2496 coram
1103 2437 1371 2509 episcopis
1404 2436 1517 2491 sive
1541 2433 1873 2505 presbyteris
1904 2431 2023 2486 lici-

427 2549 544 2595 tum
571 2546 674 2594 est.
688 2534 913 2593 Caeteris
943 2542 1124 2588 autem
1160 2547 1270 2586 non
1294 2530 1436 2594 licet,
1467 2529 1593 2594 nisi,
1624 2525 1896 2598 praedictis
1917 2523 2027 2578 for-

426 2622 592 2688 tassis
608 2629 806 2687 ofﬁciis
833 2626 1046 2697 longius
1083 2622 1415 2688 constitutis,
1446 2619 1745 2675 necessitas
1783 2625 2026 2672 extrema

426 2724 735 2797 compellat.
770 2720 835 2776 Hi
860 2720 1007 2776 enim
1034 2724 1161 2774 sunt
1191 2728 1326 2787 quos
1346 2713 1405 2767 in
1442 2709 1764 2781 Apocalypsi
1800 2706 2028 2777 legimus

426 2826 637 2889 septem
671 2813 881 2885 angeli,
920 2811 1065 2867 tubis
1094 2814 1372 2865 canentes.
1407 2803 1475 2858 Hi
1502 2810 1630 2858 sunt
1655 2809 1863 2870 septem
1900 2813 2029 2852 can-

427 2907 652 2967 delabra
697 2901 888 2961 aurea.
933 2901 1002 2957 Hi
1053 2906 1182 2956 sunt
1225 2911 1388 2952 voces
1429 2894 1792 2950 tonitruorum
1821 2898 2029 2959 septem

427 2997 615 3072 (Apoc.
652 2995 795 3069 vin).
832 2992 938 3064 Ipsi
968 2992 1114 3046 enim
1150 2988 1298 3043 clara
1325 3000 1458 3040 voce
1495 2985 1551 3039 in
1577 2982 1795 3037 modum
1823 2995 2029 3051 pncco-

428 3069 516 3144 nis
550 3087 843 3142 admonent
881 3087 1128 3145 cunctos,
1159 3078 1275 3132 sive
1302 3076 1358 3130 in
1384 3073 1682 3145 psallendo,
1720 3072 1834 3126 sive
1865 3070 1920 3124 in
1940 3069 2031 3141 le-

429 3183 699 3241 ctionibus
733 3178 1036 3235 audiendis.
1090 3174 1199 3244 Ipsi
1246 3170 1390 3227 enim
1442 3177 1505 3223 ut
1527 3180 1688 3222 aures
1734 3164 2031 3221 habeamus

430 3277 501 3333 ad
536 3276 707 3331 Deum
739 3271 1062 3328 acclamant.
1087 3266 1195 3337 Ipsi
1227 3277 1442 3335 quoque
1466 3258 1859 3330 evangelizant.
1899 3257 2031 3312 Sine

428 3368 517 3424 bis
545 3365 798 3421 sacerdos
828 3374 1027 3418 nomen
1048 3358 1234 3421 habet,
1264 3352 1506 3409 ofﬁcium
1532 3366 1643 3406 non
1676 3350 1861 3405 habet.
1891 3347 2031 3402 Nam

432 3456 575 3510 sicut
610 3454 667 3508 in
708 3452 991 3508 sacerdote
1022 3443 1385 3509 consecratio,
1421 3444 1499 3498 ita
1544 3442 1601 3496 in
1642 3439 1893 3496 ministro
1922 3438 2033 3494 dis-

432 3545 682 3620 pensatio
729 3540 1059 3600 sacramenti
1095 3546 1197 3596 est.
1229 3537 1325 3593 Ille
1366 3535 1545 3591 oblata
1581 3532 1913 3596 sanctiﬁcat,
1943 3529 2033 3584 hic

438 3640 781 3697 sanctiﬁcata
803 3637 1100 3707 dispensat.
1124 3632 1262 3703 Ipsis
1287 3631 1453 3685 etiam
1482 3626 1875 3690 sacerdotibus,
1907 3639 2033 3694 pro-

431 3739 556 3802 pter
577 3726 1057 3800 prtesumptionem
1082 3738 1189 3779 non
1220 3720 1349 3776 licet
1378 3719 1444 3774 de
1474 3732 1661 3773 mensa
1691 3714 1909 3771 Domini
1934 3713 2034 3770 tol-

433 3820 553 3879 lere
577 3820 833 3886 calicem,
872 3818 979 3875 nisi
1018 3818 1100 3874 eis
1140 3814 1371 3871 traditus
1406 3811 1569 3869 fuerit
1595 3827 1627 3865 a
1652 3808 1901 3865 diacono.
1935 3806 2036 3862 Le-

430 3917 560 3972 vita:
600 3913 835 3970 offerunt
873 3910 1177 3968 oblationes
1220 3910 1275 3964 in
1321 3906 1533 3963 altaria.
1577 3902 1779 3957 Levitae
1816 3914 2037 3971 compo-

433 4016 575 4065 nunt
600 4021 848 4062 mensam
878 4003 1113 4061 Domini.
1144 4001 1349 4056 Levita:
1370 3998 1624 4069 operiunt
1653 4010 1839 4051 arcam
1863 4002 2034 4049 testa-

438 4099 650 4177 menti;
683 4112 795 4153 non
816 4096 964 4152 enim
1000 4109 1189 4150 omnes
1214 4093 1403 4148 vident
1430 4090 1602 4146 altare
1625 4087 2032 4160 mysteriorum,

441 4208 564 4265 qua:
589 4190 910 4261 operiuntur
933 4204 964 4243 a
988 4187 1214 4252 Levitis,
1242 4200 1310 4240 ne
1344 4185 1567 4240 videant
1596 4182 1689 4253 qui
1708 4181 1896 4237 videre
1926 4195 2036 4235 non

441 4284 661 4353 debent,
692 4293 747 4341 et
774 4290 995 4341 sumant
1028 4285 1118 4354 qui
1158 4297 1378 4339 servare
1408 4297 1519 4337 non
1548 4288 1797 4351 possunt,
1836 4279 2040 4349 quique

441 4388 737 4454 prOpterea
758 4377 918 4433 altari
945 4377 1081 4433 albis
1104 4376 1277 4432 induti
1300 4376 1584 4438 assistunt,
1613 4382 1674 4428 ut
1694 4373 1821 4427 hinc
1852 4371 2041 4425 admo-

441 4473 545 4530 niti
578 4470 853 4528 cmlestem
884 4470 1053 4524 vitam
1084 4469 1341 4533 habeant,
1379 4466 1705 4536 candidique
1736 4464 1804 4518 ad
1831 4462 2042 4517 hostias

2051 1846 2100 1907 B

2124 570 2460 627 Salvatorem
2474 568 2677 624 meruit
2700 565 2967 629 conﬁteri,
2983 563 3185 634 quique
3205 560 3372 615 etiam
3392 559 3464 615 ad
3475 558 3721 629 primum

2122 662 2422 719 divinitatis
2456 660 2720 733 judicium
2767 658 2940 713 ﬁdelis
2973 655 3204 722 enituit,
3244 660 3586 725 protestante
3615 652 3725 707 Do-

2124 755 2270 812 mino
2303 770 2368 809 ac
2396 753 2610 809 dicente
2638 771 2652 807 :
2678 750 2817 805 Ecce
2842 766 2961 805 vere
2998 745 3267 814 Israelita,
3303 747 3361 800 in
3408 762 3514 817 quo
3564 742 3729 799 dolus

2124 862 2231 902 non
2265 855 2345 901 est
2370 845 2553 918 (Joan.
2602 842 2665 916 ι).
2692 842 2787 898 Isti
2809 856 3027 913 quoque
3057 855 3190 896 vasa
3224 839 3470 909 corporis
3503 845 3563 892 et
3598 852 3724 892 san-

2126 938 2303 1010 guinis
2332 936 2548 992 Domini
2577 934 2893 991 diaconibus
2916 933 2986 988 ad
3014 932 3184 987 altare
3217 929 3472 986 offerunt.
3501 928 3585 983 De
3607 928 3725 998 qui-

2122 1032 2225 1087 bus
2257 1030 2476 1101 quidem
2504 1022 2711 1100 plaCuit
2735 1026 3001 1100 patribus,
3032 1033 3094 1081 ut
3119 1026 3247 1096 quia
3275 1039 3431 1080 sacra
3459 1023 3725 1095 mysteria

2125 1132 2484 1190 contrectant,
2510 1123 2647 1180 casti
2676 1132 2731 1179 et
2754 1122 3098 1178 continentes
3124 1118 3193 1174 ab
3216 1118 3481 1174 uxoribus
3506 1121 3640 1183 sint,
3670 1123 3726 1170 et

2125 1218 2193 1273 ab
2229 1219 2377 1273 omni
2420 1216 2629 1274 carnali
2658 1214 3000 1270 immunditia
3030 1211 3209 1279 liberi,
3246 1209 3404 1280 juxta
3432 1210 3581 1279 quod
3616 1208 3725 1263 illis

2124 1313 2386 1383 propheta
2434 1311 2662 1367 docente
2709 1309 2929 1379 jubetur
2959 1322 2974 1360 :
3010 1305 3347 1361 Mundamini
3366 1345 3382 1371 ,
3428 1303 3521 1374 qui
3572 1301 3723 1372 fertis

2124 1420 2252 1458 vasa
2285 1402 2497 1457 Domini
2532 1400 2674 1473 (Isa.
2705 1400 2821 1472 ιιι).
2852 1398 2917 1453 Hi
2952 1413 3083 1469 ergo
3115 1413 3241 1453 cum
3266 1396 3595 1453 ordinantur
3612 1411 3723 1449 non

2127 1498 2429 1568 suscipiunt
2476 1511 2671 1552 manus
2720 1494 3121 1564 impositiouem
3168 1493 3311 1548 sicut
3351 1490 3614 1547 sacerdos
3670 1496 3727 1543 et

2128 1590 2352 1657 Levites,
2376 1589 2470 1646 sed
2498 1598 2754 1660 patenam
2778 1595 2986 1642 tantum
3012 1593 3069 1642 et
3089 1585 3314 1642 calicem
3338 1584 3403 1640 de
3422 1599 3591 1638 manu
3615 1583 3729 1653 epi-

2128 1683 2309 1753 scopi,
2353 1690 2409 1738 et
2455 1680 2824 1737 archidiaconi
2870 1678 3135 1750 scyphum
3176 1692 3330 1749 aqua:
3374 1690 3500 1733 cum
3536 1689 3679 1747 aqua
3709 1714 3727 1740 ,

2130 1775 2355 1833 mantile
2382 1782 2438 1832 et
2464 1773 2881 1845 manutergium.

2702 1884 2973 1943 CAPUT
3019 1884 3122 1939 IX.

2732 1958 2811 2012 De
2831 1956 3111 2028 acolytlu‘s.

2198 2053 2448 2126 Acolythi
2487 2052 2746 2111 ἀκόλουθοι
2779 2043 2999 2116 Graece,
3038 2047 3232 2103 Latine
3276 2046 3595 2103 ceroferarii
3641 2045 3729 2099 di-

2129 2156 2348 2214 cuntur,
2393 2164 2424 2203 a
2473 2145 2823 2216 deportandis
2860 2143 3036 2200 cereis
3062 2142 3280 2213 quando
3320 2139 3608 2213 legendum
3644 2146 3731 2194 est

2129 2239 2502 2313 Evangelium,
2535 2246 2631 2294 aut
2654 2236 2980 2294 sacriﬁcium
3008 2234 3365 2292 offerendum.
3395 2231 3551 2287 Tunc
3579 2230 3730 2286 enim

2129 2334 2499 2390 accenduntur
2532 2333 2824 2388 luminaria
2867 2332 2936 2388 ab
2984 2333 3064 2388 eis
3106 2340 3162 2387 et
3204 2332 3583 2401 deportantur,
3623 2343 3731 2383 non

2129 2424 2196 2478 ad
2237 2422 2500 2494 fugandas
2542 2423 2792 2479 tenebras
2839 2422 2966 2478 dum
3008 2422 3088 2478 sol
3109 2423 3298 2478 eodem
3337 2430 3588 2492 tempore
3634 2436 3731 2475 ru-

2129 2517 2278 2581 tilet,
2309 2517 2407 2573 sed
2438 2517 2508 2572 ad
2537 2516 2749 2588 signum
2782 2515 2984 2572 laetitiae
3013 2516 3517 2582 demonstrandum,
3544 2526 3608 2571 ut
3632 2517 3731 2572 sub

2129 2618 2257 2683 typo
2286 2610 2507 2666 luminis
2544 2610 2841 2680 corporalis
2876 2611 2966 2666 illa
3005 2610 3098 2665 lux
3138 2612 3481 2677 ostendatur,
3520 2611 3592 2667 de
3623 2626 3730 2681 qua

2130 2703 2187 2758 in
2238 2703 2530 2776 Evangelio
2568 2703 2767 2775 legitur
2798 2721 2812 2757 :
2846 2702 2981 2758 Erat
3015 2702 3109 2757 tua:
3141 2719 3261 2757 vera
3299 2720 3418 2775 qua?
3455 2702 3731 2757 illuminat

2132 2810 2337 2850 omnem
2363 2795 2626 2850 hominem
2648 2796 2932 2851 venientem
2951 2797 3009 2850 in
3022 2796 3160 2851 hunc
3184 2797 3439 2851 mundum
3455 2796 3646 2868 (Joan.
3664 2798 3730 2867 ι),

2132 2898 2366 2954 quorum
2397 2892 2584 2955 typum
2610 2884 2976 2955 praeferebant
3004 2885 3079 2940 illi
3107 2886 3199 2957 qui
3232 2885 3445 2940 Domini
3472 2886 3734 2941 mandato

2132 2976 2189 3031 in
2227 2976 2572 3033 tabernaculo
2604 2977 2857 3034 lucernas
2886 2978 3128 3049 quotidie
3164 2978 3537 3036 accendebant
3564 2993 3735 3049 super

2134 3070 2521 3129 candelabrum
2547 3073 2775 3144 positas.

2772 3164 3002 3223 CAPUT
3025 3166 3103 3222 Χ.

2724 3259 2803 3315 De
2846 3260 3138 3315 exorcistis.

2204 3353 2501 3409 Exorcista:
2536 3355 2841 3431 ἕξορκίσται,
2872 3367 2939 3407 ex
2976 3350 3165 3406 Graeco
3189 3350 3246 3405 in
3276 3348 3535 3405 Latinum
3580 3351 3739 3420 adju—

2134 3454 2318 3502 rantes
2333 3461 2429 3503 seu
2449 3447 2796 3516 increpantes
2808 3454 3093 3501 vocantur.
3117 3443 3373 3500 Invocant
3396 3444 3548 3498 enim
3567 3456 3739 3513 super

2134 3539 2587 3603 catechumenos,
2628 3536 2714 3590 vel
2759 3550 2925 3606 super
2964 3550 3061 3590 eos
3096 3534 3188 3604 qui
3235 3533 3439 3588 habent
3473 3532 3737 3603 spiritum

2135 3629 2495 3695 immundum,
2520 3642 2718 3683 nomen
2742 3626 2958 3683 Domini
2978 3623 3127 3692 Je'su,
3151 3623 3461 3693 adiurantes
3486 3637 3588 3693 per
3606 3636 3736 3677 eum

2134 3730 2195 3777 ut
2239 3721 2548 3793 egrediatur
2583 3721 2652 3775 ab
2697 3720 2795 3774 eis.
2838 3716 3027 3774 Refert
3061 3716 3330 3787 Josephus
3360 3729 3546 3785 regem
3577 3713 3738 3768 Salo-

2136 3823 2353 3863 monem
2394 3806 2737 3878 excogitasse
2771 3820 3035 3875 suamque
3069 3813 3286 3875 gentem
3326 3802 3579 3859 docuisse
3612 3817 3736 3857 rno—

2136 3903 2234 3959 dos
2261 3902 2554 3957 exorcismi
2573 3941 2589 3968 ,
2623 3901 2675 3957 id
2705 3908 2789 3956 est
2816 3897 3196 3969 adjurationis,
3234 3896 3433 3967 quibus
3461 3895 3739 3951 immundi

2136 3994 2362 4065 spiritus
2390 3993 2601 4064 expulsi
2629 3992 2699 4047 ab
2723 3991 2942 4047 homine
2971 3989 3202 4046 ulterius
3234 3988 3436 4043 reverti
3467 4003 3575 4042 non
3606 3992 3742 4041 sunt
3823 3981 3827 3983 “

2137 4087 2278 4161 ausi.
2308 4085 2565 4141 Testatur
2588 4091 2643 4140 et
2677 4085 2744 4140 de
2768 4074 2852 4138 eis
2872 4082 3009 4138 liber
3036 4081 3206 4137 Actus
3229 4079 3626 4151 apostolorum,
3660 4079 3741 4133 ita

2138 4179 2327 4234 dicens
2356 4195 2369 4233 :
2399 4177 2747 4232 Tentaverunt
2775 4184 2951 4230 autem
2977 4173 3213 4246 quidam,
3237 4182 3286 4227 et
3307 4172 3373 4226 de
3393 4173 3739 4225 circumeun-

2141 4271 2275 4326 tibus
2293 4270 2521 4338 ludatis,
2538 4269 2844 4324 exorcismis
2864 4268 3107 4321 invocare
3125 4280 3315 4320 nomen
3335 4263 3554 4318 Domini
3579 4261 3736 4327 Iesu,

2140 4372 2245 4419 etc.
2287 4363 2427 4435 (Act.
2473 4360 2613 4432 xu.)
2642 4359 2954 4416 Invenimus
2993 4373 3087 4414 eos
3125 4371 3263 4427 quos
3290 4354 3494 4411 Esdras
3521 4362 3741 4411 actores

2140 4461 2409 4510 memorat
2433 4451 2640 4523 templi,
2671 4466 2767 4507 eos
2787 4465 2931 4505 nunc
2949 4464 3067 4505 esse
3091 4448 3392 4505 exorcistas
3418 4447 3475 4501 in
3492 4446 3743 4502 Ecclesia

443 4579 500 4647 et
534 4564 869 4631 immaculati
911 4562 1193 4618 accedant.
1225 4560 1371 4627 Quos
1393 4559 1602 4630 primus
1625 4558 1754 4612 fecit
1778 4556 2039 4611 Silvester
2062 4590 2116 4650 Β
2142 4547 2258 4603 Dei.
2311 4546 2556 4602 Fuerunt
2601 4546 2747 4600 enim
2795 4545 2897 4600 sub
2925 4544 3098 4598 Esdra
3138 4552 3354 4598 actores
3384 4540 3576 4610 templi
3623 4555 3741 4595 ser-

442 4672 609 4729 papa,
645 4655 951 4711 tricesimus
983 4662 1208 4724 quartus
1229 4652 1473 4723 pontifex
1500 4652 1555 4707 in
1588 4651 1831 4706 Romana
1856 4648 2037 4704 Eccle-

442 4748 529 4806 sia
549 4757 677 4819 post
701 4746 924 4803 Petrum
951 4746 1254 4801 dalmaticis
1276 4746 1375 4812 uti,
1400 4753 1455 4801 et
1477 4746 1758 4802 constituit
1787 4751 1847 4798 ut
1873 4742 2037 4814 pallio

438 4840 726 4915 rlinostimo
755 4853 943 4919 eorum
973 4836 1112 4894 laena
1137 4847 1431 4910 tegeretur,
1470 4839 1610 4894 sicut
1637 4838 1690 4893 in
1714 4837 1880 4909 gestis
1902 4852 2038 4907 pon-

447 4934 741 4991 tiﬁcalibus
759 4933 1086 4991 continetur.

1050 5023 1279 5082 CAPUT
1321 5024 1451 5081 VIII.

998 5117 1077 5173 De
1136 5118 1489 5173 subdiaconis.

523 5210 937 5284 Hypodiacones
954 5208 1280 5273 ὖποδιάκονις
1309 5208 1513 5274 Graece,
1542 5224 1677 5280 quos
1707 5227 1807 5267 nos
1826 5214 2043 5269 subdia-

454 5320 621 5363 cones
643 5303 891 5371 dicimus,
925 5303 1017 5374 qui
1072 5302 1195 5357 ideo
1229 5302 1309 5358 sic
1341 5302 1677 5372 appellantur
1711 5305 1837 5375 quia
1867 5306 2045 5377 subja-

456 5403 582 5452 cent
615 5395 901 5467 praeceptis
935 5402 990 5447 et
1027 5392 1220 5447 ofﬁciis
1257 5390 1588 5448 Levitarum.
1629 5395 1940 5454 Oblationes
1988 5399 2046 5455 in

457 5487 660 5560 templo
687 5486 783 5543 Dei
811 5503 842 5540 a
872 5483 1118 5538 ﬁdelibus
1147 5483 1250 5553 ipsi
1286 5485 1607 5555 suscipiunt,
1642 5496 1697 5543 et
1720 5489 1924 5546 Levitis
1952 5508 2044 5548 su-

456 5579 838 5651 perponendas
884 5574 1149 5630 altaribus
1188 5575 1456 5631 delerunt.
1504 5578 1570 5632 Hi
1615 5582 1755 5652 apud
1793 5581 2049 5642 Hebraos

458 5668 732 5727 Nathinaei
752 5674 1037 5733 vocantur,
1064 5672 1126 5720 ut
1147 5665 1286 5723 liber
1306 5668 1754 5740 Paralipomenon
1780 5683 1835 5731 et
1864 5676 2050 5733 Esdra:

463 5770 715 5825 testatur,
749 5758 890 5829 quod
937 5757 1321 5829 interpretatur
1366 5761 1420 5816 in
1470 5761 1771 5821 humilitate
1819 5767 2050 5826 Domino

464 5851 783 5909 servientes.
822 5850 903 5907 Ex
932 5864 1123 5910 eorum
1148 5851 1339 5911 ordine
1366 5852 1469 5910 fuit
1502 5854 1592 5913 ille
1629 5853 1930 5913 Nathanael
1960 5858 2053 5928 qui

2142 4658 2336 4699 vorum
2377 4641 2684 4698 Salomonis
2725 4640 2841 4709 ﬁlii,
2879 4641 2972 4711 qui
3010 4647 3192 4695 actum
3213 4638 3401 4709 templi
3428 4638 3604 4693 totius
3638 4638 3742 4693 sub

2146 4753 2277 4795 cura
2302 4753 2401 4794 sua
2431 4738 2714 4803 haberent,
2746 4751 2854 4791 non
2880 4744 3063 4791 tamen
3083 4734 3514 4792 sacerdOtalibus
3538 4734 3741 4790 ofﬁciis

2148 4834 2542 4899 ministrarent,
2600 4839 2695 4887 aut
2737 4830 2908 4886 sacris
2958 4830 3325 4886 oblationibus
3373 4830 3739 4885 deservirent.

2148 4924 2362 4980 Nullam
2388 4939 2519 4996 ergo
2544 4921 2706 4977 aliam
2732 4936 2915 4977 curam
2963 4921 3232 4977 habebant
3273 4929 3486 4976 actores
3528 4920 3743 4991 templi,

2150 5019 2257 5075 nisi
2286 5020 2354 5075 ad
2379 5026 2528 5075 sarta
2554 5026 2697 5073 tecta
2721 5016 3032 5085 reficienda,
3062 5024 3123 5070 ut
3144 5029 3480 5086 quaecunque
3507 5013 3743 5070 fuissent

2149 5121 2393 5169 veterata
2428 5113 2483 5167 in
2519 5111 2747 5167 aediﬁcio
2772 5111 2955 5182 templi
2978 5119 3071 5166 aut
3088 5109 3307 5183 delapsa
3332 5153 3348 5178 ,
3381 5125 3485 5181 per
3517 5110 3744 5167 eosdem

2153 5216 2365 5264 actores
2413 5207 2481 5263 de
2528 5206 2799 5261 thesauris
2841 5205 3136 5260 Dominicis
3170 5204 3528 5259 reﬁcerentur
3578 5212 3744 5276 atque

2136 5300 2549 5356 ‘excolerentur.
2589 5299 2730 5370 Ergo
2767 5304 3048 5357 exactores
3088 5296 3274 5367 templi
3302 5296 3593 5352 exorcista:
3616 5303 3745 5351 sunt

2153 5392 2208 5449 in
2242 5393 2441 5465 populo
2480 5393 2594 5448 Dei.
2627 5391 2907 5459 Quomodo
2934 5390 3080 5445 enim
3119 5397 3271 5445 actor
3295 5391 3534 5459 prudens
3560 5397 3619 5445 et
3653 5390 3745 5444 bo-

2152 5501 2254 5541 nus
2278 5485 2383 5540 scit
2406 5484 2535 5555 quid
2564 5483 2669 5539 scit
2697 5480 2909 5536 Domini
2945 5482 3027 5537 sui
3065 5496 3290 5549 census,
3318 5488 3375 5537 et
3405 5482 3589 5538 omnis
3618 5483 3745 5537 sub-

2153 5578 2368 5634 stantia:
2394 5576 2605 5652 modus,
2631 5583 2685 5630 et
2715 5573 2911 5645 redigit
2935 5574 3075 5644 apud
3101 5590 3159 5630 se
3182 5574 3350 5631 totius
3377 5573 3745 5645 possessionis

2153 5671 2511 5725 instrumenta
2554 5665 2860 5738 originalis,
2903 5667 2982 5723 sic
3008 5666 3280 5723 exorcista
3317 5667 3513 5739 redigit
3546 5667 3607 5723 in
3646 5679 3742 5720 sua

2154 5760 2433 5832 diligentia
2468 5759 2631 5814 totius
2664 5759 2815 5830 regni
2844 5758 3059 5815 Domini
3089 5767 3300 5815 secreta
3319 5800 3333 5827 ,
3373 5768 3436 5814 ut
3464 5758 3745 5816 memoria:

2156 5853 2377 5913 mandet
2396 5854 2464 5912 de
2491 5853 2897 5927 Scripturarum
2921 5856 3302 5925 sacramentis,
3327 5855 3471 5917 unde
3489 5858 3745 5923 exerceat
