  <div class='ocr_page' id='page_1' title='image "/cluster/home/n/w/nwhite01/storage/ocr_20150623/107/hvd.32044015466832/158.png"; bbox 0 0 3970 6468; ppageno 0'>
   <div class='ocr_carea' id='block_1_1' title="bbox 305 453 418 514">
    <p class='ocr_par' dir='ltr' id='par_1_1' title="bbox 305 453 418 514">
     <span class='ocr_line' id='line_1_1' title="bbox 305 453 418 514; baseline -0.018 -1"><span class='ocrx_word' id='word_1_1' title='bbox 305 453 418 514; x_wconf 71' lang='lat'><strong>$05</strong></span> 
     </span>
    </p>
   </div>
   <div class='ocr_carea' id='block_1_2' title="bbox 304 664 1890 737">
    <p class='ocr_par' dir='ltr' id='par_1_2' title="bbox 304 664 1890 737">
     <span class='ocr_line' id='line_1_2' title="bbox 304 664 1890 737; baseline 0.004 -16"><span class='ocrx_word' id='word_1_2' title='bbox 304 680 519 722; x_wconf 86' lang='lat' dir='ltr'><strong>cessum</strong></span> <span class='ocrx_word' id='word_1_3' title='bbox 567 664 862 719; x_wconf 89' lang='lat' dir='ltr'><strong>secundum</strong></span> <span class='ocrx_word' id='word_1_4' title='bbox 897 664 1138 735; x_wconf 86' lang='lat' dir='ltr'><strong>Apostoli</strong></span> <span class='ocrx_word' id='word_1_5' title='bbox 1176 669 1526 737; x_wconf 72' lang='lat' dir='ltr'><strong>praeconium.</strong></span> <span class='ocrx_word' id='word_1_6' title='bbox 1576 670 1890 728; x_wconf 78' lang='lat' dir='ltr'><strong>Exorcistas</strong></span> 
     </span>
    </p>
   </div>
   <div class='ocr_carea' id='block_1_3' title="bbox 302 757 1890 838">
    <p class='ocr_par' dir='ltr' id='par_1_3' title="bbox 302 757 1890 838">
     <span class='ocr_line' id='line_1_3' title="bbox 302 757 1890 838; baseline 0.007 -25"><span class='ocrx_word' id='word_1_7' title='bbox 302 758 453 814; x_wconf 88' lang='lat' dir='ltr'><strong>enim</strong></span> <span class='ocrx_word' id='word_1_8' title='bbox 516 766 785 812; x_wconf 88' lang='lat' dir='ltr'><strong>memorat</strong></span> <span class='ocrx_word' id='word_1_9' title='bbox 831 757 1120 826; x_wconf 76' lang='lat' dir='ltr'><strong>Apostolus</strong></span> <span class='ocrx_word' id='word_1_10' title='bbox 1181 776 1304 815; x_wconf 91' lang='lat' dir='ltr'><strong>cum</strong></span> <span class='ocrx_word' id='word_1_11' title='bbox 1368 762 1500 819; x_wconf 93' lang='lat' dir='ltr'><strong>dicit</strong></span> <span class='ocrx_word' id='word_1_12' title='bbox 1559 782 1572 817; x_wconf 94' lang='lat'><strong>:</strong></span> <span class='ocrx_word' id='word_1_13' title='bbox 1638 764 1890 838; x_wconf 86' lang='lat' dir='ltr'><strong>Nunquid</strong></span> 
     </span>
    </p>
   </div>
   <div class='ocr_carea' id='block_1_4' title="bbox 302 846 1888 914">
    <p class='ocr_par' dir='ltr' id='par_1_4' title="bbox 302 846 1888 914">
     <span class='ocr_line' id='line_1_4' title="bbox 302 846 1888 914; baseline 0.006 -9"><span class='ocrx_word' id='word_1_14' title='bbox 302 862 498 905; x_wconf 88' lang='lat' dir='ltr'><strong>omnes</strong></span> <span class='ocrx_word' id='word_1_15' title='bbox 521 846 843 903; x_wconf 75' lang='lat' dir='ltr'><strong>donationes</strong></span> <span class='ocrx_word' id='word_1_16' title='bbox 868 848 1071 905; x_wconf 83' lang='lat' dir='ltr'><strong>habent</strong></span> <span class='ocrx_word' id='word_1_17' title='bbox 1093 851 1473 908; x_wconf 87' lang='lat' dir='ltr'><strong>sanationum?</strong></span> <span class='ocrx_word' id='word_1_18' title='bbox 1498 853 1565 909; x_wconf 87' lang='lat' dir='ltr'><strong>Hi</strong></span> <span class='ocrx_word' id='word_1_19' title='bbox 1589 856 1735 912; x_wconf 89' lang='lat' dir='ltr'><strong>enim</strong></span> <span class='ocrx_word' id='word_1_20' title='bbox 1763 872 1888 914; x_wconf 91' lang='lat' dir='ltr'><strong>cum</strong></span> 
     </span>
    </p>
   </div>
   <div class='ocr_carea' id='block_1_5' title="bbox 301 939 1887 1018">
    <p class='ocr_par' dir='ltr' id='par_1_5' title="bbox 301 939 1887 1018">
     <span class='ocr_line' id='line_1_5' title="bbox 301 939 1887 1018; baseline 0.006 -22"><span class='ocrx_word' id='word_1_21' title='bbox 301 941 626 996; x_wconf 72' lang='lat' dir='ltr'><strong>ordinantur</strong></span> <span class='ocrx_word' id='word_1_22' title='bbox 677 939 950 1010; x_wconf 89' lang='lat' dir='ltr'><strong>accipiunt</strong></span> <span class='ocrx_word' id='word_1_23' title='bbox 1008 942 1075 997; x_wconf 89' lang='lat' dir='ltr'><strong>de</strong></span> <span class='ocrx_word' id='word_1_24' title='bbox 1133 958 1296 1000; x_wconf 91' lang='lat' dir='ltr'><strong>manu</strong></span> <span class='ocrx_word' id='word_1_25' title='bbox 1349 946 1590 1018; x_wconf 82' lang='lat' dir='ltr'><strong>episcOpi</strong></span> <span class='ocrx_word' id='word_1_26' title='bbox 1648 948 1887 1006; x_wconf 87' lang='lat' dir='ltr'><strong>libellum</strong></span> 
     </span>
    </p>
   </div>
   <div class='ocr_carea' id='block_1_6' title="bbox 301 1033 1884 1114">
    <p class='ocr_par' dir='ltr' id='par_1_6' title="bbox 301 1033 1884 1114">
     <span class='ocr_line' id='line_1_6' title="bbox 301 1033 1884 1114; baseline 0.008 -26"><span class='ocrx_word' id='word_1_27' title='bbox 301 1033 361 1088; x_wconf 91' lang='lat' dir='ltr'><strong>in</strong></span> <span class='ocrx_word' id='word_1_28' title='bbox 391 1049 499 1104; x_wconf 91' lang='lat' dir='ltr'><strong>quo</strong></span> <span class='ocrx_word' id='word_1_29' title='bbox 524 1033 710 1104; x_wconf 86' lang='lat' dir='ltr'><strong>scripti</strong></span> <span class='ocrx_word' id='word_1_30' title='bbox 736 1041 864 1089; x_wconf 89' lang='lat' dir='ltr'><strong>sunt</strong></span> <span class='ocrx_word' id='word_1_31' title='bbox 893 1036 1181 1092; x_wconf 80' lang='lat' dir='ltr'><strong>exorcismi</strong></span> <span class='ocrx_word' id='word_1_32' title='bbox 1200 1078 1217 1103; x_wconf 92' lang='lat'><strong>,</strong></span> <span class='ocrx_word' id='word_1_33' title='bbox 1246 1038 1461 1095; x_wconf 91' lang='lat' dir='ltr'><strong>dicente</strong></span> <span class='ocrx_word' id='word_1_34' title='bbox 1485 1041 1565 1096; x_wconf 91' lang='lat' dir='ltr'><strong>eis</strong></span> <span class='ocrx_word' id='word_1_35' title='bbox 1586 1042 1839 1114; x_wconf 89' lang='lat' dir='ltr'><strong>episcopo</strong></span> <span class='ocrx_word' id='word_1_36' title='bbox 1870 1062 1884 1100; x_wconf 92' lang='lat'><strong>:</strong></span> 
     </span>
    </p>
   </div>
   <div class='ocr_carea' id='block_1_7' title="bbox 299 1126 1888 1206">
    <p class='ocr_par' dir='ltr' id='par_1_7' title="bbox 299 1126 1888 1206">
     <span class='ocr_line' id='line_1_7' title="bbox 299 1126 1888 1206; baseline 0.006 -25"><span class='ocrx_word' id='word_1_37' title='bbox 299 1126 544 1197; x_wconf 85' lang='lat' dir='ltr'><strong>Accipite</strong></span> <span class='ocrx_word' id='word_1_38' title='bbox 573 1134 628 1182; x_wconf 85' lang='lat' dir='ltr'><strong>et</strong></span> <span class='ocrx_word' id='word_1_39' title='bbox 662 1127 1035 1184; x_wconf 86' lang='lat' dir='ltr'><strong>commendate</strong></span> <span class='ocrx_word' id='word_1_40' title='bbox 1076 1129 1371 1197; x_wconf 69' lang='lat' dir='ltr'><strong>memoriae,</strong></span> <span class='ocrx_word' id='word_1_41' title='bbox 1419 1139 1475 1186; x_wconf 91' lang='lat' dir='ltr'><strong>et</strong></span> <span class='ocrx_word' id='word_1_42' title='bbox 1502 1132 1697 1190; x_wconf 82' lang='lat' dir='ltr'><strong>habete</strong></span> <span class='ocrx_word' id='word_1_43' title='bbox 1733 1148 1888 1206; x_wconf 84' lang='lat' dir='ltr'><strong>pote-</strong></span> 
     </span>
    </p>
   </div>
   <div class='ocr_carea' id='block_1_8' title="bbox 300 1218 1888 1293">
    <p class='ocr_par' dir='ltr' id='par_1_8' title="bbox 300 1218 1888 1293">
     <span class='ocr_line' id='line_1_8' title="bbox 300 1218 1888 1293; baseline 0.006 -19"><span class='ocrx_word' id='word_1_44' title='bbox 300 1225 498 1274; x_wconf 87' lang='lat' dir='ltr'><strong>statem</strong></span> <span class='ocrx_word' id='word_1_45' title='bbox 540 1218 851 1290; x_wconf 88' lang='lat' dir='ltr'><strong>imponendi</strong></span> <span class='ocrx_word' id='word_1_46' title='bbox 896 1234 1087 1275; x_wconf 90' lang='lat' dir='ltr'><strong>manus</strong></span> <span class='ocrx_word' id='word_1_47' title='bbox 1124 1237 1288 1292; x_wconf 87' lang='lat' dir='ltr'><strong>super</strong></span> <span class='ocrx_word' id='word_1_48' title='bbox 1333 1236 1728 1293; x_wconf 84' lang='lat' dir='ltr'><strong>energumenos</strong></span> <span class='ocrx_word' id='word_1_49' title='bbox 1773 1227 1888 1284; x_wconf 85' lang='lat' dir='ltr'><strong>sive</strong></span> 
     </span>
    </p>
   </div>
   <div class='ocr_carea' id='block_1_9' title="bbox 297 1310 1888 1389">
    <p class='ocr_par' dir='ltr' id='par_1_9' title="bbox 297 1310 1888 1389">
     <span class='ocr_line' id='line_1_9' title="bbox 297 1310 1888 1389; baseline 0.006 -23"><span class='ocrx_word' id='word_1_50' title='bbox 297 1310 720 1367; x_wconf 81' lang='lat' dir='ltr'><strong>catechumenos</strong></span> <span class='ocrx_word' id='word_1_51' title='bbox 738 1352 753 1377; x_wconf 93' lang='lat'><strong>,</strong></span> <span class='ocrx_word' id='word_1_52' title='bbox 784 1318 844 1366; x_wconf 93' lang='lat' dir='ltr'><strong>ut</strong></span> <span class='ocrx_word' id='word_1_53' title='bbox 874 1312 1151 1384; x_wconf 91' lang='lat' dir='ltr'><strong>imperetis</strong></span> <span class='ocrx_word' id='word_1_54' title='bbox 1179 1314 1471 1373; x_wconf 88' lang='lat' dir='ltr'><strong>immundis</strong></span> <span class='ocrx_word' id='word_1_55' title='bbox 1505 1318 1803 1389; x_wconf 87' lang='lat' dir='ltr'><strong>spiritibus,</strong></span> <span class='ocrx_word' id='word_1_56' title='bbox 1831 1328 1888 1378; x_wconf 91' lang='lat' dir='ltr'><strong>et</strong></span> 
     </span>
    </p>
   </div>
   <div class='ocr_carea' id='block_1_10' title="bbox 297 1402 1639 1475">
    <p class='ocr_par' dir='ltr' id='par_1_10' title="bbox 297 1402 1639 1475">
     <span class='ocr_line' id='line_1_10' title="bbox 297 1402 1639 1475; baseline -0.004 -16"><span class='ocrx_word' id='word_1_57' title='bbox 297 1402 589 1475; x_wconf 85' lang='lat' dir='ltr'><strong>abjiciatis.</strong></span> <span class='ocrx_word' id='word_1_58' title='bbox 1634 1406 1639 1415; x_wconf 48' lang='grc' dir='ltr'>ί</span> 
     </span>
    </p>
   </div>
   <div class='ocr_carea' id='block_1_11' title="bbox 912 1486 1262 1556">
    <p class='ocr_par' dir='ltr' id='par_1_11' title="bbox 912 1486 1262 1556">
     <span class='ocr_line' id='line_1_11' title="bbox 912 1486 1262 1556; baseline 0.006 -4"><span class='ocrx_word' id='word_1_59' title='bbox 912 1486 1142 1555; x_wconf 86' lang='lat' dir='ltr'><strong>CAPUT</strong></span> <span class='ocrx_word' id='word_1_60' title='bbox 1170 1499 1262 1556; x_wconf 82' lang='lat' dir='ltr'><strong>XI.</strong></span> 
     </span>
    </p>
   </div>
   <div class='ocr_carea' id='block_1_12' title="bbox 877 1590 1311 1649">
    <p class='ocr_par' dir='ltr' id='par_1_12' title="bbox 877 1590 1311 1649">
     <span class='ocr_line' id='line_1_12' title="bbox 877 1590 1311 1649; baseline 0.009 -4"><span class='ocrx_word' id='word_1_61' title='bbox 877 1590 959 1646; x_wconf 89' lang='lat' dir='ltr'><strong>De</strong></span> <span class='ocrx_word' id='word_1_62' title='bbox 1009 1591 1311 1649; x_wconf 75' lang='lat' dir='ltr'><strong>lectoribus.</strong></span> 
     </span>
    </p>
   </div>
   <div class='ocr_carea' id='block_1_13' title="bbox 366 1679 1883 1758">
    <p class='ocr_par' dir='ltr' id='par_1_13' title="bbox 366 1679 1883 1758">
     <span class='ocr_line' id='line_1_13' title="bbox 366 1679 1883 1758; baseline 0.009 -23"><span class='ocrx_word' id='word_1_63' title='bbox 366 1679 626 1737; x_wconf 80' lang='lat' dir='ltr'><strong>Lectores</strong></span> <span class='ocrx_word' id='word_1_64' title='bbox 653 1696 686 1737; x_wconf 90' lang='lat' dir='ltr'><strong>a</strong></span> <span class='ocrx_word' id='word_1_65' title='bbox 713 1680 961 1754; x_wconf 88' lang='lat' dir='ltr'><strong>legendo,</strong></span> <span class='ocrx_word' id='word_1_66' title='bbox 987 1684 1283 1755; x_wconf 62' lang='lat' dir='ltr'><strong>psalmistaa</strong></span> <span class='ocrx_word' id='word_1_67' title='bbox 1311 1701 1343 1741; x_wconf 93' lang='lat' dir='ltr'><strong>a</strong></span> <span class='ocrx_word' id='word_1_68' title='bbox 1373 1688 1599 1758; x_wconf 88' lang='lat' dir='ltr'><strong>psalmis</strong></span> <span class='ocrx_word' id='word_1_69' title='bbox 1622 1692 1883 1750; x_wconf 87' lang='lat' dir='ltr'><strong>canendis</strong></span> 
     </span>
    </p>
   </div>
   <div class='ocr_carea' id='block_1_14' title="bbox 291 1772 1881 1852">
    <p class='ocr_par' dir='ltr' id='par_1_14' title="bbox 291 1772 1881 1852">
     <span class='ocr_line' id='line_1_14' title="bbox 291 1772 1881 1852; baseline 0.01 -27"><span class='ocrx_word' id='word_1_70' title='bbox 291 1772 490 1827; x_wconf 88' lang='lat' dir='ltr'><strong>vocati.</strong></span> <span class='ocrx_word' id='word_1_71' title='bbox 543 1772 621 1827; x_wconf 90' lang='lat' dir='ltr'><strong>Illi</strong></span> <span class='ocrx_word' id='word_1_72' title='bbox 670 1774 969 1844; x_wconf 58' lang='lat' dir='ltr'><strong>praedicant</strong></span> <span class='ocrx_word' id='word_1_73' title='bbox 1008 1776 1219 1846; x_wconf 85' lang='lat' dir='ltr'><strong>populis</strong></span> <span class='ocrx_word' id='word_1_74' title='bbox 1255 1779 1386 1849; x_wconf 92' lang='lat' dir='ltr'><strong>quid</strong></span> <span class='ocrx_word' id='word_1_75' title='bbox 1432 1791 1747 1852; x_wconf 88' lang='lat' dir='ltr'><strong>sequantur.</strong></span> <span class='ocrx_word' id='word_1_76' title='bbox 1788 1784 1881 1841; x_wconf 88' lang='lat' dir='ltr'><strong>Isti</strong></span> 
     </span>
    </p>
   </div>
   <div class='ocr_carea' id='block_1_15' title="bbox 292 1865 1882 1938">
    <p class='ocr_par' dir='ltr' id='par_1_15' title="bbox 292 1865 1882 1938">
     <span class='ocr_line' id='line_1_15' title="bbox 292 1865 1882 1938; baseline 0.011 -22"><span class='ocrx_word' id='word_1_77' title='bbox 292 1872 498 1918; x_wconf 89' lang='lat' dir='ltr'><strong>canunt</strong></span> <span class='ocrx_word' id='word_1_78' title='bbox 514 1872 575 1918; x_wconf 92' lang='lat' dir='ltr'><strong>ut</strong></span> <span class='ocrx_word' id='word_1_79' title='bbox 597 1865 838 1921; x_wconf 75' lang='lat' dir='ltr'><strong>excitant</strong></span> <span class='ocrx_word' id='word_1_80' title='bbox 862 1867 927 1921; x_wconf 91' lang='lat' dir='ltr'><strong>ad</strong></span> <span class='ocrx_word' id='word_1_81' title='bbox 957 1871 1401 1938; x_wconf 89' lang='lat' dir='ltr'><strong>compunctiones</strong></span> <span class='ocrx_word' id='word_1_82' title='bbox 1420 1874 1630 1931; x_wconf 89' lang='lat' dir='ltr'><strong>animos</strong></span> <span class='ocrx_word' id='word_1_83' title='bbox 1658 1878 1882 1933; x_wconf 87' lang='lat' dir='ltr'><strong>audien-</strong></span> 
     </span>
    </p>
   </div>
   <div class='ocr_carea' id='block_1_16' title="bbox 291 1954 1880 2041">
    <p class='ocr_par' dir='ltr' id='par_1_16' title="bbox 291 1954 1880 2041">
     <span class='ocr_line' id='line_1_16' title="bbox 291 1954 1880 2041; baseline 0.011 -32"><span class='ocrx_word' id='word_1_84' title='bbox 291 1954 450 2009; x_wconf 92' lang='lat' dir='ltr'><strong>tium.</strong></span> <span class='ocrx_word' id='word_1_85' title='bbox 490 1955 642 2012; x_wconf 88' lang='lat' dir='ltr'><strong>Licet</strong></span> <span class='ocrx_word' id='word_1_86' title='bbox 675 1966 731 2013; x_wconf 91' lang='lat' dir='ltr'><strong>et</strong></span> <span class='ocrx_word' id='word_1_87' title='bbox 757 1959 972 2028; x_wconf 88' lang='lat' dir='ltr'><strong>quidam</strong></span> <span class='ocrx_word' id='word_1_88' title='bbox 1019 1960 1250 2018; x_wconf 86' lang='lat' dir='ltr'><strong>lectores</strong></span> <span class='ocrx_word' id='word_1_89' title='bbox 1284 1963 1356 2020; x_wconf 90' lang='lat' dir='ltr'><strong>ita</strong></span> <span class='ocrx_word' id='word_1_90' title='bbox 1404 1967 1729 2025; x_wconf 85' lang='lat' dir='ltr'><strong>miseranter</strong></span> <span class='ocrx_word' id='word_1_91' title='bbox 1754 1986 1880 2041; x_wconf 90' lang='lat' dir='ltr'><strong>pro-</strong></span> 
     </span>
    </p>
   </div>
   <div class='ocr_carea' id='block_1_17' title="bbox 289 2051 1880 2136">
    <p class='ocr_par' dir='ltr' id='par_1_17' title="bbox 289 2051 1880 2136">
     <span class='ocr_line' id='line_1_17' title="bbox 289 2051 1880 2136; baseline 0.011 -31"><span class='ocrx_word' id='word_1_92' title='bbox 289 2051 575 2124; x_wconf 58' lang='lat' dir='ltr'><strong>nuntient,</strong></span> <span class='ocrx_word' id='word_1_93' title='bbox 623 2059 683 2107; x_wconf 90' lang='lat' dir='ltr'><strong>ut</strong></span> <span class='ocrx_word' id='word_1_94' title='bbox 705 2055 965 2124; x_wconf 88' lang='lat' dir='ltr'><strong>quosdam</strong></span> <span class='ocrx_word' id='word_1_95' title='bbox 997 2057 1067 2111; x_wconf 89' lang='lat' dir='ltr'><strong>ad</strong></span> <span class='ocrx_word' id='word_1_96' title='bbox 1089 2057 1293 2113; x_wconf 91' lang='lat' dir='ltr'><strong>luctum</strong></span> <span class='ocrx_word' id='word_1_97' title='bbox 1326 2060 1880 2136; x_wconf 90' lang='lat' dir='ltr'><strong>lamentationemque</strong></span> 
     </span>
    </p>
   </div>
   <div class='ocr_carea' id='block_1_18' title="bbox 290 2144 1878 2227">
    <p class='ocr_par' dir='ltr' id='par_1_18' title="bbox 290 2144 1878 2227">
     <span class='ocr_line' id='line_1_18' title="bbox 290 2144 1878 2227; baseline 0.011 -31"><span class='ocrx_word' id='word_1_98' title='bbox 290 2144 639 2214; x_wconf 87' lang='lat' dir='ltr'><strong>compellant.</strong></span> <span class='ocrx_word' id='word_1_99' title='bbox 669 2144 834 2201; x_wconf 90' lang='lat' dir='ltr'><strong>Iidem</strong></span> <span class='ocrx_word' id='word_1_100' title='bbox 863 2149 1027 2204; x_wconf 90' lang='lat' dir='ltr'><strong>etiam</strong></span> <span class='ocrx_word' id='word_1_101' title='bbox 1055 2159 1112 2206; x_wconf 91' lang='lat' dir='ltr'><strong>et</strong></span> <span class='ocrx_word' id='word_1_102' title='bbox 1128 2153 1571 2221; x_wconf 90' lang='lat' dir='ltr'><strong>pronuntiatores</strong></span> <span class='ocrx_word' id='word_1_103' title='bbox 1592 2168 1878 2227; x_wconf 86' lang='lat' dir='ltr'><strong>vocantur,</strong></span> 
     </span>
    </p>
   </div>
   <div class='ocr_carea' id='block_1_19' title="bbox 284 2236 1880 2308">
    <p class='ocr_par' dir='ltr' id='par_1_19' title="bbox 284 2236 1880 2308">
     <span class='ocr_line' id='line_1_19' title="bbox 284 2236 1880 2308; baseline 0.011 -19"><span class='ocrx_word' id='word_1_104' title='bbox 284 2236 438 2305; x_wconf 92' lang='lat' dir='ltr'><strong>quod</strong></span> <span class='ocrx_word' id='word_1_105' title='bbox 480 2251 643 2307; x_wconf 92' lang='lat' dir='ltr'><strong>porro</strong></span> <span class='ocrx_word' id='word_1_106' title='bbox 686 2242 1025 2298; x_wconf 88' lang='lat' dir='ltr'><strong>annuntiant.</strong></span> <span class='ocrx_word' id='word_1_107' title='bbox 1074 2244 1249 2302; x_wconf 90' lang='lat' dir='ltr'><strong>Tanta</strong></span> <span class='ocrx_word' id='word_1_108' title='bbox 1291 2248 1437 2303; x_wconf 90' lang='lat' dir='ltr'><strong>enim</strong></span> <span class='ocrx_word' id='word_1_109' title='bbox 1482 2258 1537 2304; x_wconf 92' lang='lat' dir='ltr'><strong>et</strong></span> <span class='ocrx_word' id='word_1_110' title='bbox 1574 2256 1686 2306; x_wconf 91' lang='lat' dir='ltr'><strong>tam</strong></span> <span class='ocrx_word' id='word_1_111' title='bbox 1731 2251 1880 2308; x_wconf 87' lang='lat' dir='ltr'><strong>clara</strong></span> 
     </span>
    </p>
   </div>
   <div class='ocr_carea' id='block_1_20' title="bbox 284 2329 1880 2411">
    <p class='ocr_par' dir='ltr' id='par_1_20' title="bbox 284 2329 1880 2411">
     <span class='ocr_line' id='line_1_20' title="bbox 284 2329 1880 2411; baseline 0.013 -31"><span class='ocrx_word' id='word_1_112' title='bbox 284 2340 476 2382; x_wconf 88' lang='lat' dir='ltr'><strong>eorum</strong></span> <span class='ocrx_word' id='word_1_113' title='bbox 506 2329 612 2383; x_wconf 91' lang='lat' dir='ltr'><strong>erit</strong></span> <span class='ocrx_word' id='word_1_114' title='bbox 636 2344 743 2385; x_wconf 81' lang='lat' dir='ltr'><strong>vox</strong></span> <span class='ocrx_word' id='word_1_115' title='bbox 762 2373 778 2399; x_wconf 94' lang='lat'><strong>,</strong></span> <span class='ocrx_word' id='word_1_116' title='bbox 813 2341 872 2388; x_wconf 93' lang='lat' dir='ltr'><strong>ut</strong></span> <span class='ocrx_word' id='word_1_117' title='bbox 894 2339 1243 2404; x_wconf 86' lang='lat' dir='ltr'><strong>quantumvis</strong></span> <span class='ocrx_word' id='word_1_118' title='bbox 1271 2338 1428 2411; x_wconf 87' lang='lat' dir='ltr'><strong>longe</strong></span> <span class='ocrx_word' id='word_1_119' title='bbox 1455 2342 1755 2410; x_wconf 90' lang='lat' dir='ltr'><strong>positorum</strong></span> <span class='ocrx_word' id='word_1_120' title='bbox 1784 2359 1880 2399; x_wconf 91' lang='lat' dir='ltr'><strong>au-</strong></span> 
     </span>
    </p>
   </div>
   <div class='ocr_carea' id='block_1_21' title="bbox 284 2417 1879 2492">
    <p class='ocr_par' dir='ltr' id='par_1_21' title="bbox 284 2417 1879 2492">
     <span class='ocr_line' id='line_1_21' title="bbox 284 2417 1879 2492; baseline 0.014 -23"><span class='ocrx_word' id='word_1_121' title='bbox 284 2430 379 2471; x_wconf 86' lang='lat' dir='ltr'><strong>res</strong></span> <span class='ocrx_word' id='word_1_122' title='bbox 413 2417 761 2490; x_wconf 88' lang='lat' dir='ltr'><strong>adimpleant.</strong></span> <span class='ocrx_word' id='word_1_123' title='bbox 788 2422 1078 2481; x_wconf 88' lang='lat' dir='ltr'><strong>Lectorum</strong></span> <span class='ocrx_word' id='word_1_124' title='bbox 1099 2429 1233 2484; x_wconf 89' lang='lat' dir='ltr'><strong>ordo</strong></span> <span class='ocrx_word' id='word_1_125' title='bbox 1254 2428 1487 2487; x_wconf 82' lang='lat' dir='ltr'><strong>formam</strong></span> <span class='ocrx_word' id='word_1_126' title='bbox 1514 2441 1570 2489; x_wconf 92' lang='lat' dir='ltr'><strong>et</strong></span> <span class='ocrx_word' id='word_1_127' title='bbox 1593 2434 1810 2491; x_wconf 91' lang='lat' dir='ltr'><strong>initium</strong></span> <span class='ocrx_word' id='word_1_128' title='bbox 1845 2451 1879 2492; x_wconf 92' lang='lat' dir='ltr'><strong>a</strong></span> 
     </span>
    </p>
   </div>
   <div class='ocr_carea' id='block_1_22' title="bbox 280 2508 1877 2596">
    <p class='ocr_par' dir='ltr' id='par_1_22' title="bbox 280 2508 1877 2596">
     <span class='ocr_line' id='line_1_22' title="bbox 280 2508 1877 2596; baseline 0.014 -35"><span class='ocrx_word' id='word_1_129' title='bbox 280 2508 562 2579; x_wconf 81' lang='lat' dir='ltr'><strong>prophetis</strong></span> <span class='ocrx_word' id='word_1_130' title='bbox 591 2515 838 2583; x_wconf 89' lang='lat' dir='ltr'><strong>sumpsit.</strong></span> <span class='ocrx_word' id='word_1_131' title='bbox 888 2515 1025 2573; x_wconf 90' lang='lat' dir='ltr'><strong>Sunt</strong></span> <span class='ocrx_word' id='word_1_132' title='bbox 1069 2535 1199 2592; x_wconf 87' lang='lat' dir='ltr'><strong>ergo</strong></span> <span class='ocrx_word' id='word_1_133' title='bbox 1249 2521 1482 2579; x_wconf 91' lang='lat' dir='ltr'><strong>lectores</strong></span> <span class='ocrx_word' id='word_1_134' title='bbox 1518 2526 1610 2596; x_wconf 88' lang='lat' dir='ltr'><strong>qui</strong></span> <span class='ocrx_word' id='word_1_135' title='bbox 1651 2527 1877 2584; x_wconf 90' lang='lat' dir='ltr'><strong>verbum</strong></span> 
     </span>
    </p>
   </div>
   <div class='ocr_carea' id='block_1_23' title="bbox 280 2598 1874 2690">
    <p class='ocr_par' dir='ltr' id='par_1_23' title="bbox 280 2598 1874 2690">
     <span class='ocr_line' id='line_1_23' title="bbox 280 2598 1874 2690; baseline 0.014 -35"><span class='ocrx_word' id='word_1_136' title='bbox 280 2598 381 2656; x_wconf 90' lang='lat' dir='ltr'><strong>Dei</strong></span> <span class='ocrx_word' id='word_1_137' title='bbox 422 2605 755 2676; x_wconf 72' lang='lat' dir='ltr'><strong>prmdicant,</strong></span> <span class='ocrx_word' id='word_1_138' title='bbox 791 2611 988 2680; x_wconf 88' lang='lat' dir='ltr'><strong>quibus</strong></span> <span class='ocrx_word' id='word_1_139' title='bbox 1036 2613 1234 2671; x_wconf 91' lang='lat' dir='ltr'><strong>dicitur</strong></span> <span class='ocrx_word' id='word_1_140' title='bbox 1279 2634 1291 2670; x_wconf 89' lang='lat'><strong>:</strong></span> <span class='ocrx_word' id='word_1_141' title='bbox 1331 2614 1542 2686; x_wconf 78' lang='lat' dir='ltr'><strong>Clama,</strong></span> <span class='ocrx_word' id='word_1_142' title='bbox 1567 2636 1630 2674; x_wconf 83' lang='lat' dir='ltr'><strong>ne</strong></span> <span class='ocrx_word' id='word_1_143' title='bbox 1685 2639 1874 2690; x_wconf 89' lang='lat' dir='ltr'><strong>cesses,</strong></span> 
     </span>
    </p>
   </div>
   <div class='ocr_carea' id='block_1_24' title="bbox 277 2697 1876 2787">
    <p class='ocr_par' dir='ltr' id='par_1_24' title="bbox 277 2697 1876 2787">
     <span class='ocr_line' id='line_1_24' title="bbox 277 2697 1876 2787; baseline 0.015 -39"><span class='ocrx_word' id='word_1_144' title='bbox 277 2697 436 2766; x_wconf 80' lang='lat' dir='ltr'><strong>quasi</strong></span> <span class='ocrx_word' id='word_1_145' title='bbox 469 2699 594 2753; x_wconf 86' lang='lat' dir='ltr'><strong>tuba</strong></span> <span class='ocrx_word' id='word_1_146' title='bbox 626 2700 803 2757; x_wconf 72' lang='lat' dir='ltr'><strong>exalia</strong></span> <span class='ocrx_word' id='word_1_147' title='bbox 845 2720 1019 2760; x_wconf 83' lang='lat' dir='ltr'><strong>vocem</strong></span> <span class='ocrx_word' id='word_1_148' title='bbox 1058 2715 1204 2762; x_wconf 84' lang='lat' dir='ltr'><strong>tuam</strong></span> <span class='ocrx_word' id='word_1_149' title='bbox 1245 2708 1461 2781; x_wconf 72' lang='lat' dir='ltr'><strong>(Ezech.</strong></span> <span class='ocrx_word' id='word_1_150' title='bbox 1512 2713 1729 2787; x_wconf 73' lang='lat' dir='ltr'><strong>xxxiii).</strong></span> <span class='ocrx_word' id='word_1_151' title='bbox 1781 2715 1876 2772; x_wconf 90' lang='lat' dir='ltr'><strong>Isti</strong></span> 
     </span>
    </p>
   </div>
   <div class='ocr_carea' id='block_1_25' title="bbox 279 2792 1876 2874">
    <p class='ocr_par' dir='ltr' id='par_1_25' title="bbox 279 2792 1876 2874">
     <span class='ocr_line' id='line_1_25' title="bbox 279 2792 1876 2874; baseline 0.013 -28"><span class='ocrx_word' id='word_1_152' title='bbox 279 2792 482 2864; x_wconf 89' lang='lat' dir='ltr'><strong>quippe</strong></span> <span class='ocrx_word' id='word_1_153' title='bbox 511 2795 638 2851; x_wconf 90' lang='lat' dir='ltr'><strong>dum</strong></span> <span class='ocrx_word' id='word_1_154' title='bbox 667 2799 990 2857; x_wconf 87' lang='lat' dir='ltr'><strong>ordinantur</strong></span> <span class='ocrx_word' id='word_1_155' title='bbox 1009 2843 1023 2867; x_wconf 93' lang='lat'><strong>,</strong></span> <span class='ocrx_word' id='word_1_156' title='bbox 1067 2804 1304 2874; x_wconf 87' lang='lat' dir='ltr'><strong>primum</strong></span> <span class='ocrx_word' id='word_1_157' title='bbox 1330 2806 1397 2861; x_wconf 91' lang='lat' dir='ltr'><strong>de</strong></span> <span class='ocrx_word' id='word_1_158' title='bbox 1424 2822 1614 2863; x_wconf 89' lang='lat' dir='ltr'><strong>eorum</strong></span> <span class='ocrx_word' id='word_1_159' title='bbox 1648 2824 1876 2866; x_wconf 89' lang='lat' dir='ltr'><strong>conver-</strong></span> 
     </span>
    </p>
   </div>
   <div class='ocr_carea' id='block_1_26' title="bbox 280 2885 1871 2971">
    <p class='ocr_par' dir='ltr' id='par_1_26' title="bbox 280 2885 1871 2971">
     <span class='ocr_line' id='line_1_26' title="bbox 280 2885 1871 2971; baseline 0.013 -33"><span class='ocrx_word' id='word_1_160' title='bbox 280 2885 495 2942; x_wconf 89' lang='lat' dir='ltr'><strong>satione</strong></span> <span class='ocrx_word' id='word_1_161' title='bbox 546 2889 830 2962; x_wconf 89' lang='lat' dir='ltr'><strong>episcopus</strong></span> <span class='ocrx_word' id='word_1_162' title='bbox 879 2893 1106 2950; x_wconf 85' lang='lat' dir='ltr'><strong>verbum</strong></span> <span class='ocrx_word' id='word_1_163' title='bbox 1161 2896 1258 2953; x_wconf 87' lang='lat' dir='ltr'><strong>Dei</strong></span> <span class='ocrx_word' id='word_1_164' title='bbox 1294 2897 1427 2954; x_wconf 85' lang='lat' dir='ltr'><strong>facit</strong></span> <span class='ocrx_word' id='word_1_165' title='bbox 1476 2901 1544 2955; x_wconf 91' lang='lat' dir='ltr'><strong>ad</strong></span> <span class='ocrx_word' id='word_1_166' title='bbox 1591 2902 1871 2971; x_wconf 91' lang='lat' dir='ltr'><strong>populum,</strong></span> 
     </span>
    </p>
   </div>
   <div class='ocr_carea' id='block_1_27' title="bbox 276 2977 1876 3063">
    <p class='ocr_par' dir='ltr' id='par_1_27' title="bbox 276 2977 1876 3063">
     <span class='ocr_line' id='line_1_27' title="bbox 276 2977 1876 3063; baseline 0.011 -30"><span class='ocrx_word' id='word_1_167' title='bbox 276 2977 475 3035; x_wconf 90' lang='lat' dir='ltr'><strong>deinde</strong></span> <span class='ocrx_word' id='word_1_168' title='bbox 510 2996 696 3039; x_wconf 87' lang='lat' dir='ltr'><strong>coram</strong></span> <span class='ocrx_word' id='word_1_169' title='bbox 725 2985 885 3056; x_wconf 89' lang='lat' dir='ltr'><strong>plebe</strong></span> <span class='ocrx_word' id='word_1_170' title='bbox 913 2987 1079 3043; x_wconf 88' lang='lat' dir='ltr'><strong>tradit</strong></span> <span class='ocrx_word' id='word_1_171' title='bbox 1111 2989 1192 3046; x_wconf 92' lang='lat' dir='ltr'><strong>eis</strong></span> <span class='ocrx_word' id='word_1_172' title='bbox 1226 2991 1470 3047; x_wconf 89' lang='lat' dir='ltr'><strong>codicem</strong></span> <span class='ocrx_word' id='word_1_173' title='bbox 1495 2994 1709 3063; x_wconf 91' lang='lat' dir='ltr'><strong>apicum</strong></span> <span class='ocrx_word' id='word_1_174' title='bbox 1739 2996 1876 3051; x_wconf 83' lang='lat' dir='ltr'><strong>divi-</strong></span> 
     </span>
    </p>
   </div>
   <div class='ocr_carea' id='block_1_28' title="bbox 274 3077 1872 3159">
    <p class='ocr_par' dir='ltr' id='par_1_28' title="bbox 274 3077 1872 3159">
     <span class='ocr_line' id='line_1_28' title="bbox 274 3077 1872 3159; baseline 0.009 -30"><span class='ocrx_word' id='word_1_175' title='bbox 274 3089 477 3131; x_wconf 88' lang='lat' dir='ltr'><strong>norum</strong></span> <span class='ocrx_word' id='word_1_176' title='bbox 508 3077 575 3131; x_wconf 87' lang='lat' dir='ltr'><strong>ad</strong></span> <span class='ocrx_word' id='word_1_177' title='bbox 619 3077 714 3133; x_wconf 92' lang='lat' dir='ltr'><strong>Dei</strong></span> <span class='ocrx_word' id='word_1_178' title='bbox 737 3078 963 3134; x_wconf 85' lang='lat' dir='ltr'><strong>verbum</strong></span> <span class='ocrx_word' id='word_1_179' title='bbox 989 3082 1438 3138; x_wconf 85' lang='lat' dir='ltr'><strong>annuntiandum.</strong></span> <span class='ocrx_word' id='word_1_180' title='bbox 1482 3083 1589 3140; x_wconf 89' lang='lat' dir='ltr'><strong>Iste</strong></span> <span class='ocrx_word' id='word_1_181' title='bbox 1627 3102 1758 3159; x_wconf 87' lang='lat' dir='ltr'><strong>ergo</strong></span> <span class='ocrx_word' id='word_1_182' title='bbox 1777 3088 1872 3144; x_wconf 87' lang='lat' dir='ltr'><strong>do-</strong></span> 
     </span>
    </p>
   </div>
   <div class='ocr_carea' id='block_1_29' title="bbox 275 3168 1871 3251">
    <p class='ocr_par' dir='ltr' id='par_1_29' title="bbox 275 3168 1871 3251">
     <span class='ocr_line' id='line_1_29' title="bbox 275 3168 1871 3251; baseline 0.011 -30"><span class='ocrx_word' id='word_1_183' title='bbox 275 3168 459 3223; x_wconf 87' lang='lat' dir='ltr'><strong>ctrina</strong></span> <span class='ocrx_word' id='word_1_184' title='bbox 484 3176 539 3226; x_wconf 91' lang='lat' dir='ltr'><strong>et</strong></span> <span class='ocrx_word' id='word_1_185' title='bbox 563 3168 718 3226; x_wconf 87' lang='lat' dir='ltr'><strong>libris</strong></span> <span class='ocrx_word' id='word_1_186' title='bbox 751 3170 909 3227; x_wconf 89' lang='lat' dir='ltr'><strong>debet</strong></span> <span class='ocrx_word' id='word_1_187' title='bbox 951 3189 1072 3230; x_wconf 88' lang='lat' dir='ltr'><strong>esse</strong></span> <span class='ocrx_word' id='word_1_188' title='bbox 1102 3175 1367 3243; x_wconf 92' lang='lat' dir='ltr'><strong>imbutus,</strong></span> <span class='ocrx_word' id='word_1_189' title='bbox 1408 3192 1774 3251; x_wconf 90' lang='lat' dir='ltr'><strong>sensuumque</strong></span> <span class='ocrx_word' id='word_1_190' title='bbox 1806 3197 1871 3238; x_wconf 90' lang='lat' dir='ltr'><strong>ac</strong></span> 
     </span>
    </p>
   </div>
   <div class='ocr_carea' id='block_1_30' title="bbox 274 3261 1869 3346">
    <p class='ocr_par' dir='ltr' id='par_1_30' title="bbox 274 3261 1869 3346">
     <span class='ocr_line' id='line_1_30' title="bbox 274 3261 1869 3346; baseline 0.011 -32"><span class='ocrx_word' id='word_1_191' title='bbox 274 3261 570 3317; x_wconf 83' lang='lat' dir='ltr'><strong>verborum</strong></span> <span class='ocrx_word' id='word_1_192' title='bbox 601 3262 825 3319; x_wconf 85' lang='lat' dir='ltr'><strong>scientia</strong></span> <span class='ocrx_word' id='word_1_193' title='bbox 854 3277 1196 3336; x_wconf 84' lang='lat' dir='ltr'><strong>perornatus,</strong></span> <span class='ocrx_word' id='word_1_194' title='bbox 1235 3277 1295 3324; x_wconf 91' lang='lat' dir='ltr'><strong>ut</strong></span> <span class='ocrx_word' id='word_1_195' title='bbox 1322 3270 1575 3328; x_wconf 87' lang='lat' dir='ltr'><strong>distincte</strong></span> <span class='ocrx_word' id='word_1_196' title='bbox 1599 3282 1656 3329; x_wconf 91' lang='lat' dir='ltr'><strong>et</strong></span> <span class='ocrx_word' id='word_1_197' title='bbox 1681 3285 1869 3346; x_wconf 90' lang='lat' dir='ltr'><strong>aperte</strong></span> 
     </span>
    </p>
   </div>
   <div class='ocr_carea' id='block_1_31' title="bbox 274 3354 1869 3431">
    <p class='ocr_par' dir='ltr' id='par_1_31' title="bbox 274 3354 1869 3431">
     <span class='ocr_line' id='line_1_31' title="bbox 274 3354 1869 3431; baseline 0.009 -24"><span class='ocrx_word' id='word_1_198' title='bbox 274 3367 506 3419; x_wconf 90' lang='lat' dir='ltr'><strong>sonans,</strong></span> <span class='ocrx_word' id='word_1_199' title='bbox 546 3354 878 3411; x_wconf 88' lang='lat' dir='ltr'><strong>audientium</strong></span> <span class='ocrx_word' id='word_1_200' title='bbox 915 3359 1081 3414; x_wconf 88' lang='lat' dir='ltr'><strong>corda</strong></span> <span class='ocrx_word' id='word_1_201' title='bbox 1112 3361 1280 3431; x_wconf 86' lang='lat' dir='ltr'><strong>possit</strong></span> <span class='ocrx_word' id='word_1_202' title='bbox 1309 3362 1600 3419; x_wconf 84' lang='lat' dir='ltr'><strong>instruere.</strong></span> <span class='ocrx_word' id='word_1_203' title='bbox 1641 3364 1869 3422; x_wconf 89' lang='lat' dir='ltr'><strong>Psalmi-</strong></span> 
     </span>
    </p>
   </div>
   <div class='ocr_carea' id='block_1_32' title="bbox 274 3445 1863 3525">
    <p class='ocr_par' dir='ltr' id='par_1_32' title="bbox 274 3445 1863 3525">
     <span class='ocr_line' id='line_1_32' title="bbox 274 3445 1863 3525; baseline 0.011 -29"><span class='ocrx_word' id='word_1_204' title='bbox 274 3450 509 3509; x_wconf 86' lang='lat' dir='ltr'><strong>starum,</strong></span> <span class='ocrx_word' id='word_1_205' title='bbox 555 3445 607 3500; x_wconf 92' lang='lat' dir='ltr'><strong>id</strong></span> <span class='ocrx_word' id='word_1_206' title='bbox 648 3454 732 3501; x_wconf 90' lang='lat' dir='ltr'><strong>est</strong></span> <span class='ocrx_word' id='word_1_207' title='bbox 769 3455 1109 3503; x_wconf 86' lang='lat' dir='ltr'><strong>cantatorum</strong></span> <span class='ocrx_word' id='word_1_208' title='bbox 1148 3451 1423 3521; x_wconf 87' lang='lat' dir='ltr'><strong>principes</strong></span> <span class='ocrx_word' id='word_1_209' title='bbox 1449 3455 1565 3509; x_wconf 89' lang='lat' dir='ltr'><strong>sive</strong></span> <span class='ocrx_word' id='word_1_210' title='bbox 1591 3465 1863 3525; x_wconf 87' lang='lat' dir='ltr'><strong>auctores,</strong></span> 
     </span>
    </p>
   </div>
   <div class='ocr_carea' id='block_1_33' title="bbox 273 3535 1865 3623">
    <p class='ocr_par' dir='ltr' id='par_1_33' title="bbox 273 3535 1865 3623">
     <span class='ocr_line' id='line_1_33' title="bbox 273 3535 1865 3623; baseline 0.011 -32"><span class='ocrx_word' id='word_1_211' title='bbox 273 3535 432 3593; x_wconf 78' lang='lat' dir='ltr'><strong>fuere</strong></span> <span class='ocrx_word' id='word_1_212' title='bbox 452 3539 626 3594; x_wconf 81' lang='lat' dir='ltr'><strong>David</strong></span> <span class='ocrx_word' id='word_1_213' title='bbox 656 3540 769 3596; x_wconf 90' lang='lat' dir='ltr'><strong>sive</strong></span> <span class='ocrx_word' id='word_1_214' title='bbox 788 3539 992 3611; x_wconf 88' lang='lat' dir='ltr'><strong>Asaph.</strong></span> <span class='ocrx_word' id='word_1_215' title='bbox 1023 3543 1118 3599; x_wconf 90' lang='lat' dir='ltr'><strong>lsti</strong></span> <span class='ocrx_word' id='word_1_216' title='bbox 1146 3545 1292 3600; x_wconf 90' lang='lat' dir='ltr'><strong>enim</strong></span> <span class='ocrx_word' id='word_1_217' title='bbox 1322 3556 1444 3616; x_wconf 88' lang='lat' dir='ltr'><strong>post</strong></span> <span class='ocrx_word' id='word_1_218' title='bbox 1481 3548 1697 3620; x_wconf 86' lang='lat' dir='ltr'><strong>Moysen</strong></span> <span class='ocrx_word' id='word_1_219' title='bbox 1718 3552 1865 3623; x_wconf 89' lang='lat' dir='ltr'><strong>psal-</strong></span> 
     </span>
    </p>
   </div>
   <div class='ocr_carea' id='block_1_34' title="bbox 272 3630 1862 3714">
    <p class='ocr_par' dir='ltr' id='par_1_34' title="bbox 272 3630 1862 3714">
     <span class='ocr_line' id='line_1_34' title="bbox 272 3630 1862 3714; baseline 0.009 -29"><span class='ocrx_word' id='word_1_220' title='bbox 272 3644 398 3686; x_wconf 87' lang='lat' dir='ltr'><strong>mos</strong></span> <span class='ocrx_word' id='word_1_221' title='bbox 422 3630 587 3701; x_wconf 90' lang='lat' dir='ltr'><strong>primi</strong></span> <span class='ocrx_word' id='word_1_222' title='bbox 609 3646 964 3702; x_wconf 85' lang='lat' dir='ltr'><strong>composuere</strong></span> <span class='ocrx_word' id='word_1_223' title='bbox 995 3644 1051 3689; x_wconf 91' lang='lat' dir='ltr'><strong>et</strong></span> <span class='ocrx_word' id='word_1_224' title='bbox 1078 3643 1389 3693; x_wconf 89' lang='lat' dir='ltr'><strong>cantavere.</strong></span> <span class='ocrx_word' id='word_1_225' title='bbox 1422 3638 1635 3697; x_wconf 88' lang='lat' dir='ltr'><strong>Mortuo</strong></span> <span class='ocrx_word' id='word_1_226' title='bbox 1659 3642 1862 3714; x_wconf 80' lang='lat' dir='ltr'><strong>Asaph,</strong></span> 
     </span>
    </p>
   </div>
   <div class='ocr_carea' id='block_1_35' title="bbox 272 3719 1863 3801">
    <p class='ocr_par' dir='ltr' id='par_1_35' title="bbox 272 3719 1863 3801">
     <span class='ocr_line' id='line_1_35' title="bbox 272 3719 1863 3801; baseline 0.009 -27"><span class='ocrx_word' id='word_1_227' title='bbox 272 3720 374 3776; x_wconf 93' lang='lat' dir='ltr'><strong>ﬁlii</strong></span> <span class='ocrx_word' id='word_1_228' title='bbox 410 3719 531 3789; x_wconf 84' lang='lat' dir='ltr'><strong>ejus</strong></span> <span class='ocrx_word' id='word_1_229' title='bbox 563 3722 617 3776; x_wconf 91' lang='lat' dir='ltr'><strong>in</strong></span> <span class='ocrx_word' id='word_1_230' title='bbox 660 3723 807 3779; x_wconf 88' lang='lat' dir='ltr'><strong>hunc</strong></span> <span class='ocrx_word' id='word_1_231' title='bbox 849 3725 1097 3781; x_wconf 90' lang='lat' dir='ltr'><strong>ordinem</strong></span> <span class='ocrx_word' id='word_1_232' title='bbox 1140 3726 1412 3800; x_wconf 84' lang='lat' dir='ltr'><strong>subrogati</strong></span> <span class='ocrx_word' id='word_1_233' title='bbox 1451 3741 1578 3786; x_wconf 89' lang='lat' dir='ltr'><strong>sunt</strong></span> <span class='ocrx_word' id='word_1_234' title='bbox 1618 3747 1649 3787; x_wconf 91' lang='lat' dir='ltr'><strong>a</strong></span> <span class='ocrx_word' id='word_1_235' title='bbox 1674 3733 1863 3801; x_wconf 86' lang='lat' dir='ltr'><strong>David,</strong></span> 
     </span>
    </p>
   </div>
   <div class='ocr_carea' id='block_1_36' title="bbox 270 3813 1866 3894">
    <p class='ocr_par' dir='ltr' id='par_1_36' title="bbox 270 3813 1866 3894">
     <span class='ocr_line' id='line_1_36' title="bbox 270 3813 1866 3894; baseline 0.01 -27"><span class='ocrx_word' id='word_1_236' title='bbox 270 3820 543 3881; x_wconf 85' lang='lat' dir='ltr'><strong>erantque</strong></span> <span class='ocrx_word' id='word_1_237' title='bbox 579 3813 874 3883; x_wconf 76' lang='lat' dir='ltr'><strong>psalmistae</strong></span> <span class='ocrx_word' id='word_1_238' title='bbox 895 3831 994 3887; x_wconf 90' lang='lat' dir='ltr'><strong>per</strong></span> <span class='ocrx_word' id='word_1_239' title='bbox 1017 3820 1416 3877; x_wconf 89' lang='lat' dir='ltr'><strong>successionem</strong></span> <span class='ocrx_word' id='word_1_240' title='bbox 1447 3825 1694 3894; x_wconf 80' lang='lat' dir='ltr'><strong>generis,</strong></span> <span class='ocrx_word' id='word_1_241' title='bbox 1723 3826 1866 3883; x_wconf 87' lang='lat' dir='ltr'><strong>sicut</strong></span> 
     </span>
    </p>
   </div>
   <div class='ocr_carea' id='block_1_37' title="bbox 270 3906 1862 3982">
    <p class='ocr_par' dir='ltr' id='par_1_37' title="bbox 270 3906 1862 3982">
     <span class='ocr_line' id='line_1_37' title="bbox 270 3906 1862 3982; baseline 0.011 -24"><span class='ocrx_word' id='word_1_242' title='bbox 270 3914 332 3959; x_wconf 92' lang='lat' dir='ltr'><strong>et</strong></span> <span class='ocrx_word' id='word_1_243' title='bbox 357 3906 493 3959; x_wconf 86' lang='lat' dir='ltr'><strong>ordo</strong></span> <span class='ocrx_word' id='word_1_244' title='bbox 526 3907 908 3974; x_wconf 89' lang='lat' dir='ltr'><strong>sacerdotalis,</strong></span> <span class='ocrx_word' id='word_1_245' title='bbox 939 3910 1150 3982; x_wconf 86' lang='lat' dir='ltr'><strong>ipsique</strong></span> <span class='ocrx_word' id='word_1_246' title='bbox 1178 3913 1277 3969; x_wconf 91' lang='lat' dir='ltr'><strong>soli</strong></span> <span class='ocrx_word' id='word_1_247' title='bbox 1294 3916 1565 3971; x_wconf 89' lang='lat' dir='ltr'><strong>continuis</strong></span> <span class='ocrx_word' id='word_1_248' title='bbox 1588 3918 1780 3975; x_wconf 91' lang='lat' dir='ltr'><strong>diebus</strong></span> <span class='ocrx_word' id='word_1_249' title='bbox 1809 3921 1862 3975; x_wconf 88' lang='lat' dir='ltr'><strong>in</strong></span> 
     </span>
    </p>
   </div>
   <div class='ocr_carea' id='block_1_38' title="bbox 274 3995 1864 4075">
    <p class='ocr_par' dir='ltr' id='par_1_38' title="bbox 274 3995 1864 4075">
     <span class='ocr_line' id='line_1_38' title="bbox 274 3995 1864 4075; baseline 0.011 -24"><span class='ocrx_word' id='word_1_250' title='bbox 274 3995 478 4066; x_wconf 88' lang='lat' dir='ltr'><strong>templo</strong></span> <span class='ocrx_word' id='word_1_251' title='bbox 519 3997 815 4065; x_wconf 88' lang='lat' dir='ltr'><strong>canebant,</strong></span> <span class='ocrx_word' id='word_1_252' title='bbox 858 4001 1103 4059; x_wconf 88' lang='lat' dir='ltr'><strong>candidis</strong></span> <span class='ocrx_word' id='word_1_253' title='bbox 1149 4004 1320 4061; x_wconf 87' lang='lat' dir='ltr'><strong>induti</strong></span> <span class='ocrx_word' id='word_1_254' title='bbox 1349 4007 1526 4075; x_wconf 87' lang='lat' dir='ltr'><strong>stolis,</strong></span> <span class='ocrx_word' id='word_1_255' title='bbox 1569 4010 1639 4065; x_wconf 89' lang='lat' dir='ltr'><strong>ad</strong></span> <span class='ocrx_word' id='word_1_256' title='bbox 1672 4026 1864 4068; x_wconf 89' lang='lat' dir='ltr'><strong>vocem</strong></span> 
     </span>
    </p>
   </div>
   <div class='ocr_carea' id='block_1_39' title="bbox 276 4086 1865 4159">
    <p class='ocr_par' dir='ltr' id='par_1_39' title="bbox 276 4086 1865 4159">
     <span class='ocr_line' id='line_1_39' title="bbox 276 4086 1865 4159; baseline 0.013 -21"><span class='ocrx_word' id='word_1_257' title='bbox 276 4086 439 4140; x_wconf 88' lang='lat' dir='ltr'><strong>unius</strong></span> <span class='ocrx_word' id='word_1_258' title='bbox 461 4089 822 4159; x_wconf 87' lang='lat' dir='ltr'><strong>respondente</strong></span> <span class='ocrx_word' id='word_1_259' title='bbox 844 4093 1031 4149; x_wconf 88' lang='lat' dir='ltr'><strong>choro.</strong></span> <span class='ocrx_word' id='word_1_260' title='bbox 1056 4094 1137 4149; x_wconf 79' lang='lat' dir='ltr'><strong>Ex</strong></span> <span class='ocrx_word' id='word_1_261' title='bbox 1159 4097 1263 4151; x_wconf 90' lang='lat' dir='ltr'><strong>hoc</strong></span> <span class='ocrx_word' id='word_1_262' title='bbox 1289 4099 1460 4154; x_wconf 87' lang='lat' dir='ltr'><strong>veteri</strong></span> <span class='ocrx_word' id='word_1_263' title='bbox 1491 4115 1642 4157; x_wconf 90' lang='lat' dir='ltr'><strong>more</strong></span> <span class='ocrx_word' id='word_1_264' title='bbox 1671 4101 1865 4159; x_wconf 87' lang='lat' dir='ltr'><strong>Eccle-</strong></span> 
     </span>
    </p>
   </div>
   <div class='ocr_carea' id='block_1_40' title="bbox 270 4182 1862 4266">
    <p class='ocr_par' dir='ltr' id='par_1_40' title="bbox 270 4182 1862 4266">
     <span class='ocr_line' id='line_1_40' title="bbox 270 4182 1862 4266; baseline 0.011 -31"><span class='ocrx_word' id='word_1_265' title='bbox 270 4182 357 4237; x_wconf 87' lang='lat' dir='ltr'><strong>sia</strong></span> <span class='ocrx_word' id='word_1_266' title='bbox 377 4184 607 4252; x_wconf 91' lang='lat' dir='ltr'><strong>sumpsit</strong></span> <span class='ocrx_word' id='word_1_267' title='bbox 627 4186 934 4257; x_wconf 80' lang='lat' dir='ltr'><strong>exemplum</strong></span> <span class='ocrx_word' id='word_1_268' title='bbox 962 4189 1236 4245; x_wconf 91' lang='lat' dir='ltr'><strong>nutriendi</strong></span> <span class='ocrx_word' id='word_1_269' title='bbox 1263 4190 1602 4261; x_wconf 86' lang='lat' dir='ltr'><strong>Psalmistas,</strong></span> <span class='ocrx_word' id='word_1_270' title='bbox 1628 4211 1862 4266; x_wconf 92' lang='lat' dir='ltr'><strong>quorum</strong></span> 
     </span>
    </p>
   </div>
   <div class='ocr_carea' id='block_1_41' title="bbox 270 4277 1864 4349">
    <p class='ocr_par' dir='ltr' id='par_1_41' title="bbox 270 4277 1864 4349">
     <span class='ocr_line' id='line_1_41' title="bbox 270 4277 1864 4349; baseline 0.007 -15"><span class='ocrx_word' id='word_1_271' title='bbox 270 4277 529 4334; x_wconf 88' lang='lat' dir='ltr'><strong>cantibus</strong></span> <span class='ocrx_word' id='word_1_272' title='bbox 557 4279 625 4333; x_wconf 89' lang='lat' dir='ltr'><strong>ad</strong></span> <span class='ocrx_word' id='word_1_273' title='bbox 661 4278 914 4336; x_wconf 83' lang='lat' dir='ltr'><strong>eﬁ‘ectum</strong></span> <span class='ocrx_word' id='word_1_274' title='bbox 940 4282 1069 4349; x_wconf 91' lang='lat' dir='ltr'><strong>Dei,</strong></span> <span class='ocrx_word' id='word_1_275' title='bbox 1113 4294 1325 4340; x_wconf 87' lang='lat' dir='ltr'><strong>mentes</strong></span> <span class='ocrx_word' id='word_1_276' title='bbox 1359 4286 1694 4342; x_wconf 90' lang='lat' dir='ltr'><strong>audientium</strong></span> <span class='ocrx_word' id='word_1_277' title='bbox 1720 4290 1864 4345; x_wconf 83' lang='lat' dir='ltr'><strong>exci-</strong></span> 
     </span>
    </p>
   </div>
   <div class='ocr_carea' id='block_1_42' title="bbox 272 4371 1861 4450">
    <p class='ocr_par' dir='ltr' id='par_1_42' title="bbox 272 4371 1861 4450">
     <span class='ocr_line' id='line_1_42' title="bbox 272 4371 1861 4450; baseline 0.006 -23"><span class='ocrx_word' id='word_1_278' title='bbox 272 4377 479 4427; x_wconf 85' lang='lat' dir='ltr'><strong>tentur.</strong></span> <span class='ocrx_word' id='word_1_279' title='bbox 511 4371 859 4428; x_wconf 88' lang='lat' dir='ltr'><strong>Psalmistam</strong></span> <span class='ocrx_word' id='word_1_280' title='bbox 886 4384 1065 4430; x_wconf 90' lang='lat' dir='ltr'><strong>autem</strong></span> <span class='ocrx_word' id='word_1_281' title='bbox 1087 4384 1142 4431; x_wconf 91' lang='lat' dir='ltr'><strong>et</strong></span> <span class='ocrx_word' id='word_1_282' title='bbox 1161 4392 1293 4433; x_wconf 90' lang='lat' dir='ltr'><strong>voce</strong></span> <span class='ocrx_word' id='word_1_283' title='bbox 1316 4385 1374 4450; x_wconf 81' lang='lat' dir='ltr'><strong>et</strong></span> <span class='ocrx_word' id='word_1_284' title='bbox 1399 4386 1516 4435; x_wconf 88' lang='lat' dir='ltr'><strong>arte</strong></span> <span class='ocrx_word' id='word_1_285' title='bbox 1537 4379 1861 4449; x_wconf 57' lang='lat' dir='ltr'><strong>praeclarum</strong></span> 
     </span>
    </p>
   </div>
   <div class='ocr_carea' id='block_1_43' title="bbox 269 4460 1859 4536">
    <p class='ocr_par' dir='ltr' id='par_1_43' title="bbox 269 4460 1859 4536">
     <span class='ocr_line' id='line_1_43' title="bbox 269 4460 1859 4536; baseline 0.007 -20"><span class='ocrx_word' id='word_1_286' title='bbox 269 4460 650 4532; x_wconf 86' lang='lat' dir='ltr'><strong>illustremque</strong></span> <span class='ocrx_word' id='word_1_287' title='bbox 677 4476 796 4521; x_wconf 89' lang='lat' dir='ltr'><strong>esse</strong></span> <span class='ocrx_word' id='word_1_288' title='bbox 821 4473 1067 4536; x_wconf 88' lang='lat' dir='ltr'><strong>oportet,</strong></span> <span class='ocrx_word' id='word_1_289' title='bbox 1110 4466 1184 4521; x_wconf 91' lang='lat' dir='ltr'><strong>ita</strong></span> <span class='ocrx_word' id='word_1_290' title='bbox 1212 4478 1271 4522; x_wconf 91' lang='lat' dir='ltr'><strong>ut</strong></span> <span class='ocrx_word' id='word_1_291' title='bbox 1299 4469 1369 4523; x_wconf 90' lang='lat' dir='ltr'><strong>ad</strong></span> <span class='ocrx_word' id='word_1_292' title='bbox 1409 4469 1859 4527; x_wconf 85' lang='lat' dir='ltr'><strong>delectamentum</strong></span> 
     </span>
    </p>
   </div>
   <div class='ocr_carea' id='block_1_44' title="bbox 269 4554 1855 4619">
    <p class='ocr_par' dir='ltr' id='par_1_44' title="bbox 269 4554 1855 4619">
     <span class='ocr_line' id='line_1_44' title="bbox 269 4554 1855 4619; baseline 0.004 -9"><span class='ocrx_word' id='word_1_293' title='bbox 269 4554 578 4611; x_wconf 86' lang='lat' dir='ltr'><strong>dulcedinis</strong></span> <span class='ocrx_word' id='word_1_294' title='bbox 606 4556 816 4612; x_wconf 90' lang='lat' dir='ltr'><strong>animos</strong></span> <span class='ocrx_word' id='word_1_295' title='bbox 856 4558 1047 4614; x_wconf 89' lang='lat' dir='ltr'><strong>incitet</strong></span> <span class='ocrx_word' id='word_1_296' title='bbox 1086 4559 1410 4615; x_wconf 90' lang='lat' dir='ltr'><strong>auditorum.</strong></span> <span class='ocrx_word' id='word_1_297' title='bbox 1455 4560 1644 4617; x_wconf 89' lang='lat' dir='ltr'><strong>Solent</strong></span> <span class='ocrx_word' id='word_1_298' title='bbox 1678 4571 1855 4619; x_wconf 89' lang='lat' dir='ltr'><strong>autem</strong></span> 
     </span>
    </p>
   </div>
   <div class='ocr_carea' id='block_1_45' title="bbox 269 4647 1936 4754">
    <p class='ocr_par' dir='ltr' id='par_1_45' title="bbox 269 4647 1936 4754">
     <span class='ocr_line' id='line_1_45' title="bbox 269 4647 1936 4754; baseline 0.002 -51"><span class='ocrx_word' id='word_1_299' title='bbox 269 4647 341 4703; x_wconf 83' lang='lat' dir='ltr'><strong>ad</strong></span> <span class='ocrx_word' id='word_1_300' title='bbox 369 4648 476 4702; x_wconf 88' lang='lat' dir='ltr'><strong>hoc</strong></span> <span class='ocrx_word' id='word_1_301' title='bbox 499 4647 740 4704; x_wconf 81' lang='lat' dir='ltr'><strong>ofﬁcium</strong></span> <span class='ocrx_word' id='word_1_302' title='bbox 773 4650 936 4706; x_wconf 89' lang='lat' dir='ltr'><strong>etiam</strong></span> <span class='ocrx_word' id='word_1_303' title='bbox 967 4651 1173 4721; x_wconf 87' lang='lat' dir='ltr'><strong>absque</strong></span> <span class='ocrx_word' id='word_1_304' title='bbox 1207 4652 1439 4754; x_wconf 76' lang='lat' dir='ltr'><strong>scientia</strong></span> <span class='ocrx_word' id='word_1_305' title='bbox 1470 4653 1855 4754; x_wconf 43' lang='lat' dir='ltr'><strong>episcopi-sola</strong></span> <span class='ocrx_word' id='word_1_306' title='bbox 1881 4693 1936 4754; x_wconf 71' lang='grc' dir='ltr'><strong><em>Β</em></strong></span> 
     </span>
    </p>
   </div>
   <div class='ocr_carea' id='block_1_46' title="bbox 259 4740 1856 4815">
    <p class='ocr_par' dir='ltr' id='par_1_46' title="bbox 259 4740 1856 4815">
     <span class='ocr_line' id='line_1_46' title="bbox 259 4740 1856 4815; baseline 0.006 -20"><span class='ocrx_word' id='word_1_307' title='bbox 259 4740 515 4811; x_wconf 90' lang='lat' dir='ltr'><strong>jussione</strong></span> <span class='ocrx_word' id='word_1_308' title='bbox 539 4741 684 4812; x_wconf 88' lang='lat' dir='ltr'><strong>eligi,</strong></span> <span class='ocrx_word' id='word_1_309' title='bbox 714 4743 1022 4814; x_wconf 89' lang='lat' dir='ltr'><strong>quicunque</strong></span> <span class='ocrx_word' id='word_1_310' title='bbox 1041 4744 1097 4799; x_wconf 89' lang='lat' dir='ltr'><strong>in</strong></span> <span class='ocrx_word' id='word_1_311' title='bbox 1118 4744 1373 4801; x_wconf 83' lang='lat' dir='ltr'><strong>cantandi</strong></span> <span class='ocrx_word' id='word_1_312' title='bbox 1403 4752 1521 4801; x_wconf 89' lang='lat' dir='ltr'><strong>arte</strong></span> <span class='ocrx_word' id='word_1_313' title='bbox 1545 4744 1856 4815; x_wconf 86' lang='lat' dir='ltr'><strong>probabiles</strong></span> 
     </span>
    </p>
   </div>
   <div class='ocr_carea' id='block_1_47' title="bbox 267 4834 967 4905">
    <p class='ocr_par' dir='ltr' id='par_1_47' title="bbox 267 4834 967 4905">
     <span class='ocr_line' id='line_1_47' title="bbox 267 4834 967 4905; baseline 0.001 -14"><span class='ocrx_word' id='word_1_314' title='bbox 267 4834 583 4905; x_wconf 87' lang='lat' dir='ltr'><strong>hujusmodi</strong></span> <span class='ocrx_word' id='word_1_315' title='bbox 608 4837 967 4893; x_wconf 86' lang='lat' dir='ltr'><strong>constiterint.</strong></span> 
     </span>
    </p>
   </div>
   <div class='ocr_carea' id='block_1_48' title="bbox 876 4929 1255 4989">
    <p class='ocr_par' dir='ltr' id='par_1_48' title="bbox 876 4929 1255 4989">
     <span class='ocr_line' id='line_1_48' title="bbox 876 4929 1255 4989; baseline 0 -3"><span class='ocrx_word' id='word_1_316' title='bbox 876 4929 1105 4989; x_wconf 79' lang='lat' dir='ltr'><strong>CAPUT</strong></span> <span class='ocrx_word' id='word_1_317' title='bbox 1142 4930 1255 4986; x_wconf 84' lang='lat' dir='ltr'><strong>XII.</strong></span> 
     </span>
    </p>
   </div>
   <div class='ocr_carea' id='block_1_49' title="bbox 868 5024 1259 5081">
    <p class='ocr_par' dir='ltr' id='par_1_49' title="bbox 868 5024 1259 5081">
     <span class='ocr_line' id='line_1_49' title="bbox 868 5024 1259 5081; baseline 0.003 -2"><span class='ocrx_word' id='word_1_318' title='bbox 868 5024 947 5079; x_wconf 90' lang='lat' dir='ltr'><strong>De</strong></span> <span class='ocrx_word' id='word_1_319' title='bbox 1008 5025 1259 5081; x_wconf 79' lang='lat' dir='ltr'><strong>ostiariis.</strong></span> 
     </span>
    </p>
   </div>
   <div class='ocr_carea' id='block_1_50' title="bbox 343 5114 1857 5194">
    <p class='ocr_par' dir='ltr' id='par_1_50' title="bbox 343 5114 1857 5194">
     <span class='ocr_line' id='line_1_50' title="bbox 343 5114 1857 5194; baseline 0.003 -20"><span class='ocrx_word' id='word_1_320' title='bbox 343 5114 566 5174; x_wconf 86' lang='lat' dir='ltr'><strong>Ostiarii</strong></span> <span class='ocrx_word' id='word_1_321' title='bbox 596 5124 722 5173; x_wconf 90' lang='lat' dir='ltr'><strong>sunt</strong></span> <span class='ocrx_word' id='word_1_322' title='bbox 746 5119 838 5190; x_wconf 87' lang='lat' dir='ltr'><strong>qui</strong></span> <span class='ocrx_word' id='word_1_323' title='bbox 864 5127 919 5175; x_wconf 87' lang='lat' dir='ltr'><strong>et</strong></span> <span class='ocrx_word' id='word_1_324' title='bbox 941 5120 1122 5174; x_wconf 82' lang='lat' dir='ltr'><strong>aeditui</strong></span> <span class='ocrx_word' id='word_1_325' title='bbox 1147 5132 1202 5174; x_wconf 89' lang='lat' dir='ltr'><strong>et</strong></span> <span class='ocrx_word' id='word_1_326' title='bbox 1226 5117 1494 5188; x_wconf 88' lang='lat' dir='ltr'><strong>janitores</strong></span> <span class='ocrx_word' id='word_1_327' title='bbox 1534 5120 1591 5176; x_wconf 92' lang='lat' dir='ltr'><strong>in</strong></span> <span class='ocrx_word' id='word_1_328' title='bbox 1618 5119 1736 5194; x_wconf 88' lang='lat' dir='ltr'><strong>lege</strong></span> <span class='ocrx_word' id='word_1_329' title='bbox 1774 5122 1857 5178; x_wconf 90' lang='lat' dir='ltr'><strong>di-</strong></span> 
     </span>
    </p>
   </div>
   <div class='ocr_carea' id='block_1_51' title="bbox 265 5199 1859 5282">
    <p class='ocr_par' dir='ltr' id='par_1_51' title="bbox 265 5199 1859 5282">
     <span class='ocr_line' id='line_1_51' title="bbox 265 5199 1859 5282; baseline 0.004 -16"><span class='ocrx_word' id='word_1_330' title='bbox 265 5211 554 5266; x_wconf 89' lang='lat' dir='ltr'><strong>cebantur.</strong></span> <span class='ocrx_word' id='word_1_331' title='bbox 574 5210 637 5266; x_wconf 82' lang='lat' dir='ltr'><strong>Hi</strong></span> <span class='ocrx_word' id='word_1_332' title='bbox 661 5199 802 5282; x_wconf 76' lang='lat' dir='ltr'><strong>apud</strong></span> <span class='ocrx_word' id='word_1_333' title='bbox 818 5210 1074 5268; x_wconf 82' lang='lat' dir='ltr'><strong>Hebraeos</strong></span> <span class='ocrx_word' id='word_1_334' title='bbox 1093 5213 1148 5268; x_wconf 91' lang='lat' dir='ltr'><strong>in</strong></span> <span class='ocrx_word' id='word_1_335' title='bbox 1175 5214 1357 5270; x_wconf 86' lang='lat' dir='ltr'><strong>Veteri</strong></span> <span class='ocrx_word' id='word_1_336' title='bbox 1379 5213 1726 5271; x_wconf 88' lang='lat' dir='ltr'><strong>Testamento</strong></span> <span class='ocrx_word' id='word_1_337' title='bbox 1747 5215 1859 5272; x_wconf 90' lang='lat' dir='ltr'><strong>ele-</strong></span> 
     </span>
    </p>
   </div>
   <div class='ocr_carea' id='block_1_52' title="bbox 265 5303 1860 5392">
    <p class='ocr_par' dir='ltr' id='par_1_52' title="bbox 265 5303 1860 5392">
     <span class='ocr_line' id='line_1_52' title="bbox 265 5303 1860 5392; baseline 0.001 -33"><span class='ocrx_word' id='word_1_338' title='bbox 265 5303 350 5359; x_wconf 90' lang='lat' dir='ltr'><strong>cti</strong></span> <span class='ocrx_word' id='word_1_339' title='bbox 380 5311 509 5360; x_wconf 87' lang='lat' dir='ltr'><strong>sunt</strong></span> <span class='ocrx_word' id='word_1_340' title='bbox 541 5303 611 5359; x_wconf 90' lang='lat' dir='ltr'><strong>ad</strong></span> <span class='ocrx_word' id='word_1_341' title='bbox 640 5303 939 5360; x_wconf 87' lang='lat' dir='ltr'><strong>custodiam</strong></span> <span class='ocrx_word' id='word_1_342' title='bbox 981 5304 1199 5392; x_wconf 80' lang='lat' dir='ltr'><strong>templi,</strong></span> <span class='ocrx_word' id='word_1_343' title='bbox 1233 5305 1433 5376; x_wconf 92' lang='lat' dir='ltr'><strong>quique</strong></span> <span class='ocrx_word' id='word_1_344' title='bbox 1477 5306 1716 5362; x_wconf 89' lang='lat' dir='ltr'><strong>ordinati</strong></span> <span class='ocrx_word' id='word_1_345' title='bbox 1759 5322 1860 5377; x_wconf 90' lang='lat' dir='ltr'><strong>per</strong></span> 
     </span>
    </p>
   </div>
   <div class='ocr_carea' id='block_1_53' title="bbox 264 5395 1860 5468">
    <p class='ocr_par' dir='ltr' id='par_1_53' title="bbox 264 5395 1860 5468">
     <span class='ocr_line' id='line_1_53' title="bbox 264 5395 1860 5468; baseline 0.003 -17"><span class='ocrx_word' id='word_1_346' title='bbox 264 5395 422 5451; x_wconf 81' lang='lat' dir='ltr'><strong>vices</strong></span> <span class='ocrx_word' id='word_1_347' title='bbox 468 5411 595 5452; x_wconf 88' lang='lat' dir='ltr'><strong>suas</strong></span> <span class='ocrx_word' id='word_1_348' title='bbox 638 5396 822 5451; x_wconf 86' lang='lat' dir='ltr'><strong>omnia</strong></span> <span class='ocrx_word' id='word_1_349' title='bbox 862 5396 1120 5452; x_wconf 91' lang='lat' dir='ltr'><strong>interiora</strong></span> <span class='ocrx_word' id='word_1_350' title='bbox 1152 5397 1335 5468; x_wconf 89' lang='lat' dir='ltr'><strong>templi</strong></span> <span class='ocrx_word' id='word_1_351' title='bbox 1372 5397 1458 5453; x_wconf 91' lang='lat' dir='ltr'><strong>vel</strong></span> <span class='ocrx_word' id='word_1_352' title='bbox 1487 5406 1644 5453; x_wconf 83' lang='lat' dir='ltr'><strong>extra</strong></span> <span class='ocrx_word' id='word_1_353' title='bbox 1679 5408 1860 5455; x_wconf 81' lang='lat' dir='ltr'><strong>custo—</strong></span> 
     </span>
    </p>
   </div>
   <div class='ocr_carea' id='block_1_54' title="bbox 263 5489 1855 5561">
    <p class='ocr_par' dir='ltr' id='par_1_54' title="bbox 263 5489 1855 5561">
     <span class='ocr_line' id='line_1_54' title="bbox 263 5489 1855 5561; baseline -0.001 -14"><span class='ocrx_word' id='word_1_354' title='bbox 263 5489 493 5547; x_wconf 88' lang='lat' dir='ltr'><strong>diebant</strong></span> <span class='ocrx_word' id='word_1_355' title='bbox 527 5498 590 5545; x_wconf 89' lang='lat' dir='ltr'><strong>ut</strong></span> <span class='ocrx_word' id='word_1_356' title='bbox 616 5504 725 5545; x_wconf 91' lang='lat' dir='ltr'><strong>non</strong></span> <span class='ocrx_word' id='word_1_357' title='bbox 773 5489 1148 5561; x_wconf 72' lang='lat' dir='ltr'><strong>ingrederetur</strong></span> <span class='ocrx_word' id='word_1_358' title='bbox 1195 5490 1252 5546; x_wconf 90' lang='lat' dir='ltr'><strong>in</strong></span> <span class='ocrx_word' id='word_1_359' title='bbox 1290 5504 1413 5546; x_wconf 89' lang='lat' dir='ltr'><strong>eum</strong></span> <span class='ocrx_word' id='word_1_360' title='bbox 1446 5490 1755 5546; x_wconf 90' lang='lat' dir='ltr'><strong>immundus</strong></span> <span class='ocrx_word' id='word_1_361' title='bbox 1799 5491 1855 5546; x_wconf 92' lang='lat' dir='ltr'><strong>in</strong></span> 
     </span>
    </p>
   </div>
   <div class='ocr_carea' id='block_1_55' title="bbox 262 5585 1859 5658">
    <p class='ocr_par' dir='ltr' id='par_1_55' title="bbox 262 5585 1859 5658">
     <span class='ocr_line' id='line_1_55' title="bbox 262 5585 1859 5658; baseline 0.001 -15"><span class='ocrx_word' id='word_1_362' title='bbox 262 5585 420 5643; x_wconf 87' lang='lat' dir='ltr'><strong>omni</strong></span> <span class='ocrx_word' id='word_1_363' title='bbox 470 5600 548 5642; x_wconf 93' lang='lat' dir='ltr'><strong>re.</strong></span> <span class='ocrx_word' id='word_1_364' title='bbox 586 5585 727 5642; x_wconf 89' lang='lat' dir='ltr'><strong>Dicti</strong></span> <span class='ocrx_word' id='word_1_365' title='bbox 768 5593 950 5641; x_wconf 88' lang='lat' dir='ltr'><strong>autem</strong></span> <span class='ocrx_word' id='word_1_366' title='bbox 990 5587 1218 5655; x_wconf 86' lang='lat' dir='ltr'><strong>ostiarii,</strong></span> <span class='ocrx_word' id='word_1_367' title='bbox 1249 5588 1395 5658; x_wconf 88' lang='lat' dir='ltr'><strong>quod</strong></span> <span class='ocrx_word' id='word_1_368' title='bbox 1437 5588 1664 5658; x_wconf 82' lang='lat' dir='ltr'><strong>praesint</strong></span> <span class='ocrx_word' id='word_1_369' title='bbox 1701 5589 1859 5649; x_wconf 76' lang='lat' dir='ltr'><strong>ostiis</strong></span> 
     </span>
    </p>
   </div>
   <div class='ocr_carea' id='block_1_56' title="bbox 265 5677 1857 5748">
    <p class='ocr_par' dir='ltr' id='par_1_56' title="bbox 265 5677 1857 5748">
     <span class='ocr_line' id='line_1_56' title="bbox 265 5677 1857 5748; baseline 0.002 -13"><span class='ocrx_word' id='word_1_370' title='bbox 265 5677 475 5747; x_wconf 85' lang='lat' dir='ltr'><strong>templi.</strong></span> <span class='ocrx_word' id='word_1_371' title='bbox 518 5677 621 5748; x_wconf 90' lang='lat' dir='ltr'><strong>Ipsi</strong></span> <span class='ocrx_word' id='word_1_372' title='bbox 661 5679 806 5734; x_wconf 90' lang='lat' dir='ltr'><strong>enim</strong></span> <span class='ocrx_word' id='word_1_373' title='bbox 839 5686 1083 5735; x_wconf 86' lang='lat' dir='ltr'><strong>tenentes</strong></span> <span class='ocrx_word' id='word_1_374' title='bbox 1125 5679 1332 5737; x_wconf 90' lang='lat' dir='ltr'><strong>clavem</strong></span> <span class='ocrx_word' id='word_1_375' title='bbox 1375 5682 1558 5736; x_wconf 88' lang='lat' dir='ltr'><strong>omnia</strong></span> <span class='ocrx_word' id='word_1_376' title='bbox 1600 5681 1749 5738; x_wconf 92' lang='lat' dir='ltr'><strong>intus</strong></span> <span class='ocrx_word' id='word_1_377' title='bbox 1788 5698 1857 5738; x_wconf 80' lang='lat' dir='ltr'><strong>ex</strong></span> 
     </span>
    </p>
   </div>
   <div class='ocr_carea' id='block_1_57' title="bbox 263 5771 1859 5841">
    <p class='ocr_par' dir='ltr' id='par_1_57' title="bbox 263 5771 1859 5841">
     <span class='ocr_line' id='line_1_57' title="bbox 263 5771 1859 5841; baseline 0.001 -14"><span class='ocrx_word' id='word_1_378' title='bbox 263 5777 502 5839; x_wconf 84' lang='lat' dir='ltr'><strong>utraque</strong></span> <span class='ocrx_word' id='word_1_379' title='bbox 535 5776 689 5840; x_wconf 88' lang='lat' dir='ltr'><strong>parte</strong></span> <span class='ocrx_word' id='word_1_380' title='bbox 721 5771 1063 5835; x_wconf 86' lang='lat' dir='ltr'><strong>custodiunt,</strong></span> <span class='ocrx_word' id='word_1_381' title='bbox 1096 5778 1260 5841; x_wconf 88' lang='lat' dir='ltr'><strong>atque</strong></span> <span class='ocrx_word' id='word_1_382' title='bbox 1295 5771 1437 5827; x_wconf 91' lang='lat' dir='ltr'><strong>inter</strong></span> <span class='ocrx_word' id='word_1_383' title='bbox 1463 5772 1635 5828; x_wconf 89' lang='lat' dir='ltr'><strong>bonos</strong></span> <span class='ocrx_word' id='word_1_384' title='bbox 1660 5781 1717 5827; x_wconf 90' lang='lat' dir='ltr'><strong>et</strong></span> <span class='ocrx_word' id='word_1_385' title='bbox 1742 5788 1859 5828; x_wconf 90' lang='lat' dir='ltr'><strong>ma-</strong></span> 
     </span>
    </p>
   </div>
   <div class='ocr_carea' id='block_1_58' title="bbox 262 5860 1858 5937">
    <p class='ocr_par' dir='ltr' id='par_1_58' title="bbox 262 5860 1858 5937">
     <span class='ocr_line' id='line_1_58' title="bbox 262 5860 1858 5937; baseline 0.002 -20"><span class='ocrx_word' id='word_1_386' title='bbox 262 5860 352 5927; x_wconf 87' lang='lat' dir='ltr'><strong>los</strong></span> <span class='ocrx_word' id='word_1_387' title='bbox 394 5862 658 5921; x_wconf 88' lang='lat' dir='ltr'><strong>habentes</strong></span> <span class='ocrx_word' id='word_1_388' title='bbox 694 5864 957 5935; x_wconf 89' lang='lat' dir='ltr'><strong>judicium</strong></span> <span class='ocrx_word' id='word_1_389' title='bbox 1008 5862 1196 5920; x_wconf 87' lang='lat' dir='ltr'><strong>ﬁdeles</strong></span> <span class='ocrx_word' id='word_1_390' title='bbox 1242 5865 1544 5937; x_wconf 90' lang='lat' dir='ltr'><strong>recipiunt,</strong></span> <span class='ocrx_word' id='word_1_391' title='bbox 1593 5871 1858 5937; x_wconf 89' lang='lat' dir='ltr'><strong>respuunt</strong></span> 
     </span>
    </p>
   </div>
   <div class='ocr_carea' id='block_1_59' title="bbox 268 5951 693 6013">
    <p class='ocr_par' dir='ltr' id='par_1_59' title="bbox 268 5951 693 6013">
     <span class='ocr_line' id='line_1_59' title="bbox 268 5951 693 6013; baseline 0.019 -5"><span class='ocrx_word' id='word_1_392' title='bbox 268 5951 536 6013; x_wconf 86' lang='lat' dir='ltr'><strong>inﬁdeles.</strong></span> <span class='ocrx_word' id='word_1_393' title='bbox 686 5956 693 5961; x_wconf 75' lang='grc'><em>’</em></span> 
     </span>
    </p>
   </div>
   <div class='ocr_carea' id='block_1_60' title="bbox 1099 455 2765 529">
    <p class='ocr_par' dir='ltr' id='par_1_60' title="bbox 1099 455 2765 529">
     <span class='ocr_line' id='line_1_60' title="bbox 1099 455 2765 529; baseline 0.008 -17"><span class='ocrx_word' id='word_1_394' title='bbox 1099 455 1187 512; x_wconf 86' lang='lat' dir='ltr'><strong>DE</strong></span> <span class='ocrx_word' id='word_1_395' title='bbox 1224 455 1669 516; x_wconf 80' lang='lat' dir='ltr'><strong>CLERICORUM</strong></span> <span class='ocrx_word' id='word_1_396' title='bbox 1707 456 2213 529; x_wconf 80' lang='lat' dir='ltr'><strong>INSTITU‘I‘IUNE,</strong></span> <span class='ocrx_word' id='word_1_397' title='bbox 2255 463 2408 524; x_wconf 88' lang='lat' dir='ltr'><strong>ETC.</strong></span> <span class='ocrx_word' id='word_1_398' title='bbox 2447 498 2520 512; x_wconf 88' lang='lat'><strong>--</strong></span> <span class='ocrx_word' id='word_1_399' title='bbox 2555 468 2683 526; x_wconf 87' lang='lat' dir='ltr'><strong>LIB.</strong></span> <span class='ocrx_word' id='word_1_400' title='bbox 2724 469 2765 525; x_wconf 92' lang='lat' dir='ltr'><strong>I.</strong></span> 
     </span>
    </p>
   </div>
   <div class='ocr_carea' id='block_1_61' title="bbox 305 570 1974 646">
    <p class='ocr_par' dir='ltr' id='par_1_61' title="bbox 305 570 1974 646">
     <span class='ocr_line' id='line_1_61' title="bbox 305 570 1974 646; baseline 0.001 -15"><span class='ocrx_word' id='word_1_401' title='bbox 305 572 518 631; x_wconf 88' lang='lat' dir='ltr'><strong>scilicet</strong></span> <span class='ocrx_word' id='word_1_402' title='bbox 560 570 759 627; x_wconf 91' lang='lat' dir='ltr'><strong>donum</strong></span> <span class='ocrx_word' id='word_1_403' title='bbox 805 570 950 642; x_wconf 87' lang='lat' dir='ltr'><strong>quod</strong></span> <span class='ocrx_word' id='word_1_404' title='bbox 985 572 1059 628; x_wconf 91' lang='lat' dir='ltr'><strong>illi</strong></span> <span class='ocrx_word' id='word_1_405' title='bbox 1106 580 1191 628; x_wconf 90' lang='lat' dir='ltr'><strong>est</strong></span> <span class='ocrx_word' id='word_1_406' title='bbox 1228 590 1260 628; x_wconf 91' lang='lat' dir='ltr'><strong>a</strong></span> <span class='ocrx_word' id='word_1_407' title='bbox 1299 574 1507 646; x_wconf 88' lang='lat' dir='ltr'><strong>Spiritu</strong></span> <span class='ocrx_word' id='word_1_408' title='bbox 1535 586 1726 634; x_wconf 87' lang='lat' dir='ltr'><strong>sancto</strong></span> <span class='ocrx_word' id='word_1_409' title='bbox 1764 593 1893 635; x_wconf 89' lang='lat' dir='ltr'><strong>con-</strong></span> <span class='ocrx_word' id='word_1_410' title='bbox 1919 579 1974 639; x_wconf 80' lang='grc' dir='ltr'><strong>Α</strong></span> 
     </span>
    </p>
   </div>
   <div class='ocr_carea' id='block_1_62' title="bbox 3470 480 3576 539">
    <p class='ocr_par' dir='ltr' id='par_1_62' title="bbox 3470 480 3576 539">
     <span class='ocr_line' id='line_1_62' title="bbox 3470 480 3576 539; baseline 0 -2"><span class='ocrx_word' id='word_1_411' title='bbox 3470 480 3576 539; x_wconf 75' lang='lat'><strong>506</strong></span> 
     </span>
    </p>
   </div>
   <div class='ocr_carea' id='block_1_63' title="bbox 2596 580 3581 642">
    <p class='ocr_par' dir='ltr' id='par_1_63' title="bbox 2596 580 3581 642">
     <span class='ocr_line' id='line_1_63' title="bbox 2596 580 3581 642; baseline 0.005 -1"><span class='ocrx_word' id='word_1_412' title='bbox 2596 584 2822 641; x_wconf 80' lang='lat' dir='ltr'><strong>CAPUT</strong></span> <span class='ocrx_word' id='word_1_413' title='bbox 2857 584 2990 642; x_wconf 85' lang='lat' dir='ltr'><strong>XIII.</strong></span> <span class='ocrx_word' id='word_1_414' title='bbox 3115 603 3118 607; x_wconf 76' lang='lat'>‘</span> <span class='ocrx_word' id='word_1_415' title='bbox 3576 580 3581 587; x_wconf 25' lang='lat' dir='ltr'><strong><em>F</em></strong></span> 
     </span>
    </p>
   </div>
   <div class='ocr_carea' id='block_1_64' title="bbox 1994 668 3580 804">
    <p class='ocr_par' dir='ltr' id='par_1_64' title="bbox 1994 668 3580 804">
     <span class='ocr_line' id='line_1_64' title="bbox 1994 668 3580 801; baseline 0.013 -77"><span class='ocrx_word' id='word_1_416' title='bbox 1994 668 2142 737; x_wconf 77' lang='lat' dir='ltr'><strong>Quos</strong></span> <span class='ocrx_word' id='word_1_417' title='bbox 2181 682 2413 743; x_wconf 86' lang='lat' dir='ltr'><strong>oporteat</strong></span> <span class='ocrx_word' id='word_1_418' title='bbox 2453 675 2523 729; x_wconf 88' lang='lat' dir='ltr'><strong>ad</strong></span> <span class='ocrx_word' id='word_1_419' title='bbox 2567 684 2798 801; x_wconf 43' lang='lat' dir='ltr'><strong>sacrurs’.</strong></span> <span class='ocrx_word' id='word_1_420' title='bbox 2815 678 3046 733; x_wconf 86' lang='lat' dir='ltr'><strong>ordinem</strong></span> <span class='ocrx_word' id='word_1_421' title='bbox 3090 683 3354 750; x_wconf 81' lang='lat' dir='ltr'><strong>accedere,</strong></span> <span class='ocrx_word' id='word_1_422' title='bbox 3393 694 3442 739; x_wconf 84' lang='lat' dir='ltr'><strong>et</strong></span> <span class='ocrx_word' id='word_1_423' title='bbox 3475 704 3580 758; x_wconf 71' lang='lat' dir='ltr'><strong>quo</strong></span> 
     </span>
     <span class='ocr_line' id='line_1_65' title="bbox 2681 764 3415 804; baseline 0.003 -2"><span class='ocrx_word' id='word_1_424' title='bbox 2681 765 2742 802; x_wconf 90' lang='lat' dir='ltr'><strong>or</strong></span> <span class='ocrx_word' id='word_1_425' title='bbox 2779 764 2881 804; x_wconf 84' lang='lat' dir='ltr'><strong>me.</strong></span> <span class='ocrx_word' id='word_1_426' title='bbox 3410 799 3415 804; x_wconf 84' lang='lat'><strong>.</strong></span> 
     </span>
    </p>
   </div>
   <div class='ocr_carea' id='block_1_65' title="bbox 2064 834 3579 915">
    <p class='ocr_par' dir='ltr' id='par_1_65' title="bbox 2064 834 3579 915">
     <span class='ocr_line' id='line_1_66' title="bbox 2064 834 3579 915; baseline 0.011 -25"><span class='ocrx_word' id='word_1_427' title='bbox 2064 834 2310 892; x_wconf 88' lang='lat' dir='ltr'><strong>Canones</strong></span> <span class='ocrx_word' id='word_1_428' title='bbox 2354 844 2410 894; x_wconf 91' lang='lat' dir='ltr'><strong>et</strong></span> <span class='ocrx_word' id='word_1_429' title='bbox 2445 838 2662 895; x_wconf 86' lang='lat' dir='ltr'><strong>decreta</strong></span> <span class='ocrx_word' id='word_1_430' title='bbox 2708 841 2930 913; x_wconf 88' lang='lat' dir='ltr'><strong>Zozymi</strong></span> <span class='ocrx_word' id='word_1_431' title='bbox 2971 857 3124 915; x_wconf 65' lang='lat' dir='ltr'><strong>papae</strong></span> <span class='ocrx_word' id='word_1_432' title='bbox 3170 846 3469 904; x_wconf 89' lang='lat' dir='ltr'><strong>decernunt</strong></span> <span class='ocrx_word' id='word_1_433' title='bbox 3514 846 3579 907; x_wconf 76' lang='lat' dir='ltr'><strong>ut</strong></span> 
     </span>
    </p>
   </div>
   <div class='ocr_carea' id='block_1_66' title="bbox 1992 927 3580 1010">
    <p class='ocr_par' dir='ltr' id='par_1_66' title="bbox 1992 927 3580 1010">
     <span class='ocr_line' id='line_1_67' title="bbox 1992 927 3580 1010; baseline 0.011 -27"><span class='ocrx_word' id='word_1_434' title='bbox 1992 927 2221 984; x_wconf 87' lang='lat' dir='ltr'><strong>clericus</strong></span> <span class='ocrx_word' id='word_1_435' title='bbox 2233 929 2323 1000; x_wconf 90' lang='lat' dir='ltr'><strong>qui</strong></span> <span class='ocrx_word' id='word_1_436' title='bbox 2346 932 2414 986; x_wconf 91' lang='lat' dir='ltr'><strong>ad</strong></span> <span class='ocrx_word' id='word_1_437' title='bbox 2438 947 2651 988; x_wconf 91' lang='lat' dir='ltr'><strong>sacrum</strong></span> <span class='ocrx_word' id='word_1_438' title='bbox 2665 935 2911 990; x_wconf 91' lang='lat' dir='ltr'><strong>ordinem</strong></span> <span class='ocrx_word' id='word_1_439' title='bbox 2932 937 3162 1005; x_wconf 89' lang='lat' dir='ltr'><strong>accedit,</strong></span> <span class='ocrx_word' id='word_1_440' title='bbox 3186 938 3328 996; x_wconf 91' lang='lat' dir='ltr'><strong>inter</strong></span> <span class='ocrx_word' id='word_1_441' title='bbox 3347 941 3580 1010; x_wconf 73' lang='lat' dir='ltr'><strong>lectores</strong></span> 
     </span>
    </p>
   </div>
   <div class='ocr_carea' id='block_1_67' title="bbox 1993 1019 3578 1100">
    <p class='ocr_par' dir='ltr' id='par_1_67' title="bbox 1993 1019 3578 1100">
     <span class='ocr_line' id='line_1_68' title="bbox 1993 1019 3578 1100; baseline 0.013 -26"><span class='ocrx_word' id='word_1_442' title='bbox 1993 1019 2107 1076; x_wconf 89' lang='lat' dir='ltr'><strong>sive</strong></span> <span class='ocrx_word' id='word_1_443' title='bbox 2140 1022 2437 1080; x_wconf 83' lang='lat' dir='ltr'><strong>exorcistas</strong></span> <span class='ocrx_word' id='word_1_444' title='bbox 2465 1026 2701 1097; x_wconf 89' lang='lat' dir='ltr'><strong>quinque</strong></span> <span class='ocrx_word' id='word_1_445' title='bbox 2727 1044 2898 1085; x_wconf 88' lang='lat' dir='ltr'><strong>annos</strong></span> <span class='ocrx_word' id='word_1_446' title='bbox 2923 1033 3191 1100; x_wconf 82' lang='lat' dir='ltr'><strong>exsolvat,</strong></span> <span class='ocrx_word' id='word_1_447' title='bbox 3223 1035 3422 1092; x_wconf 81' lang='lat' dir='ltr'><strong>exinde</strong></span> <span class='ocrx_word' id='word_1_448' title='bbox 3452 1052 3578 1094; x_wconf 90' lang='lat' dir='ltr'><strong>aco-</strong></span> 
     </span>
    </p>
   </div>
   <div class='ocr_carea' id='block_1_68' title="bbox 1990 1109 3577 1190">
    <p class='ocr_par' dir='ltr' id='par_1_68' title="bbox 1990 1109 3577 1190">
     <span class='ocr_line' id='line_1_69' title="bbox 1990 1109 3577 1190; baseline 0.013 -25"><span class='ocrx_word' id='word_1_449' title='bbox 1990 1109 2169 1183; x_wconf 87' lang='lat' dir='ltr'><strong>lythus</strong></span> <span class='ocrx_word' id='word_1_450' title='bbox 2198 1114 2281 1168; x_wconf 87' lang='lat' dir='ltr'><strong>vel</strong></span> <span class='ocrx_word' id='word_1_451' title='bbox 2308 1115 2670 1173; x_wconf 88' lang='lat' dir='ltr'><strong>subdiaconus</strong></span> <span class='ocrx_word' id='word_1_452' title='bbox 2696 1128 2928 1190; x_wconf 92' lang='lat' dir='ltr'><strong>quatuor</strong></span> <span class='ocrx_word' id='word_1_453' title='bbox 2964 1124 3122 1179; x_wconf 90' lang='lat' dir='ltr'><strong>annis</strong></span> <span class='ocrx_word' id='word_1_454' title='bbox 3157 1123 3270 1181; x_wconf 88' lang='lat' dir='ltr'><strong>ﬁat.</strong></span> <span class='ocrx_word' id='word_1_455' title='bbox 3300 1125 3382 1182; x_wconf 80' lang='lat' dir='ltr'><strong>Ad</strong></span> <span class='ocrx_word' id='word_1_456' title='bbox 3414 1127 3577 1185; x_wconf 85' lang='lat' dir='ltr'><strong>bene-</strong></span> 
     </span>
    </p>
   </div>
   <div class='ocr_carea' id='block_1_69' title="bbox 1990 1203 3579 1278">
    <p class='ocr_par' dir='ltr' id='par_1_69' title="bbox 1990 1203 3579 1278">
     <span class='ocr_line' id='line_1_70' title="bbox 1990 1203 3579 1278; baseline 0.012 -20"><span class='ocrx_word' id='word_1_457' title='bbox 1990 1203 2277 1260; x_wconf 89' lang='lat' dir='ltr'><strong>dictionem</strong></span> <span class='ocrx_word' id='word_1_458' title='bbox 2330 1222 2546 1277; x_wconf 91' lang='lat' dir='ltr'><strong>quoque</strong></span> <span class='ocrx_word' id='word_1_459' title='bbox 2588 1210 2907 1268; x_wconf 91' lang='lat' dir='ltr'><strong>diaconatus</strong></span> <span class='ocrx_word' id='word_1_460' title='bbox 2957 1230 3064 1270; x_wconf 90' lang='lat' dir='ltr'><strong>non</strong></span> <span class='ocrx_word' id='word_1_461' title='bbox 3116 1217 3344 1274; x_wconf 89' lang='lat' dir='ltr'><strong>minoris</strong></span> <span class='ocrx_word' id='word_1_462' title='bbox 3402 1221 3579 1278; x_wconf 67' lang='lat' dir='ltr'><strong>aetatis</strong></span> 
     </span>
    </p>
   </div>
   <div class='ocr_carea' id='block_1_70' title="bbox 1987 1298 3575 1383">
    <p class='ocr_par' dir='ltr' id='par_1_70' title="bbox 1987 1298 3575 1383">
     <span class='ocr_line' id='line_1_71' title="bbox 1987 1298 3575 1383; baseline 0.013 -33"><span class='ocrx_word' id='word_1_463' title='bbox 1987 1312 2150 1367; x_wconf 90' lang='lat' dir='ltr'><strong>quam</strong></span> <span class='ocrx_word' id='word_1_464' title='bbox 2179 1298 2366 1367; x_wconf 82' lang='lat' dir='ltr'><strong>viginti</strong></span> <span class='ocrx_word' id='word_1_465' title='bbox 2409 1301 2646 1373; x_wconf 91' lang='lat' dir='ltr'><strong>quinque</strong></span> <span class='ocrx_word' id='word_1_466' title='bbox 2675 1319 2939 1361; x_wconf 90' lang='lat' dir='ltr'><strong>annorum</strong></span> <span class='ocrx_word' id='word_1_467' title='bbox 2981 1308 3225 1376; x_wconf 87' lang='lat' dir='ltr'><strong>accedat,</strong></span> <span class='ocrx_word' id='word_1_468' title='bbox 3260 1312 3315 1366; x_wconf 92' lang='lat' dir='ltr'><strong>in</strong></span> <span class='ocrx_word' id='word_1_469' title='bbox 3346 1328 3456 1383; x_wconf 92' lang='lat' dir='ltr'><strong>quo</strong></span> <span class='ocrx_word' id='word_1_470' title='bbox 3483 1330 3575 1370; x_wconf 84' lang='lat' dir='ltr'><strong>or-</strong></span> 
     </span>
    </p>
   </div>
   <div class='ocr_carea' id='block_1_71' title="bbox 1987 1388 3576 1468">
    <p class='ocr_par' dir='ltr' id='par_1_71' title="bbox 1987 1388 3576 1468">
     <span class='ocr_line' id='line_1_72' title="bbox 1987 1388 3576 1468; baseline 0.012 -26"><span class='ocrx_word' id='word_1_471' title='bbox 1987 1388 2113 1444; x_wconf 90' lang='lat' dir='ltr'><strong>dine</strong></span> <span class='ocrx_word' id='word_1_472' title='bbox 2151 1390 2386 1459; x_wconf 87' lang='lat' dir='ltr'><strong>quinque</strong></span> <span class='ocrx_word' id='word_1_473' title='bbox 2412 1392 2568 1448; x_wconf 90' lang='lat' dir='ltr'><strong>annis</strong></span> <span class='ocrx_word' id='word_1_474' title='bbox 2608 1394 2857 1463; x_wconf 78' lang='lat' dir='ltr'><strong>expletis,</strong></span> <span class='ocrx_word' id='word_1_475' title='bbox 2900 1397 2946 1452; x_wconf 91' lang='lat' dir='ltr'><strong>si</strong></span> <span class='ocrx_word' id='word_1_476' title='bbox 2989 1398 3386 1468; x_wconf 89' lang='lat' dir='ltr'><strong>inculpabiliter</strong></span> <span class='ocrx_word' id='word_1_477' title='bbox 3413 1404 3576 1460; x_wconf 91' lang='lat' dir='ltr'><strong>mini-</strong></span> 
     </span>
    </p>
   </div>
   <div class='ocr_carea' id='block_1_72' title="bbox 1986 1483 3578 1566">
    <p class='ocr_par' dir='ltr' id='par_1_72' title="bbox 1986 1483 3578 1566">
     <span class='ocr_line' id='line_1_73' title="bbox 1986 1483 3578 1566; baseline 0.012 -33"><span class='ocrx_word' id='word_1_478' title='bbox 1986 1483 2261 1548; x_wconf 87' lang='lat' dir='ltr'><strong>straverit,</strong></span> <span class='ocrx_word' id='word_1_479' title='bbox 2289 1484 2357 1537; x_wconf 92' lang='lat' dir='ltr'><strong>ad</strong></span> <span class='ocrx_word' id='word_1_480' title='bbox 2381 1486 2785 1558; x_wconf 86' lang='lat' dir='ltr'><strong>presbyteratus</strong></span> <span class='ocrx_word' id='word_1_481' title='bbox 2807 1489 3066 1546; x_wconf 88' lang='lat' dir='ltr'><strong>honorem</strong></span> <span class='ocrx_word' id='word_1_482' title='bbox 3095 1494 3398 1561; x_wconf 91' lang='lat' dir='ltr'><strong>promoveri</strong></span> <span class='ocrx_word' id='word_1_483' title='bbox 3424 1505 3578 1566; x_wconf 89' lang='lat' dir='ltr'><strong>pote-</strong></span> 
     </span>
    </p>
   </div>
   <div class='ocr_carea' id='block_1_73' title="bbox 1986 1570 3579 1651">
    <p class='ocr_par' dir='ltr' id='par_1_73' title="bbox 1986 1570 3579 1651">
     <span class='ocr_line' id='line_1_74' title="bbox 1986 1570 3579 1651; baseline 0.011 -26"><span class='ocrx_word' id='word_1_484' title='bbox 1986 1570 2075 1637; x_wconf 87' lang='lat' dir='ltr'><strong>rit,</strong></span> <span class='ocrx_word' id='word_1_485' title='bbox 2108 1589 2215 1628; x_wconf 90' lang='lat' dir='ltr'><strong>non</strong></span> <span class='ocrx_word' id='word_1_486' title='bbox 2248 1582 2427 1631; x_wconf 90' lang='lat' dir='ltr'><strong>tamen</strong></span> <span class='ocrx_word' id='word_1_487' title='bbox 2454 1585 2581 1634; x_wconf 89' lang='lat' dir='ltr'><strong>ante</strong></span> <span class='ocrx_word' id='word_1_488' title='bbox 2615 1579 2835 1651; x_wconf 86' lang='lat' dir='ltr'><strong>triginta</strong></span> <span class='ocrx_word' id='word_1_489' title='bbox 2858 1597 3030 1639; x_wconf 89' lang='lat' dir='ltr'><strong>annos</strong></span> <span class='ocrx_word' id='word_1_490' title='bbox 3048 1585 3245 1650; x_wconf 72' lang='lat' dir='ltr'><strong>aetatis,</strong></span> <span class='ocrx_word' id='word_1_491' title='bbox 3270 1584 3399 1641; x_wconf 91' lang='lat' dir='ltr'><strong>licet</strong></span> <span class='ocrx_word' id='word_1_492' title='bbox 3422 1588 3579 1644; x_wconf 88' lang='lat' dir='ltr'><strong>valde</strong></span> 
     </span>
    </p>
   </div>
   <div class='ocr_carea' id='block_1_74' title="bbox 1987 1663 3621 1739">
    <p class='ocr_par' dir='ltr' id='par_1_74' title="bbox 1987 1663 3621 1739">
     <span class='ocr_line' id='line_1_75' title="bbox 1987 1663 3621 1739; baseline 0.013 -22"><span class='ocrx_word' id='word_1_493' title='bbox 1987 1663 2182 1734; x_wconf 83' lang='lat' dir='ltr'><strong>dignus</strong></span> <span class='ocrx_word' id='word_1_494' title='bbox 2212 1667 2301 1734; x_wconf 90' lang='lat' dir='ltr'><strong>sit,</strong></span> <span class='ocrx_word' id='word_1_495' title='bbox 2329 1670 2456 1738; x_wconf 90' lang='lat' dir='ltr'><strong>quia</strong></span> <span class='ocrx_word' id='word_1_496' title='bbox 2479 1680 2536 1727; x_wconf 91' lang='lat' dir='ltr'><strong>et</strong></span> <span class='ocrx_word' id='word_1_497' title='bbox 2572 1671 2834 1730; x_wconf 91' lang='lat' dir='ltr'><strong>Dominus</strong></span> <span class='ocrx_word' id='word_1_498' title='bbox 2860 1685 3047 1733; x_wconf 89' lang='lat' dir='ltr'><strong>noster</strong></span> <span class='ocrx_word' id='word_1_499' title='bbox 3072 1694 3178 1734; x_wconf 91' lang='lat' dir='ltr'><strong>non</strong></span> <span class='ocrx_word' id='word_1_500' title='bbox 3213 1688 3339 1736; x_wconf 90' lang='lat' dir='ltr'><strong>ante</strong></span> <span class='ocrx_word' id='word_1_501' title='bbox 3364 1682 3579 1739; x_wconf 86' lang='lat' dir='ltr'><strong>tricesi-</strong></span> <span class='ocrx_word' id='word_1_502' title='bbox 3617 1722 3621 1726; x_wconf 88' lang='lat'><strong><em>-</em></strong></span> 
     </span>
    </p>
   </div>
   <div class='ocr_carea' id='block_1_75' title="bbox 1986 1764 3575 1845">
    <p class='ocr_par' dir='ltr' id='par_1_75' title="bbox 1986 1764 3575 1845">
     <span class='ocr_line' id='line_1_76' title="bbox 1986 1764 3575 1845; baseline 0.011 -35"><span class='ocrx_word' id='word_1_503' title='bbox 1986 1772 2134 1811; x_wconf 88' lang='lat' dir='ltr'><strong>mum</strong></span> <span class='ocrx_word' id='word_1_504' title='bbox 2162 1774 2361 1815; x_wconf 88' lang='lat' dir='ltr'><strong>annum</strong></span> <span class='ocrx_word' id='word_1_505' title='bbox 2389 1764 2688 1832; x_wconf 62' lang='lat' dir='ltr'><strong>prmdicare</strong></span> <span class='ocrx_word' id='word_1_506' title='bbox 2711 1781 2939 1824; x_wconf 82' lang='lat' dir='ltr'><strong>exorsus</strong></span> <span class='ocrx_word' id='word_1_507' title='bbox 2963 1779 3067 1825; x_wconf 91' lang='lat' dir='ltr'><strong>est.</strong></span> <span class='ocrx_word' id='word_1_508' title='bbox 3095 1770 3177 1845; x_wconf 89' lang='lat' dir='ltr'><strong>De</strong></span> <span class='ocrx_word' id='word_1_509' title='bbox 3194 1787 3303 1841; x_wconf 93' lang='lat' dir='ltr'><strong>quo</strong></span> <span class='ocrx_word' id='word_1_510' title='bbox 3330 1773 3500 1843; x_wconf 88' lang='lat' dir='ltr'><strong>gradu</strong></span> <span class='ocrx_word' id='word_1_511' title='bbox 3530 1774 3575 1829; x_wconf 92' lang='lat' dir='ltr'><strong>si</strong></span> 
     </span>
    </p>
   </div>
   <div class='ocr_carea' id='block_1_76' title="bbox 1985 1854 3573 1934">
    <p class='ocr_par' dir='ltr' id='par_1_76' title="bbox 1985 1854 3573 1934">
     <span class='ocr_line' id='line_1_77' title="bbox 1985 1854 3573 1934; baseline 0.009 -29"><span class='ocrx_word' id='word_1_512' title='bbox 1985 1865 2108 1905; x_wconf 86' lang='lat' dir='ltr'><strong>eum</strong></span> <span class='ocrx_word' id='word_1_513' title='bbox 2138 1854 2348 1909; x_wconf 85' lang='lat' dir='ltr'><strong>auctior</strong></span> <span class='ocrx_word' id='word_1_514' title='bbox 2373 1857 2441 1911; x_wconf 90' lang='lat' dir='ltr'><strong>ad</strong></span> <span class='ocrx_word' id='word_1_515' title='bbox 2484 1857 2658 1915; x_wconf 91' lang='lat' dir='ltr'><strong>bonos</strong></span> <span class='ocrx_word' id='word_1_516' title='bbox 2694 1876 2875 1917; x_wconf 88' lang='lat' dir='ltr'><strong>mores</strong></span> <span class='ocrx_word' id='word_1_517' title='bbox 2915 1862 3027 1917; x_wconf 88' lang='lat' dir='ltr'><strong>vita</strong></span> <span class='ocrx_word' id='word_1_518' title='bbox 3053 1863 3388 1934; x_wconf 83' lang='lat' dir='ltr'><strong>perduxerit,</strong></span> <span class='ocrx_word' id='word_1_519' title='bbox 3421 1881 3573 1920; x_wconf 89' lang='lat' dir='ltr'><strong>sum-</strong></span> 
     </span>
    </p>
   </div>
   <div class='ocr_carea' id='block_1_77' title="bbox 1906 1949 3573 2029">
    <p class='ocr_par' dir='ltr' id='par_1_77' title="bbox 1906 1949 3573 2029">
     <span class='ocr_line' id='line_1_78' title="bbox 1906 1949 3573 2029; baseline 0.01 -32"><span class='ocrx_word' id='word_1_520' title='bbox 1906 1953 1956 2014; x_wconf 83' lang='lat' dir='ltr'><strong>B</strong></span> <span class='ocrx_word' id='word_1_521' title='bbox 1984 1960 2130 1999; x_wconf 88' lang='lat' dir='ltr'><strong>mum</strong></span> <span class='ocrx_word' id='word_1_522' title='bbox 2159 1949 2534 2017; x_wconf 73' lang='lat' dir='ltr'><strong>pontificatum</strong></span> <span class='ocrx_word' id='word_1_523' title='bbox 2578 1954 2824 2025; x_wconf 89' lang='lat' dir='ltr'><strong>accipere</strong></span> <span class='ocrx_word' id='word_1_524' title='bbox 2864 1956 3079 2026; x_wconf 90' lang='lat' dir='ltr'><strong>poterit,</strong></span> <span class='ocrx_word' id='word_1_525' title='bbox 3113 1956 3215 2012; x_wconf 89' lang='lat' dir='ltr'><strong>hac</strong></span> <span class='ocrx_word' id='word_1_526' title='bbox 3244 1964 3426 2012; x_wconf 89' lang='lat' dir='ltr'><strong>tamen</strong></span> <span class='ocrx_word' id='word_1_527' title='bbox 3457 1957 3573 2029; x_wconf 86' lang='lat' dir='ltr'><strong>lege</strong></span> 
     </span>
    </p>
   </div>
   <div class='ocr_carea' id='block_1_78' title="bbox 1982 2044 3572 2122">
    <p class='ocr_par' dir='ltr' id='par_1_78' title="bbox 1982 2044 3572 2122">
     <span class='ocr_line' id='line_1_79' title="bbox 1982 2044 3572 2122; baseline 0.011 -32"><span class='ocrx_word' id='word_1_528' title='bbox 1982 2045 2215 2105; x_wconf 89' lang='lat' dir='ltr'><strong>servata,</strong></span> <span class='ocrx_word' id='word_1_529' title='bbox 2247 2048 2306 2093; x_wconf 90' lang='lat' dir='ltr'><strong>ut</strong></span> <span class='ocrx_word' id='word_1_530' title='bbox 2337 2056 2510 2112; x_wconf 84' lang='lat' dir='ltr'><strong>neque</strong></span> <span class='ocrx_word' id='word_1_531' title='bbox 2532 2044 2797 2113; x_wconf 88' lang='lat' dir='ltr'><strong>bigamus,</strong></span> <span class='ocrx_word' id='word_1_532' title='bbox 2823 2048 3114 2118; x_wconf 86' lang='lat' dir='ltr'><strong>paenitens,</strong></span> <span class='ocrx_word' id='word_1_533' title='bbox 3138 2064 3240 2106; x_wconf 91' lang='lat' dir='ltr'><strong>nec</strong></span> <span class='ocrx_word' id='word_1_534' title='bbox 3266 2049 3572 2122; x_wconf 83' lang='lat' dir='ltr'><strong>neophytus</strong></span> 
     </span>
    </p>
   </div>
   <div class='ocr_carea' id='block_1_79' title="bbox 1983 2128 2863 2205">
    <p class='ocr_par' dir='ltr' id='par_1_79' title="bbox 1983 2128 2863 2205">
     <span class='ocr_line' id='line_1_80' title="bbox 1983 2128 2863 2205; baseline 0.009 -22"><span class='ocrx_word' id='word_1_535' title='bbox 1983 2128 2051 2184; x_wconf 91' lang='lat' dir='ltr'><strong>ad</strong></span> <span class='ocrx_word' id='word_1_536' title='bbox 2075 2129 2175 2186; x_wconf 90' lang='lat' dir='ltr'><strong>hos</strong></span> <span class='ocrx_word' id='word_1_537' title='bbox 2202 2133 2402 2203; x_wconf 87' lang='lat' dir='ltr'><strong>gradus</strong></span> <span class='ocrx_word' id='word_1_538' title='bbox 2427 2136 2600 2205; x_wconf 90' lang='lat' dir='ltr'><strong>possit</strong></span> <span class='ocrx_word' id='word_1_539' title='bbox 2629 2137 2863 2193; x_wconf 89' lang='lat' dir='ltr'><strong>admitti.</strong></span> 
     </span>
    </p>
   </div>
   <div class='ocr_carea' id='block_1_80' title="bbox 2574 2248 2982 2308">
    <p class='ocr_par' dir='ltr' id='par_1_80' title="bbox 2574 2248 2982 2308">
     <span class='ocr_line' id='line_1_81' title="bbox 2574 2248 2982 2308; baseline 0.005 -2"><span class='ocrx_word' id='word_1_540' title='bbox 2574 2248 2802 2308; x_wconf 83' lang='lat' dir='ltr'><strong>CAPUT</strong></span> <span class='ocrx_word' id='word_1_541' title='bbox 2842 2251 2982 2308; x_wconf 81' lang='lat' dir='ltr'><strong>XIV.</strong></span> 
     </span>
    </p>
   </div>
   <div class='ocr_carea' id='block_1_81' title="bbox 2374 2337 3172 2401">
    <p class='ocr_par' dir='ltr' id='par_1_81' title="bbox 2374 2337 3172 2401">
     <span class='ocr_line' id='line_1_82' title="bbox 2374 2337 3172 2401; baseline 0.009 -7"><span class='ocrx_word' id='word_1_542' title='bbox 2374 2337 2454 2395; x_wconf 90' lang='lat' dir='ltr'><strong>De</strong></span> <span class='ocrx_word' id='word_1_543' title='bbox 2482 2342 2707 2398; x_wconf 80' lang='lat' dir='ltr'><strong>vestibus</strong></span> <span class='ocrx_word' id='word_1_544' title='bbox 2743 2345 3172 2401; x_wconf 81' lang='lat' dir='ltr'><strong>sacerdotalibus.</strong></span> 
     </span>
    </p>
   </div>
   <div class='ocr_carea' id='block_1_82' title="bbox 2052 2429 3571 2508">
    <p class='ocr_par' dir='ltr' id='par_1_82' title="bbox 2052 2429 3571 2508">
     <span class='ocr_line' id='line_1_83' title="bbox 2052 2429 3571 2508; baseline 0.007 -24"><span class='ocrx_word' id='word_1_545' title='bbox 2052 2429 2129 2485; x_wconf 93' lang='lat' dir='ltr'><strong>De</strong></span> <span class='ocrx_word' id='word_1_546' title='bbox 2156 2438 2307 2486; x_wconf 91' lang='lat' dir='ltr'><strong>veste</strong></span> <span class='ocrx_word' id='word_1_547' title='bbox 2342 2447 2473 2505; x_wconf 89' lang='lat' dir='ltr'><strong>ergo</strong></span> <span class='ocrx_word' id='word_1_548' title='bbox 2515 2434 2839 2490; x_wconf 88' lang='lat' dir='ltr'><strong>sacerdotali</strong></span> <span class='ocrx_word' id='word_1_549' title='bbox 2873 2436 3132 2492; x_wconf 90' lang='lat' dir='ltr'><strong>moderna</strong></span> <span class='ocrx_word' id='word_1_550' title='bbox 3173 2436 3243 2493; x_wconf 90' lang='lat' dir='ltr'><strong>ad</strong></span> <span class='ocrx_word' id='word_1_551' title='bbox 3288 2432 3571 2508; x_wconf 80' lang='lat' dir='ltr'><strong>antiquum</strong></span> 
     </span>
    </p>
   </div>
   <div class='ocr_carea' id='block_1_83' title="bbox 1980 2519 3572 2599">
    <p class='ocr_par' dir='ltr' id='par_1_83' title="bbox 1980 2519 3572 2599">
     <span class='ocr_line' id='line_1_84' title="bbox 1980 2519 3572 2599; baseline 0.006 -24"><span class='ocrx_word' id='word_1_552' title='bbox 1980 2519 2192 2577; x_wconf 81' lang='lat' dir='ltr'><strong>Veteris</strong></span> <span class='ocrx_word' id='word_1_553' title='bbox 2222 2522 2554 2580; x_wconf 90' lang='lat' dir='ltr'><strong>Testamenti</strong></span> <span class='ocrx_word' id='word_1_554' title='bbox 2598 2526 2839 2582; x_wconf 87' lang='lat' dir='ltr'><strong>habitum</strong></span> <span class='ocrx_word' id='word_1_555' title='bbox 2869 2529 3333 2599; x_wconf 89' lang='lat' dir='ltr'><strong>comparationem</strong></span> <span class='ocrx_word' id='word_1_556' title='bbox 3367 2527 3572 2585; x_wconf 83' lang='lat' dir='ltr'><strong>facien-</strong></span> 
     </span>
    </p>
   </div>
   <div class='ocr_carea' id='block_1_84' title="bbox 1980 2618 3569 2696">
    <p class='ocr_par' dir='ltr' id='par_1_84' title="bbox 1980 2618 3569 2696">
     <span class='ocr_line' id='line_1_85' title="bbox 1980 2618 3569 2696; baseline 0.008 -27"><span class='ocrx_word' id='word_1_557' title='bbox 1980 2621 2079 2679; x_wconf 91' lang='lat' dir='ltr'><strong>tes,</strong></span> <span class='ocrx_word' id='word_1_558' title='bbox 2110 2618 2409 2673; x_wconf 90' lang='lat' dir='ltr'><strong>secundum</strong></span> <span class='ocrx_word' id='word_1_559' title='bbox 2438 2618 2703 2689; x_wconf 86' lang='lat' dir='ltr'><strong>majorum</strong></span> <span class='ocrx_word' id='word_1_560' title='bbox 2732 2638 2952 2679; x_wconf 91' lang='lat' dir='ltr'><strong>sensum</strong></span> <span class='ocrx_word' id='word_1_561' title='bbox 2979 2623 3110 2694; x_wconf 91' lang='lat' dir='ltr'><strong>quid</strong></span> <span class='ocrx_word' id='word_1_562' title='bbox 3145 2623 3370 2696; x_wconf 87' lang='lat' dir='ltr'><strong>mystice</strong></span> <span class='ocrx_word' id='word_1_563' title='bbox 3398 2623 3569 2695; x_wconf 86' lang='lat' dir='ltr'><strong>signi-</strong></span> 
     </span>
    </p>
   </div>
   <div class='ocr_carea' id='block_1_85' title="bbox 1981 2706 2564 2782">
    <p class='ocr_par' dir='ltr' id='par_1_85' title="bbox 1981 2706 2564 2782">
     <span class='ocr_line' id='line_1_86' title="bbox 1981 2706 2564 2782; baseline 0.009 -21"><span class='ocrx_word' id='word_1_564' title='bbox 1981 2706 2126 2774; x_wconf 82' lang='lat' dir='ltr'><strong>ﬁcat,</strong></span> <span class='ocrx_word' id='word_1_565' title='bbox 2152 2724 2564 2782; x_wconf 84' lang='lat' dir='ltr'><strong>prosequamur.</strong></span> 
     </span>
    </p>
   </div>
   <div class='ocr_carea' id='block_1_86' title="bbox 2578 2805 2963 2864">
    <p class='ocr_par' dir='ltr' id='par_1_86' title="bbox 2578 2805 2963 2864">
     <span class='ocr_line' id='line_1_87' title="bbox 2578 2805 2963 2864; baseline 0.003 -3"><span class='ocrx_word' id='word_1_566' title='bbox 2578 2805 2806 2864; x_wconf 88' lang='lat' dir='ltr'><strong>CAPUT</strong></span> <span class='ocrx_word' id='word_1_567' title='bbox 2844 2807 2963 2864; x_wconf 80' lang='lat' dir='ltr'><strong>XV.</strong></span> 
     </span>
    </p>
   </div>
   <div class='ocr_carea' id='block_1_87' title="bbox 2502 2896 3044 2969">
    <p class='ocr_par' dir='ltr' id='par_1_87' title="bbox 2502 2896 3044 2969">
     <span class='ocr_line' id='line_1_88' title="bbox 2502 2896 3044 2969; baseline 0.006 -18"><span class='ocrx_word' id='word_1_568' title='bbox 2502 2896 2581 2952; x_wconf 88' lang='lat' dir='ltr'><strong>De</strong></span> <span class='ocrx_word' id='word_1_569' title='bbox 2607 2898 3044 2969; x_wconf 82' lang='lat' dir='ltr'><strong>superhamerali.</strong></span> 
     </span>
    </p>
   </div>
   <div class='ocr_carea' id='block_1_88' title="bbox 2046 2970 3563 3061">
    <p class='ocr_par' dir='ltr' id='par_1_88' title="bbox 2046 2970 3563 3061">
     <span class='ocr_line' id='line_1_89' title="bbox 2046 2970 3563 3061; baseline 0.005 -22"><span class='ocrx_word' id='word_1_570' title='bbox 2046 2970 2290 3041; x_wconf 78' lang='lat' dir='ltr'><strong>Primum</strong></span> <span class='ocrx_word' id='word_1_571' title='bbox 2326 3000 2455 3058; x_wconf 89' lang='lat' dir='ltr'><strong>ergo</strong></span> <span class='ocrx_word' id='word_1_572' title='bbox 2483 3002 2671 3044; x_wconf 91' lang='lat' dir='ltr'><strong>eorum</strong></span> <span class='ocrx_word' id='word_1_573' title='bbox 2702 2989 3076 3045; x_wconf 90' lang='lat' dir='ltr'><strong>indumentum</strong></span> <span class='ocrx_word' id='word_1_574' title='bbox 3108 2996 3193 3047; x_wconf 91' lang='lat' dir='ltr'><strong>est</strong></span> <span class='ocrx_word' id='word_1_575' title='bbox 3231 2988 3409 3061; x_wconf 91' lang='lat' dir='ltr'><strong>ephod</strong></span> <span class='ocrx_word' id='word_1_576' title='bbox 3436 2989 3563 3055; x_wconf 90' lang='lat' dir='ltr'><strong>bad,</strong></span> 
     </span>
    </p>
   </div>
   <div class='ocr_carea' id='block_1_89' title="bbox 1974 3082 3569 3157">
    <p class='ocr_par' dir='ltr' id='par_1_89' title="bbox 1974 3082 3569 3157">
     <span class='ocr_line' id='line_1_90' title="bbox 1974 3082 3569 3157; baseline 0.003 -21"><span class='ocrx_word' id='word_1_577' title='bbox 1974 3082 2118 3151; x_wconf 89' lang='lat' dir='ltr'><strong>quod</strong></span> <span class='ocrx_word' id='word_1_578' title='bbox 2157 3082 2548 3153; x_wconf 89' lang='lat' dir='ltr'><strong>interpretatur</strong></span> <span class='ocrx_word' id='word_1_579' title='bbox 2576 3084 3017 3156; x_wconf 88' lang='lat' dir='ltr'><strong>superhumerale</strong></span> <span class='ocrx_word' id='word_1_580' title='bbox 3046 3085 3249 3141; x_wconf 91' lang='lat' dir='ltr'><strong>lineum</strong></span> <span class='ocrx_word' id='word_1_581' title='bbox 3268 3127 3283 3152; x_wconf 94' lang='lat'><strong>,</strong></span> <span class='ocrx_word' id='word_1_582' title='bbox 3315 3086 3459 3157; x_wconf 91' lang='lat' dir='ltr'><strong>quod</strong></span> <span class='ocrx_word' id='word_1_583' title='bbox 3495 3085 3569 3141; x_wconf 92' lang='lat' dir='ltr'><strong>si-</strong></span> 
     </span>
    </p>
   </div>
   <div class='ocr_carea' id='block_1_90' title="bbox 1974 3175 3566 3251">
    <p class='ocr_par' dir='ltr' id='par_1_90' title="bbox 1974 3175 3566 3251">
     <span class='ocr_line' id='line_1_91' title="bbox 1974 3175 3566 3251; baseline 0.002 -20"><span class='ocrx_word' id='word_1_584' title='bbox 1974 3175 2198 3247; x_wconf 88' lang='lat' dir='ltr'><strong>gniﬁcat</strong></span> <span class='ocrx_word' id='word_1_585' title='bbox 2237 3178 2563 3233; x_wconf 90' lang='lat' dir='ltr'><strong>munditiam</strong></span> <span class='ocrx_word' id='word_1_586' title='bbox 2588 3179 2854 3235; x_wconf 87' lang='lat' dir='ltr'><strong>bonorum</strong></span> <span class='ocrx_word' id='word_1_587' title='bbox 2895 3194 3141 3251; x_wconf 88' lang='lat' dir='ltr'><strong>operum.</strong></span> <span class='ocrx_word' id='word_1_588' title='bbox 3172 3179 3311 3235; x_wconf 88' lang='lat' dir='ltr'><strong>Hinc</strong></span> <span class='ocrx_word' id='word_1_589' title='bbox 3337 3180 3476 3235; x_wconf 89' lang='lat' dir='ltr'><strong>bene</strong></span> <span class='ocrx_word' id='word_1_590' title='bbox 3510 3180 3566 3234; x_wconf 92' lang='lat' dir='ltr'><strong>in</strong></span> 
     </span>
    </p>
   </div>
   <div class='ocr_carea' id='block_1_91' title="bbox 1973 3267 3565 3342">
    <p class='ocr_par' dir='ltr' id='par_1_91' title="bbox 1973 3267 3565 3342">
     <span class='ocr_line' id='line_1_92' title="bbox 1973 3267 3565 3342; baseline 0.003 -22"><span class='ocrx_word' id='word_1_591' title='bbox 1973 3267 2109 3340; x_wconf 89' lang='lat' dir='ltr'><strong>lege,</strong></span> <span class='ocrx_word' id='word_1_592' title='bbox 2138 3285 2263 3324; x_wconf 89' lang='lat' dir='ltr'><strong>cum</strong></span> <span class='ocrx_word' id='word_1_593' title='bbox 2300 3270 2564 3326; x_wconf 90' lang='lat' dir='ltr'><strong>Dominus</strong></span> <span class='ocrx_word' id='word_1_594' title='bbox 2589 3271 2657 3327; x_wconf 91' lang='lat' dir='ltr'><strong>de</strong></span> <span class='ocrx_word' id='word_1_595' title='bbox 2690 3278 2840 3326; x_wconf 87' lang='lat' dir='ltr'><strong>veste</strong></span> <span class='ocrx_word' id='word_1_596' title='bbox 2869 3270 3192 3327; x_wconf 87' lang='lat' dir='ltr'><strong>sacerdotali</strong></span> <span class='ocrx_word' id='word_1_597' title='bbox 3228 3270 3448 3342; x_wconf 87' lang='lat' dir='ltr'><strong>Moysen</strong></span> <span class='ocrx_word' id='word_1_598' title='bbox 3482 3271 3565 3325; x_wconf 92' lang='lat' dir='ltr'><strong>in-</strong></span> 
     </span>
    </p>
   </div>
   <div class='ocr_carea' id='block_1_92' title="bbox 1972 3360 3563 3435">
    <p class='ocr_par' dir='ltr' id='par_1_92' title="bbox 1972 3360 3563 3435">
     <span class='ocr_line' id='line_1_93' title="bbox 1972 3360 3563 3435; baseline 0.003 -18"><span class='ocrx_word' id='word_1_599' title='bbox 1972 3360 2169 3427; x_wconf 90' lang='lat' dir='ltr'><strong>stituit,</strong></span> <span class='ocrx_word' id='word_1_600' title='bbox 2199 3361 2431 3432; x_wconf 90' lang='lat' dir='ltr'><strong>primum</strong></span> <span class='ocrx_word' id='word_1_601' title='bbox 2456 3363 2524 3417; x_wconf 92' lang='lat' dir='ltr'><strong>de</strong></span> <span class='ocrx_word' id='word_1_602' title='bbox 2552 3363 2982 3432; x_wconf 83' lang='lat' dir='ltr'><strong>superbumerali</strong></span> <span class='ocrx_word' id='word_1_603' title='bbox 3012 3363 3261 3420; x_wconf 81' lang='lat' dir='ltr'><strong>faciendo</strong></span> <span class='ocrx_word' id='word_1_604' title='bbox 3283 3365 3563 3435; x_wconf 72' lang='lat' dir='ltr'><strong>praecepit,</strong></span> 
     </span>
    </p>
   </div>
   <div class='ocr_carea' id='block_1_93' title="bbox 1971 3453 3564 3527">
    <p class='ocr_par' dir='ltr' id='par_1_93' title="bbox 1971 3453 3564 3527">
     <span class='ocr_line' id='line_1_94' title="bbox 1971 3453 3564 3527; baseline 0.004 -20"><span class='ocrx_word' id='word_1_605' title='bbox 1971 3453 2096 3523; x_wconf 92' lang='lat' dir='ltr'><strong>quia</strong></span> <span class='ocrx_word' id='word_1_606' title='bbox 2139 3454 2385 3525; x_wconf 88' lang='lat' dir='ltr'><strong>quisquis</strong></span> <span class='ocrx_word' id='word_1_607' title='bbox 2420 3454 2490 3509; x_wconf 89' lang='lat' dir='ltr'><strong>ad</strong></span> <span class='ocrx_word' id='word_1_608' title='bbox 2533 3455 2897 3511; x_wconf 89' lang='lat' dir='ltr'><strong>sacerdotium</strong></span> <span class='ocrx_word' id='word_1_609' title='bbox 2939 3454 3420 3527; x_wconf 84' lang='lat' dir='ltr'><strong>magisteriumque</strong></span> <span class='ocrx_word' id='word_1_610' title='bbox 3460 3472 3564 3527; x_wconf 85' lang='lat' dir='ltr'><strong>po-</strong></span> 
     </span>
    </p>
   </div>
   <div class='ocr_carea' id='block_1_94' title="bbox 1970 3544 3563 3617">
    <p class='ocr_par' dir='ltr' id='par_1_94' title="bbox 1970 3544 3563 3617">
     <span class='ocr_line' id='line_1_95' title="bbox 1970 3544 3563 3617; baseline 0.003 -18"><span class='ocrx_word' id='word_1_611' title='bbox 1970 3545 2083 3617; x_wconf 92' lang='lat' dir='ltr'><strong>puli</strong></span> <span class='ocrx_word' id='word_1_612' title='bbox 2136 3545 2233 3601; x_wconf 86' lang='lat' dir='ltr'><strong>Dei</strong></span> <span class='ocrx_word' id='word_1_613' title='bbox 2295 3545 2693 3616; x_wconf 89' lang='lat' dir='ltr'><strong>promovendus</strong></span> <span class='ocrx_word' id='word_1_614' title='bbox 2738 3555 2853 3613; x_wconf 91' lang='lat' dir='ltr'><strong>est,</strong></span> <span class='ocrx_word' id='word_1_615' title='bbox 2902 3546 3140 3616; x_wconf 88' lang='lat' dir='ltr'><strong>primum</strong></span> <span class='ocrx_word' id='word_1_616' title='bbox 3190 3544 3310 3616; x_wconf 92' lang='lat' dir='ltr'><strong>ejus</strong></span> <span class='ocrx_word' id='word_1_617' title='bbox 3361 3547 3563 3603; x_wconf 89' lang='lat' dir='ltr'><strong>debent</strong></span> 
     </span>
    </p>
   </div>
   <div class='ocr_carea' id='block_1_95' title="bbox 1970 3636 3564 3709">
    <p class='ocr_par' dir='ltr' id='par_1_95' title="bbox 1970 3636 3564 3709">
     <span class='ocr_line' id='line_1_96' title="bbox 1970 3636 3564 3709; baseline -0.001 -17"><span class='ocrx_word' id='word_1_618' title='bbox 1970 3652 2135 3708; x_wconf 90' lang='lat' dir='ltr'><strong>opera</strong></span> <span class='ocrx_word' id='word_1_619' title='bbox 2161 3638 2436 3708; x_wconf 83' lang='lat' dir='ltr'><strong>cognosci,</strong></span> <span class='ocrx_word' id='word_1_620' title='bbox 2465 3644 2525 3692; x_wconf 91' lang='lat' dir='ltr'><strong>ut</strong></span> <span class='ocrx_word' id='word_1_621' title='bbox 2551 3637 2678 3692; x_wconf 89' lang='lat' dir='ltr'><strong>dum</strong></span> <span class='ocrx_word' id='word_1_622' title='bbox 2704 3637 2809 3694; x_wconf 91' lang='lat' dir='ltr'><strong>hoc</strong></span> <span class='ocrx_word' id='word_1_623' title='bbox 2838 3636 2983 3708; x_wconf 91' lang='lat' dir='ltr'><strong>quod</strong></span> <span class='ocrx_word' id='word_1_624' title='bbox 3017 3636 3151 3692; x_wconf 80' lang='lat' dir='ltr'><strong>foris</strong></span> <span class='ocrx_word' id='word_1_625' title='bbox 3187 3637 3438 3693; x_wconf 89' lang='lat' dir='ltr'><strong>omnibus</strong></span> <span class='ocrx_word' id='word_1_626' title='bbox 3465 3652 3564 3709; x_wconf 88' lang='lat' dir='ltr'><strong>pa-</strong></span> 
     </span>
    </p>
   </div>
   <div class='ocr_carea' id='block_1_96' title="bbox 1970 3728 3561 3800">
    <p class='ocr_par' dir='ltr' id='par_1_96' title="bbox 1970 3728 3561 3800">
     <span class='ocr_line' id='line_1_97' title="bbox 1970 3728 3561 3800; baseline -0.001 -15"><span class='ocrx_word' id='word_1_627' title='bbox 1970 3736 2050 3785; x_wconf 89' lang='lat' dir='ltr'><strong>tet</strong></span> <span class='ocrx_word' id='word_1_628' title='bbox 2088 3729 2560 3800; x_wconf 90' lang='lat' dir='ltr'><strong>irreprehensibile</strong></span> <span class='ocrx_word' id='word_1_629' title='bbox 2596 3729 2871 3799; x_wconf 90' lang='lat' dir='ltr'><strong>paruerit,</strong></span> <span class='ocrx_word' id='word_1_630' title='bbox 2910 3728 3295 3785; x_wconf 88' lang='lat' dir='ltr'><strong>convenienter</strong></span> <span class='ocrx_word' id='word_1_631' title='bbox 3322 3745 3391 3785; x_wconf 82' lang='lat' dir='ltr'><strong>ex</strong></span> <span class='ocrx_word' id='word_1_632' title='bbox 3423 3736 3561 3784; x_wconf 87' lang='lat' dir='ltr'><strong>tem-</strong></span> 
     </span>
    </p>
   </div>
   <div class='ocr_carea' id='block_1_97' title="bbox 1968 3819 3559 3893">
    <p class='ocr_par' dir='ltr' id='par_1_97' title="bbox 1968 3819 3559 3893">
     <span class='ocr_line' id='line_1_98' title="bbox 1968 3819 3559 3893; baseline 0.002 -18"><span class='ocrx_word' id='word_1_633' title='bbox 1968 3835 2100 3892; x_wconf 90' lang='lat' dir='ltr'><strong>pore</strong></span> <span class='ocrx_word' id='word_1_634' title='bbox 2146 3830 2202 3875; x_wconf 92' lang='lat' dir='ltr'><strong>et</strong></span> <span class='ocrx_word' id='word_1_635' title='bbox 2247 3822 2531 3893; x_wconf 84' lang='lat' dir='ltr'><strong>integritas</strong></span> <span class='ocrx_word' id='word_1_636' title='bbox 2573 3820 2754 3877; x_wconf 89' lang='lat' dir='ltr'><strong>cordis</strong></span> <span class='ocrx_word' id='word_1_637' title='bbox 2803 3821 2944 3892; x_wconf 89' lang='lat' dir='ltr'><strong>ejus,</strong></span> <span class='ocrx_word' id='word_1_638' title='bbox 2988 3830 3045 3877; x_wconf 91' lang='lat' dir='ltr'><strong>et</strong></span> <span class='ocrx_word' id='word_1_639' title='bbox 3091 3819 3217 3876; x_wconf 92' lang='lat' dir='ltr'><strong>ﬁdei</strong></span> <span class='ocrx_word' id='word_1_640' title='bbox 3269 3819 3559 3878; x_wconf 87' lang='lat' dir='ltr'><strong>sinceritas</strong></span> 
     </span>
    </p>
   </div>
   <div class='ocr_carea' id='block_1_98' title="bbox 1969 3919 2257 3968">
    <p class='ocr_par' dir='ltr' id='par_1_98' title="bbox 1969 3919 2257 3968">
     <span class='ocr_line' id='line_1_99' title="bbox 1969 3919 2257 3968; baseline -0.01 0"><span class='ocrx_word' id='word_1_641' title='bbox 1969 3919 2257 3968; x_wconf 86' lang='lat' dir='ltr'><strong>scrutetur.</strong></span> 
     </span>
    </p>
   </div>
   <div class='ocr_carea' id='block_1_99' title="bbox 2554 4004 2967 4063">
    <p class='ocr_par' dir='ltr' id='par_1_99' title="bbox 2554 4004 2967 4063">
     <span class='ocr_line' id='line_1_100' title="bbox 2554 4004 2967 4063; baseline -0.007 0"><span class='ocrx_word' id='word_1_642' title='bbox 2554 4004 2783 4063; x_wconf 81' lang='lat' dir='ltr'><strong>CAPUT</strong></span> <span class='ocrx_word' id='word_1_643' title='bbox 2826 4004 2967 4062; x_wconf 86' lang='lat' dir='ltr'><strong>XVI.</strong></span> 
     </span>
    </p>
   </div>
   <div class='ocr_carea' id='block_1_100' title="bbox 2312 4096 3218 4170">
    <p class='ocr_par' dir='ltr' id='par_1_100' title="bbox 2312 4096 3218 4170">
     <span class='ocr_line' id='line_1_101' title="bbox 2312 4096 3218 4170; baseline -0.002 -17"><span class='ocrx_word' id='word_1_644' title='bbox 2312 4097 2383 4153; x_wconf 89' lang='lat' dir='ltr'><strong>De</strong></span> <span class='ocrx_word' id='word_1_645' title='bbox 2416 4098 2630 4170; x_wconf 78' lang='lat' dir='ltr'><strong>pedere,</strong></span> <span class='ocrx_word' id='word_1_646' title='bbox 2663 4098 2720 4153; x_wconf 84' lang='lat' dir='ltr'><strong>id</strong></span> <span class='ocrx_word' id='word_1_647' title='bbox 2747 4107 2823 4155; x_wconf 83' lang='lat' dir='ltr'><strong>est</strong></span> <span class='ocrx_word' id='word_1_648' title='bbox 2849 4097 3029 4153; x_wconf 87' lang='lat' dir='ltr'><strong>tunica</strong></span> <span class='ocrx_word' id='word_1_649' title='bbox 3057 4096 3218 4153; x_wconf 83' lang='lat' dir='ltr'><strong>linea.</strong></span> 
     </span>
    </p>
   </div>
   <div class='ocr_carea' id='block_1_101' title="bbox 2042 4185 3560 4265">
    <p class='ocr_par' dir='ltr' id='par_1_101' title="bbox 2042 4185 3560 4265">
     <span class='ocr_line' id='line_1_102' title="bbox 2042 4185 3560 4265; baseline 0.001 -18"><span class='ocrx_word' id='word_1_650' title='bbox 2042 4191 2349 4247; x_wconf 91' lang='lat' dir='ltr'><strong>Secundum</strong></span> <span class='ocrx_word' id='word_1_651' title='bbox 2378 4198 2462 4247; x_wconf 86' lang='lat' dir='ltr'><strong>est</strong></span> <span class='ocrx_word' id='word_1_652' title='bbox 2499 4191 2641 4247; x_wconf 89' lang='lat' dir='ltr'><strong>linea</strong></span> <span class='ocrx_word' id='word_1_653' title='bbox 2684 4190 2889 4256; x_wconf 89' lang='lat' dir='ltr'><strong>tunica,</strong></span> <span class='ocrx_word' id='word_1_654' title='bbox 2929 4204 3051 4261; x_wconf 74' lang='lat' dir='ltr'><strong>quae</strong></span> <span class='ocrx_word' id='word_1_655' title='bbox 3094 4187 3282 4244; x_wconf 68' lang='lat' dir='ltr'><strong>Greece</strong></span> <span class='ocrx_word' id='word_1_656' title='bbox 3328 4185 3560 4265; x_wconf 77' lang='grc' dir='ltr'><strong>ποδήρης</strong></span> 
     </span>
    </p>
   </div>
   <div class='ocr_carea' id='block_1_102' title="bbox 1910 4270 3557 4357">
    <p class='ocr_par' dir='ltr' id='par_1_102' title="bbox 1910 4270 3557 4357">
     <span class='ocr_line' id='line_1_103' title="bbox 1910 4270 3557 4357; baseline -0.004 -12"><span class='ocrx_word' id='word_1_657' title='bbox 1910 4270 1915 4275; x_wconf 43' lang='grc'><strong>’</strong></span> <span class='ocrx_word' id='word_1_658' title='bbox 1965 4287 2227 4357; x_wconf 88' lang='lat' dir='ltr'><strong>poderes,</strong></span> <span class='ocrx_word' id='word_1_659' title='bbox 2270 4285 2464 4341; x_wconf 90' lang='lat' dir='ltr'><strong>Latine</strong></span> <span class='ocrx_word' id='word_1_660' title='bbox 2508 4286 2693 4341; x_wconf 88' lang='lat' dir='ltr'><strong>talaris</strong></span> <span class='ocrx_word' id='word_1_661' title='bbox 2736 4285 2959 4351; x_wconf 90' lang='lat' dir='ltr'><strong>dicitur,</strong></span> <span class='ocrx_word' id='word_1_662' title='bbox 3005 4299 3072 4340; x_wconf 90' lang='lat' dir='ltr'><strong>eo</strong></span> <span class='ocrx_word' id='word_1_663' title='bbox 3113 4282 3259 4355; x_wconf 90' lang='lat' dir='ltr'><strong>quod</strong></span> <span class='ocrx_word' id='word_1_664' title='bbox 3305 4282 3372 4338; x_wconf 92' lang='lat' dir='ltr'><strong>ad</strong></span> <span class='ocrx_word' id='word_1_665' title='bbox 3418 4281 3557 4338; x_wconf 89' lang='lat' dir='ltr'><strong>talos</strong></span> 
     </span>
    </p>
   </div>
   <div class='ocr_carea' id='block_1_103' title="bbox 1966 4375 3556 4449">
    <p class='ocr_par' dir='ltr' id='par_1_103' title="bbox 1966 4375 3556 4449">
     <span class='ocr_line' id='line_1_104' title="bbox 1966 4375 3556 4449; baseline -0.004 -14"><span class='ocrx_word' id='word_1_666' title='bbox 1966 4394 2137 4449; x_wconf 88' lang='lat' dir='ltr'><strong>usque</strong></span> <span class='ocrx_word' id='word_1_667' title='bbox 2179 4378 2489 4435; x_wconf 88' lang='lat' dir='ltr'><strong>descendat.</strong></span> <span class='ocrx_word' id='word_1_668' title='bbox 2537 4378 2689 4434; x_wconf 88' lang='lat' dir='ltr'><strong>Hanc</strong></span> <span class='ocrx_word' id='word_1_669' title='bbox 2733 4377 3001 4449; x_wconf 76' lang='lat' dir='ltr'><strong>Iosephus</strong></span> <span class='ocrx_word' id='word_1_670' title='bbox 3047 4375 3326 4448; x_wconf 82' lang='lat' dir='ltr'><strong>byssinam</strong></span> <span class='ocrx_word' id='word_1_671' title='bbox 3359 4381 3556 4443; x_wconf 88' lang='lat' dir='ltr'><strong>vocat,</strong></span> 
     </span>
    </p>
   </div>
   <div class='ocr_carea' id='block_1_104' title="bbox 1965 4466 3555 4550">
    <p class='ocr_par' dir='ltr' id='par_1_104' title="bbox 1965 4466 3555 4550">
     <span class='ocr_line' id='line_1_105' title="bbox 1965 4466 3555 4550; baseline -0.003 -24"><span class='ocrx_word' id='word_1_672' title='bbox 1965 4468 2119 4540; x_wconf 86' lang='lat' dir='ltr'><strong>cujus</strong></span> <span class='ocrx_word' id='word_1_673' title='bbox 2143 4471 2469 4542; x_wconf 88' lang='lat' dir='ltr'><strong>signiﬁcatio</strong></span> <span class='ocrx_word' id='word_1_674' title='bbox 2498 4470 2726 4544; x_wconf 85' lang='lat' dir='ltr'><strong>mystica</strong></span> <span class='ocrx_word' id='word_1_675' title='bbox 2752 4470 2809 4525; x_wconf 91' lang='lat' dir='ltr'><strong>in</strong></span> <span class='ocrx_word' id='word_1_676' title='bbox 2839 4475 3094 4550; x_wconf 85' lang='lat' dir='ltr'><strong>promptu</strong></span> <span class='ocrx_word' id='word_1_677' title='bbox 3119 4476 3222 4522; x_wconf 90' lang='lat' dir='ltr'><strong>est.</strong></span> <span class='ocrx_word' id='word_1_678' title='bbox 3246 4466 3382 4523; x_wconf 89' lang='lat' dir='ltr'><strong>Cum</strong></span> <span class='ocrx_word' id='word_1_679' title='bbox 3407 4467 3555 4522; x_wconf 89' lang='lat' dir='ltr'><strong>enim</strong></span> 
     </span>
    </p>
   </div>
   <div class='ocr_carea' id='block_1_105' title="bbox 1964 4557 3556 4634">
    <p class='ocr_par' dir='ltr' id='par_1_105' title="bbox 1964 4557 3556 4634">
     <span class='ocr_line' id='line_1_106' title="bbox 1964 4557 3556 4634; baseline -0.004 -17"><span class='ocrx_word' id='word_1_680' title='bbox 1964 4568 2174 4617; x_wconf 85' lang='lat' dir='ltr'><strong>constet</strong></span> <span class='ocrx_word' id='word_1_681' title='bbox 2222 4562 2333 4617; x_wconf 91' lang='lat' dir='ltr'><strong>lino</strong></span> <span class='ocrx_word' id='word_1_682' title='bbox 2379 4562 2463 4618; x_wconf 89' lang='lat' dir='ltr'><strong>vel</strong></span> <span class='ocrx_word' id='word_1_683' title='bbox 2510 4560 2673 4634; x_wconf 87' lang='lat' dir='ltr'><strong>bysso</strong></span> <span class='ocrx_word' id='word_1_684' title='bbox 2719 4559 3112 4616; x_wconf 89' lang='lat' dir='ltr'><strong>continentiam</strong></span> <span class='ocrx_word' id='word_1_685' title='bbox 3158 4566 3214 4612; x_wconf 89' lang='lat' dir='ltr'><strong>et</strong></span> <span class='ocrx_word' id='word_1_686' title='bbox 3248 4557 3556 4612; x_wconf 90' lang='lat' dir='ltr'><strong>castitatem</strong></span> 
     </span>
    </p>
   </div>
   <div class='ocr_carea' id='block_1_106' title="bbox 1965 4649 3553 4727">
    <p class='ocr_par' dir='ltr' id='par_1_106' title="bbox 1965 4649 3553 4727">
     <span class='ocr_line' id='line_1_107' title="bbox 1965 4649 3553 4727; baseline -0.005 -17"><span class='ocrx_word' id='word_1_687' title='bbox 1965 4655 2277 4727; x_wconf 88' lang='lat' dir='ltr'><strong>signiﬁcari,</strong></span> <span class='ocrx_word' id='word_1_688' title='bbox 2311 4657 2559 4711; x_wconf 89' lang='lat' dir='ltr'><strong>strictam</strong></span> <span class='ocrx_word' id='word_1_689' title='bbox 2601 4655 2803 4710; x_wconf 88' lang='lat' dir='ltr'><strong>habent</strong></span> <span class='ocrx_word' id='word_1_690' title='bbox 2841 4652 3038 4708; x_wconf 88' lang='lat' dir='ltr'><strong>lineam</strong></span> <span class='ocrx_word' id='word_1_691' title='bbox 3065 4649 3399 4714; x_wconf 89' lang='lat' dir='ltr'><strong>sacerdotes,</strong></span> <span class='ocrx_word' id='word_1_692' title='bbox 3427 4664 3553 4704; x_wconf 90' lang='lat' dir='ltr'><strong>cum</strong></span> 
     </span>
    </p>
   </div>
   <div class='ocr_carea' id='block_1_107' title="bbox 1968 4738 3555 4819">
    <p class='ocr_par' dir='ltr' id='par_1_107' title="bbox 1968 4738 3555 4819">
     <span class='ocr_line' id='line_1_108' title="bbox 1968 4738 3555 4819; baseline -0.007 -16"><span class='ocrx_word' id='word_1_693' title='bbox 1968 4748 2301 4819; x_wconf 90' lang='lat' dir='ltr'><strong>propositum</strong></span> <span class='ocrx_word' id='word_1_694' title='bbox 2328 4745 2676 4802; x_wconf 76' lang='lat' dir='ltr'><strong>continentia:</strong></span> <span class='ocrx_word' id='word_1_695' title='bbox 2701 4758 2808 4798; x_wconf 92' lang='lat' dir='ltr'><strong>non</strong></span> <span class='ocrx_word' id='word_1_696' title='bbox 2850 4740 3144 4809; x_wconf 90' lang='lat' dir='ltr'><strong>enerviter,</strong></span> <span class='ocrx_word' id='word_1_697' title='bbox 3188 4739 3285 4797; x_wconf 91' lang='lat' dir='ltr'><strong>sed</strong></span> <span class='ocrx_word' id='word_1_698' title='bbox 3313 4738 3555 4795; x_wconf 88' lang='lat' dir='ltr'><strong>studiose</strong></span> 
     </span>
    </p>
   </div>
   <div class='ocr_carea' id='block_1_108' title="bbox 1967 4829 3554 4905">
    <p class='ocr_par' dir='ltr' id='par_1_108' title="bbox 1967 4829 3554 4905">
     <span class='ocr_line' id='line_1_109' title="bbox 1967 4829 3554 4905; baseline -0.006 -9"><span class='ocrx_word' id='word_1_699' title='bbox 1967 4846 2315 4896; x_wconf 88' lang='lat' dir='ltr'><strong>conservant.</strong></span> <span class='ocrx_word' id='word_1_700' title='bbox 2344 4837 2470 4892; x_wconf 69' lang='lat' dir='ltr'><strong>Haec</strong></span> <span class='ocrx_word' id='word_1_701' title='bbox 2490 4836 2558 4891; x_wconf 91' lang='lat' dir='ltr'><strong>ad</strong></span> <span class='ocrx_word' id='word_1_702' title='bbox 2598 4834 2736 4891; x_wconf 90' lang='lat' dir='ltr'><strong>talos</strong></span> <span class='ocrx_word' id='word_1_703' title='bbox 2770 4848 2942 4905; x_wconf 91' lang='lat' dir='ltr'><strong>usque</strong></span> <span class='ocrx_word' id='word_1_704' title='bbox 2972 4831 3270 4898; x_wconf 88' lang='lat' dir='ltr'><strong>descendit,</strong></span> <span class='ocrx_word' id='word_1_705' title='bbox 3303 4829 3429 4903; x_wconf 90' lang='lat' dir='ltr'><strong>quia</strong></span> <span class='ocrx_word' id='word_1_706' title='bbox 3457 4845 3554 4886; x_wconf 89' lang='lat' dir='ltr'><strong>us-</strong></span> 
     </span>
    </p>
   </div>
   <div class='ocr_carea' id='block_1_109' title="bbox 1966 4921 3555 5003">
    <p class='ocr_par' dir='ltr' id='par_1_109' title="bbox 1966 4921 3555 5003">
     <span class='ocr_line' id='line_1_110' title="bbox 1966 4921 3555 5003; baseline -0.008 -16"><span class='ocrx_word' id='word_1_707' title='bbox 1966 4946 2071 5003; x_wconf 88' lang='lat' dir='ltr'><strong>que</strong></span> <span class='ocrx_word' id='word_1_708' title='bbox 2115 4931 2183 4986; x_wconf 90' lang='lat' dir='ltr'><strong>ad</strong></span> <span class='ocrx_word' id='word_1_709' title='bbox 2231 4929 2395 4986; x_wconf 87' lang='lat' dir='ltr'><strong>ﬁnem</strong></span> <span class='ocrx_word' id='word_1_710' title='bbox 2439 4929 2563 4984; x_wconf 63' lang='lat' dir='ltr'><strong>vitae</strong></span> <span class='ocrx_word' id='word_1_711' title='bbox 2611 4928 2772 4999; x_wconf 88' lang='lat' dir='ltr'><strong>hujus</strong></span> <span class='ocrx_word' id='word_1_712' title='bbox 2817 4925 2973 4983; x_wconf 91' lang='lat' dir='ltr'><strong>bonis</strong></span> <span class='ocrx_word' id='word_1_713' title='bbox 3011 4924 3267 4997; x_wconf 90' lang='lat' dir='ltr'><strong>operibus</strong></span> <span class='ocrx_word' id='word_1_714' title='bbox 3304 4921 3555 4977; x_wconf 89' lang='lat' dir='ltr'><strong>insistere</strong></span> 
     </span>
    </p>
   </div>
   <div class='ocr_carea' id='block_1_110' title="bbox 1965 5011 3550 5092">
    <p class='ocr_par' dir='ltr' id='par_1_110' title="bbox 1965 5011 3550 5092">
     <span class='ocr_line' id='line_1_111' title="bbox 1965 5011 3550 5092; baseline -0.008 -13"><span class='ocrx_word' id='word_1_715' title='bbox 1965 5023 2125 5080; x_wconf 89' lang='lat' dir='ltr'><strong>debet</strong></span> <span class='ocrx_word' id='word_1_716' title='bbox 2150 5020 2424 5088; x_wconf 87' lang='lat' dir='ltr'><strong>sacerdos,</strong></span> <span class='ocrx_word' id='word_1_717' title='bbox 2451 5019 2796 5092; x_wconf 66' lang='lat' dir='ltr'><strong>praecipiente</strong></span> <span class='ocrx_word' id='word_1_718' title='bbox 2818 5032 2884 5074; x_wconf 88' lang='lat' dir='ltr'><strong>ac</strong></span> <span class='ocrx_word' id='word_1_719' title='bbox 2908 5016 3260 5089; x_wconf 85' lang='lat' dir='ltr'><strong>promittente</strong></span> <span class='ocrx_word' id='word_1_720' title='bbox 3283 5011 3550 5068; x_wconf 86' lang='lat' dir='ltr'><strong>Domino:</strong></span> 
     </span>
    </p>
   </div>
   <div class='ocr_carea' id='block_1_111' title="bbox 1962 5104 3551 5186">
    <p class='ocr_par' dir='ltr' id='par_1_111' title="bbox 1962 5104 3551 5186">
     <span class='ocr_line' id='line_1_112' title="bbox 1962 5104 3551 5186; baseline -0.006 -16"><span class='ocrx_word' id='word_1_721' title='bbox 1962 5115 2092 5171; x_wconf 85' lang='lat' dir='ltr'><strong>Esto</strong></span> <span class='ocrx_word' id='word_1_722' title='bbox 2120 5114 2291 5186; x_wconf 80' lang='lat' dir='ltr'><strong>ﬁdelis</strong></span> <span class='ocrx_word' id='word_1_723' title='bbox 2330 5130 2492 5186; x_wconf 80' lang='lat' dir='ltr'><strong>usque</strong></span> <span class='ocrx_word' id='word_1_724' title='bbox 2535 5112 2605 5167; x_wconf 87' lang='lat' dir='ltr'><strong>ad</strong></span> <span class='ocrx_word' id='word_1_725' title='bbox 2653 5123 2894 5175; x_wconf 88' lang='lat' dir='ltr'><strong>mortem,</strong></span> <span class='ocrx_word' id='word_1_726' title='bbox 2923 5118 2972 5164; x_wconf 84' lang='lat' dir='ltr'><strong>et</strong></span> <span class='ocrx_word' id='word_1_727' title='bbox 3002 5107 3138 5163; x_wconf 84' lang='lat' dir='ltr'><strong>dabo</strong></span> <span class='ocrx_word' id='word_1_728' title='bbox 3168 5104 3261 5159; x_wconf 85' lang='lat' dir='ltr'><strong>tibi</strong></span> <span class='ocrx_word' id='word_1_729' title='bbox 3303 5118 3551 5160; x_wconf 83' lang='lat' dir='ltr'><strong>coronam</strong></span> 
     </span>
    </p>
   </div>
   <div class='ocr_carea' id='block_1_112' title="bbox 1962 5207 2405 5279">
    <p class='ocr_par' dir='ltr' id='par_1_112' title="bbox 1962 5207 2405 5279">
     <span class='ocr_line' id='line_1_113' title="bbox 1962 5207 2405 5279; baseline -0.007 -16"><span class='ocrx_word' id='word_1_730' title='bbox 1962 5210 2078 5263; x_wconf 73' lang='lat' dir='ltr'><strong>vita:</strong></span> <span class='ocrx_word' id='word_1_731' title='bbox 2109 5208 2292 5279; x_wconf 86' lang='lat' dir='ltr'><strong>(Apoc.</strong></span> <span class='ocrx_word' id='word_1_732' title='bbox 2322 5207 2405 5279; x_wconf 88' lang='lat' dir='ltr'><strong>Il).</strong></span> 
     </span>
    </p>
   </div>
   <div class='ocr_carea' id='block_1_113' title="bbox 2542 5291 2973 5353">
    <p class='ocr_par' dir='ltr' id='par_1_113' title="bbox 2542 5291 2973 5353">
     <span class='ocr_line' id='line_1_114' title="bbox 2542 5291 2973 5353; baseline -0.014 0"><span class='ocrx_word' id='word_1_733' title='bbox 2542 5295 2772 5353; x_wconf 86' lang='lat' dir='ltr'><strong>CAPUT</strong></span> <span class='ocrx_word' id='word_1_734' title='bbox 2810 5291 2973 5350; x_wconf 78' lang='lat' dir='ltr'><strong>XVII.</strong></span> 
     </span>
    </p>
   </div>
   <div class='ocr_carea' id='block_1_114' title="bbox 2587 5385 2925 5459">
    <p class='ocr_par' dir='ltr' id='par_1_114' title="bbox 2587 5385 2925 5459">
     <span class='ocr_line' id='line_1_115' title="bbox 2587 5385 2925 5459; baseline -0.018 -13"><span class='ocrx_word' id='word_1_735' title='bbox 2587 5390 2667 5447; x_wconf 86' lang='lat' dir='ltr'><strong>De</strong></span> <span class='ocrx_word' id='word_1_736' title='bbox 2697 5385 2925 5459; x_wconf 82' lang='lat' dir='ltr'><strong>cingulo.</strong></span> 
     </span>
    </p>
   </div>
   <div class='ocr_carea' id='block_1_115' title="bbox 2035 5477 3546 5553">
    <p class='ocr_par' dir='ltr' id='par_1_115' title="bbox 2035 5477 3546 5553">
     <span class='ocr_line' id='line_1_116' title="bbox 2035 5477 3546 5553; baseline -0.005 -9"><span class='ocrx_word' id='word_1_737' title='bbox 2035 5488 2277 5546; x_wconf 81' lang='lat' dir='ltr'><strong>Tertium</strong></span> <span class='ocrx_word' id='word_1_738' title='bbox 2305 5490 2691 5546; x_wconf 82' lang='lat' dir='ltr'><strong>vestimentum</strong></span> <span class='ocrx_word' id='word_1_739' title='bbox 2717 5492 2802 5540; x_wconf 91' lang='lat' dir='ltr'><strong>est</strong></span> <span class='ocrx_word' id='word_1_740' title='bbox 2826 5479 3119 5553; x_wconf 84' lang='lat' dir='ltr'><strong>cingulum,</strong></span> <span class='ocrx_word' id='word_1_741' title='bbox 3145 5477 3263 5537; x_wconf 89' lang='lat' dir='ltr'><strong>sive</strong></span> <span class='ocrx_word' id='word_1_742' title='bbox 3287 5477 3546 5548; x_wconf 86' lang='lat' dir='ltr'><strong>balteum,</strong></span> 
     </span>
    </p>
   </div>
   <div class='ocr_carea' id='block_1_116' title="bbox 1964 5572 3550 5653">
    <p class='ocr_par' dir='ltr' id='par_1_116' title="bbox 1964 5572 3550 5653">
     <span class='ocr_line' id='line_1_117' title="bbox 1964 5572 3550 5653; baseline -0.006 -16"><span class='ocrx_word' id='word_1_743' title='bbox 1964 5597 2072 5653; x_wconf 88' lang='lat' dir='ltr'><strong>quo</strong></span> <span class='ocrx_word' id='word_1_744' title='bbox 2101 5590 2326 5638; x_wconf 90' lang='lat' dir='ltr'><strong>utuntur</strong></span> <span class='ocrx_word' id='word_1_745' title='bbox 2352 5597 2422 5639; x_wconf 90' lang='lat' dir='ltr'><strong>ne</strong></span> <span class='ocrx_word' id='word_1_746' title='bbox 2460 5580 2642 5637; x_wconf 89' lang='lat' dir='ltr'><strong>tunica</strong></span> <span class='ocrx_word' id='word_1_747' title='bbox 2686 5577 2802 5649; x_wconf 90' lang='lat' dir='ltr'><strong>ipsa</strong></span> <span class='ocrx_word' id='word_1_748' title='bbox 2832 5572 3049 5640; x_wconf 85' lang='lat' dir='ltr'><strong>deﬂuat,</strong></span> <span class='ocrx_word' id='word_1_749' title='bbox 3087 5580 3143 5630; x_wconf 88' lang='lat' dir='ltr'><strong>et</strong></span> <span class='ocrx_word' id='word_1_750' title='bbox 3166 5586 3415 5647; x_wconf 85' lang='lat' dir='ltr'><strong>gressum</strong></span> <span class='ocrx_word' id='word_1_751' title='bbox 3445 5575 3550 5629; x_wconf 91' lang='lat' dir='ltr'><strong>im-</strong></span> 
     </span>
    </p>
   </div>
   <div class='ocr_carea' id='block_1_117' title="bbox 1960 5664 3545 5744">
    <p class='ocr_par' dir='ltr' id='par_1_117' title="bbox 1960 5664 3545 5744">
     <span class='ocr_line' id='line_1_118' title="bbox 1960 5664 3545 5744; baseline -0.004 -15"><span class='ocrx_word' id='word_1_752' title='bbox 1960 5674 2173 5744; x_wconf 89' lang='lat' dir='ltr'><strong>pediat,</strong></span> <span class='ocrx_word' id='word_1_753' title='bbox 2215 5675 2318 5730; x_wconf 89' lang='lat' dir='ltr'><strong>hoc</strong></span> <span class='ocrx_word' id='word_1_754' title='bbox 2356 5673 2613 5728; x_wconf 90' lang='lat' dir='ltr'><strong>nimirum</strong></span> <span class='ocrx_word' id='word_1_755' title='bbox 2660 5666 2963 5725; x_wconf 86' lang='lat' dir='ltr'><strong>custodiam</strong></span> <span class='ocrx_word' id='word_1_756' title='bbox 3010 5666 3207 5721; x_wconf 90' lang='lat' dir='ltr'><strong>mentis</strong></span> <span class='ocrx_word' id='word_1_757' title='bbox 3253 5664 3545 5739; x_wconf 85' lang='lat' dir='ltr'><strong>signiﬁcat.</strong></span> 
     </span>
    </p>
   </div>
   <div class='ocr_carea' id='block_1_118' title="bbox 1962 5761 3549 5838">
    <p class='ocr_par' dir='ltr' id='par_1_118' title="bbox 1962 5761 3549 5838">
     <span class='ocr_line' id='line_1_119' title="bbox 1962 5761 3549 5838; baseline -0.004 -13"><span class='ocrx_word' id='word_1_758' title='bbox 1962 5769 2064 5838; x_wconf 88' lang='lat' dir='ltr'><strong>Qui</strong></span> <span class='ocrx_word' id='word_1_759' title='bbox 2092 5770 2237 5825; x_wconf 91' lang='lat' dir='ltr'><strong>enim</strong></span> <span class='ocrx_word' id='word_1_760' title='bbox 2267 5770 2446 5825; x_wconf 91' lang='lat' dir='ltr'><strong>tunica</strong></span> <span class='ocrx_word' id='word_1_761' title='bbox 2474 5767 2632 5823; x_wconf 89' lang='lat' dir='ltr'><strong>talari</strong></span> <span class='ocrx_word' id='word_1_762' title='bbox 2672 5765 2891 5821; x_wconf 88' lang='lat' dir='ltr'><strong>indutus</strong></span> <span class='ocrx_word' id='word_1_763' title='bbox 2918 5761 3124 5833; x_wconf 89' lang='lat' dir='ltr'><strong>absque</strong></span> <span class='ocrx_word' id='word_1_764' title='bbox 3148 5761 3366 5834; x_wconf 87' lang='lat' dir='ltr'><strong>cingulo</strong></span> <span class='ocrx_word' id='word_1_765' title='bbox 3399 5761 3549 5818; x_wconf 86' lang='lat' dir='ltr'><strong>ince-</strong></span> 
     </span>
    </p>
   </div>
   <div class='ocr_carea' id='block_1_119' title="bbox 1961 5852 3546 5928">
    <p class='ocr_par' dir='ltr' id='par_1_119' title="bbox 1961 5852 3546 5928">
     <span class='ocr_line' id='line_1_120' title="bbox 1961 5852 3546 5928; baseline -0.005 -10"><span class='ocrx_word' id='word_1_766' title='bbox 1961 5862 2063 5928; x_wconf 93' lang='lat' dir='ltr'><strong>dit,</strong></span> <span class='ocrx_word' id='word_1_767' title='bbox 2101 5861 2286 5918; x_wconf 88' lang='lat' dir='ltr'><strong>deﬁuit</strong></span> <span class='ocrx_word' id='word_1_768' title='bbox 2321 5861 2522 5928; x_wconf 87' lang='lat' dir='ltr'><strong>tunica,</strong></span> <span class='ocrx_word' id='word_1_769' title='bbox 2550 5875 2616 5916; x_wconf 88' lang='lat' dir='ltr'><strong>ac</strong></span> <span class='ocrx_word' id='word_1_770' title='bbox 2641 5858 2835 5916; x_wconf 89' lang='lat' dir='ltr'><strong>relicto</strong></span> <span class='ocrx_word' id='word_1_771' title='bbox 2872 5869 3122 5927; x_wconf 83' lang='lat' dir='ltr'><strong>corpore,</strong></span> <span class='ocrx_word' id='word_1_772' title='bbox 3152 5854 3329 5910; x_wconf 88' lang='lat' dir='ltr'><strong>ventis</strong></span> <span class='ocrx_word' id='word_1_773' title='bbox 3356 5861 3411 5908; x_wconf 89' lang='lat' dir='ltr'><strong>et</strong></span> <span class='ocrx_word' id='word_1_774' title='bbox 3446 5852 3546 5910; x_wconf 77' lang='lat' dir='ltr'><strong>iri-</strong></span> 
     </span>
    </p>
   </div>
   <div class='ocr_carea' id='block_1_120' title="bbox 1960 5946 3548 6029">
    <p class='ocr_par' dir='ltr' id='par_1_120' title="bbox 1960 5946 3548 6029">
     <span class='ocr_line' id='line_1_121' title="bbox 1960 5946 3548 6029; baseline -0.006 -17"><span class='ocrx_word' id='word_1_775' title='bbox 1960 5956 2181 6028; x_wconf 88' lang='lat' dir='ltr'><strong>goribus</strong></span> <span class='ocrx_word' id='word_1_776' title='bbox 2209 5956 2447 6014; x_wconf 87' lang='lat' dir='ltr'><strong>intrandi</strong></span> <span class='ocrx_word' id='word_1_777' title='bbox 2472 5955 2706 6029; x_wconf 89' lang='lat' dir='ltr'><strong>spatium</strong></span> <span class='ocrx_word' id='word_1_778' title='bbox 2733 5952 2945 6019; x_wconf 89' lang='lat' dir='ltr'><strong>tribuit,</strong></span> <span class='ocrx_word' id='word_1_779' title='bbox 2972 5952 3105 6023; x_wconf 91' lang='lat' dir='ltr'><strong>quin</strong></span> <span class='ocrx_word' id='word_1_780' title='bbox 3140 5958 3196 6007; x_wconf 91' lang='lat' dir='ltr'><strong>et</strong></span> <span class='ocrx_word' id='word_1_781' title='bbox 3236 5946 3548 6020; x_wconf 77' lang='lat' dir='ltr'><strong>praepeditis</strong></span> 
     </span>
    </p>
   </div>
  </div>
