3970 6454
444 446 557 508 U‘l

1095 448 1157 504 B.
1195 442 1455 505 RABANI
1492 446 1711 505 MAURI
1745 445 2063 504 ARCHIEP.
2107 444 2418 506 MOGUN’I'.
2458 442 2747 505 OPERUM
2787 446 2966 507 PARS
3002 452 3044 507 l.

3624 458 3730 517 508

444 563 721 641 gressibus
753 564 1033 621 incedendi
1072 579 1228 619 usum
1272 566 1545 630 retardat,
1590 563 1673 618 vel
1713 564 1877 619 etiam
1925 563 2038 619 cal-
2065 564 2113 624 Α
2140 562 2432 625 matricem,
2455 569 2516 617 ut
2540 562 2893 618 admoneatur
2919 562 3168 619 minister
3189 564 3403 623 Domini
3430 580 3536 639 per
3577 571 3734 628 nam-

442 660 697 717 cantibus
739 673 799 715 se
838 673 1003 714 causa
1047 656 1278 715 efﬁcitur
1320 658 1509 713 ruinae.
1555 658 1697 727 Ergo
1736 658 1909 714 lineas
1942 657 2027 712 in-

442 754 616 810 duunt
639 750 946 808 sacerdotes
968 759 1028 805 ut
1051 750 1356 806 castitatem
1382 751 1649 816 habeant;
1678 751 2032 820 accinguntur

438 844 655 911 balteis,
685 859 753 899 ne
783 844 897 915 ipsa
926 844 1148 898 castitas
1190 844 1263 899 sit
1301 842 1526 898 remissa
1556 850 1610 897 et
1638 842 1934 914 negligens,
1964 828 2033 898 ne

438 946 600 994 vento
629 938 879 993 elationis
907 937 1146 1005 animum
1189 934 1450 1007 pcrllandi
1486 935 1691 989 aditum
1724 934 2029 1005 impendat,

439 1047 508 1086 ne
547 1036 830 1101 crescente
874 1029 1159 1099 iniquitate
1205 1026 1563 1100 refrigescere
1592 1024 1761 1081 faciat
1791 1026 2030 1081 charita-

440 1126 545 1176 tem
575 1120 832 1191 ipsorum,
863 1135 932 1175 ne
974 1119 1241 1173 bonorum
1269 1133 1484 1187 gressus
1508 1132 1733 1187 operum
1764 1114 2030 1185 iactantia

436 1228 547 1269 suae
572 1212 1007 1284 praesumptionis
1044 1210 1321 1282 impediat,
1354 1225 1419 1264 ne
1448 1208 1741 1279 praepedito
1766 1208 2029 1262 virtutum

434 1312 620 1371 cursu,
654 1304 768 1374 ipsa
796 1304 959 1358 etiam
989 1302 1269 1358 terrestris
1298 1300 1752 1371 concupiscentiae
1778 1299 2029 1355 sordibus

432 1396 637 1467 polluta
668 1396 923 1463 vilescat,
957 1403 1012 1451 et
1054 1394 1120 1450 ad
1152 1393 1403 1449 ultimum
1449 1402 1729 1449 auctorem
1760 1408 1918 1449 suum
1960 1391 2030 1449 ad

435 1489 651 1545 ruinam
676 1490 1035 1561 superbiendo
1063 1490 1319 1560 impellat.

1006 1603 1233 1661 CAPUT
1272 1602 1456 1663 XVIII.

1039 1675 1117 1730 De
1156 1676 1417 1747 phanone.

504 1766 767 1835 Quartum
805 1782 936 1824 vero
984 1768 1236 1839 mappula
1280 1768 1395 1823 sive
1438 1764 1681 1833 mantile,
1723 1766 2023 1823 sacerdotis

429 1863 799 1919 indumentum
823 1872 928 1929 est,
950 1848 1093 1936 quod
1124 1864 1281 1934 vulgo
1310 1864 1617 1935 phauonem
1641 1874 1855 1932 vocant,
1879 1865 2019 1935 quod

429 1958 498 2013 ob
527 1957 631 2012 hoc
660 1972 845 2012 eorum
894 1944 1020 2013 tunc
1050 1960 1305 2014 manilius
1336 1967 1551 2015 tenetur
1595 1962 1812 2030 quando
1841 1959 2021 2014 missa:

428 2049 663 2106 cilicium
706 2052 900 2121 agitur,
940 2059 1001 2105 ut
1046 2060 1264 2122 paratos
1301 2052 1368 2106 ad
1412 2051 1771 2107 ministerium
1822 2069 2023 2109 mensa:

429 2143 641 2198 Domini
690 2143 919 2212 populus
947 2144 1265 2213 conspiciat.
1300 2143 1505 2215 Mappze
1538 2158 1667 2215 ergo
1698 2145 1928 2201 convivii
1967 2153 2023 2200 et

427 2233 706 2302 epularum
735 2233 801 2287 ad
832 2234 1128 2304 positarum
1162 2236 1474 2290 linteamina
1504 2244 1648 2303 sunt,
1680 2238 1819 2291 unile
1860 2237 2019 2291 dimi-

427 2325 672 2379 nutivum
707 2326 954 2395 mappula
1001 2326 1144 2381 sicut
1172 2338 1226 2382 et
1257 2327 1526 2393 mantilia,
1568 2343 1712 2382 nunc
1754 2343 1853 2398 pro
1888 2342 2018 2401 epe-

426 2417 631 2473 riendis
652 2419 857 2473 mensis
877 2427 1031 2473 sunt:
1058 2435 1201 2489 quae,
1224 2428 1281 2473 ut
1303 2435 1497 2474 nomen
1521 2420 1761 2489 ipsorum
1790 2419 2015 2485 indicat,

425 2510 553 2564 olim
600 2511 872 2581 tergendis
918 2512 1168 2567 manibus
1210 2512 1608 2582 praebebantur.
1639 2510 1863 2582 Oportet
1892 2527 2020 2583 ergo

426 2603 735 2657 sacerdotes
781 2612 835 2658 et
885 2603 1163 2657 ministros
1214 2605 1399 2659 altaris
1448 2605 1729 2675 mappulas
1773 2606 2020 2660 manibus

425 2701 633 2758 tenere,
657 2708 886 2764 quorum
922 2693 1158 2749 cilicium
1186 2703 1269 2750 est
1299 2695 1479 2750 divina
1519 2704 1863 2750 sacramenta
1891 2711 2019 2751 con-

423 2784 609 2852 iicere,
639 2793 701 2840 ut
743 2802 867 2843 cum
915 2786 1199 2843 devotione
1246 2788 1442 2843 mentis
1479 2803 1616 2858 opus
1664 2796 2018 2859 spontaneum

423 2879 746 2945 concordet,
798 2880 959 2951 digne
987 2886 1310 2936 exerceatur
1350 2879 1613 2947 ofﬁcium,
1642 2882 1786 2953 quod
1816 2883 1904 2953 pie
1933 2883 2015 2939 di-

421 2970 550 3026 vino
577 2980 664 3027 est
690 2986 917 3028 munere
944 2974 1229 3030 collatum.

1015 3065 1244 3124 CAPUT
1278 3066 1420 3123 XIX.

883 3157 962 3213 De
983 3160 1182 3225 orario,
1212 3160 1269 3213 id
1296 3168 1370 3215 est
1397 3160 1551 3215 stola.

493 3249 750 3320 Quintum
782 3266 998 3321 quoque
1039 3260 1123 3307 est
1168 3253 1310 3321 quod
1357 3254 1597 3309 orarium
1634 3253 1852 3319 dicitur,
1891 3254 2019 3311 licet

421 3343 526 3399 hoc
558 3342 777 3413 quidam
808 3341 1004 3397 stolam
1042 3352 1253 3399 vocent.
1287 3344 1401 3399 Hoc
1443 3345 1586 3401 enim
1622 3361 1820 3417 genere
1849 3347 2017 3401 vestis

421 3434 757 3491 solummodo
783 3435 862 3491 eis
904 3436 1152 3506 personis
1182 3438 1257 3490 uti
1298 3448 1383 3493 est
1425 3454 1777 3506 concessum,
1821 3441 2018 3511 quibus

420 3528 748 3600 prmdicandi
774 3527 1013 3582 oflicium
1040 3537 1124 3583 est
1150 3529 1473 3599 delegatum.
1520 3528 1663 3585 Bene
1703 3531 1868 3586 etiam
1900 3546 2020 3586 ora-

423 3621 632 3677 toribus
665 3619 866 3675 Christi
899 3620 1140 3675 orarium
1190 3623 1393 3678 habere
1422 3624 1695 3687 convenit,
1732 3624 1858 3694 quia
1893 3640 2018 3679 cum

425 3715 797 3769 indumentum
824 3727 1013 3768 eorum
1043 3712 1225 3768 officio
1254 3716 1471 3785 proprio
1514 3716 1784 3781 concinat,
1814 3724 1869 3771 et
1916 3718 2017 3788 ipsi

424 3803 611 3861 sedulo
650 3804 717 3859 ad
754 3803 904 3859 verbi
948 3804 1310 3861 ministerium
1353 3807 1705 3862 cohortantur
1771 3815 1827 3862 et
1868 3807 2020 3877 plebs

422 3896 555 3965 ipsis
591 3896 883 3951 commissa
929 3896 1187 3951 indicium
1244 3898 1478 3953 salutare
1530 3899 1901 3969 conspiciens,
1951 3901 2019 3956 ad

423 3988 832 4053 meditationem
877 3988 1011 4058 legis
1054 4003 1382 4044 concurrere
1422 3990 1718 4047 ferventius
1763 3994 2021 4047 admone-

424 4086 532 4131 tur.
562 4077 699 4145 Apte
734 4091 865 4148 ergo
893 4078 1132 4132 orarium
1161 4078 1358 4133 collum
1388 4080 1549 4135 simul
1575 4090 1632 4136 et
1663 4090 1853 4151 pectus
1887 4082 2020 4153 tegit

428 4169 746 4234 sacerdotis,
791 4176 851 4223 ut
897 4169 1022 4224 inde
1056 4171 1380 4238 instruatur,
1429 4174 1571 4242 quod
1620 4174 1880 4244 quidquid
1923 4188 2021 4228 ore

426 4262 690 4335 proferat,
721 4271 957 4319 tractatu
993 4280 1217 4320 summa;
1248 4267 1469 4323 rationis
1510 4268 1770 4331 attendat,
1802 4276 1863 4323 ut
1890 4266 2020 4323 illud

427 4352 669 4423 Apostoli
720 4369 935 4423 semper
970 4354 1025 4409 in
1071 4370 1136 4410 eo
1183 4357 1482 4425 appelletur
1510 4371 1618 4425 quo
1664 4356 1811 4410 dicit.
1843 4355 2018 4413 Orabo

425 4446 631 4518 spiritu,
649 4446 809 4499 orabo
823 4456 869 4499 et
885 4457 1071 4510 mente,
1086 4445 1307 4516 psallam
1324 4447 1509 4516 spiritu
1520 4487 1533 4511 ,
1550 4446 1773 4518 psallam
1787 4456 1835 4502 et
1851 4456 2020 4505 mente

427 4538 481 4613 (I
509 4535 631 4593 Cor.
658 4537 793 4610 χεν).
826 4538 895 4593 Et
924 4539 1120 4593 iterum
1157 4557 1170 4593 :
1202 4537 1275 4593 Os
1313 4548 1546 4597 nostrum
1598 4540 1667 4593 ad
1710 4556 1815 4605 vos,
1844 4556 1873 4593 ο
1913 4536 2018 4593 Co-

426 4632 629 4697 rinthii,
660 4648 750 4685 cor
777 4640 1011 4686 nostrum
1048 4630 1329 4686 dilatatam
1363 4641 1459 4698 est,
1492 4648 1553 4686 ne
1588 4633 1721 4702 forte
1746 4633 1794 4685 si
1824 4632 2018 4703 impro-

425 4727 529 4781 vise
573 4726 1008 4781 irrationabiliter
1052 4726 1317 4797 loquatur,
1360 4728 1611 4783 damnum
1656 4730 1891 4799 patiatur
1933 4727 2017 4799 (ll

427 4814 551 4873 Cor.
575 4816 683 4887 vr);
717 4816 1006 4874 Salomone
1029 4828 1343 4885 attestante,
1371 4822 1464 4890 qui
1492 4821 1569 4876 ait
1597 4841 1610 4875 :
1642 4820 1749 4875 Cor
1771 4820 2023 4890 sapientis

426 4908 629 4963 erudiet
661 4927 717 4964 os
752 4910 885 4980 ejus,
913 4920 961 4966 et
1009 4910 1162 4965 labiis
1193 4912 1338 4965 illius
1382 4912 1539 4967 addet
1567 4914 1789 4982 gratiam
1835 4911 2017 4975 (Prov.

428 4999 561 5067 xw).
592 4998 764 5055 Item:
796 4999 900 5067 Qui
946 5002 1172 5055 custodit
1219 5018 1274 5056 os
1304 5018 1479 5067 suum,
1523 5004 1746 5057 custodit
1788 5005 2020 5057 animam

427 5102 610 5154 suam;
644 5093 731 5161 qui
776 5093 1196 5147 inconsideratus
1232 5093 1405 5148 estad
1454 5093 1797 5163 loquendum,
1839 5096 2022 5149 sentiet

426 5178 567 5233 mala
600 5179 778 5253 (Prov.
806 5183 943 5257 xxx).

1025 5272 1255 5330 CAPUT
1294 5272 1412 5328 XX.

997 5361 1072 5415 De
1105 5363 1411 5419 dalmatica.

448 5490 453 5495 .
494 5450 717 5504 Sextum
766 5464 1000 5521 namque
1030 5463 1115 5509 est
1156 5456 1301 5525 quod
1335 5454 1624 5512 dalmatica
1667 5472 1697 5512 a
1745 5458 2005 5516 Dalmatia

422 5540 646 5594 Gracia)
680 5541 975 5610 provincia,
1014 5545 1067 5599 in
1107 5561 1213 5615 qua
1258 5547 1491 5616 primum
1531 5558 1677 5605 texta
1718 5560 1828 5618 est,
1870 5568 2007 5607 nun-

422 5637 673 5697 capatur.
702 5629 828 5685 Haec
868 5635 1036 5689 vestis
1065 5636 1118 5691 in
1164 5636 1379 5693 modum
1416 5648 1497 5694 est
1544 5641 1722 5697 crucis
1763 5640 1923 5707 facta,
1954 5652 2011 5698 et

422 5723 692 5790 passionis
718 5725 929 5783 Domini
956 5730 1212 5788 indicium
1238 5743 1338 5790 est.
1366 5734 1540 5792 liabet
1567 5753 1781 5808 quoque
1801 5746 1857 5793 et
1884 5755 2012 5808 pur-

423 5826 622 5884 pureos
652 5819 898 5877 tramites
927 5823 1042 5894 ipsa
1077 5827 1278 5892 tunica,
1309 5843 1340 5881 a
1370 5844 1582 5884 summo
1610 5845 1779 5900 usque
1805 5830 1873 5884 ad
1903 5830 2011 5887 ima

424 5916 551 5980 ante
579 5927 645 5971 ac
687 5924 833 5973 retro
861 5917 1209 5987 descendens,
1242 5936 1345 5977 nec
1370 5938 1479 5981 non
1505 5930 1563 5978 et
1602 5938 1701 5992 per
1730 5931 2016 5995 utramque

2134 662 2222 710 tus
2246 656 2329 710 sui
2358 656 2622 726 speciem,
2656 656 2811 726 cujus
2837 659 3083 714 muneris
3109 659 3383 731 particeps
3408 672 3516 728 est,
3544 674 3605 719 ut
3636 681 3732 735 per

2132 748 2417 819 mysticam
2458 749 2786 805 oblationem
2826 751 3097 822 passionis
3140 750 3438 810 Dominicis
3484 771 3730 813 contine»

2132 840 2488 896 morationem
2533 849 2682 915 agat,
2720 850 2779 897 ut
2806 843 2923 914 ipse
2950 840 3007 897 in
3048 856 3116 899 eo
3140 843 3235 900 fiat
3262 846 3442 903 hostia
3488 847 3605 905 Deo
3635 865 3730 907 ac-

2130 931 2430 1001 ceptabilis.

2720 1025 2950 1084 CAPUT
2985 1027 3130 1084 XXI.

2772 1120 2849 1175 De
2875 1121 3079 1176 casula.

2202 1209 2503 1281 Septimum
2537 1213 2875 1269 sacerdotale
2915 1214 3286 1269 indumentum
3318 1222 3402 1271 est
3445 1218 3594 1287 quod
3628 1215 3731 1271 Ca-

2128 1305 2302 1360 sulam
2338 1318 2565 1374 vocant;
2617 1307 2762 1362 dicta
2810 1314 2894 1363 est
2944 1315 3124 1362 autem
3165 1322 3264 1379 per
3312 1307 3730 1365 diminutionem

2128 1413 2159 1452 a
2187 1414 2331 1463 casa,
2363 1415 2429 1454 eo
2456 1400 2599 1470 quod
2640 1409 2812 1455 totum
2854 1401 3128 1455 hominem
3158 1409 3325 1471 tegat,
3356 1401 3514 1472 quasi
3548 1402 3731 1456 minor

2127 1506 2276 1555 casa,
2305 1492 2445 1547 hanc
2485 1492 2658 1548 Graeci
2686 1493 2956 1563 planetam
2983 1494 3239 1554 πλανήτην
3267 1495 3574 1549 nominant.
3602 1494 3731 1550 Haec

2126 1597 2435 1653 Supremum
2478 1586 2720 1640 omnium
2776 1586 3217 1641 indumentorum
3264 1595 3375 1649 est,
3425 1595 3481 1641 et
3527 1596 3732 1642 cetera

2124 1675 2306 1729 omnia
2354 1677 2581 1731 interius
2625 1693 2722 1748 per
2754 1693 2912 1733 suum
2943 1679 3217 1734 munimen
3264 1679 3397 1749 tegit
3427 1687 3483 1733 et
3523 1689 3729 1735 servat.

2125 1760 2279 1819 Hauc
2309 1780 2439 1834 ergo
2474 1775 2678 1822 vestem
2717 1782 3005 1838 possumus
3048 1767 3350 1839 intelligere
3378 1769 3731 1837 charitatem,

2123 1874 2242 1928 quae
2269 1861 2483 1915 cunctis
2517 1861 2809 1915 virtutibus
2852 1863 3236 1933 supereminet,
3265 1872 3319 1917 et
3349 1878 3541 1919 earum
3570 1865 3733 1920 deco-

2051 1937 2097 1996 Β
2127 1962 2241 2005 rem
2291 1967 2389 2007 suo
2429 1953 2693 2007 tutamine
2730 1954 2965 2024 protegit
3008 1962 3063 2008 et
3109 1952 3364 2009 illustrat.
3416 1953 3526 2010 Nec
3581 1957 3733 2011 enim

2128 2044 2269 2103 ullus
2304 2042 2416 2113 jam
2446 2046 2552 2100 erit
2578 2047 2837 2101 virtutum
2878 2045 3150 2117 splendor,
3183 2046 3229 2101 si
3273 2062 3383 2101 non
3413 2063 3508 2102 eos
3544 2048 3730 2103 chari-

2127 2138 2254 2193 tatis
2304 2138 2650 2192 irradiaverit
2698 2136 2892 2208 fulgor,
2937 2137 3081 2205 quod
3130 2138 3369 2192 ostendit
3435 2138 3731 2208 Apostolus

2125 2232 2309 2286 dicens
2347 2248 2359 2283 :
2393 2229 2449 2285 Si
2498 2230 2690 2301 linguis
2747 2231 3014 2284 hominum
3056 2229 3243 2302 loquar
3293 2240 3340 2284 et
3380 2230 3728 2301 angelorum,

2124 2324 2429 2377 charltatsm
2468 2338 2571 2379 non
2614 2324 2853 2386 habeam,
2891 2323 3064 2391 factus
3089 2339 3207 2377 sum
3240 2323 3375 2376 sicut
3404 2338 3478 2377 res
3505 2340 3729 2390 sonans,

2122 2424 2214 2469 aut
2251 2414 2549 2485 cymbalum
2595 2415 2844 2470 tinnicns.
2877 2415 2945 2469 Et
2992 2417 3037 2468 si
3087 2415 3316 2470 habuero
3364 2414 3729 2487 prophetiam,

2120 2517 2169 2561 ct
2221 2509 2449 2561 noverim
2499 2510 2744 2578 mysteria
2781 2509 2991 2573 omnia,
3020 2517 3069 2561 et
3112 2523 3318 2562 omnem
3346 2508 3653 2575 scientiam,
3679 2518 3728 2563 et

2121 2602 2167 2655 si
2193 2599 2423 2654 habuero
2462 2616 2666 2654 omnem
2694 2599 2852 2669 ﬁdem
2873 2640 2887 2665 ,
2929 2600 3005 2653 ita
3041 2608 3098 2654 ut
3141 2610 3342 2655 montes
3376 2601 3727 2670 transferam,

2120 2692 2428 2746 alacritatem
2472 2701 2647 2745 autem
2691 2708 2793 2747 non
2836 2691 3091 2756 habuero,
3135 2690 3267 2744 nihil
3306 2690 3435 2744 mihi
3490 2691 3727 2762 prodest.

2121 2782 2365 2838 Charitas
2386 2785 2587 2855 patiens
2614 2792 2709 2847 est,
2735 2784 2955 2855 benigna
2978 2793 3072 2838 est.
3095 2784 3340 2840 Charitas
3369 2801 3474 2839 non
3503 2786 3731 2841 (rm-la-

2120 2886 2227 2943 tur,
2250 2893 2354 2933 non
2377 2878 2481 2948 agit
2502 2893 2792 2949 perperam,
2810 2894 2915 2931 non
2935 2879 3176 2948 inﬂatur,
3193 2894 3295 2935 non
3315 2886 3391 2933 est
3414 2880 3727 2946 ambitiosa,

2119 2981 2226 3021 non
2253 2968 2442 3037 quwrit
2481 2984 2600 3038 qua!
2641 2984 2739 3022 sua
2768 2975 2912 3033 sunt,
2943 2983 3050 3022 non
3092 2969 3359 3035 irritatur,
3392 2984 3499 3024 non
3528 2971 3731 3040 cogitet

2118 3059 2318 3117 malum
2328 3101 2342 3128 ,
2370 3077 2476 3116 non
2497 3061 2690 3133 gaudet
2718 3078 2877 3131 super
2903 3062 3197 3134 iniquitate,
3226 3066 3521 3135 congaudet
3545 3073 3729 3119 autem

2119 3154 2343 3213 veritati.
2384 3152 2580 3209 Omnis
2621 3156 2827 3225 suﬁ‘ert,
2870 3158 3048 3211 omnia
3079 3157 3264 3223 credit,
3308 3160 3489 3213 omnia
3523 3168 3728 3230 sperat,

2120 3246 2298 3300 omnis
2330 3247 2568 3301 sustinet.
2596 3245 2840 3302 Charitas
2877 3264 3146 3320 nunquam
3180 3252 3393 3318 excidit,
3426 3259 3483 3307 et
3514 3252 3730 3324 reliqua

2045 3304 2090 3369 Ο
2123 3337 2173 3410 (1
2221 3337 2344 3393 Cor.
2387 3336 2531 3408 stu).
2578 3337 2711 3395 Sine
2758 3340 2863 3394 huc.
2905 3304 3174 3396 cha'ritate
3218 3341 3301 3397 vel
3345 3304 3730 3410 castra];

2120 3430 2374 3485 sacerdos
2420 3431 2533 3499 ipse
2578 3432 2647 3485 ad
2692 3431 2863 3488 altare
2909 3433 3342 3504 appropinquare
3383 3434 3566 3497 debet,
3622 3452 3727 3492 nec

2120 3537 2316 3585 munus
2358 3520 2574 3589 offerre,
2623 3537 2724 3578 nec
2767 3536 2960 3593 preces
3008 3522 3256 3583 fundere.
3303 3520 3456 3580 Unde
3504 3524 3729 3581 Veritas

2120 3614 2235 3685 ipsa
2266 3616 2431 3670 dicit:
2466 3614 2523 3670 Si
2557 3616 2717 3685 offers
2746 3632 2936 3671 munus
2968 3625 3115 3670 tuum
3142 3617 3211 3671 ad
3238 3617 3425 3679 altare.
3455 3627 3507 3671 at
3542 3618 3619 3673 ibi
3648 3635 3731 3672 re-

2122 3707 2369 3761 cordatus
2397 3706 2581 3775 fueris,
2607 3709 2734 3778 quia
2762 3707 2931 3777 frater
2959 3718 3082 3762 tuus
3110 3707 3264 3762 habet
3299 3707 3503 3779 aliquid
3538 3710 3730 3763 adm-

2121 3816 2238 3855 sum
2265 3810 2330 3864 te,
2364 3800 2595 3871 relinque
2622 3802 2695 3855 ibi
2727 3816 2919 3856 munus
2956 3811 3105 3859 tuum
3133 3811 3254 3856 ante
3283 3801 3476 3867 altare,
3516 3811 3566 3856 et
3593 3804 3730 3857 nde

2120 3893 2268 3963 prius
2296 3892 2627 3947 reconciliari
2664 3892 2823 3963 fratri
2870 3903 2983 3957 tuo,
3024 3904 3072 3947 ct
3113 3902 3237 3947 tunc
3286 3895 3491 3948 veniens
3532 3896 3730 3965 omnes

2121 4002 2313 4041 munus
2351 3998 2499 4040 tuum
2535 3985 2751 4060 (Matth.
2793 3986 2893 4059 vn).
2936 3986 3004 4040 Et
3030 3986 3161 4041 item
3203 3984 3377 4040 :Cum
3415 3987 3625 4042 stabitis
3653 3987 3728 4042 ad

2122 4078 2401 4144 orandum,
2429 4078 2634 4132 dimitte
2671 4080 2716 4132 si
2750 4077 2876 4149 quid
2907 4077 3106 4131 habetis
3145 4078 3422 4132 adversum
3450 4076 3722 4150 aliquem,

2120 4181 2177 4227 et
2223 4172 2429 4242 reliqua
2461 4172 2655 4244 (Marc.
2682 4173 2780 4244 χι).
2816 4175 2891 4229 De
2927 4174 3030 4229 hoc
3060 4174 3244 4243 itaque
3273 4174 3504 4244 spiritali
3547 4174 3729 4228 virtu-

2124 4272 2236 4319 tum
2283 4264 2598 4321 indumento
2627 4264 2916 4336 Apostolus
2963 4266 3030 4320 sd
3077 4266 3426 4321 ﬂohissenses
3467 4266 3541 4320 ita
3576 4267 3726 4321 seri-

2121 4358 2266 4427 psit:
2297 4357 2532 4424 Induite,
2567 4359 2761 4429 inquit,
2790 4375 2880 4414 vos
2929 4360 3065 4414 sicut
3105 4358 3257 4413 electi
3294 4358 3413 4425 Dei,
3446 4360 3618 4413 sancti
3669 4368 3725 4414 ct

2121 4449 2297 4505 dilecti
2333 4451 2530 4505 viscera
2575 4450 2971 4518 misericordiw,
3019 4452 3410 4523 benignitatem,
3442 4452 3723 4507 humilite-

2123 4551 2242 4604 tem,
2276 4542 2605 4608 modestiam,
2638 4543 2967 4611 patientiam,
3011 4551 3118 4598 etc.
3153 4541 3379 4615 (Coloss.
3407 4543 3513 4610 In).
3550 4543 3619 4597 Et
3650 4544 3721 4599 de

2125 4631 2411 4691 cluat-italis
2451 4634 2746 4689 eminentia
2792 4634 2950 4704 paulo
2999 4643 3123 4704 post
3159 4632 3438 4702 sulijunxit
3485 4632 3717 4688 dicens:

2128 4724 2300 4795 Super
2321 4728 2497 4783 omnia
2520 4738 2693 4781 autem
2717 4727 2828 4781 hac
2853 4727 3161 4782 charitatem
3186 4726 3454 4791 habentes,
3474 4726 3617 4796 quod
3641 4736 3723 4780 cst

2126 4818 2392 4873 vinculum
2419 4820 2771 4890 perfectionis.

2700 4909 2929 4967 CAPUT
2966 4910 3131 4966 XXII.

2736 5002 2814 5057 De
2838 5003 3117 5058 sandaliis.

2196 5095 2431 5151 Induunt
2472 5110 2686 5168 quoque
2731 5097 3043 5153 sacerdotes
3089 5097 3254 5168 pedes
3299 5096 3561 5153 senileIiis
3601 5098 3715 5153 sive

2118 5186 2299 5254 soleis,
2344 5188 2486 5257 quod
2513 5202 2684 5259 genus
2722 5186 3070 5243 calceameuti
3115 5189 3427 5259 evangelica
3473 5191 3715 5245 auctori-

2119 5290 2229 5337 tate
2268 5282 2349 5338 eis
2379 5292 2462 5337 est
2496 5296 2838 5348 concessum,
2879 5292 2940 5337 ut
2970 5282 3134 5338 Marci
3161 5282 3505 5353 evangelium
3537 5291 3709 5339 testa-

2115 5383 2207 5430 tur
2235 5375 2427 5448 (Marc.
2466 5376 2604 5447 xu),
2641 5376 2768 5445 quia
2811 5376 2916 5429 hoc
2952 5375 3377 5430 calceamentum
3422 5376 3710 5445 mysticam

2113 5466 2560 5537 significationem
2594 5467 2776 5533 habet,
2804 5475 2864 5520 ut
2892 5482 2988 5535 pes
3013 5481 3187 5536 neque
3214 5474 3391 5521 tectus
3410 5465 3506 5528 sit,
3535 5481 3707 5534 neque

2114 5558 2291 5613 nudus
2320 5560 2387 5613 ad
2425 5566 2648 5623 terram,
2693 5559 2747 5613 id
2788 5566 2871 5613 est
2899 5567 2958 5614 ut
2990 5574 3091 5613 nec
3133 5557 3432 5615 occultetur
3471 5573 3703 5626 avenge-

2116 5648 2281 5715 lium,
2330 5666 2429 5705 nec
2457 5651 2691 5707 terrenis
2726 5652 3026 5708 commodis
3070 5652 3350 5708 innitatur.
3396 5650 3532 5709 Nam
3570 5650 3703 5705 sui-

2116 5749 2265 5811 ptqu
2299 5743 2460 5797 estin
2492 5742 2788 5812 Apostolo:
2825 5743 2891 5797 Et
2918 5742 3134 5799 calceati
3161 5744 3316 5817 pedes
3351 5744 3407 5797 in
3437 5759 3699 5814 prepara-

2116 5836 2257 5889 tione
2291 5834 2559 5906 Evangelii
2587 5837 2732 5907 pacis
2766 5836 2981 5907 (Ephes.
3007 5837 3105 5907 vi).
3137 5837 3286 5893 Sicut
3324 5836 3465 5892 enim
3503 5834 3699 5890 saluiu-

2117 5925 2187 5980 lia
2229 5936 2439 5997 partem
2476 5928 2625 5999 pedis
2674 5935 2881 5999 tegunt,
2931 5938 3140 5998 partem
3194 5928 3494 5997 inopertam
3537 5924 3673 5984 ralia
