3970 6500
326 417 444 491 sos

1118 427 1216 487 ne
1252 423 1698 488 cmmeonuu
1739 423 2251 498 iNSTI't'UTlONE,
2292 401 2449 488 Ere.
2485 460 2556 474 -.
2592 426 2720 488 LIB.
2757 430 2802 490 ι.

3508 409 3624 503 ’διὸ

330 550 526 623 quant,
559 541 636 604 ita
661 547 717 601 et
751 537 1030 615 Evangelii
1066 540 1319 599 doctores
1345 542 1544 614 partim
1575 540 1924 614 Evangeiium
1953 541 2007 603 A
2031 541 2154 612 quia
2181 541 2375 614 spiritu
2400 542 2588 616 gratiae
2615 544 2690 601 ibi
2717 545 2773 602 in
2803 543 3000 604 melius
3021 545 3358 620 immutatur,
3381 561 3438 611 et
3461 555 3621 632 longe

327 640 564 718 aperire,
595 637 906 712 partimque
946 634 1164 712 aperire
1207 635 1424 700 debent,
1455 634 1532 690 ita
1576 633 1828 689 videlicet
1861 641 1923 688 ut

328 733 506 792 ﬁdelis
531 741 585 790 et
615 731 840 788 devotus
881 729 1240 790 Sufﬁcientem
1270 729 1466 784 habeat
1511 728 1834 791 doctrinam,
1865 734 1922 782 et

327 827 562 884 inﬁdelis
588 831 644 881 et
691 828 1030 900 contemptor
1067 835 1174 875 non
1221 820 1462 875 inveniat
1503 815 1920 890 blaSphemandi

327 918 635 977 materiam.
669 911 936 976 Admonet
988 915 1154 970 etiam
1205 922 1259 970 et
1312 925 1410 971 nos
1461 913 1566 969 hoc
1601 927 1770 984 genus
1809 908 1921 967 cal-

326 1013 594 1070 ceamenti
645 1019 703 1068 ut
740 1013 893 1066 carni
931 1017 1131 1067 nostrae
1181 1015 1238 1063 et
1273 1007 1487 1084 corpori
1533 1007 1588 1061 in
1622 1005 1917 1061 necessita-

331 1107 476 1162 tibus
527 1101 893 1169 consulamus,
937 1116 1046 1157 non
1093 1101 1145 1156 in
1195 1091 1436 1155 libidinis
1501 1099 1778 1154 lasciviam
1822 1097 1918 1152 de-

326 1196 576 1262 ﬂuamus,
619 1195 686 1250 de
734 1194 931 1268 quibus
975 1193 1164 1266 utique
1209 1207 1307 1246 nos
1335 1191 1514 1248 divina
1544 1189 1630 1246 lex
1675 1189 1915 1247 instruit.

326 1291 599 1364 Scriptum
640 1297 723 1344 est
748 1289 891 1344 enim
931 1307 945 1344 :
977 1285 1202 1342 Carnem
1234 1297 1377 1344 tuam
1407 1299 1470 1340 ne
1497 1283 1818 1356 despexeris.
1848 1283 1916 1338 Et

322 1382 454 1437 item
489 1400 503 1436 :
547 1375 736 1435 Carnis
778 1395 960 1434 curam
1005 1395 1067 1434 ne
1116 1377 1342 1448 feceritis
1390 1375 1444 1430 in
1486 1372 1916 1446 concupiscentiis

323 1473 461 1547 (Isa.
486 1470 663 1546 Lvut).

890 1559 1118 1620 CAPUT
1157 1557 1346 1616 XXIII.

983 1653 1060 1708 De
1095 1651 1274 1708 pallio.

983 1671 1060 1708 ue
1093 1671 1274 1724 pomo.

392 1745 568 1818 Super
614 1745 732 1804 htec
781 1753 963 1804 autem
1013 1745 1195 1800 omnia
1246 1757 1460 1800 summo
1503 1739 1746 1814 pontiﬁci
1796 1737 1910 1814 (qui

317 1836 758 1914 archiepiSCOpus
801 1835 1044 1909 vocatur)
1089 1844 1309 1910 pr0pter
1351 1833 1701 1911 apostolicam
1734 1833 1908 1888 vicem

2029 633 2172 690 aliud
2201 649 2361 704 quam
2389 643 2506 718 erat
2528 637 2780 694 efﬁcitur.
2811 637 3054 699 Primum
3079 641 3325 702 homines
3349 645 3480 705 Redi
3506 667 3620 708 era-

2026 741 2148 784 mus
2177 728 2520 786 det'ormitate
2562 742 2928 803 peccatorum,
2959 735 3012 792 in
3043 737 3158 820 ipsa
3191 739 3473 820 tinctione,
3499 743 3619 814 pul-

2026 820 2144 876 ebri
2174 819 2514 878 dealbatione
2539 823 2801 880 virtutum
2827 819 3115 890 efﬁcimur.
3142 828 3296 886 Unde
3320 837 3375 888 et
3403 819 3622 889 in'Can-

2025 910 2150 968 ticis
2181 913 2439 969 scribitur
2465 915 2803 972 canticorum
2830 933 2842 972 :
2880 918 3013 986 Qua:
3043 927 3120 976 est
3149 919 3250 977 ista
3279 937 3396 995 qua:
3440 937 3622 982 ascen-

2025 1005 2103 1060 dit
2131 1007 2284 1082 quasi
2311 1005 2596 1065 dealbata?
2623 1011 2788 1082 Cujus
2828 1016 3146 1088 mysterium
3174 1033 3280 1073 non
3311 1019 3470 1075 aliter
3513 1021 3621 1079 nisi

2025 1101 2124 1156 sub
2172 1101 2454 1156 Trinitatis
2499 1103 2891 1176 designatione,
2933 1107 2988 1164 id
3017 1119 3134 1176 est,
3181 1108 3360 1166 Patris
3403 1119 3459 1167 et
3495 1111 3617 1169 Filii

2023 1203 2077 1249 et
2105 1193 2337 1266 Spiritus
2368 1197 2542 1250 sancti
2589 1199 2894 1270 cognitione
2920 1202 3242 1274 completur,
3273 1205 3484 1260 dicente
3513 1205 3620 1260 Do-

2022 1287 2172 1348 mino
2221 1289 2288 1348 ad
2315 1288 2602 1358 Apostolos
2628 1309 2640 1345 :
2671 1292 2772 1358 Ite,
2799 1293 2978 1349 docete
3005 1313 3178 1350 omnes
3219 1307 3412 1368 gvrtes,
3456 1297 3620 1370 bapti-

2022 1387 2200 1434 zantes
2225 1397 2311 1434 eos
2337 1382 2391 1436 in
2419 1382 2627 1436 nomine
2659 1381 2839 1438 Patris
2867 1395 2915 1439 et
2946 1381 3080 1440 Filii
3111 1395 3158 1440 et
3187 1387 3420 1457 Spiritus
3449 1391 3620 1444 sancti

2021 1469 2216 1547 (Marc.
2242 1473 2386 1546 ult.).
2416 1473 2570 1530 Sicut
2595 1477 2739 1532 enim
2781 1478 2834 1532 in
2864 1478 3036 1534 tribus
3063 1479 3292 1534 testibus
3321 1487 3431 1535 stat
3458 1495 3618 1536 omne

2019 1563 2267 1630 verbum,
2298 1565 2370 1622 ita
2414 1575 2819 1626 sacramentum
2862 1569 3148 1626 conﬁrmat
3194 1571 3464 1628 ternarias
3514 1587 3612 1626 nu-

2018 1673 2201 1714 merus
2233 1660 2510 1718 nominum
2544 1661 2874 1719 divinorum.
2906 1662 3059 1732 Quod
3087 1672 3267 1719 autem
3296 1679 3394 1738 per
3421 1679 3617 1737 aquam

2015 1751 2346 1823 baptismum
2391 1756 2575 1827 datur,
2607 1757 2723 1813 haec
2766 1757 2906 1812 ratio
2945 1763 3028 1812 est
3065 1755 3277 1815 :voluit
3321 1759 3464 1814 enim
3507 1757 3618 1815 Do-

2019 1844 2198 1901 minus
2239 1856 2298 1901 ut
2330 1863 2420 1904 res
2469 1847 2558 1902 illa
2602 1849 2886 1906 invisibilis
2926 1865 3026 1922 per
3064 1852 3494 1924 congruentiam,
3524 1852 3619 1909 sed

314 1929 464 2004 pallii
495 1929 670 1988 honor
692 1929 1020 1996 decernitur,
1047 1929 1188 2003 quod
1213 1944 1382 2000 genus
1409 1925 1706 1982 indumenti
1735 1926 1914 1981 crucis
1939 1914 1989 1976 B
2019 1938 2261 2012 ριιοςθοιο
2300 1940 2744 1998 ίιιροηιτθοιδδῃθ
2789 1951 2845 1999 ει
2895 1914 3615 2020 ίιίνίείδίιθνίωρθηάθιζεωι.

317 2021 652 2093 signaculum
685 2037 952 2096 purpureo
1003 2019 1183 2076 colore
1231 2019 1509 2092 exprimit,
1557 2027 1616 2073 ut
1662 2018 1778 2092 ipso
1829 2019 1911 2074 in-

318 2115 484 2171 dutus
529 2115 765 2196 pontifex
809 2131 838 2170 a
881 2125 1035 2188 tergo
1075 2123 1130 2170 et
1161 2121 1380 2188 pectore
1429 2128 1646 2169 crucem
1692 2112 1907 2179 habeat,

314 2223 526 2284 suaque
560 2218 738 2268 mente
764 2207 851 2277 pie
881 2215 936 2261 et
962 2205 1118 2275 digne
1153 2209 1218 2261 de
1253 2205 1506 2279 passione
1533 2204 1911 2280 Redemptoris

311 2299 542 2372 cogitet,
591 2315 656 2358 ac
698 2297 894 2372 populo
943 2293 1040 2374 pro
1081 2313 1188 2372 quo
1235 2297 1521 2358 Dominum
1566 2297 1908 2370 deprecatur,

309 2391 702 2464 redemptionis
734 2407 845 2446 sum
886 2390 1224 2462 signaculum
1254 2389 1607 2445 demonstret.
1637 2387 1912 2444 Condecet

311 2501 529 2562 quoque
557 2483 695 2540 bene
718 2494 776 2540 ut
810 2485 925 2554 ipsa
954 2482 1252 2558 apostolica
1283 2482 1518 2554 dignitas
1547 2480 1906 2554 apostolicum

307 2581 490 2636 virum
523 2576 710 2646 faciat,
745 2586 806 2634 ut
850 2575 1006 2648 plena
1049 2575 1353 2640 devotione,
1386 2589 1519 2630 sano
1555 2587 1827 2640 sermone,
1855 2579 1910 2629 et

309 2673 474 2744 digna
519 2671 834 2748 Operatione
863 2671 1034 2744 possit
1075 2670 1256 2726 dicere
1285 2685 1408 2728 cum
1445 2667 1740 2740 Apostoio:
1775 2667 1908 2722 Mihi

309 2777 489 2828 autem
517 2767 650 2826 absit
685 2765 904 2840 gloriari
943 2765 1044 2820 nisi
1078 2766 1134 2820 in
1163 2781 1315 2820 cruce
1341 2759 1556 2818 Domini
1585 2761 1752 2820 nostri
1779 2760 1907 2816 Jesu

311 2857 534 2928 Christi,
569 2875 660 2931 per
694 2875 846 2936 quem
877 2857 1005 2912 mihi
1033 2854 1258 2910 mundus
1287 2853 1570 2928 cruciﬁxus
1600 2861 1700 2921 est,
1737 2861 1790 2906 et
1814 2865 1906 2924 ego

308 2953 507 3013 mundo
549 2948 694 3024 (Cal.
719 2951 818 3026 vt).
853 2947 980 3008 Haec
1005 2963 1232 3026 quaeque
1260 2947 1326 3005 de
1354 2947 1540 3002 habitu
1582 2943 1906 3002 sacerdotali

309 3047 378 3100 ad
407 3059 624 3100 sensum
653 3043 947 3104 secundum
978 3039 1253 3104 modulum
1285 3039 1540 3114 ingenioli
1585 3037 1758 3094 nostri
1787 3037 1908 3094 bre-

305 3139 454 3196 viter
481 3139 738 3206 diximus,
767 3153 873 3194 non
905 3137 1322 3214 prtejudicantes
1352 3131 1438 3192 bis
1473 3136 1564 3208 qui
1605 3149 1908 3206 cengruen-

307 3227 421 3284 tius
446 3237 499 3290 et
526 3229 738 3300 dignius
773 3227 840 3284 de
863 3227 1056 3287 eadem
1083 3242 1143 3283 re
1176 3227 1386 3301 possint
1411 3225 1672 3294 scribere,
1703 3232 1760 3280 et
1791 3223 1906 3306 ple-

307 3318 440 3380 nius
467 3320 764 3390 disputare.

887 3411 1116 3473 CAPUT
1153 3409 1346 3471 XXIV.

730 3499 805 3562 De
839 3507 1185 3563 sacramentis
1223 3501 1499 3562 Ecclesiae.

387 3601 466 3657 De
494 3602 853 3656 sacramentis
876 3610 1062 3662 autem
1086 3615 1207 3671 quae
1233 3599 1288 3659 in
1325 3598 1568 3663 Ecclesia
1595 3597 1732 3656 ﬁunt
1755 3614 1912 3672 Opor-

309 3701 389 3748 tet
419 3701 478 3756 ut
507 3708 742 3766 seque-ns
767 3708 951 3754 sermo
977 3700 1234 3764 exponat,
1265 3699 1430 3763 atque
1458 3691 1700 3748 declaret
1745 3693 1908 3751 ritum

305 3783 731 3844 sacerdotalem.
780 3781 919 3840 Sunt
945 3793 1124 3842 autem
1173 3795 1534 3851 sacramenta,
1579 3783 1907 3856 baptismum

301 3884 362 3930 ct
391 3875 650 3940 chrisma,
678 3889 872 3954 corpus
900 3884 955 3930 et
979 3875 1216 3952 sanguis,
1244 3891 1364 3948 quae
1386 3873 1457 3930 ob
1483 3875 1536 3930 id
1565 3885 1905 3932 sacramenta

302 3967 590 4034 dicuntur,
636 3967 762 4044 quia
808 3968 911 4023 sub
954 3976 1264 4047 legumento
1311 3967 1676 4040 corporalium
1721 3985 1904 4024 rerum

302 4057 481 4111 virtus
503 4056 683 4112 divina
711 4059 976 4114 secretius
1001 4060 1231 4116 salutem
1255 4061 1568 4118 eorumdem
1601 4077 1904 4117 sacramrn-

308 4154 488 4203 torum
517 4161 789 4218 operatur,
814 4149 958 4204 unde
981 4158 1035 4206 et
1067 4168 1098 4206 a
1127 4153 1354 4208 secretis
1381 4153 1673 4208 virtutibus
1699 4152 1784 4208 vel
1821 4168 1904 4213 sa-

303 4237 436 4300 cris,
459 4245 800 4296 sacramenta
827 4237 1100 4296 dicuntur.
1129 4241 1260 4318 Qua:
1281 4242 1404 4297 ideo
1431 4241 1706 4298 fructuose
1735 4259 1902 4314 penes

303 4326 608 4386 Ecclesium
640 4328 796 4396 ﬁunt,
819 4332 946 4402 quia
971 4337 1188 4393 sanctus
1215 4335 1269 4389 in
1295 4349 1359 4389 ea
1388 4350 1612 4392 manens
1643 4333 1898 4406 Spiritus,

303 4421 555 4477 eumdem
587 4433 1050 4484 sacramentorum
1081 4423 1310 4484 latenter
1335 4435 1592 4504 operatur
1625 4429 1894 4488 eifectum.

301 4508 463 4566 Unde
510 4528 602 4568 seu
631 4527 730 4584 per
753 4515 925 4571 bonos
969 4532 1063 4572 seu
1091 4534 1189 4592 per
1231 4518 1403 4574 malos
1443 4518 1724 4576 ministros
1756 4519 1897 4574 intra

304 4601 603 4660 Ecciesiam
652 4605 746 4660 Dei
791 4606 1190 4680 dispensentur,
1236 4623 1338 4665 nec
1383 4609 1644 4665 bonorum
1689 4609 1898 4666 meritis

303 4695 738 4766 dispensatorum
761 4699 1159 4778 ampliﬁcantur
1185 4703 1300 4757 haec
1323 4703 1482 4768 dona,
1511 4716 1610 4757 nec
1633 4702 1896 4757 malorum

303 4797 674 4856 attenuentur,
703 4792 828 4864 quia
859 4810 1020 4870 neque
1039 4795 1130 4874 qui
1155 4793 1356 4865 plantat
1385 4803 1460 4851 est
1488 4793 1710 4868 aliquid,
1737 4811 1896 4876 neque

301 4881 394 4952 qui
443 4881 608 4960 rigat,
639 4883 728 4938 sed
764 4885 854 4960 qui
903 4885 1276 4941 incrementum
1308 4887 1421 4953 dat,
1444 4885 1607 4952 Deus,
1655 4887 1796 4942 unde
1841 4891 1895 4942 et

300 4969 492 5028 Graece
535 4979 815 5054 μυστήριον
841 4974 1060 5042 dicitur,
1086 4977 1232 5048 quod
1258 4987 1524 5034 secretam
1554 4983 1611 5034 et
1649 4977 1896 5034 recondi-

302 5071 416 5122 tam
441 5061 640 5124 babeat
665 5069 1066 5140 repositionem.

879 5184 1108 5246 CAPUT
1144 5185 1312 5242 XXV.

692 5272 770 5340 De
799 5277 1122 5353 baptismatis
1151 5287 1500 5334 sacramento.

371 5370 614 5436 Primum
663 5379 842 5434 autem
889 5379 1354 5433 sacramentorum
1401 5377 1486 5434 est
1524 5369 1889 5440 baptismum,

295 5463 424 5536 quia
473 5471 764 5540 antequam
811 5472 999 5525 sancto
1045 5463 1339 5528 chrismate
1393 5472 1628 5536 ungatur
1673 5462 1886 5534 aliquis,

294 5565 394 5616 aut
436 5555 680 5628 corporis
707 5563 762 5618 et
797 5555 1069 5628 sanguinis
1107 5552 1305 5612 Christi
1347 5555 1616 5626 particeps
1664 5554 1887 5625 cxistat,

294 5665 455 5710 sacra
501 5649 906 5722 regeneratione
931 5643 1149 5718 purgari
1175 5648 1356 5714 debet,
1385 5664 1448 5702 ac
1473 5645 1664 5702 deinde
1691 5645 1758 5700 ad
1785 5662 1888 5700 cm-

296 5750 416 5802 tcN
446 5742 548 5801 rite
575 5741 852 5804 accedere.
885 5739 1218 5812 Baptismum
1253 5741 1524 5815 βάπτισμα
1549 5737 1758 5803 Graece,
1783 5737 1889 5793 La~

299 5837 411 5900 tine
463 5835 649 5898 tiuctio
697 5835 1108 5906 interpretatur,
1153 5848 1270 5902 qua:
1317 5848 1421 5886 non
1467 5840 1644 5885 tamen
1677 5831 1746 5886 ob
1789 5830 1890 5884 hoc

297 5928 442 6010 quod
475 5928 637 5984 liniue
667 5927 719 5983 in
761 5941 956 6004 aquam
1007 5925 1269 6002 mergitur
1314 5921 1502 5982 tinctio
1544 5923 1762 5992 dicitur,
1795 5921 1889 5980 sed

1927 4659 1976 4718 D

2015 2031 2368 2105 elementum,
2399 2050 2561 2108 super
2591 2037 2733 2106 quod
2763 2036 2926 2090 etiam
2957 2037 3010 2091 in
3041 2037 3310 2116 principio
3336 2037 3616 2096 ferebatur

2016 2123 2252 2198 Spiritus
2299 2136 2537 2180 sanctus.
2583 2125 2718 2180 Nam
2775 2125 2916 2182 sicut
2965 2127 3141 2184 oleum
3194 2129 3428 2184 naturali
3473 2137 3614 2210 pon-

2016 2215 2145 2272 dere
2181 2213 2518 2290 superl‘ertur
2541 2218 2686 2272 omni
2712 2217 2940 2290 liquore,
2980 2219 3054 2273 ita
3092 2218 3143 2276 in
3175 2219 3444 2294 principio
3473 2219 3618 2278 fere-

2011 2305 2175 2399 ba'tur
2199 2307 2434 2382 Spiritus
2459 2317 2680 2366 sanctus
2711 2309 2885 2386 aquis.
2933 2307 3087 2365 Sicut
3114 2327 3254 2388 aqua
3293 2319 3488 2388 purgat
3513 2328 3612 2367 ex-

2013 2399 2184 2456 terius
2221 2416 2438 2474 corpus,
2481 2400 2557 2457 ita
2587 2402 2816 2460 latenter
2857 2401 2974 2472 ejus
3023 2403 3284 2481 mysterio
3312 2419 3409 2480 per
3445 2403 3616 2477 Spiri-

2014 2499 2128 2548 tum
2173 2501 2420 2552 sanctum
2466 2494 2786 2566 puriﬁcatur
2827 2503 2884 2552 et
2913 2493 3146 2562 animus,
3186 2493 3340 2572 cujus
3368 2496 3613 2554 sanctiﬁ-

2013 2587 2158 2646 catio
2199 2588 2273 2646 ita
2304 2595 2408 2646 est.
2447 2585 2702 2647 lnvocato
2733 2587 2876 2644 enim
2909 2587 3020 2643 Deo
3049 2588 3329 2644 descendit
3375 2586 3612 2658 Spiritus

2013 2690 2236 2742 sanctus
2276 2679 2346 2737 de
2372 2681 2550 2750 cmiis,
2581 2689 2636 2738 et
2665 2679 2950 2738 medicatis
2975 2680 3153 2754 aquis,
3182 2680 3486 2737 sanctiﬁcat
3510 2696 3604 2737 eas

2013 2771 2079 2830 de
2109 2770 2424 2844 semetipso,
2451 2781 2508 2828 et
2531 2771 2804 2843 accipiunt
2832 2771 2937 2830 vim
2965 2770 3324 2842 purgationis,
3355 2779 3417 2828 ut
3442 2771 3498 2826 in
3531 2771 3611 2826 eis

2013 2879 2141 2926 caro
2181 2872 2236 2923 et
2279 2863 2458 2924 anima
2487 2864 2698 2924 delictis
2741 2863 3023 2942 inquinata
3052 2866 3362 2920 mundetur.
3394 2865 3614 2921 Utrum-

2009 2973 2117 3028 que
2165 2957 2309 3014 enim
2345 2957 2670 3027 baptizando
2711 2971 2934 3012 necesse
2973 2962 3056 3010 est
3103 2951 3382 3030 adhiberi,
3420 2964 3475 3012 et
3515 2956 3614 3010 ba-

2009 3045 2195 3120 ptismi
2238 3045 2538 3116 lavacrum,
2576 3055 2632 3102 et
2661 3045 2896 3120 Spiritus
2935 3045 3111 3101 sancti
3157 3046 3428 3124 purgatio,
3483 3045 3612 3117 quia

2009 3139 2086 3197 ait
2117 3136 2407 3198 Salvator:
2440 3137 2563 3194 Nisi
2589 3139 2704 3216 quis
2737 3149 2949 3193 renatus
2977 3138 3134 3208 fuerit
3163 3155 3228 3192 ea:
3253 3156 3392 3214 aqua
3416 3147 3464 3194 et
3495 3137 3614 3210 Spi-

2015 3225 2119 3282 ritu
2168 3238 2371 3304 sancto,
2419 3245 2522 3282 non
2559 3237 2724 3302 potest
2760 3228 2976 3282 introire
3007 3227 3061 3282 in
3095 3244 3310 3298 regnum
3350 3225 3466 3282 Dei.
3501 3227 3608 3282 Sed

2013 3327 2142 3374 ante
2189 3317 2553 3394 baptismum,
2604 3318 2977 3380 cateehizandi
3026 3319 3185 3375 debet
3231 3317 3284 3372 in
3334 3317 3608 3375 hominem

2011 3411 2300 3480 pervenire
2346 3409 2607 3476 ofﬁcium,
2652 3415 2712 3470 ut
2746 3408 2867 3463 ﬁdei
2903 3409 3138 3480 primum
3190 3409 3609 3466 eatecbumenus

2010 3503 2240 3572 accipiat
2277 3501 2660 3558 rudimentum.
2708 3500 2840 3556 Nam
2877 3501 2930 3556 in
2977 3500 3269 3574 Evangelio
3308 3503 3606 3558 secundum

2010 3595 2322 3652 Matthteum
2365 3597 2564 3668 legitur
2602 3593 2746 3666 quod
2778 3603 2900 3665 post
2930 3596 3386 3652 resurrectionem
3416 3595 3605 3652 Domi-

2009 3703 2112 3744 nus
2135 3689 2396 3760 apostolis
2423 3685 2745 3760 przeeepcrit
2770 3691 2829 3740 ut
2859 3686 2912 3740 in
2941 3686 3162 3741 nomine
3191 3687 3370 3744 Patris
3399 3696 3454 3744 et
3479 3687 3605 3743 Filii

2009 3788 2064 3837 et
2107 3780 2340 3852 Spiritus
2388 3779 2560 3837 sancti
2610 3779 2897 3846 docerent,
2934 3787 2989 3835 et
3029 3779 3372 3850 baptizarent
3415 3796 3606 3837 omnes

2008 3881 2194 3945 gentes
2224 3871 2436 3946 (Matth.
2470 3871 2616 3947 ult),
2657 3871 2710 3927 id
2737 3878 2840 3936 est,
2871 3871 3024 3942 prius
3048 3885 3148 3941 per
3176 3870 3338 3926 ﬁdem
3365 3871 3460 3927 Dei
3495 3871 3604 3928 illis

2007 3964 2367 4029 insinuarent,
2396 3972 2451 4018 et
2477 3965 2556 4018 sic
2589 3963 2879 4019 credentes
2915 3961 2968 4015 in
2999 3961 3379 4017 remissionem
3413 3975 3605 4032 pecca-

2005 4064 2186 4112 torum
2211 4057 2572 4127 baptizarent.
2607 4055 2722 4112 Hoc
2751 4061 2834 4112 est
2856 4055 3000 4126 quod
3027 4057 3323 4112 secundum
3359 4055 3598 4112 Marcum

2005 4151 2149 4206 idem
2189 4149 2450 4207 Dominus
2493 4149 2688 4223 legitur
2713 4149 3072 4224 praeposuisse
3097 4148 3259 4204 ﬁdem
3303 4149 3602 4220 baptisma-

2001 4243 2096 4308 tis,
2121 4257 2242 4297 cum
2267 4242 2340 4298 ita
2368 4241 2605 4298 dixerit:
2641 4240 2745 4308 Qui
2776 4240 3056 4296 crediderit
3077 4249 3127 4294 et
3160 4239 3457 4312 baptizatus
3488 4240 3602 4311 fue-

2003 4335 2093 4400 rit,
2134 4335 2310 4390 salvus
2349 4337 2480 4399 erit;
2523 4335 2612 4406 qui
2657 4350 2774 4389 vero
2817 4346 2922 4387 non
2955 4332 3234 4387 crediderit
3283 4332 3601 4388 condemno-

2003 4425 2144 4480 bitur
2173 4425 2366 4498 (Marc.
2406 4425 2550 4499 ait).
2581 4425 2669 4494 Et,
2695 4423 2903 4482 Joanne
2929 4431 3086 4488 teste,
3119 4423 3271 4494 prius
3295 4424 3411 4495 ipse
3439 4421 3598 4479 Iesus

2001 4519 2130 4576 caeci
2167 4520 2279 4574 nati
2306 4520 2492 4576 oculos
2536 4519 2654 4575 luto
2683 4533 2751 4574 ex
2779 4524 2939 4595 sputo
2968 4515 3111 4571 facto
3150 4513 3512 4587 superlinivit,
3541 4523 3600 4570 et

2001 4611 2081 4666 sic
2107 4611 2174 4666 ad
2204 4625 2373 4684 aquas
2403 4609 2548 4666 Siioe
2587 4611 2756 4676 misit,
2788 4609 2913 4680 quia
2945 4609 3098 4679 prius
3123 4607 3283 4663 debet
3312 4609 3594 4678 baptizan-

2003 4701 2102 4757 dus
2133 4701 2238 4756 iide
2277 4701 2667 4756 incarnationis
2695 4699 2895 4755 Christi
2933 4697 3150 4763 instrui,
3184 4705 3240 4752 et
3267 4698 3346 4752 sic
3377 4697 3446 4752 ad
3492 4699 3591 4753 ba-

1999 4793 2257 4863 ptismum
2293 4793 2408 4864 jam
2435 4791 2686 4846 credulus
2727 4789 2969 4854 admitti,
3007 4795 3067 4843 ut
3114 4788 3252 4844 ciat
3279 4785 3435 4857 cujus
3459 4801 3586 4860 gra-

2001 4887 2091 4942 tia:
2119 4887 2175 4942 in
2202 4901 2268 4944 eo
2295 4896 2378 4944 est
2405 4886 2695 4958 particeps,
2721 4893 2777 4942 et
2800 4885 2888 4940 cui
2924 4883 3037 4955 jam
3075 4883 3288 4940 debitor
3320 4880 3418 4938 ﬁat
3441 4881 3593 4937 dein-

2002 4992 2130 5048 eeps

2563 5069 2792 5128 CAPUT
2830 5069 3018 5127 XXVI.

2529 5160 2606 5221 De
2642 5161 3048 5220 catcchumenis.

2061 5276 2493 5341 Catecbumenus
2520 5286 2700 5339 autem
2729 5278 2952 5343 dicitur,
2981 5288 3082 5347 pro
3117 5287 3184 5330 eo
3207 5269 3367 5346 'quod
3409 5272 3588 5330 adhuc

1989 5373 2294 5430 doctrinam
2317 5371 2443 5428 ﬁdei
2476 5371 2649 5438 audit,
2681 5371 2912 5426 necdum
2935 5375 3116 5424 tamen
3147 5366 3474 5446 baptismum
3500 5382 3587 5422 re-

1989 5467 2153 5538 cepit.
2188 5464 2323 5520 Nam
2352 5464 2772 5520 eatecbumenus
2803 5461 3198 5542 κατηχούμενος
3225 5458 3415 5516 (ἔπεσε
3437 5501 3452 5526 ,
3481 5459 3585 5514 La-

1995 5559 2107 5614 tine
2131 5558 2345 5612 auditor
2366 5557 2776 5628 interpretatur.
2807 5553 2875 5608 Et
2896 5552 3020 5634 quia
3060 5552 3295 5632 primum
3331 5551 3574 5606 exhorta-

1994 5647 2158 5702 tionis
2185 5653 2512 5718 pncceptutn
2543 5645 2596 5697 in
2625 5642 2744 5714 lege
2771 5645 2888 5702 est:
2922 5639 3082 5706 Audi,
3102 5637 3297 5702 Israel,
3323 5637 3582 5692 Dominus

1993 5737 2137 5792 Deus
2165 5747 2284 5790 tuus
2313 5735 2453 5788 Deus
2475 5751 2610 5788 unus
2633 5743 2707 5787 est
2737 5733 2916 5806 (Deut.
2939 5731 3040 5798 γι),
3067 5730 3192 5785 inde
3223 5738 3306 5784 est
3332 5737 3392 5784 ut
3422 5729 3468 5784 is
3487 5728 3579 5799 qui

1992 5844 2090 5899 per
2118 5827 2451 5882 sacerdotem
2481 5823 2633 5893 quasi
2666 5839 2760 5894 per
2783 5823 3000 5894 Moysen
3027 5821 3170 5875 Deus
3198 5817 3458 5888 loquitur,
3489 5829 3582 5871 ca-

1992 5920 2379 5984 techumenus,
2419 5916 2473 5973 id
2507 5923 2592 5974 est
2635 5916 2860 5974 audiens
2891 5914 3236 5971 nominetur:
3279 5907 3485 5967 scilicet
3519 5915 3580 5968 ut
