3970 6466
1787 262 1839 275 μή.

400 354 502 412 5H

1049 355 1110 410 Β.
1151 354 1407 411 RABANI
1443 350 1664 410 MAURI
1698 348 2018 408 ARCHIEP.
2054 348 2371 411 MOGUNT.
2409 353 2695 411 OPERUM
2732 354 2911 413 PARS
2947 355 2989 410 Ι.

3565 355 3679 413 319.

400 483 590 526 verum
618 481 922 542 agnoscens
944 467 1251 533 Dominum,
1283 467 1553 539 relinquat
1572 479 1792 522 errores
1810 464 1991 519 varios
2017 470 2073 531 Α
2098 465 2446 537 signaturque
2474 468 2589 537 ipse
2619 469 2781 524 homo
2812 467 3089 540 signaculo
3127 475 3329 524 sanctae
3361 476 3543 526 crucis
3575 478 3687 528 tam

399 560 692 618 idolorum.
723 559 861 615 Puto
904 567 1083 615 autem
1118 573 1307 615 omnes
1347 574 1378 612 a
1421 556 1629 613 Joanne
1674 556 1993 626 poenitentia

400 653 724 726 baptizatos,
741 652 1255 708 catechumenorum
1275 650 1577 723 praetulisse
1599 648 1849 721 ﬁguram.
1867 646 1995 704 Post

403 746 823 803 catechumenos
851 751 1060 813 autem,
1102 745 1372 800 secundus
1413 743 1613 815 gradus
1658 750 1743 797 est
1780 755 1996 812 compe-

408 840 655 896 tentiam.
693 838 1076 909 Competentes
1109 845 1288 892 autem
1327 843 1454 891 sunt
1476 834 1570 905 qui
1593 832 1708 903 jam
1743 841 1867 903 post
1900 833 1995 887 do-

402 928 633 984 ctrinam
680 926 840 993 ﬁdei,
890 934 1014 997 post
1062 925 1449 982 continentiam
1478 923 1605 978 vitae
1650 922 1720 977 ad
1764 921 1993 993 gratiam

399 1020 599 1077 Christi
628 1020 1029 1091 percipiendam
1067 1018 1327 1075 festinant
1351 1036 1364 1072 :
1396 1017 1626 1088 ideoque
1653 1015 1995 1086 appellantur

400 1118 805 1183 competentes,
849 1111 902 1165 id
947 1116 1033 1165 est
1061 1109 1287 1181 gratiam
1314 1105 1514 1163 Christi
1551 1113 1815 1175 petentes.
1854 1104 1993 1159 Nam

399 1207 777 1264 catechumeni
808 1217 1015 1261 tantum
1061 1204 1317 1269 audiunt,
1356 1201 1587 1257 necdum
1613 1208 1823 1271 petunt.
1856 1198 1997 1255 Sunt

398 1305 546 1359 enim
594 1303 750 1374 quasi
799 1301 1042 1371 hospites
1069 1309 1124 1355 et
1151 1297 1315 1353 vieini
1356 1295 1633 1362 ﬁdelium,
1671 1292 1873 1349 deforis
1899 1309 1996 1347 au-

402 1396 557 1453 diunt
587 1395 867 1467 mysteria,
896 1394 1123 1449 audiunt
1152 1391 1402 1463 gratiam,
1436 1390 1531 1445 sed
1556 1388 1734 1443 adhuc
1757 1403 1865 1442 non
1901 1401 1995 1457 ap-

398 1488 669 1559 ptllantur
707 1486 911 1542 ﬁdeles.
961 1484 1342 1556 Competentes
1389 1490 1570 1538 autem
1612 1488 1839 1551 petunt,
1878 1476 1994 1548 jam

402 1579 697 1649 accipiunt,
737 1577 852 1646 jam
879 1577 1321 1640 catechizantur,
1356 1575 1409 1629 id
1452 1582 1538 1629 est
1568 1573 1885 1628 imbuuntur
1912 1572 1997 1625 in-

400 1669 703 1724 etructione
727 1667 847 1723 ﬁdei
872 1676 927 1722 et
946 1674 1433 1724 sacramentorum.
1451 1663 1572 1720 Istis
1592 1664 1736 1718 enim
1760 1661 1996 1717 traditur

399 1760 639 1816 salutare
672 1759 736 1832 S)
752 1759 989 1815 mbolum
1011 1801 1025 1826 ,
1056 1759 1211 1830 quasi
1238 1756 1712 1813 commonitorium
1751 1753 1907 1818 ﬁdei,
1939 1759 1997 1809 et

403 1860 605 1908 sancta:
648 1850 1007 1907 confessionis
1038 1849 1332 1914 indicium,
1382 1863 1491 1918 quo
1532 1844 1784 1901 instructi
1830 1858 1995 1916 agno-

397 1951 554 2000 scant
577 1942 767 2014 quales
785 1942 898 2014 jam
939 1942 1006 1997 ad
1028 1941 1262 2014 gratiam
1288 1938 1492 1995 Christi
1529 1937 1789 1993 exhibere
1815 1950 1875 1990 se
1904 1936 1995 1990 de-

398 2040 583 2094 beant.
614 2034 921 2091 Notandum
950 2041 1129 2089 autem
1155 2031 1301 2104 quod
1339 2032 1395 2086 in
1426 2029 1656 2086 ecclesia
1696 2025 1995 2082 Salvatoris

396 2127 786 2201 parvulorum,
814 2128 905 2198 qui
949 2142 1047 2196 per
1070 2133 1284 2181 aetatem
1320 2138 1422 2178 nec
1462 2122 1640 2177 adhuc
1680 2120 1997 2176 renuntiare

401 2216 616 2274 diabolo
640 2232 741 2273 nec
772 2214 994 2273 credere
1028 2216 1084 2270 in
1114 2215 1282 2270 Deum
1313 2221 1573 2285 possunt,
1602 2226 1702 2282 per
1738 2211 1903 2267 corda
1941 2221 1998 2266 et

399 2324 497 2364 ora
517 2309 846 2380 gestantium
876 2307 1019 2363 salus
1046 2306 1427 2377 adimpleatur,
1458 2302 1586 2373 quia
1627 2311 1683 2357 et
1726 2302 1780 2357 in
1824 2302 1998 2357 Evan-

399 2399 539 2471 gelio
579 2398 777 2470 legitur
806 2397 949 2468 quod
988 2396 1145 2452 Jesus
1183 2396 1346 2451 ﬁdem
1390 2394 1608 2450 illorum
1651 2394 1868 2450 intuens
1904 2395 1997 2464 qui

400 2493 758 2563 paralyticum
806 2493 875 2546 ad
917 2491 1216 2546 sanandum
1262 2489 1367 2545 sibi
1421 2486 1750 2555 aﬁ‘erebant,
1800 2488 1998 2543 dixerit

402 2584 505 2653 ipsi
533 2601 545 2635 :
581 2581 778 2648 Homo,
803 2581 1138 2636 remittuntur
1163 2581 1255 2635 tibi
1283 2590 1496 2652 peccata
1518 2590 1609 2635 tua
1634 2579 1850 2651 (Matth.
1877 2580 1954 2651 rx)
1977 2599 1992 2647 ;

402 2682 456 2727 ct
476 2673 619 2743 quod
648 2672 816 2727 ﬁlium
839 2671 1015 2727 vidua:
1043 2687 1073 2725 a
1101 2673 1330 2727 mortuis
1354 2671 1660 2737 suscitavit,
1687 2671 1997 2727 misericor-

402 2763 489 2817 dia
524 2770 701 2818 motus
732 2778 894 2834 super
925 2778 1012 2818 ea.
1060 2761 1403 2817 Manifestum
1436 2763 1582 2817 enim
1610 2763 1755 2832 quod
1782 2762 1994 2832 parvuli

398 2856 542 2911 sicut
568 2871 636 2911 ex
667 2855 788 2911 aliis
809 2871 874 2912 ea
914 2871 1035 2927 quae
1067 2855 1172 2911 illis
1202 2855 1551 2911 remittuntur
1591 2856 1647 2909 in
1693 2856 1991 2926 baptismo,

399 2955 625 3017 peccata
653 2955 954 3014 traxerunt,
996 2949 1077 3004 sic
1122 2956 1176 3003 et
1207 2964 1304 3020 per
1328 2948 1462 3005 alios
1490 2948 1558 3005 ad
1599 2948 1827 3005 salutem
1870 2963 1992 3004 ere-

402 3040 556 3094 dunt.
588 3037 699 3093 Nec
724 3039 867 3094 enim
890 3040 1168 3108 siquidem
1196 3042 1331 3095 muti
1360 3050 1417 3096 et
1453 3041 1627 3105 surdi,
1652 3041 1743 3110 qui
1774 3054 1876 3096 nec
1901 3056 1996 3094 au-

400 3130 517 3185 dire
544 3144 722 3201 neque
742 3130 986 3201 proﬁteri
1009 3131 1169 3187 ﬁdem
1191 3141 1437 3202 possunt,
1458 3131 1526 3186 ab
1549 3131 1818 3201 aliquibus
1840 3130 1994 3186 Chri-

2097 558 2151 613 in
2177 558 2356 615 fronte
2384 575 2549 630 quam
2579 561 2634 616 in
2661 561 2842 625 corde,
2877 570 2935 617 ut
2971 561 3087 630 ipse
3113 568 3360 631 apostata
3399 561 3688 631 diabolus,

2096 649 2150 703 in
2176 665 2303 704 vase
2330 666 2428 707 suo
2465 651 2701 721 pristino
2735 666 2847 705 sua:
2875 650 3310 721 interemptionis
3350 665 3691 723 cognoscens

2096 741 2332 813 signum,
2353 743 2467 813 jam
2493 743 2595 799 sibi
2622 743 2877 813 deinceps
2909 744 3046 798 sciat
3088 741 3218 797 illud
3258 757 3381 798 esse
3425 744 3689 800 alienum.

2094 833 2304 889 Exinde
2341 833 2455 903 jam
2496 834 2752 891 dicuntur
2781 851 2944 907 super
2972 851 3097 891 eum
3136 836 3435 902 orationes,
3486 845 3550 890 ut
3598 836 3692 892 ﬁat

2096 925 2534 981 catechumenus.
2579 926 2730 982 Tunc
2758 928 2916 982 datur
2945 928 2995 982 ei
3024 927 3103 982 sal
3130 928 3476 983 benedictum
3512 928 3568 982 in
3596 945 3691 997 os,

2095 1023 2156 1069 ut
2194 1031 2293 1087 per
2336 1017 2415 1072 sal
2445 1017 2681 1088 typicum
2716 1018 2993 1088 sapientia:
3040 1017 3152 1073 sale
3200 1018 3481 1082 conditus,
3516 1018 3693 1075 fetore

2097 1115 2283 1163 careat
2326 1108 2660 1178 iniquitatis,
2710 1118 2764 1164 et
2814 1124 2915 1165 nec
2949 1125 2980 1163 a
3018 1110 3296 1166 vermibus
3337 1120 3693 1181 peccatorum

2096 1197 2237 1254 ultra
2265 1199 2543 1271 putreﬁat,
2576 1201 2672 1256 sed
2703 1202 2876 1274 magis
2907 1202 3104 1258 illzesus
3134 1212 3380 1258 servetur
3414 1204 3484 1257 ad
3525 1205 3696 1273 majo—

2097 1307 2211 1347 rem
2241 1294 2467 1364 gratiam
2494 1296 2913 1365 percipiendam.
2956 1297 3159 1352 Debinc
3194 1297 3389 1352 iterum
3417 1300 3693 1354 exorciza-

2098 1392 2188 1438 tur
2217 1384 2477 1450 diabolus,
2492 1393 2553 1439 ut
2574 1399 2726 1440 suam
2752 1385 3049 1455 nequitiam
3072 1401 3394 1457 agnoscens,
3414 1388 3696 1457 etjustum

2099 1490 2261 1546 super
2290 1491 2348 1531 se
2368 1475 2633 1547 judicium
2662 1476 2759 1531 Dei
2800 1477 3019 1544 timens,
3052 1479 3275 1534 recedat
3320 1480 3388 1534 ab
3436 1481 3699 1547 homine,

2098 1584 2200 1623 nec
2224 1568 2337 1638 jam
2361 1568 2652 1624 contendat
2696 1584 2821 1623 eum
2859 1575 2977 1622 arte
3006 1584 3101 1623 sua
3126 1569 3469 1636 subvertere,
3504 1587 3575 1626 ne
3604 1573 3701 1625 ba-

2098 1661 2356 1732 ptismum
2384 1672 2770 1731 consequatur,
2801 1660 2894 1716 sed
2915 1661 3088 1731 magis
3112 1663 3376 1716 honorem
3409 1663 3524 1717 Deo
3549 1678 3703 1717 etea-

2101 1752 2205 1807 tori
2241 1768 2339 1808 suo
2359 1754 2640 1817 exhibens,
2677 1753 2867 1807 reddat
2913 1769 3050 1824 opus
3098 1752 3291 1808 factori
3331 1769 3450 1809 suo.
3496 1753 3701 1808 Postea

2021 1869 2071 1929 B
2101 1851 2396 1915 tanguntur
2417 1844 2469 1898 ei
2504 1858 2665 1899 nares
2686 1852 2741 1897 et
2772 1859 2934 1899 aures
2956 1860 3079 1898 cum
3106 1844 3303 1910 saliva,
3338 1853 3392 1899 et
3419 1845 3623 1900 dicitur
3652 1846 3702 1899 ei

2100 1936 2231 1992 illud
2256 1936 2482 1991 verbum
2513 1936 2884 2007 evangelicum
2916 1936 3061 2007 quod
3089 1935 3281 2003 Jesus,
3320 1936 3545 2008 quando
3581 1952 3704 1990 sur.

2099 2028 2227 2083 dum
2263 2036 2320 2082 et
2362 2035 2572 2081 mutum
2599 2028 2808 2083 sanavit
2840 2035 3067 2099 tangens
3109 2043 3234 2083 cum
3266 2036 3427 2099 sputo
3456 2029 3706 2100 linguam

2099 2118 2238 2189 ejus,
2271 2125 2326 2174 et
2352 2120 2573 2175 mittens
2600 2119 2796 2190 digitos
2824 2134 2951 2175 suos
2980 2120 3036 2174 in
3066 2120 3341 2176 auriculas
3358 2120 3500 2191 ejus,
3526 2120 3703 2176 dixit:

2097 2213 2324 2284 Epheta,
2353 2213 2492 2284 quod
2522 2221 2629 2279 est,
2670 2212 2947 2283 adaperire
2975 2211 3179 2285 (Marc.
3226 2212 3359 2285 vn).
3399 2212 3514 2269 Hoc
3555 2214 3705 2268 enim

2099 2312 2500 2359 sacramentum
2525 2303 2614 2359 hic
2642 2305 2838 2374 agitur,
2877 2312 2937 2359 ut
2963 2320 3063 2376 per
3087 2305 3310 2361 salivam
3344 2307 3588 2377 typieam
3616 2322 3705 2360 sa-

2099 2397 2338 2453 cerdotis
2365 2405 2652 2452 ct.tactum
2683 2398 2949 2469 sapientia
2974 2406 3030 2453 et
3057 2398 3230 2453 virtus
3257 2398 3439 2453 divina
3466 2400 3705 2455 salutem

2098 2488 2340 2558 ejusdem
2371 2489 2748 2544 catechumeni
2781 2498 3053 2560 Operetur,
3087 2499 3147 2545 ut
3176 2491 3495 2561 aperiantur
3516 2492 3573 2546 ei
3605 2507 3707 2546 na-

2098 2592 2188 2633 res
2214 2580 2281 2633 ad
2308 2578 2684 2650 accipiendum
2715 2580 2938 2636 odorem
2970 2582 3175 2636 notitia:
3206 2582 3324 2647 Dei,
3356 2591 3416 2637 ut
3442 2583 3705 2653 aperian-

2099 2678 2188 2724 tur
2214 2670 2291 2725 illi
2321 2679 2376 2725 et
2414 2686 2575 2727 aures
2604 2671 2674 2727 ad
2699 2673 3028 2728 audiendum
3059 2675 3310 2730 mandata
3341 2673 3484 2741 Dei,_
3505 2690 3706 2730 sensu-

2098 2777 2204 2832 que
2232 2763 2423 2818 intimo
2451 2764 2630 2819 cordis
2660 2766 3051 2834 reponendum.
3084 2765 3290 2823 Deinde
3316 2768 3707 2823 benedictione

2098 2856 2421 2911 sacerdotali
2462 2858 2724 2924 munitur,
2753 2866 2813 2912 ut
2848 2860 2914 2914 ad
2943 2874 3157 2914 sacrum
3198 2861 3531 2931 baptismum
3575 2877 3706 2917 cum

2097 2944 2205 3003 ﬁde
2230 2956 2453 3019 accepta
2481 2948 2840 3004 custodiatur.
2886 2949 3130 3021 Ungetur
3163 2951 3306 3007 illius
3336 2961 3466 3006 tunc
3506 2963 3707 3023 pectus

2096 3041 2163 3097 de
2190 3040 2311 3095 oleo
2336 3040 2674 3097 sanctiﬁcata
2714 3057 2837 3096 cum
2885 3043 3227 3099 invocatione
3272 3055 3473 3101 sancta:
3513 3045 3705 3099 Trini-

2096 3135 2247 3200 tatis,
2280 3143 2339 3189 ut
2366 3134 2524 3190 nullae
2561 3134 2803 3205 reliquiae
2833 3136 3063 3191 latentes
3094 3137 3298 3192 inimici
3345 3138 3398 3192 in
3443 3154 3511 3194 eo
3553 3140 3701 3194 resi-

403 3225 595 3281 stianis
625 3226 693 3282 ad
720 3225 1107 3296 baptizandum
1132 3225 1465 3293 offeruntur,
1495 3239 1594 3297 per
1619 3223 1993 3280 credulitatem
2022 3235 2067 3300 C
2098 3229 2282 3295 deant,
2315 3229 2407 3284 sed
2448 3228 2504 3283 in
2545 3227 2650 3283 ﬁde
2681 3238 2881 3285 sancta:
2913 3228 3196 3285 Trinitatis
3224 3246 3380 3286 mens
3407 3228 3525 3298 ejus
3556 3247 3700 3286 con-

400 3316 742 3373 oﬁ'erentium
774 3319 974 3374 salvari
1006 3320 1325 3386 creduntur,
1356 3319 1482 3389 quia
1514 3332 1623 3372 non
1647 3317 1863 3372 obsistit
1884 3332 1995 3372 om-

402 3408 699 3480 nipotentis
726 3409 824 3467 Dei
850 3412 1041 3484 gratia:
1062 3420 1271 3468 natura:
1296 3410 1591 3466 inﬁrmitas
1620 3411 1891 3466 humanae.

957 3524 1185 3583 CAPUT
1224 3525 1437 3584 XXVII.

841 3615 922 3672 De
950 3617 1311 3672 catechizandi
1337 3618 1541 3673 ordine.

476 3705 863 3764 Catecbizandi
884 3708 1030 3764 enim
1050 3708 1184 3764 ordo
1212 3708 1302 3763 hic
1330 3717 1446 3764 est:
1488 3708 1731 3764 Primum
1761 3707 1991 3764 interro—

402 3780 562 3874 gatur
602 3815 844 3873 paganus
892 3800 938 3855 si
982 3800 1329 3856 abrenuntiat
1372 3800 1587 3855 diabolo
1635 3808 1692 3855 et
1739 3800 1992 3855 omnibus

402 3892 680 3948 damnosis
708 3890 826 3961 ejus
862 3890 1116 3962 operibus
1151 3898 1313 3960 atque
1342 3890 1624 3946 fallacibus
1652 3891 1898 3962 pompis,
1932 3898 1993 3945 ut

401 3990 641 4061 primum
686 3996 905 4060 respuat
946 4002 1222 4054 errorem,
1261 3994 1315 4042 et
1359 3988 1437 4043 sic
1485 3987 1881 4057 appropinquet
1921 3986 1990 4042 ad

401 4082 709 4147 veritatem,
737 4080 1014 4151 possitque
1033 4078 1188 4149 juxta
1213 4078 1529 4151 Apostolum
1553 4078 1824 4149 deponere
1842 4086 1993 4135 vete-

402 4190 522 4232 rem
551 4174 828 4230 hominem
865 4172 1160 4229 secundum
1181 4172 1472 4243 pristinam
1497 4172 1984 4239 conversationem,

404 4266 499 4337 qui
532 4264 899 4335 corrumpitur
927 4264 1223 4321 secundum
1256 4263 1523 4318 desideria
1550 4264 1784 4329 erroris,
1820 4263 1987 4318 abne-

402 4372 539 4429 gans
567 4356 895 4426 impietatem
931 4363 986 4410 et
1012 4352 1292 4411 saecularia
1326 4353 1613 4409 desideria.
1640 4353 1843 4409 Deinde
1865 4369 1991 4425 apo-

401 4447 608 4505 StOliCtB
646 4447 771 4503 ﬁdei
799 4446 1103 4503 ostenditur
1137 4447 1187 4502 ei
1216 4444 1531 4517 Symbolum
1552 4485 1567 4510 ,
1594 4453 1651 4500 et
1688 4445 1991 4515 exquiritur

400 4540 470 4595 ab
497 4553 562 4595 eo
587 4539 632 4595 si
659 4538 844 4595 credat
865 4540 919 4593 in
945 4538 1113 4595 Deum
1144 4538 1362 4594 Patrem
1386 4538 1835 4610 omnipotentem,
1856 4547 1913 4595 et
1934 4539 1989 4594 in

2098 3322 2347 3379 fortetur.
2379 3320 2625 3393 Ungetur
2653 3330 2709 3377 et
2736 3323 2881 3377 inter
2923 3321 3172 3393 scapulas
3202 3321 3269 3377 de
3301 3323 3493 3378 eodem
3539 3323 3700 3389 oleo,

2096 3426 2158 3472 ut
2178 3417 2417 3486 undique
2444 3415 2744 3483 muniatur,
2772 3424 2828 3471 et
2855 3415 2924 3471 ab
2956 3416 3098 3472 bona
3123 3430 3291 3486 opera
3317 3414 3569 3473 facienda
3600 3433 3703 3489 per

2099 3506 2192 3567 Dei
2218 3509 2447 3581 gloriam
2477 3510 2785 3566 roboretur.

2648 3600 2879 3658 CAPUT
2914 3600 3150 3657 XXVIII.

2214 3693 2290 3749 De
2324 3695 2575 3749 tinctione
2601 3694 2870 3766 baptismi,
2901 3702 2948 3747 et
2977 3694 3223 3748 unctione
3249 3694 3571 3749 chrismatis.

2163 3785 2293 3841 Post
2322 3787 2441 3842 haec
2474 3786 2643 3858 igitur
2666 3793 3020 3843 consecratus
3048 3786 3192 3851 fons,
3217 3794 3273 3841 et
3296 3786 3366 3842 ad
3394 3786 3575 3856 ipsum
3604 3787 3701 3842 ba-

2093 3877 2357 3948 ptismum
2407 3879 2838 3935 catechumenus
2876 3879 3117 3944 accedit,
3164 3885 3219 3934 et
3252 3878 3331 3934 sic
3370 3876 3427 3932 in
3470 3879 3700 3935 nomine

2094 3988 2296 4033 sanctae
2325 3976 2611 4033 Trinitatis
2655 3977 2800 4033 trina
2838 3975 3217 4032 submersione
3256 3974 3586 4046 baptizatur.
3630 3975 3702 4031 Et

2093 4077 2241 4125 recte
2264 4069 2448 4135 homo,
2469 4068 2563 4139 qui
2592 4067 2658 4123 ad
2687 4068 2979 4139 imaginem
3010 4076 3214 4123 sancta:
3249 4066 3535 4122 Trinitatis
3555 4084 3697 4122 con-

2092 4161 2239 4217 ditus
2285 4170 2395 4227 est,
2444 4176 2543 4232 per
2588 4161 2985 4217 invocationem
3040 4168 3245 4216 sanctae
3296 4158 3579 4215 Trinitatis
3623 4162 3697 4218 ad

2092 4252 2338 4308 eamdem
2382 4258 2678 4307 renovatur
2722 4251 3012 4322 imaginem
3036 4292 3051 4317 ,
3087 4257 3143 4306 et
3184 4250 3278 4320 qui
3315 4250 3476 4306 tertio
3519 4251 3693 4322 gradu

2090 4345 2322 4416 peccati,
2355 4345 2410 4400 id
2445 4355 2552 4409 est,
2584 4361 2854 4401 consensu
2884 4345 3081 4401 cecidit
3127 4344 3182 4400 in
3223 4354 3454 4403 mortem
3476 4388 3492 4412 ,
3525 4348 3696 4405 tertio

2091 4438 2334 4495 elevatus
2372 4438 2438 4494 de
2478 4437 2627 4494 fonte
2666 4454 2763 4509 per
2806 4438 3039 4510 gratiam
3087 4448 3337 4509 resurgat
3384 4439 3453 4494 ad
3492 4441 3689 4496 vitam.

2092 4530 2280 4587 Potest
2301 4540 2357 4587 et
2382 4531 2497 4586 haec
2527 4530 2668 4585 trina
2697 4530 2901 4585 mersio
2930 4529 3237 4585 triduanam
3264 4530 3479 4585 Domini
3508 4531 3695 4601 sepul-

399 4630 585 4687 Jesum
611 4630 891 4687 Christum
917 4630 1114 4685 Filium
1147 4628 1265 4700 ejus
1299 4629 1519 4685 unicum
1562 4629 1850 4685 Dominum
1890 4645 1989 4685 no-
2010 4613 2066 4674 Β
2091 4632 2270 4680 turam
2299 4624 2629 4696 signiﬁcare,
2654 4623 2890 4679 maxime
2907 4638 3029 4678 cum
3052 4621 3186 4677 dicit
3208 4622 3529 4693 Apostolus:
3558 4623 3693 4690 Qui-

401 4736 597 4792 strum,
621 4734 678 4780 et
710 4726 764 4779 in
788 4722 1049 4795 Spiritum
1080 4733 1347 4790 sanctum,
1379 4738 1547 4778 unum
1594 4722 1762 4778 Deum
1803 4722 1859 4778 in
1888 4722 1987 4778 tri-

410 4822 570 4879 aitate
598 4828 653 4876 et
675 4819 915 4886 unitate;
939 4821 986 4875 si
1012 4819 1335 4875 conﬁteatur
1358 4835 1522 4874 unam
1547 4833 1668 4873 esse
1686 4817 1984 4874 Ecclesiam

400 4911 744 4977 catholicam,
766 4920 821 4966 et
840 4910 885 4967 si
912 4912 1098 4966 credat
1125 4911 1501 4966 remissionem
1536 4918 1906 4980 peccatorum,
1931 4917 1987 4964 et

399 5002 580 5059 carnis
604 5002 1077 5059 resurrectionem.
1107 4999 1234 5056 Haec
1259 5016 1387 5073 ergo
1417 5001 1597 5056 omnia
1630 5000 1678 5056 si
1702 5016 1830 5056 vere
1854 5015 1983 5069 pro-

398 5093 583 5149 ﬁtetur
612 5093 854 5160 credere,
879 5091 992 5162 jam
1019 5092 1204 5162 incipit
1226 5108 1320 5162 per
1346 5093 1506 5147 ﬁdem
1545 5091 1772 5147 induere
1798 5108 1986 5147 nouum

398 5186 683 5252 hominem,
711 5185 803 5257 qui
828 5183 1115 5240 secundum
1145 5182 1313 5238 Deum
1340 5193 1546 5238 creatus
1575 5193 1672 5249 est,
1695 5185 1752 5239 in
1776 5184 1987 5254 justitia

398 5286 447 5332 et
494 5278 775 5332 sanctitate
817 5273 1084 5340 veritatis,
1135 5289 1240 5343 quo
1288 5282 1470 5329 tamen
1515 5274 1669 5346 plene
1715 5274 1987 5343 induitur,

401 5367 619 5441 quando
646 5381 747 5438 per
773 5364 1031 5435 baptismi
1057 5364 1333 5421 lavacrum
1357 5376 1726 5438 regeneratur.
1749 5368 1819 5423 At
1843 5377 1989 5440 post-

399 5474 565 5531 quam
613 5471 673 5513 se
717 5471 818 5527 per
867 5455 1262 5513 confessionem
1310 5472 1451 5514 verae
1499 5458 1622 5516 ﬁdei
1668 5461 1720 5515 in
1766 5461 1988 5517 alterius

400 5547 864 5607 cummendaverit
897 5548 1216 5616 dominium,
1246 5558 1299 5605 et
1327 5566 1424 5622 per
1456 5552 1981 5609 abrenuntiationcm

399 5640 601 5712 prioris
624 5640 953 5711 possessoris
980 5655 1040 5698 se
1065 5639 1379 5698 alienaverit
1405 5644 1644 5709 servitio,
1669 5644 1982 5700 exsuﬁlatur

402 5733 472 5788 ab
493 5749 561 5790 eo
588 5748 731 5790 saeva
759 5742 1029 5806 potestas,
1058 5744 1117 5791 ut
1140 5750 1237 5807 per
1264 5736 1410 5807 pium
1452 5737 1753 5793 sacerdotis
1782 5745 1982 5809 myste-

403 5824 547 5883 rium
569 5825 794 5899 Spiritui
819 5835 1008 5885 sancto
1034 5828 1190 5886 cedat
1216 5826 1426 5901 fugiens
1447 5829 1670 5901 Spiritus
1692 5828 1979 5901 malignus,

2091 4732 2293 4787 cunque
2337 4715 2587 4787 baptizati
2631 4731 2811 4769 sumus
2857 4714 2913 4768 in
2962 4711 3170 4767 Christo
3213 4712 3375 4779 Jesu,
3419 4714 3477 4768 in
3521 4726 3693 4769 morte

2089 4807 2254 4878 ipsius
2290 4808 2542 4879 baptizati
2585 4824 2799 4873 sumus,
2847 4804 3135 4876 consepulti
3174 4804 3312 4859 enim
3354 4821 3539 4859 sumus
3567 4822 3688 4860 cum

2090 4901 2183 4957 illo
2226 4920 2317 4975 per
2359 4903 2671 4975 baptismum
2713 4903 2769 4957 in
2810 4912 3009 4967 morte,
3055 4911 3111 4955 ut
3154 4899 3415 4973 quomodo
3455 4902 3688 4955 surrexit

2092 4994 2331 5051 Christus
2358 5014 2392 5051 a
2427 4997 2647 5051 mortuis
2681 5013 2773 5067 per
2811 4996 3035 5067 gloriam
3072 4994 3283 5061 Patris,
3315 4994 3393 5049 ita
3419 5004 3469 5049 et
3497 4992 3594 5049 nes
3632 4995 3687 5049 in

2091 5091 2318 5145 novitate
2346 5092 2464 5146 vita:
2484 5090 2831 5146 ambulemus.
2867 5089 2928 5146 Si
2957 5094 3095 5146 enim
3122 5080 3464 5162 complantati
3500 5106 3685 5145 sumus

2085 5183 2419 5238 similitudini
2439 5185 2621 5238 mortis
2643 5185 2778 5254 ejus,
2796 5185 2955 5239 simul
2976 5196 3023 5239 et
3045 5185 3440 5240 resurrectionis
3461 5184 3682 5239 erimus.

2086 5274 2153 5330 Et
2200 5276 2427 5346 reliqua.
2476 5275 2703 5346 Oportet
2748 5291 2879 5349 ergo
2922 5291 3045 5331 eum
3097 5274 3438 5331 invocatione
3478 5282 3684 5329 sancta:

2084 5366 2368 5422 Trinitatis
2393 5367 2492 5423 sub
2516 5368 2656 5423 trina
2694 5366 2962 5422 mersione
2985 5367 3314 5437 baptismum
3353 5363 3547 5420 conﬁci
3570 5406 3587 5431 ,
3624 5373 3682 5419 ut

2084 5460 2379 5514 secundum
2420 5474 2776 5529 personarum
2822 5459 3179 5516 differentiam
3225 5459 3550 5531 mysterium
3586 5459 3682 5514 ba-

2084 5552 2269 5623 ptismi
2297 5550 2617 5618 celebretur,
2657 5560 2709 5607 et
2741 5552 3036 5608 secundum
3061 5552 3323 5607 unitatem
3359 5551 3679 5607 substantia:

2086 5660 2254 5700 unum
2295 5645 2561 5715 baptisma
2608 5644 2721 5711 ﬁat,
2767 5644 2909 5700 unde
2964 5645 3098 5700 dicit
3140 5643 3435 5714 Apostolus
3477 5661 3491 5696 :
3528 5639 3674 5697 Unus

2086 5737 2363 5804 Dominus,
2410 5753 2515 5791 una
2577 5736 2740 5805 ﬁdes,
2790 5753 2952 5791 unum
2992 5737 3265 5807 baptisma.
3321 5732 3389 5791 Et
3441 5733 3669 5805 reliqua.

2084 5829 2375 5898 Postquam
2396 5828 2541 5886 enim
2561 5828 2867 5886 ascenderit
2887 5828 3191 5900 baptizatus
3213 5828 3279 5885 de
3301 5826 3471 5895 fonte,
3487 5826 3670 5883 statim
