  <div class='ocr_page' id='page_1' title='image "/cluster/home/n/w/nwhite01/storage/ocr_20150623/107/hvd.32044015466832/162.png"; bbox 0 0 3970 6442; ppageno 0'>
   <div class='ocr_carea' id='block_1_1' title="bbox 215 408 315 470">
    <p class='ocr_par' dir='ltr' id='par_1_1' title="bbox 215 408 315 470">
     <span class='ocr_line' id='line_1_1' title="bbox 215 408 315 470; baseline -0.05 -1"><span class='ocrx_word' id='word_1_1' title='bbox 215 408 315 470; x_wconf 72' lang='grc'><strong>315</strong></span> 
     </span>
    </p>
   </div>
   <div class='ocr_carea' id='block_1_2' title="bbox 1005 394 2664 490">
    <p class='ocr_par' dir='ltr' id='par_1_2' title="bbox 1005 394 2664 490">
     <span class='ocr_line' id='line_1_2' title="bbox 1005 394 2664 490; baseline 0.001 -33"><span class='ocrx_word' id='word_1_2' title='bbox 1005 399 1095 457; x_wconf 86' lang='lat' dir='ltr'><strong>DE</strong></span> <span class='ocrx_word' id='word_1_3' title='bbox 1131 397 1578 457; x_wconf 80' lang='lat' dir='ltr'><strong>CLERICORUM</strong></span> <span class='ocrx_word' id='word_1_4' title='bbox 1614 394 2122 469; x_wconf 84' lang='lat' dir='ltr'><strong>INSTITUTIONE,</strong></span> <span class='ocrx_word' id='word_1_5' title='bbox 2160 400 2312 457; x_wconf 87' lang='lat' dir='ltr'><strong>ETC.</strong></span> <span class='ocrx_word' id='word_1_6' title='bbox 2355 430 2426 443; x_wconf 88' lang='lat'><strong>--</strong></span> <span class='ocrx_word' id='word_1_7' title='bbox 2456 401 2584 458; x_wconf 88' lang='lat' dir='ltr'><strong>LIB.</strong></span> 
     </span>
    </p>
   </div>
   <div class='ocr_carea' id='block_1_3' title="bbox 3377 409 3481 466">
    <p class='ocr_par' dir='ltr' id='par_1_3' title="bbox 3377 409 3481 466">
     <span class='ocr_line' id='line_1_3' title="bbox 3377 409 3481 466; baseline 0.029 -3"><span class='ocrx_word' id='word_1_8' title='bbox 3377 409 3481 466; x_wconf 73' lang='lat' dir='ltr'><strong>3M</strong></span> 
     </span>
    </p>
   </div>
   <div class='ocr_carea' id='block_1_4' title="bbox 214 515 3479 600">
    <p class='ocr_par' dir='ltr' id='par_1_4' title="bbox 214 515 3479 600">
     <span class='ocr_line' id='line_1_4' title="bbox 214 515 3479 600; baseline -0.001 -16"><span class='ocrx_word' id='word_1_9' title='bbox 214 529 450 600; x_wconf 74' lang='lat' dir='ltr'><strong>signatur</strong></span> <span class='ocrx_word' id='word_1_10' title='bbox 472 520 530 578; x_wconf 90' lang='lat' dir='ltr'><strong>in</strong></span> <span class='ocrx_word' id='word_1_11' title='bbox 568 519 795 577; x_wconf 80' lang='lat' dir='ltr'><strong>cerebro</strong></span> <span class='ocrx_word' id='word_1_12' title='bbox 839 532 871 573; x_wconf 94' lang='lat' dir='ltr'><strong>a</strong></span> <span class='ocrx_word' id='word_1_13' title='bbox 908 518 1227 590; x_wconf 71' lang='lat' dir='ltr'><strong>presbytero</strong></span> <span class='ocrx_word' id='word_1_14' title='bbox 1270 532 1393 573; x_wconf 89' lang='lat' dir='ltr'><strong>cum</strong></span> <span class='ocrx_word' id='word_1_15' title='bbox 1433 532 1589 573; x_wconf 90' lang='lat' dir='ltr'><strong>sacro</strong></span> <span class='ocrx_word' id='word_1_16' title='bbox 1642 515 1789 572; x_wconf 87' lang='lat' dir='ltr'><strong>chri—</strong></span> <span class='ocrx_word' id='word_1_17' title='bbox 1813 515 1868 577; x_wconf 66' lang='grc' dir='ltr'>Α</span> <span class='ocrx_word' id='word_1_18' title='bbox 1891 524 1947 572; x_wconf 89' lang='lat' dir='ltr'><strong>et</strong></span> <span class='ocrx_word' id='word_1_19' title='bbox 1974 518 2274 573; x_wconf 79' lang='lat' dir='ltr'><strong>resurrexit</strong></span> <span class='ocrx_word' id='word_1_20' title='bbox 2301 534 2400 590; x_wconf 88' lang='lat' dir='ltr'><strong>pro</strong></span> <span class='ocrx_word' id='word_1_21' title='bbox 2420 519 2595 575; x_wconf 91' lang='lat' dir='ltr'><strong>nobis.</strong></span> <span class='ocrx_word' id='word_1_22' title='bbox 2621 519 2926 578; x_wconf 90' lang='lat' dir='ltr'><strong>Dicitenim</strong></span> <span class='ocrx_word' id='word_1_23' title='bbox 2954 522 3070 593; x_wconf 91' lang='lat' dir='ltr'><strong>ipsa</strong></span> <span class='ocrx_word' id='word_1_24' title='bbox 3100 524 3349 582; x_wconf 81' lang='lat' dir='ltr'><strong>Veritas:</strong></span> <span class='ocrx_word' id='word_1_25' title='bbox 3374 528 3479 596; x_wconf 83' lang='lat' dir='ltr'><strong>Qui</strong></span> 
     </span>
    </p>
   </div>
   <div class='ocr_carea' id='block_1_5' title="bbox 211 606 3474 692">
    <p class='ocr_par' dir='ltr' id='par_1_5' title="bbox 211 606 3474 692">
     <span class='ocr_line' id='line_1_5' title="bbox 211 606 3474 692; baseline 0.001 -17"><span class='ocrx_word' id='word_1_26' title='bbox 211 626 406 681; x_wconf 71' lang='lat' dir='ltr'><strong>amate,</strong></span> <span class='ocrx_word' id='word_1_27' title='bbox 454 621 714 683; x_wconf 76' lang='lat' dir='ltr'><strong>sequente</strong></span> <span class='ocrx_word' id='word_1_28' title='bbox 743 608 982 665; x_wconf 87' lang='lat' dir='ltr'><strong>simulet</strong></span> <span class='ocrx_word' id='word_1_29' title='bbox 1007 609 1272 675; x_wconf 86' lang='lat' dir='ltr'><strong>oratione,</strong></span> <span class='ocrx_word' id='word_1_30' title='bbox 1300 617 1359 665; x_wconf 90' lang='lat' dir='ltr'><strong>ut</strong></span> <span class='ocrx_word' id='word_1_31' title='bbox 1396 609 1550 680; x_wconf 89' lang='lat' dir='ltr'><strong>regni</strong></span> <span class='ocrx_word' id='word_1_32' title='bbox 1585 606 1790 663; x_wconf 87' lang='lat' dir='ltr'><strong>Christi</strong></span> <span class='ocrx_word' id='word_1_33' title='bbox 1890 610 2176 666; x_wconf 86' lang='lat' dir='ltr'><strong>mandueat</strong></span> <span class='ocrx_word' id='word_1_34' title='bbox 2210 630 2380 668; x_wconf 85' lang='lat' dir='ltr'><strong>meam</strong></span> <span class='ocrx_word' id='word_1_35' title='bbox 2421 632 2631 670; x_wconf 86' lang='lat' dir='ltr'><strong>carnem</strong></span> <span class='ocrx_word' id='word_1_36' title='bbox 2667 626 2714 670; x_wconf 92' lang='lat' dir='ltr'><strong>et</strong></span> <span class='ocrx_word' id='word_1_37' title='bbox 2752 617 2877 671; x_wconf 91' lang='lat' dir='ltr'><strong>bibit</strong></span> <span class='ocrx_word' id='word_1_38' title='bbox 2920 635 3090 673; x_wconf 88' lang='lat' dir='ltr'><strong>meum</strong></span> <span class='ocrx_word' id='word_1_39' title='bbox 3134 622 3474 692; x_wconf 87' lang='lat' dir='ltr'><strong>sanguinem,</strong></span> 
     </span>
    </p>
   </div>
   <div class='ocr_carea' id='block_1_6' title="bbox 211 698 1784 783">
    <p class='ocr_par' dir='ltr' id='par_1_6' title="bbox 211 698 1784 783">
     <span class='ocr_line' id='line_1_6' title="bbox 211 698 1784 783; baseline -0.008 -18"><span class='ocrx_word' id='word_1_40' title='bbox 211 709 474 783; x_wconf 73' lang='lat' dir='ltr'><strong>particeps</strong></span> <span class='ocrx_word' id='word_1_41' title='bbox 502 704 616 770; x_wconf 88' lang='lat' dir='ltr'><strong>ﬁat,</strong></span> <span class='ocrx_word' id='word_1_42' title='bbox 644 711 699 758; x_wconf 91' lang='lat' dir='ltr'><strong>et</strong></span> <span class='ocrx_word' id='word_1_43' title='bbox 726 718 757 757; x_wconf 90' lang='lat' dir='ltr'><strong>a</strong></span> <span class='ocrx_word' id='word_1_44' title='bbox 785 701 1002 758; x_wconf 89' lang='lat' dir='ltr'><strong>Christo</strong></span> <span class='ocrx_word' id='word_1_45' title='bbox 1027 698 1367 755; x_wconf 90' lang='lat' dir='ltr'><strong>Christianus</strong></span> <span class='ocrx_word' id='word_1_46' title='bbox 1386 700 1560 770; x_wconf 87' lang='lat' dir='ltr'><strong>possit</strong></span> <span class='ocrx_word' id='word_1_47' title='bbox 1579 700 1784 754; x_wconf 91' lang='lat' dir='ltr'><strong>vocari.</strong></span> 
     </span>
    </p>
   </div>
   <div class='ocr_carea' id='block_1_7' title="bbox 213 791 1785 872">
    <p class='ocr_par' dir='ltr' id='par_1_7' title="bbox 213 791 1785 872">
     <span class='ocr_line' id='line_1_7' title="bbox 213 791 1785 872; baseline -0.007 -14"><span class='ocrx_word' id='word_1_48' title='bbox 213 802 476 872; x_wconf 86' lang='lat' dir='ltr'><strong>Scriptum</strong></span> <span class='ocrx_word' id='word_1_49' title='bbox 499 807 583 853; x_wconf 89' lang='lat' dir='ltr'><strong>est</strong></span> <span class='ocrx_word' id='word_1_50' title='bbox 604 805 658 852; x_wconf 93' lang='lat' dir='ltr'><strong>et</strong></span> <span class='ocrx_word' id='word_1_51' title='bbox 684 795 738 850; x_wconf 93' lang='lat' dir='ltr'><strong>in</strong></span> <span class='ocrx_word' id='word_1_52' title='bbox 776 794 1069 865; x_wconf 86' lang='lat' dir='ltr'><strong>Evangelio</strong></span> <span class='ocrx_word' id='word_1_53' title='bbox 1107 793 1221 848; x_wconf 90' lang='lat' dir='ltr'><strong>ita:</strong></span> <span class='ocrx_word' id='word_1_54' title='bbox 1261 791 1572 864; x_wconf 81' lang='lat' dir='ltr'><strong>Baptizatus</strong></span> <span class='ocrx_word' id='word_1_55' title='bbox 1611 802 1785 847; x_wconf 89' lang='lat' dir='ltr'><strong>autem</strong></span> 
     </span>
    </p>
   </div>
   <div class='ocr_carea' id='block_1_8' title="bbox 208 886 1785 961">
    <p class='ocr_par' dir='ltr' id='par_1_8' title="bbox 208 886 1785 961">
     <span class='ocr_line' id='line_1_8' title="bbox 208 886 1785 961; baseline -0.004 -13"><span class='ocrx_word' id='word_1_56' title='bbox 208 893 355 948; x_wconf 85' lang='lat' dir='ltr'><strong>Jesus</strong></span> <span class='ocrx_word' id='word_1_57' title='bbox 382 890 658 961; x_wconf 76' lang='lat' dir='ltr'><strong>confestim</strong></span> <span class='ocrx_word' id='word_1_58' title='bbox 692 888 926 942; x_wconf 78' lang='lat' dir='ltr'><strong>ascendit</strong></span> <span class='ocrx_word' id='word_1_59' title='bbox 954 886 1019 941; x_wconf 86' lang='lat' dir='ltr'><strong>de</strong></span> <span class='ocrx_word' id='word_1_60' title='bbox 1055 903 1213 958; x_wconf 83' lang='lat' dir='ltr'><strong>aqua,</strong></span> <span class='ocrx_word' id='word_1_61' title='bbox 1250 895 1297 939; x_wconf 90' lang='lat' dir='ltr'><strong>et</strong></span> <span class='ocrx_word' id='word_1_62' title='bbox 1328 902 1443 940; x_wconf 88' lang='lat' dir='ltr'><strong>ecce</strong></span> <span class='ocrx_word' id='word_1_63' title='bbox 1471 886 1638 957; x_wconf 89' lang='lat' dir='ltr'><strong>aperti</strong></span> <span class='ocrx_word' id='word_1_64' title='bbox 1663 895 1785 941; x_wconf 88' lang='lat' dir='ltr'><strong>sunt</strong></span> 
     </span>
    </p>
   </div>
   <div class='ocr_carea' id='block_1_9' title="bbox 210 977 1785 1055">
    <p class='ocr_par' dir='ltr' id='par_1_9' title="bbox 210 977 1785 1055">
     <span class='ocr_line' id='line_1_9' title="bbox 210 977 1785 1055; baseline -0.008 -12"><span class='ocrx_word' id='word_1_65' title='bbox 210 987 332 1054; x_wconf 73' lang='lat' dir='ltr'><strong>caeli,</strong></span> <span class='ocrx_word' id='word_1_66' title='bbox 365 995 412 1041; x_wconf 88' lang='lat' dir='ltr'><strong>et</strong></span> <span class='ocrx_word' id='word_1_67' title='bbox 448 984 572 1040; x_wconf 81' lang='lat' dir='ltr'><strong>vidit</strong></span> <span class='ocrx_word' id='word_1_68' title='bbox 604 982 859 1055; x_wconf 74' lang='lat' dir='ltr'><strong>Spiritum</strong></span> <span class='ocrx_word' id='word_1_69' title='bbox 891 980 986 1035; x_wconf 87' lang='lat' dir='ltr'><strong>Dei</strong></span> <span class='ocrx_word' id='word_1_70' title='bbox 1011 979 1401 1035; x_wconf 77' lang='lat' dir='ltr'><strong>descendentem</strong></span> <span class='ocrx_word' id='word_1_71' title='bbox 1423 981 1557 1034; x_wconf 86' lang='lat' dir='ltr'><strong>sicut</strong></span> <span class='ocrx_word' id='word_1_72' title='bbox 1587 977 1785 1033; x_wconf 88' lang='lat' dir='ltr'><strong>colum-</strong></span> 
     </span>
    </p>
   </div>
   <div class='ocr_carea' id='block_1_10' title="bbox 209 1070 1781 1145">
    <p class='ocr_par' dir='ltr' id='par_1_10' title="bbox 209 1070 1781 1145">
     <span class='ocr_line' id='line_1_10' title="bbox 209 1070 1781 1145; baseline -0.006 -10"><span class='ocrx_word' id='word_1_73' title='bbox 209 1082 317 1136; x_wconf 89' lang='lat' dir='ltr'><strong>bam</strong></span> <span class='ocrx_word' id='word_1_74' title='bbox 343 1088 389 1133; x_wconf 90' lang='lat' dir='ltr'><strong>et</strong></span> <span class='ocrx_word' id='word_1_75' title='bbox 415 1076 699 1133; x_wconf 83' lang='lat' dir='ltr'><strong>venientem</strong></span> <span class='ocrx_word' id='word_1_76' title='bbox 741 1091 903 1145; x_wconf 85' lang='lat' dir='ltr'><strong>supra</strong></span> <span class='ocrx_word' id='word_1_77' title='bbox 944 1090 1016 1128; x_wconf 86' lang='lat' dir='ltr'><strong>se.</strong></span> <span class='ocrx_word' id='word_1_78' title='bbox 1062 1071 1209 1128; x_wconf 85' lang='lat' dir='ltr'><strong>Bene</strong></span> <span class='ocrx_word' id='word_1_79' title='bbox 1255 1072 1471 1143; x_wconf 85' lang='lat' dir='ltr'><strong>quidem</strong></span> <span class='ocrx_word' id='word_1_80' title='bbox 1514 1070 1781 1142; x_wconf 89' lang='lat' dir='ltr'><strong>baptismo</strong></span> 
     </span>
    </p>
   </div>
   <div class='ocr_carea' id='block_1_11' title="bbox 208 1163 1782 1236">
    <p class='ocr_par' dir='ltr' id='par_1_11' title="bbox 208 1163 1782 1236">
     <span class='ocr_line' id='line_1_11' title="bbox 208 1163 1782 1236; baseline -0.004 -9"><span class='ocrx_word' id='word_1_81' title='bbox 208 1171 546 1228; x_wconf 80' lang='lat' dir='ltr'><strong>continuatur</strong></span> <span class='ocrx_word' id='word_1_82' title='bbox 568 1167 878 1224; x_wconf 86' lang='lat' dir='ltr'><strong>chrismatis</strong></span> <span class='ocrx_word' id='word_1_83' title='bbox 901 1166 1104 1231; x_wconf 88' lang='lat' dir='ltr'><strong>unctio,</strong></span> <span class='ocrx_word' id='word_1_84' title='bbox 1138 1165 1264 1236; x_wconf 88' lang='lat' dir='ltr'><strong>quia</strong></span> <span class='ocrx_word' id='word_1_85' title='bbox 1292 1163 1529 1235; x_wconf 86' lang='lat' dir='ltr'><strong>Spiritus</strong></span> <span class='ocrx_word' id='word_1_86' title='bbox 1561 1174 1782 1221; x_wconf 87' lang='lat' dir='ltr'><strong>sanctus</strong></span> 
     </span>
    </p>
   </div>
   <div class='ocr_carea' id='block_1_12' title="bbox 206 1242 1781 1333">
    <p class='ocr_par' dir='ltr' id='par_1_12' title="bbox 206 1242 1781 1333">
     <span class='ocr_line' id='line_1_12' title="bbox 206 1242 1781 1333; baseline -0.005 -16"><span class='ocrx_word' id='word_1_87' title='bbox 206 1263 292 1333; x_wconf 89' lang='lat' dir='ltr'><strong>qui</strong></span> <span class='ocrx_word' id='word_1_88' title='bbox 318 1277 411 1331; x_wconf 91' lang='lat' dir='ltr'><strong>per</strong></span> <span class='ocrx_word' id='word_1_89' title='bbox 437 1258 568 1314; x_wconf 90' lang='lat' dir='ltr'><strong>illud</strong></span> <span class='ocrx_word' id='word_1_90' title='bbox 593 1258 830 1314; x_wconf 90' lang='lat' dir='ltr'><strong>chrisma</strong></span> <span class='ocrx_word' id='word_1_91' title='bbox 859 1272 971 1312; x_wconf 81' lang='lat' dir='ltr'><strong>suae</strong></span> <span class='ocrx_word' id='word_1_92' title='bbox 990 1256 1208 1311; x_wconf 89' lang='lat' dir='ltr'><strong>virtutis</strong></span> <span class='ocrx_word' id='word_1_93' title='bbox 1229 1242 1551 1311; x_wconf 87' lang='lat' dir='ltr'><strong>admistione</strong></span> <span class='ocrx_word' id='word_1_94' title='bbox 1580 1255 1781 1310; x_wconf 89' lang='lat' dir='ltr'><strong>sancti-</strong></span> 
     </span>
    </p>
   </div>
   <div class='ocr_carea' id='block_1_13' title="bbox 204 1332 1778 1421">
    <p class='ocr_par' dir='ltr' id='par_1_13' title="bbox 204 1332 1778 1421">
     <span class='ocr_line' id='line_1_13' title="bbox 204 1332 1778 1421; baseline -0.003 -13"><span class='ocrx_word' id='word_1_95' title='bbox 204 1332 323 1408; x_wconf 86' lang='lat' dir='ltr'><strong>ﬁcat</strong></span> <span class='ocrx_word' id='word_1_96' title='bbox 350 1352 656 1417; x_wconf 86' lang='lat' dir='ltr'><strong>credentes,</strong></span> <span class='ocrx_word' id='word_1_97' title='bbox 674 1332 962 1421; x_wconf 83' lang='lat' dir='ltr'><strong>baptizato</strong></span> <span class='ocrx_word' id='word_1_98' title='bbox 990 1346 1118 1403; x_wconf 85' lang='lat' dir='ltr'><strong>Jesu</strong></span> <span class='ocrx_word' id='word_1_99' title='bbox 1144 1347 1327 1403; x_wconf 87' lang='lat' dir='ltr'><strong>statim</strong></span> <span class='ocrx_word' id='word_1_100' title='bbox 1351 1362 1514 1417; x_wconf 88' lang='lat' dir='ltr'><strong>super</strong></span> <span class='ocrx_word' id='word_1_101' title='bbox 1547 1347 1696 1402; x_wconf 91' lang='lat' dir='ltr'><strong>illum</strong></span> <span class='ocrx_word' id='word_1_102' title='bbox 1721 1348 1778 1403; x_wconf 90' lang='lat' dir='ltr'><strong>in</strong></span> 
     </span>
    </p>
   </div>
   <div class='ocr_carea' id='block_1_14' title="bbox 203 1438 1779 1513">
    <p class='ocr_par' dir='ltr' id='par_1_14' title="bbox 203 1438 1779 1513">
     <span class='ocr_line' id='line_1_14' title="bbox 203 1438 1779 1513; baseline -0.003 -14"><span class='ocrx_word' id='word_1_103' title='bbox 203 1444 452 1500; x_wconf 69' lang='lat' dir='ltr'><strong>columbae</strong></span> <span class='ocrx_word' id='word_1_104' title='bbox 503 1443 681 1513; x_wconf 89' lang='lat' dir='ltr'><strong>specie</strong></span> <span class='ocrx_word' id='word_1_105' title='bbox 732 1439 1045 1497; x_wconf 89' lang='lat' dir='ltr'><strong>descendit:</strong></span> <span class='ocrx_word' id='word_1_106' title='bbox 1094 1438 1248 1508; x_wconf 88' lang='lat' dir='ltr'><strong>cujus</strong></span> <span class='ocrx_word' id='word_1_107' title='bbox 1293 1438 1545 1495; x_wconf 82' lang='lat' dir='ltr'><strong>videlicet</strong></span> <span class='ocrx_word' id='word_1_108' title='bbox 1590 1449 1779 1511; x_wconf 83' lang='lat' dir='ltr'><strong>typum</strong></span> 
     </span>
    </p>
   </div>
   <div class='ocr_carea' id='block_1_15' title="bbox 200 1534 1778 1608">
    <p class='ocr_par' dir='ltr' id='par_1_15' title="bbox 200 1534 1778 1608">
     <span class='ocr_line' id='line_1_15' title="bbox 200 1534 1778 1608; baseline 0.001 -17"><span class='ocrx_word' id='word_1_109' title='bbox 200 1536 513 1608; x_wconf 72' lang='lat' dir='ltr'><strong>prmferebat</strong></span> <span class='ocrx_word' id='word_1_110' title='bbox 557 1535 804 1590; x_wconf 89' lang='lat' dir='ltr'><strong>columba</strong></span> <span class='ocrx_word' id='word_1_111' title='bbox 848 1534 958 1600; x_wconf 90' lang='lat' dir='ltr'><strong>illa,</strong></span> <span class='ocrx_word' id='word_1_112' title='bbox 1006 1549 1126 1604; x_wconf 75' lang='lat' dir='ltr'><strong>quae</strong></span> <span class='ocrx_word' id='word_1_113' title='bbox 1168 1534 1223 1588; x_wconf 95' lang='lat' dir='ltr'><strong>in</strong></span> <span class='ocrx_word' id='word_1_114' title='bbox 1257 1534 1458 1589; x_wconf 89' lang='lat' dir='ltr'><strong>diluvio</strong></span> <span class='ocrx_word' id='word_1_115' title='bbox 1500 1535 1778 1592; x_wconf 89' lang='lat' dir='ltr'><strong>adarcam</strong></span> 
     </span>
    </p>
   </div>
   <div class='ocr_carea' id='block_1_16' title="bbox 201 1623 1779 1699">
    <p class='ocr_par' dir='ltr' id='par_1_16' title="bbox 201 1623 1779 1699">
     <span class='ocr_line' id='line_1_16' title="bbox 201 1623 1779 1699; baseline 0 -16"><span class='ocrx_word' id='word_1_116' title='bbox 201 1628 487 1699; x_wconf 80' lang='lat' dir='ltr'><strong>reportavit</strong></span> <span class='ocrx_word' id='word_1_117' title='bbox 512 1642 721 1682; x_wconf 91' lang='lat' dir='ltr'><strong>ramum</strong></span> <span class='ocrx_word' id='word_1_118' title='bbox 748 1626 905 1681; x_wconf 63' lang='lat' dir='ltr'><strong>olivae</strong></span> <span class='ocrx_word' id='word_1_119' title='bbox 927 1625 1229 1680; x_wconf 83' lang='lat' dir='ltr'><strong>virentibus</strong></span> <span class='ocrx_word' id='word_1_120' title='bbox 1265 1623 1408 1681; x_wconf 81' lang='lat' dir='ltr'><strong>foliis</strong></span> <span class='ocrx_word' id='word_1_121' title='bbox 1425 1666 1440 1691; x_wconf 92' lang='lat'><strong>,</strong></span> <span class='ocrx_word' id='word_1_122' title='bbox 1467 1625 1779 1696; x_wconf 84' lang='lat' dir='ltr'><strong>signiﬁcans</strong></span> 
     </span>
    </p>
   </div>
   <div class='ocr_carea' id='block_1_17' title="bbox 199 1719 1779 1792">
    <p class='ocr_par' dir='ltr' id='par_1_17' title="bbox 199 1719 1779 1792">
     <span class='ocr_line' id='line_1_17' title="bbox 199 1719 1779 1792; baseline 0.001 -17"><span class='ocrx_word' id='word_1_123' title='bbox 199 1723 376 1792; x_wconf 90' lang='lat' dir='ltr'><strong>utique</strong></span> <span class='ocrx_word' id='word_1_124' title='bbox 404 1721 548 1792; x_wconf 91' lang='lat' dir='ltr'><strong>quod</strong></span> <span class='ocrx_word' id='word_1_125' title='bbox 584 1719 821 1791; x_wconf 87' lang='lat' dir='ltr'><strong>Spiritus</strong></span> <span class='ocrx_word' id='word_1_126' title='bbox 856 1728 1078 1774; x_wconf 89' lang='lat' dir='ltr'><strong>sanctus</strong></span> <span class='ocrx_word' id='word_1_127' title='bbox 1102 1734 1202 1787; x_wconf 89' lang='lat' dir='ltr'><strong>per</strong></span> <span class='ocrx_word' id='word_1_128' title='bbox 1228 1720 1540 1775; x_wconf 77' lang='lat' dir='ltr'><strong>chrismatis</strong></span> <span class='ocrx_word' id='word_1_129' title='bbox 1568 1722 1779 1776; x_wconf 89' lang='lat' dir='ltr'><strong>unctio-</strong></span> 
     </span>
    </p>
   </div>
   <div class='ocr_carea' id='block_1_18' title="bbox 198 1809 1777 1881">
    <p class='ocr_par' dir='ltr' id='par_1_18' title="bbox 198 1809 1777 1881">
     <span class='ocr_line' id='line_1_18' title="bbox 198 1809 1777 1881; baseline 0 -13"><span class='ocrx_word' id='word_1_130' title='bbox 198 1828 316 1868; x_wconf 88' lang='lat' dir='ltr'><strong>nem</strong></span> <span class='ocrx_word' id='word_1_131' title='bbox 347 1814 400 1867; x_wconf 92' lang='lat' dir='ltr'><strong>in</strong></span> <span class='ocrx_word' id='word_1_132' title='bbox 425 1812 749 1881; x_wconf 90' lang='lat' dir='ltr'><strong>baptismate</strong></span> <span class='ocrx_word' id='word_1_133' title='bbox 774 1810 1009 1866; x_wconf 89' lang='lat' dir='ltr'><strong>virorem</strong></span> <span class='ocrx_word' id='word_1_134' title='bbox 1033 1809 1244 1867; x_wconf 88' lang='lat' dir='ltr'><strong>confert</strong></span> <span class='ocrx_word' id='word_1_135' title='bbox 1266 1810 1515 1867; x_wconf 90' lang='lat' dir='ltr'><strong>ﬁdelibus</strong></span> <span class='ocrx_word' id='word_1_136' title='bbox 1539 1812 1777 1869; x_wconf 81' lang='lat' dir='ltr'><strong>caelestis</strong></span> 
     </span>
    </p>
   </div>
   <div class='ocr_carea' id='block_1_19' title="bbox 1887 697 3473 779">
    <p class='ocr_par' dir='ltr' id='par_1_19' title="bbox 1887 697 3473 779">
     <span class='ocr_line' id='line_1_19' title="bbox 1887 697 3473 779; baseline 0.009 -22"><span class='ocrx_word' id='word_1_137' title='bbox 1887 704 1997 775; x_wconf 86' lang='lat' dir='ltr'><strong>ipse</strong></span> <span class='ocrx_word' id='word_1_138' title='bbox 2021 703 2078 758; x_wconf 89' lang='lat' dir='ltr'><strong>in</strong></span> <span class='ocrx_word' id='word_1_139' title='bbox 2106 722 2188 759; x_wconf 88' lang='lat' dir='ltr'><strong>me</strong></span> <span class='ocrx_word' id='word_1_140' title='bbox 2209 716 2403 774; x_wconf 87' lang='lat' dir='ltr'><strong>manet,</strong></span> <span class='ocrx_word' id='word_1_141' title='bbox 2428 716 2478 761; x_wconf 88' lang='lat' dir='ltr'><strong>et</strong></span> <span class='ocrx_word' id='word_1_142' title='bbox 2503 725 2595 779; x_wconf 87' lang='lat' dir='ltr'><strong>ego</strong></span> <span class='ocrx_word' id='word_1_143' title='bbox 2618 708 2672 763; x_wconf 89' lang='lat' dir='ltr'><strong>in</strong></span> <span class='ocrx_word' id='word_1_144' title='bbox 2694 726 2772 764; x_wconf 92' lang='lat' dir='ltr'><strong>eo.</strong></span> <span class='ocrx_word' id='word_1_145' title='bbox 2799 697 3025 767; x_wconf 60' lang='lat' dir='ltr'><strong>Et&#39;item</strong></span> <span class='ocrx_word' id='word_1_146' title='bbox 3049 731 3061 766; x_wconf 90' lang='lat'><strong>:</strong></span> <span class='ocrx_word' id='word_1_147' title='bbox 3099 712 3219 768; x_wconf 85' lang='lat' dir='ltr'><strong>Nisi</strong></span> <span class='ocrx_word' id='word_1_148' title='bbox 3246 716 3473 771; x_wconf 85' lang='lat' dir='ltr'><strong>mandu-</strong></span> 
     </span>
    </p>
   </div>
   <div class='ocr_carea' id='block_1_20' title="bbox 1888 796 3562 878">
    <p class='ocr_par' dir='ltr' id='par_1_20' title="bbox 1888 796 3562 878">
     <span class='ocr_line' id='line_1_20' title="bbox 1888 796 3562 878; baseline 0.01 -28"><span class='ocrx_word' id='word_1_149' title='bbox 1888 796 2145 862; x_wconf 85' lang='lat' dir='ltr'><strong>caveritis,</strong></span> <span class='ocrx_word' id='word_1_150' title='bbox 2168 796 2361 868; x_wconf 89' lang='lat' dir='ltr'><strong>inquit,</strong></span> <span class='ocrx_word' id='word_1_151' title='bbox 2387 817 2597 857; x_wconf 88' lang='lat' dir='ltr'><strong>carnem</strong></span> <span class='ocrx_word' id='word_1_152' title='bbox 2618 799 2750 857; x_wconf 84' lang='lat' dir='ltr'><strong>Filii</strong></span> <span class='ocrx_word' id='word_1_153' title='bbox 2769 804 3016 871; x_wconf 81' lang='lat' dir='ltr'><strong>hominis,</strong></span> <span class='ocrx_word' id='word_1_154' title='bbox 3039 814 3087 859; x_wconf 89' lang='lat' dir='ltr'><strong>et</strong></span> <span class='ocrx_word' id='word_1_155' title='bbox 3112 804 3340 862; x_wconf 86' lang='lat' dir='ltr'><strong>biberitis</strong></span> <span class='ocrx_word' id='word_1_156' title='bbox 3361 806 3476 878; x_wconf 82' lang='lat' dir='ltr'><strong>ejus</strong></span> <span class='ocrx_word' id='word_1_157' title='bbox 3554 868 3562 875; x_wconf 67' lang='grc'><em>,</em></span> 
     </span>
    </p>
   </div>
   <div class='ocr_carea' id='block_1_21' title="bbox 1886 891 3091 961">
    <p class='ocr_par' dir='ltr' id='par_1_21' title="bbox 1886 891 3091 961">
     <span class='ocr_line' id='line_1_21' title="bbox 1886 891 3091 961; baseline 0.004 -15"><span class='ocrx_word' id='word_1_158' title='bbox 1886 891 2213 961; x_wconf 86' lang='lat' dir='ltr'><strong>sanguinem,</strong></span> <span class='ocrx_word' id='word_1_159' title='bbox 2245 908 2348 946; x_wconf 86' lang='lat' dir='ltr'><strong>non</strong></span> <span class='ocrx_word' id='word_1_160' title='bbox 2372 892 2625 949; x_wconf 82' lang='lat' dir='ltr'><strong>habebitis</strong></span> <span class='ocrx_word' id='word_1_161' title='bbox 2654 895 2814 950; x_wconf 83' lang='lat' dir='ltr'><strong>vitam</strong></span> <span class='ocrx_word' id='word_1_162' title='bbox 2844 897 2901 951; x_wconf 86' lang='lat' dir='ltr'><strong>in</strong></span> <span class='ocrx_word' id='word_1_163' title='bbox 2931 897 3091 952; x_wconf 82' lang='lat' dir='ltr'><strong>vobis.</strong></span> 
     </span>
    </p>
   </div>
   <div class='ocr_carea' id='block_1_22' title="bbox 2457 1006 2894 1066">
    <p class='ocr_par' dir='ltr' id='par_1_22' title="bbox 2457 1006 2894 1066">
     <span class='ocr_line' id='line_1_22' title="bbox 2457 1006 2894 1066; baseline 0.011 -5"><span class='ocrx_word' id='word_1_164' title='bbox 2457 1006 2685 1064; x_wconf 85' lang='lat' dir='ltr'><strong>CAPUT</strong></span> <span class='ocrx_word' id='word_1_165' title='bbox 2725 1010 2894 1066; x_wconf 86' lang='lat' dir='ltr'><strong>XXX.</strong></span> 
     </span>
    </p>
   </div>
   <div class='ocr_carea' id='block_1_23' title="bbox 2167 1076 3156 1155">
    <p class='ocr_par' dir='ltr' id='par_1_23' title="bbox 2167 1076 3156 1155">
     <span class='ocr_line' id='line_1_23' title="bbox 2167 1076 3156 1155; baseline 0.009 -24"><span class='ocrx_word' id='word_1_166' title='bbox 2167 1076 2246 1132; x_wconf 91' lang='lat' dir='ltr'><strong>De</strong></span> <span class='ocrx_word' id='word_1_167' title='bbox 2279 1078 2606 1151; x_wconf 86' lang='lat' dir='ltr'><strong>impositione</strong></span> <span class='ocrx_word' id='word_1_168' title='bbox 2635 1099 2823 1137; x_wconf 89' lang='lat' dir='ltr'><strong>manus</strong></span> <span class='ocrx_word' id='word_1_169' title='bbox 2846 1083 3156 1155; x_wconf 83' lang='lat' dir='ltr'><strong>episcopalis</strong></span> 
     </span>
    </p>
   </div>
   <div class='ocr_carea' id='block_1_24' title="bbox 1953 1169 3474 1251">
    <p class='ocr_par' dir='ltr' id='par_1_24' title="bbox 1953 1169 3474 1251">
     <span class='ocr_line' id='line_1_24' title="bbox 1953 1169 3474 1251; baseline 0.008 -26"><span class='ocrx_word' id='word_1_170' title='bbox 1953 1169 2254 1227; x_wconf 89' lang='lat' dir='ltr'><strong>Novissime</strong></span> <span class='ocrx_word' id='word_1_171' title='bbox 2295 1184 2474 1226; x_wconf 85' lang='lat' dir='ltr'><strong>autem</strong></span> <span class='ocrx_word' id='word_1_172' title='bbox 2513 1188 2543 1227; x_wconf 92' lang='lat' dir='ltr'><strong>a</strong></span> <span class='ocrx_word' id='word_1_173' title='bbox 2574 1189 2786 1230; x_wconf 86' lang='lat' dir='ltr'><strong>summo</strong></span> <span class='ocrx_word' id='word_1_174' title='bbox 2821 1178 3101 1234; x_wconf 90' lang='lat' dir='ltr'><strong>sacerdote</strong></span> <span class='ocrx_word' id='word_1_175' title='bbox 3128 1194 3227 1249; x_wconf 91' lang='lat' dir='ltr'><strong>per</strong></span> <span class='ocrx_word' id='word_1_176' title='bbox 3254 1178 3474 1251; x_wconf 88' lang='lat' dir='ltr'><strong>imposi-</strong></span> 
     </span>
    </p>
   </div>
   <div class='ocr_carea' id='block_1_25' title="bbox 1881 1261 3475 1339">
    <p class='ocr_par' dir='ltr' id='par_1_25' title="bbox 1881 1261 3475 1339">
     <span class='ocr_line' id='line_1_25' title="bbox 1881 1261 3475 1339; baseline 0.006 -21"><span class='ocrx_word' id='word_1_177' title='bbox 1881 1263 2088 1319; x_wconf 89' lang='lat' dir='ltr'><strong>tionem</strong></span> <span class='ocrx_word' id='word_1_178' title='bbox 2114 1278 2304 1318; x_wconf 88' lang='lat' dir='ltr'><strong>manus</strong></span> <span class='ocrx_word' id='word_1_179' title='bbox 2339 1261 2652 1319; x_wconf 90' lang='lat' dir='ltr'><strong>Paracletus</strong></span> <span class='ocrx_word' id='word_1_180' title='bbox 2681 1266 2917 1333; x_wconf 85' lang='lat' dir='ltr'><strong>traditur</strong></span> <span class='ocrx_word' id='word_1_181' title='bbox 2950 1267 3030 1322; x_wconf 92' lang='lat' dir='ltr'><strong>illi</strong></span> <span class='ocrx_word' id='word_1_182' title='bbox 3075 1267 3311 1339; x_wconf 89' lang='lat' dir='ltr'><strong>Spiritus</strong></span> <span class='ocrx_word' id='word_1_183' title='bbox 3351 1286 3475 1327; x_wconf 86' lang='lat' dir='ltr'><strong>san-</strong></span> 
     </span>
    </p>
   </div>
   <div class='ocr_carea' id='block_1_26' title="bbox 1880 1354 3476 1430">
    <p class='ocr_par' dir='ltr' id='par_1_26' title="bbox 1880 1354 3476 1430">
     <span class='ocr_line' id='line_1_26' title="bbox 1880 1354 3476 1430; baseline 0.003 -19"><span class='ocrx_word' id='word_1_184' title='bbox 1880 1364 2030 1421; x_wconf 90' lang='lat' dir='ltr'><strong>ctus,</strong></span> <span class='ocrx_word' id='word_1_185' title='bbox 2062 1364 2124 1410; x_wconf 91' lang='lat' dir='ltr'><strong>ut</strong></span> <span class='ocrx_word' id='word_1_186' title='bbox 2148 1354 2433 1410; x_wconf 88' lang='lat' dir='ltr'><strong>roboretur</strong></span> <span class='ocrx_word' id='word_1_187' title='bbox 2460 1370 2558 1424; x_wconf 88' lang='lat' dir='ltr'><strong>per</strong></span> <span class='ocrx_word' id='word_1_188' title='bbox 2596 1354 2856 1426; x_wconf 88' lang='lat' dir='ltr'><strong>Spiritum</strong></span> <span class='ocrx_word' id='word_1_189' title='bbox 2899 1366 3144 1414; x_wconf 89' lang='lat' dir='ltr'><strong>sanctum</strong></span> <span class='ocrx_word' id='word_1_190' title='bbox 3190 1361 3257 1414; x_wconf 92' lang='lat' dir='ltr'><strong>ad</strong></span> <span class='ocrx_word' id='word_1_191' title='bbox 3282 1362 3476 1430; x_wconf 65' lang='lat' dir='ltr'><strong>praedi-</strong></span> 
     </span>
    </p>
   </div>
   <div class='ocr_carea' id='block_1_27' title="bbox 1881 1448 3475 1524">
    <p class='ocr_par' dir='ltr' id='par_1_27' title="bbox 1881 1448 3475 1524">
     <span class='ocr_line' id='line_1_27' title="bbox 1881 1448 3475 1524; baseline 0.004 -20"><span class='ocrx_word' id='word_1_192' title='bbox 1881 1448 2113 1505; x_wconf 90' lang='lat' dir='ltr'><strong>candum</strong></span> <span class='ocrx_word' id='word_1_193' title='bbox 2156 1448 2278 1503; x_wconf 89' lang='lat' dir='ltr'><strong>aliis</strong></span> <span class='ocrx_word' id='word_1_194' title='bbox 2324 1448 2465 1503; x_wconf 90' lang='lat' dir='ltr'><strong>idem</strong></span> <span class='ocrx_word' id='word_1_195' title='bbox 2506 1448 2707 1504; x_wconf 88' lang='lat' dir='ltr'><strong>donum</strong></span> <span class='ocrx_word' id='word_1_196' title='bbox 2736 1452 2877 1521; x_wconf 91' lang='lat' dir='ltr'><strong>quod</strong></span> <span class='ocrx_word' id='word_1_197' title='bbox 2903 1452 3018 1521; x_wconf 91' lang='lat' dir='ltr'><strong>ipse</strong></span> <span class='ocrx_word' id='word_1_198' title='bbox 3055 1451 3109 1507; x_wconf 92' lang='lat' dir='ltr'><strong>in</strong></span> <span class='ocrx_word' id='word_1_199' title='bbox 3146 1454 3475 1524; x_wconf 87' lang='lat' dir='ltr'><strong>baptismate</strong></span> 
     </span>
    </p>
   </div>
   <div class='ocr_carea' id='block_1_28' title="bbox 1881 1542 3471 1611">
    <p class='ocr_par' dir='ltr' id='par_1_28' title="bbox 1881 1542 3471 1611">
     <span class='ocr_line' id='line_1_28' title="bbox 1881 1542 3471 1611; baseline 0.004 -16"><span class='ocrx_word' id='word_1_200' title='bbox 1881 1548 2200 1595; x_wconf 88' lang='lat' dir='ltr'><strong>consecutus</strong></span> <span class='ocrx_word' id='word_1_201' title='bbox 2243 1547 2358 1605; x_wconf 86' lang='lat' dir='ltr'><strong>est,</strong></span> <span class='ocrx_word' id='word_1_202' title='bbox 2402 1556 2499 1610; x_wconf 90' lang='lat' dir='ltr'><strong>per</strong></span> <span class='ocrx_word' id='word_1_203' title='bbox 2536 1542 2767 1611; x_wconf 83' lang='lat' dir='ltr'><strong>gratiam</strong></span> <span class='ocrx_word' id='word_1_204' title='bbox 2805 1545 2930 1598; x_wconf 68' lang='lat' dir='ltr'><strong>vita:</strong></span> <span class='ocrx_word' id='word_1_205' title='bbox 2969 1544 3202 1600; x_wconf 89' lang='lat' dir='ltr'><strong>donatus</strong></span> <span class='ocrx_word' id='word_1_206' title='bbox 3233 1555 3471 1601; x_wconf 64' lang='lat' dir='ltr'><strong>astemae.</strong></span> 
     </span>
    </p>
   </div>
   <div class='ocr_carea' id='block_1_29' title="bbox 1882 1632 3473 1708">
    <p class='ocr_par' dir='ltr' id='par_1_29' title="bbox 1882 1632 3473 1708">
     <span class='ocr_line' id='line_1_29' title="bbox 1882 1632 3473 1708; baseline 0.004 -20"><span class='ocrx_word' id='word_1_207' title='bbox 1882 1632 2140 1704; x_wconf 89' lang='lat' dir='ltr'><strong>Signatur</strong></span> <span class='ocrx_word' id='word_1_208' title='bbox 2176 1634 2319 1688; x_wconf 91' lang='lat' dir='ltr'><strong>enim</strong></span> <span class='ocrx_word' id='word_1_209' title='bbox 2348 1634 2654 1703; x_wconf 87' lang='lat' dir='ltr'><strong>baptizatus</strong></span> <span class='ocrx_word' id='word_1_210' title='bbox 2689 1651 2811 1690; x_wconf 90' lang='lat' dir='ltr'><strong>cum</strong></span> <span class='ocrx_word' id='word_1_211' title='bbox 2838 1637 3133 1693; x_wconf 80' lang='lat' dir='ltr'><strong>chrismate</strong></span> <span class='ocrx_word' id='word_1_212' title='bbox 3166 1652 3265 1708; x_wconf 88' lang='lat' dir='ltr'><strong>per</strong></span> <span class='ocrx_word' id='word_1_213' title='bbox 3287 1654 3473 1694; x_wconf 85' lang='lat' dir='ltr'><strong>sacer-</strong></span> 
     </span>
    </p>
   </div>
   <div class='ocr_carea' id='block_1_30' title="bbox 1881 1724 3473 1797">
    <p class='ocr_par' dir='ltr' id='par_1_30' title="bbox 1881 1724 3473 1797">
     <span class='ocr_line' id='line_1_30' title="bbox 1881 1724 3473 1797; baseline 0.003 -17"><span class='ocrx_word' id='word_1_214' title='bbox 1881 1726 2060 1781; x_wconf 88' lang='lat' dir='ltr'><strong>dotem</strong></span> <span class='ocrx_word' id='word_1_215' title='bbox 2087 1725 2141 1780; x_wconf 91' lang='lat' dir='ltr'><strong>in</strong></span> <span class='ocrx_word' id='word_1_216' title='bbox 2169 1724 2361 1794; x_wconf 87' lang='lat' dir='ltr'><strong>capitis</strong></span> <span class='ocrx_word' id='word_1_217' title='bbox 2388 1726 2700 1781; x_wconf 87' lang='lat' dir='ltr'><strong>summitate</strong></span> <span class='ocrx_word' id='word_1_218' title='bbox 2719 1767 2734 1791; x_wconf 96' lang='lat'><strong>,</strong></span> <span class='ocrx_word' id='word_1_219' title='bbox 2777 1742 2877 1796; x_wconf 89' lang='lat' dir='ltr'><strong>per</strong></span> <span class='ocrx_word' id='word_1_220' title='bbox 2911 1727 3224 1797; x_wconf 90' lang='lat' dir='ltr'><strong>pontiﬁcem</strong></span> <span class='ocrx_word' id='word_1_221' title='bbox 3253 1744 3383 1785; x_wconf 92' lang='lat' dir='ltr'><strong>vero</strong></span> <span class='ocrx_word' id='word_1_222' title='bbox 3416 1730 3473 1785; x_wconf 90' lang='lat' dir='ltr'><strong>in</strong></span> 
     </span>
    </p>
   </div>
   <div class='ocr_carea' id='block_1_31' title="bbox 1880 1817 3470 1890">
    <p class='ocr_par' dir='ltr' id='par_1_31' title="bbox 1880 1817 3470 1890">
     <span class='ocr_line' id='line_1_31' title="bbox 1880 1817 3470 1890; baseline 0.003 -19"><span class='ocrx_word' id='word_1_223' title='bbox 1880 1817 2078 1883; x_wconf 81' lang='lat' dir='ltr'><strong>fronte,</strong></span> <span class='ocrx_word' id='word_1_224' title='bbox 2104 1824 2165 1872; x_wconf 90' lang='lat' dir='ltr'><strong>ut</strong></span> <span class='ocrx_word' id='word_1_225' title='bbox 2189 1817 2359 1887; x_wconf 88' lang='lat' dir='ltr'><strong>priori</strong></span> <span class='ocrx_word' id='word_1_226' title='bbox 2382 1817 2637 1873; x_wconf 90' lang='lat' dir='ltr'><strong>unctione</strong></span> <span class='ocrx_word' id='word_1_227' title='bbox 2662 1818 3000 1889; x_wconf 89' lang='lat' dir='ltr'><strong>signiﬁcetur</strong></span> <span class='ocrx_word' id='word_1_228' title='bbox 3026 1818 3263 1890; x_wconf 90' lang='lat' dir='ltr'><strong>Spiritus</strong></span> <span class='ocrx_word' id='word_1_229' title='bbox 3297 1821 3470 1876; x_wconf 88' lang='lat' dir='ltr'><strong>sancti</strong></span> 
     </span>
    </p>
   </div>
   <div class='ocr_carea' id='block_1_32' title="bbox 196 1891 3472 1982">
    <p class='ocr_par' dir='ltr' id='par_1_32' title="bbox 196 1891 3472 1982">
     <span class='ocr_line' id='line_1_32' title="bbox 196 1891 3472 1982; baseline 0.001 -23"><span class='ocrx_word' id='word_1_230' title='bbox 196 1905 395 1976; x_wconf 77' lang='lat' dir='ltr'><strong>gratiae.</strong></span> <span class='ocrx_word' id='word_1_231' title='bbox 428 1902 538 1958; x_wconf 89' lang='lat' dir='ltr'><strong>Sed</strong></span> <span class='ocrx_word' id='word_1_232' title='bbox 573 1904 637 1957; x_wconf 91' lang='lat' dir='ltr'><strong>de</strong></span> <span class='ocrx_word' id='word_1_233' title='bbox 663 1902 765 1957; x_wconf 91' lang='lat' dir='ltr'><strong>hoc</strong></span> <span class='ocrx_word' id='word_1_234' title='bbox 792 1900 1006 1971; x_wconf 91' lang='lat' dir='ltr'><strong>plenius</strong></span> <span class='ocrx_word' id='word_1_235' title='bbox 1035 1901 1089 1955; x_wconf 89' lang='lat' dir='ltr'><strong>in</strong></span> <span class='ocrx_word' id='word_1_236' title='bbox 1117 1902 1467 1971; x_wconf 89' lang='lat' dir='ltr'><strong>sequentibus</strong></span> <span class='ocrx_word' id='word_1_237' title='bbox 1503 1891 1772 1959; x_wconf 75' lang='lat' dir='ltr'><strong>&#39;dicemus.</strong></span> <span class='ocrx_word' id='word_1_238' title='bbox 1804 1891 1852 1950; x_wconf 92' lang='grc' dir='ltr'><strong>Β</strong></span> <span class='ocrx_word' id='word_1_239' title='bbox 1882 1927 2046 1982; x_wconf 75' lang='lat' dir='ltr'><strong>super</strong></span> <span class='ocrx_word' id='word_1_240' title='bbox 2072 1911 2246 1982; x_wconf 82' lang='lat' dir='ltr'><strong>ipsum</strong></span> <span class='ocrx_word' id='word_1_241' title='bbox 2278 1911 2558 1967; x_wconf 83' lang='lat' dir='ltr'><strong>descensio</strong></span> <span class='ocrx_word' id='word_1_242' title='bbox 2603 1912 2671 1965; x_wconf 86' lang='lat' dir='ltr'><strong>ad</strong></span> <span class='ocrx_word' id='word_1_243' title='bbox 2713 1912 3103 1967; x_wconf 79' lang='lat' dir='ltr'><strong>habitationem</strong></span> <span class='ocrx_word' id='word_1_244' title='bbox 3134 1914 3244 1969; x_wconf 84' lang='lat' dir='ltr'><strong>Deo</strong></span> <span class='ocrx_word' id='word_1_245' title='bbox 3283 1929 3472 1970; x_wconf 73' lang='lat' dir='ltr'><strong>conse-</strong></span> 
     </span>
    </p>
   </div>
   <div class='ocr_carea' id='block_1_33' title="bbox 198 1991 1775 2068">
    <p class='ocr_par' dir='ltr' id='par_1_33' title="bbox 198 1991 1775 2068">
     <span class='ocr_line' id='line_1_33' title="bbox 198 1991 1775 2068; baseline 0 -17"><span class='ocrx_word' id='word_1_246' title='bbox 198 1996 444 2068; x_wconf 80' lang='lat' dir='ltr'><strong>Legimus</strong></span> <span class='ocrx_word' id='word_1_247' title='bbox 473 2004 530 2050; x_wconf 91' lang='lat' dir='ltr'><strong>et</strong></span> <span class='ocrx_word' id='word_1_248' title='bbox 555 1994 611 2049; x_wconf 89' lang='lat' dir='ltr'><strong>in</strong></span> <span class='ocrx_word' id='word_1_249' title='bbox 645 1993 822 2049; x_wconf 86' lang='lat' dir='ltr'><strong>Gestis</strong></span> <span class='ocrx_word' id='word_1_250' title='bbox 846 1992 1087 2059; x_wconf 88' lang='lat' dir='ltr'><strong>Patrum,</strong></span> <span class='ocrx_word' id='word_1_251' title='bbox 1115 1992 1257 2062; x_wconf 88' lang='lat' dir='ltr'><strong>quod</strong></span> <span class='ocrx_word' id='word_1_252' title='bbox 1284 1991 1544 2049; x_wconf 88' lang='lat' dir='ltr'><strong>Silvester</strong></span> <span class='ocrx_word' id='word_1_253' title='bbox 1562 2010 1699 2065; x_wconf 84' lang='lat' dir='ltr'><strong>papa</strong></span> <span class='ocrx_word' id='word_1_254' title='bbox 1721 1996 1775 2051; x_wconf 91' lang='lat' dir='ltr'><strong>in</strong></span> 
     </span>
    </p>
   </div>
   <div class='ocr_carea' id='block_1_34' title="bbox 192 2089 1777 2161">
    <p class='ocr_par' dir='ltr' id='par_1_34' title="bbox 192 2089 1777 2161">
     <span class='ocr_line' id='line_1_34' title="bbox 192 2089 1777 2161; baseline -0.002 -13"><span class='ocrx_word' id='word_1_255' title='bbox 192 2093 428 2149; x_wconf 87' lang='lat' dir='ltr'><strong>Ecclesia</strong></span> <span class='ocrx_word' id='word_1_256' title='bbox 456 2106 678 2147; x_wconf 86' lang='lat' dir='ltr'><strong>romana</strong></span> <span class='ocrx_word' id='word_1_257' title='bbox 699 2089 1060 2156; x_wconf 91' lang='lat' dir='ltr'><strong>constituerit,</strong></span> <span class='ocrx_word' id='word_1_258' title='bbox 1084 2096 1145 2143; x_wconf 89' lang='lat' dir='ltr'><strong>ut</strong></span> <span class='ocrx_word' id='word_1_259' title='bbox 1166 2089 1306 2143; x_wconf 89' lang='lat' dir='ltr'><strong>sicut</strong></span> <span class='ocrx_word' id='word_1_260' title='bbox 1330 2097 1576 2160; x_wconf 85' lang='lat' dir='ltr'><strong>potestas</strong></span> <span class='ocrx_word' id='word_1_261' title='bbox 1595 2099 1649 2145; x_wconf 89' lang='lat' dir='ltr'><strong>et</strong></span> <span class='ocrx_word' id='word_1_262' title='bbox 1666 2091 1777 2161; x_wconf 84' lang='lat' dir='ltr'><strong>pri-</strong></span> 
     </span>
    </p>
   </div>
   <div class='ocr_carea' id='block_1_35' title="bbox 190 2179 1772 2254">
    <p class='ocr_par' dir='ltr' id='par_1_35' title="bbox 190 2179 1772 2254">
     <span class='ocr_line' id='line_1_35' title="bbox 190 2179 1772 2254; baseline -0.001 -16"><span class='ocrx_word' id='word_1_263' title='bbox 190 2183 438 2254; x_wconf 89' lang='lat' dir='ltr'><strong>vilegium</strong></span> <span class='ocrx_word' id='word_1_264' title='bbox 470 2181 610 2252; x_wconf 89' lang='lat' dir='ltr'><strong>apud</strong></span> <span class='ocrx_word' id='word_1_265' title='bbox 637 2181 810 2237; x_wconf 92' lang='lat' dir='ltr'><strong>solum</strong></span> <span class='ocrx_word' id='word_1_266' title='bbox 854 2179 1167 2251; x_wconf 89' lang='lat' dir='ltr'><strong>episcopum</strong></span> <span class='ocrx_word' id='word_1_267' title='bbox 1211 2189 1457 2247; x_wconf 88' lang='lat' dir='ltr'><strong>constat,</strong></span> <span class='ocrx_word' id='word_1_268' title='bbox 1498 2182 1642 2252; x_wconf 89' lang='lat' dir='ltr'><strong>quod</strong></span> <span class='ocrx_word' id='word_1_269' title='bbox 1683 2198 1772 2237; x_wconf 91' lang='lat' dir='ltr'><strong>sa-</strong></span> 
     </span>
    </p>
   </div>
   <div class='ocr_carea' id='block_1_36' title="bbox 192 2272 1776 2345">
    <p class='ocr_par' dir='ltr' id='par_1_36' title="bbox 192 2272 1776 2345">
     <span class='ocr_line' id='line_1_36' title="bbox 192 2272 1776 2345; baseline -0.001 -15"><span class='ocrx_word' id='word_1_270' title='bbox 192 2290 337 2331; x_wconf 89' lang='lat' dir='ltr'><strong>crum</strong></span> <span class='ocrx_word' id='word_1_271' title='bbox 362 2274 600 2329; x_wconf 88' lang='lat' dir='ltr'><strong>chrisma</strong></span> <span class='ocrx_word' id='word_1_272' title='bbox 621 2274 736 2344; x_wconf 90' lang='lat' dir='ltr'><strong>ipse</strong></span> <span class='ocrx_word' id='word_1_273' title='bbox 754 2272 1024 2338; x_wconf 84' lang='lat' dir='ltr'><strong>conﬁciat,</strong></span> <span class='ocrx_word' id='word_1_274' title='bbox 1042 2280 1095 2326; x_wconf 88' lang='lat' dir='ltr'><strong>et</strong></span> <span class='ocrx_word' id='word_1_275' title='bbox 1120 2273 1449 2343; x_wconf 82' lang='lat' dir='ltr'><strong>baptizatum</strong></span> <span class='ocrx_word' id='word_1_276' title='bbox 1469 2287 1567 2345; x_wconf 88' lang='lat' dir='ltr'><strong>per</strong></span> <span class='ocrx_word' id='word_1_277' title='bbox 1584 2290 1776 2330; x_wconf 88' lang='lat' dir='ltr'><strong>manus</strong></span> 
     </span>
    </p>
   </div>
   <div class='ocr_carea' id='block_1_37' title="bbox 192 2366 1776 2440">
    <p class='ocr_par' dir='ltr' id='par_1_37' title="bbox 192 2366 1776 2440">
     <span class='ocr_line' id='line_1_37' title="bbox 192 2366 1776 2440; baseline 0.001 -17"><span class='ocrx_word' id='word_1_278' title='bbox 192 2368 583 2439; x_wconf 88' lang='lat' dir='ltr'><strong>impositionem</strong></span> <span class='ocrx_word' id='word_1_279' title='bbox 622 2384 745 2423; x_wconf 91' lang='lat' dir='ltr'><strong>cum</strong></span> <span class='ocrx_word' id='word_1_280' title='bbox 776 2367 893 2438; x_wconf 88' lang='lat' dir='ltr'><strong>ipso</strong></span> <span class='ocrx_word' id='word_1_281' title='bbox 918 2366 1213 2423; x_wconf 88' lang='lat' dir='ltr'><strong>chrismate</strong></span> <span class='ocrx_word' id='word_1_282' title='bbox 1246 2369 1525 2440; x_wconf 88' lang='lat' dir='ltr'><strong>consignet</strong></span> <span class='ocrx_word' id='word_1_283' title='bbox 1554 2378 1776 2440; x_wconf 88' lang='lat' dir='ltr'><strong>propter</strong></span> 
     </span>
    </p>
   </div>
   <div class='ocr_carea' id='block_1_38' title="bbox 190 2462 1774 2533">
    <p class='ocr_par' dir='ltr' id='par_1_38' title="bbox 190 2462 1774 2533">
     <span class='ocr_line' id='line_1_38' title="bbox 190 2462 1774 2533; baseline 0.001 -16"><span class='ocrx_word' id='word_1_284' title='bbox 190 2462 487 2517; x_wconf 82' lang='lat' dir='ltr'><strong>baereticam</strong></span> <span class='ocrx_word' id='word_1_285' title='bbox 513 2462 842 2529; x_wconf 83' lang='lat' dir='ltr'><strong>suasionem,</strong></span> <span class='ocrx_word' id='word_1_286' title='bbox 869 2464 945 2518; x_wconf 87' lang='lat' dir='ltr'><strong>ita</strong></span> <span class='ocrx_word' id='word_1_287' title='bbox 964 2464 1249 2533; x_wconf 88' lang='lat' dir='ltr'><strong>presbyter</strong></span> <span class='ocrx_word' id='word_1_288' title='bbox 1268 2463 1458 2517; x_wconf 90' lang='lat' dir='ltr'><strong>eodem</strong></span> <span class='ocrx_word' id='word_1_289' title='bbox 1479 2463 1774 2519; x_wconf 88' lang='lat' dir='ltr'><strong>chrismate</strong></span> 
     </span>
    </p>
   </div>
   <div class='ocr_carea' id='block_1_39' title="bbox 189 2555 1776 2628">
    <p class='ocr_par' dir='ltr' id='par_1_39' title="bbox 189 2555 1776 2628">
     <span class='ocr_line' id='line_1_39' title="bbox 189 2555 1776 2628; baseline 0.003 -19"><span class='ocrx_word' id='word_1_290' title='bbox 189 2556 333 2610; x_wconf 90' lang='lat' dir='ltr'><strong>liniat</strong></span> <span class='ocrx_word' id='word_1_291' title='bbox 355 2555 688 2627; x_wconf 83' lang='lat' dir='ltr'><strong>baptizatum</strong></span> <span class='ocrx_word' id='word_1_292' title='bbox 722 2556 955 2611; x_wconf 89' lang='lat' dir='ltr'><strong>levatum</strong></span> <span class='ocrx_word' id='word_1_293' title='bbox 992 2571 1060 2612; x_wconf 82' lang='lat' dir='ltr'><strong>ex</strong></span> <span class='ocrx_word' id='word_1_294' title='bbox 1095 2573 1234 2628; x_wconf 87' lang='lat' dir='ltr'><strong>aqua</strong></span> <span class='ocrx_word' id='word_1_295' title='bbox 1274 2566 1497 2627; x_wconf 86' lang='lat' dir='ltr'><strong>propter</strong></span> <span class='ocrx_word' id='word_1_296' title='bbox 1538 2559 1776 2614; x_wconf 87' lang='lat' dir='ltr'><strong>occasio-</strong></span> 
     </span>
    </p>
   </div>
   <div class='ocr_carea' id='block_1_40' title="bbox 189 2646 1770 2718">
    <p class='ocr_par' dir='ltr' id='par_1_40' title="bbox 189 2646 1770 2718">
     <span class='ocr_line' id='line_1_40' title="bbox 189 2646 1770 2718; baseline 0.002 -18"><span class='ocrx_word' id='word_1_297' title='bbox 189 2662 305 2701; x_wconf 91' lang='lat' dir='ltr'><strong>nem</strong></span> <span class='ocrx_word' id='word_1_298' title='bbox 336 2646 596 2701; x_wconf 88' lang='lat' dir='ltr'><strong>transitus</strong></span> <span class='ocrx_word' id='word_1_299' title='bbox 624 2647 837 2712; x_wconf 89' lang='lat' dir='ltr'><strong>mortis,</strong></span> <span class='ocrx_word' id='word_1_300' title='bbox 862 2648 987 2717; x_wconf 86' lang='lat' dir='ltr'><strong>quia</strong></span> <span class='ocrx_word' id='word_1_301' title='bbox 1012 2649 1271 2718; x_wconf 87' lang='lat' dir='ltr'><strong>scriptum</strong></span> <span class='ocrx_word' id='word_1_302' title='bbox 1296 2657 1377 2703; x_wconf 91' lang='lat' dir='ltr'><strong>est</strong></span> <span class='ocrx_word' id='word_1_303' title='bbox 1402 2649 1455 2702; x_wconf 92' lang='lat' dir='ltr'><strong>in</strong></span> <span class='ocrx_word' id='word_1_304' title='bbox 1482 2647 1770 2718; x_wconf 83' lang='lat' dir='ltr'><strong>Apostolo:</strong></span> 
     </span>
    </p>
   </div>
   <div class='ocr_carea' id='block_1_41' title="bbox 196 2737 1770 2813">
    <p class='ocr_par' dir='ltr' id='par_1_41' title="bbox 196 2737 1770 2813">
     <span class='ocr_line' id='line_1_41' title="bbox 196 2737 1770 2813; baseline 0.001 -20"><span class='ocrx_word' id='word_1_305' title='bbox 196 2737 292 2793; x_wconf 80' lang='lat' dir='ltr'><strong>Vos</strong></span> <span class='ocrx_word' id='word_1_306' title='bbox 317 2748 517 2805; x_wconf 90' lang='lat' dir='ltr'><strong>autem,</strong></span> <span class='ocrx_word' id='word_1_307' title='bbox 552 2738 767 2808; x_wconf 83' lang='lat' dir='ltr'><strong>fratres,</strong></span> <span class='ocrx_word' id='word_1_308' title='bbox 795 2740 850 2793; x_wconf 87' lang='lat' dir='ltr'><strong>in</strong></span> <span class='ocrx_word' id='word_1_309' title='bbox 881 2757 1038 2795; x_wconf 86' lang='lat' dir='ltr'><strong>carne</strong></span> <span class='ocrx_word' id='word_1_310' title='bbox 1064 2758 1169 2795; x_wconf 78' lang='lat' dir='ltr'><strong>non</strong></span> <span class='ocrx_word' id='word_1_311' title='bbox 1198 2742 1342 2806; x_wconf 82' lang='lat' dir='ltr'><strong>estis,</strong></span> <span class='ocrx_word' id='word_1_312' title='bbox 1368 2741 1457 2795; x_wconf 82' lang='lat' dir='ltr'><strong>sed</strong></span> <span class='ocrx_word' id='word_1_313' title='bbox 1480 2742 1533 2795; x_wconf 91' lang='lat' dir='ltr'><strong>in</strong></span> <span class='ocrx_word' id='word_1_314' title='bbox 1560 2742 1770 2813; x_wconf 83' lang='lat' dir='ltr'><strong>spiritu,</strong></span> 
     </span>
    </p>
   </div>
   <div class='ocr_carea' id='block_1_42' title="bbox 188 2830 1772 2904">
    <p class='ocr_par' dir='ltr' id='par_1_42' title="bbox 188 2830 1772 2904">
     <span class='ocr_line' id='line_1_42' title="bbox 188 2830 1772 2904; baseline 0.003 -20"><span class='ocrx_word' id='word_1_315' title='bbox 188 2832 230 2885; x_wconf 84' lang='lat' dir='ltr'><strong>si</strong></span> <span class='ocrx_word' id='word_1_316' title='bbox 259 2841 426 2885; x_wconf 86' lang='lat' dir='ltr'><strong>tamen</strong></span> <span class='ocrx_word' id='word_1_317' title='bbox 454 2830 673 2901; x_wconf 83' lang='lat' dir='ltr'><strong>spiritus</strong></span> <span class='ocrx_word' id='word_1_318' title='bbox 712 2831 809 2886; x_wconf 89' lang='lat' dir='ltr'><strong>Dei</strong></span> <span class='ocrx_word' id='word_1_319' title='bbox 851 2832 1045 2887; x_wconf 89' lang='lat' dir='ltr'><strong>habitet</strong></span> <span class='ocrx_word' id='word_1_320' title='bbox 1078 2833 1131 2886; x_wconf 88' lang='lat' dir='ltr'><strong>in</strong></span> <span class='ocrx_word' id='word_1_321' title='bbox 1171 2833 1334 2888; x_wconf 85' lang='lat' dir='ltr'><strong>vobis.</strong></span> <span class='ocrx_word' id='word_1_322' title='bbox 1367 2832 1426 2888; x_wconf 89' lang='lat' dir='ltr'><strong>Si</strong></span> <span class='ocrx_word' id='word_1_323' title='bbox 1452 2835 1569 2904; x_wconf 84' lang='lat' dir='ltr'><strong>quis</strong></span> <span class='ocrx_word' id='word_1_324' title='bbox 1598 2846 1772 2889; x_wconf 88' lang='lat' dir='ltr'><strong>autem</strong></span> 
     </span>
    </p>
   </div>
   <div class='ocr_carea' id='block_1_43' title="bbox 187 2918 1773 2994">
    <p class='ocr_par' dir='ltr' id='par_1_43' title="bbox 187 2918 1773 2994">
     <span class='ocr_line' id='line_1_43' title="bbox 187 2918 1773 2994; baseline 0.001 -17"><span class='ocrx_word' id='word_1_325' title='bbox 187 2923 415 2993; x_wconf 83' lang='lat' dir='ltr'><strong>spiritum</strong></span> <span class='ocrx_word' id='word_1_326' title='bbox 454 2921 654 2977; x_wconf 87' lang='lat' dir='ltr'><strong>Christi</strong></span> <span class='ocrx_word' id='word_1_327' title='bbox 684 2941 787 2978; x_wconf 89' lang='lat' dir='ltr'><strong>non</strong></span> <span class='ocrx_word' id='word_1_328' title='bbox 821 2923 995 2990; x_wconf 89' lang='lat' dir='ltr'><strong>habet,</strong></span> <span class='ocrx_word' id='word_1_329' title='bbox 1029 2918 1127 2978; x_wconf 62' lang='lat' dir='ltr'><strong>&#39;hie</strong></span> <span class='ocrx_word' id='word_1_330' title='bbox 1155 2941 1257 2978; x_wconf 82' lang='lat' dir='ltr'><strong>non</strong></span> <span class='ocrx_word' id='word_1_331' title='bbox 1291 2934 1366 2978; x_wconf 86' lang='lat' dir='ltr'><strong>est</strong></span> <span class='ocrx_word' id='word_1_332' title='bbox 1395 2924 1530 2994; x_wconf 89' lang='lat' dir='ltr'><strong>ejus,</strong></span> <span class='ocrx_word' id='word_1_333' title='bbox 1559 2933 1665 2980; x_wconf 86' lang='lat' dir='ltr'><strong>etc.</strong></span> <span class='ocrx_word' id='word_1_334' title='bbox 1693 2924 1773 2979; x_wconf 86' lang='lat' dir='ltr'><strong>Ac</strong></span> 
     </span>
    </p>
   </div>
   <div class='ocr_carea' id='block_1_44' title="bbox 188 3012 1767 3085">
    <p class='ocr_par' dir='ltr' id='par_1_44' title="bbox 188 3012 1767 3085">
     <span class='ocr_line' id='line_1_44' title="bbox 188 3012 1767 3085; baseline 0.003 -18"><span class='ocrx_word' id='word_1_335' title='bbox 188 3012 370 3068; x_wconf 87' lang='lat' dir='ltr'><strong>deinde</strong></span> <span class='ocrx_word' id='word_1_336' title='bbox 394 3014 642 3084; x_wconf 86' lang='lat' dir='ltr'><strong>profecto</strong></span> <span class='ocrx_word' id='word_1_337' title='bbox 664 3022 812 3084; x_wconf 89' lang='lat' dir='ltr'><strong>patet</strong></span> <span class='ocrx_word' id='word_1_338' title='bbox 833 3016 957 3084; x_wconf 90' lang='lat' dir='ltr'><strong>quia</strong></span> <span class='ocrx_word' id='word_1_339' title='bbox 980 3015 1287 3085; x_wconf 88' lang='lat' dir='ltr'><strong>quicunque</strong></span> <span class='ocrx_word' id='word_1_340' title='bbox 1309 3030 1415 3069; x_wconf 94' lang='lat' dir='ltr'><strong>non</strong></span> <span class='ocrx_word' id='word_1_341' title='bbox 1440 3024 1522 3071; x_wconf 92' lang='lat' dir='ltr'><strong>est</strong></span> <span class='ocrx_word' id='word_1_342' title='bbox 1544 3015 1767 3083; x_wconf 89' lang='lat' dir='ltr'><strong>Christi,</strong></span> 
     </span>
    </p>
   </div>
   <div class='ocr_carea' id='block_1_45' title="bbox 190 3104 1772 3178">
    <p class='ocr_par' dir='ltr' id='par_1_45' title="bbox 190 3104 1772 3178">
     <span class='ocr_line' id='line_1_45' title="bbox 190 3104 1772 3178; baseline 0.006 -22"><span class='ocrx_word' id='word_1_343' title='bbox 190 3104 327 3175; x_wconf 71' lang='lat' dir='ltr'><strong>regni</strong></span> <span class='ocrx_word' id='word_1_344' title='bbox 350 3105 434 3160; x_wconf 87' lang='lat' dir='ltr'><strong>sui</strong></span> <span class='ocrx_word' id='word_1_345' title='bbox 461 3106 733 3177; x_wconf 89' lang='lat' dir='ltr'><strong>particeps</strong></span> <span class='ocrx_word' id='word_1_346' title='bbox 760 3106 877 3162; x_wconf 91' lang='lat' dir='ltr'><strong>ﬁeri</strong></span> <span class='ocrx_word' id='word_1_347' title='bbox 906 3108 1112 3178; x_wconf 89' lang='lat' dir='ltr'><strong>nequit.</strong></span> <span class='ocrx_word' id='word_1_348' title='bbox 1144 3106 1375 3178; x_wconf 86' lang='lat' dir='ltr'><strong>Ideoque</strong></span> <span class='ocrx_word' id='word_1_349' title='bbox 1401 3110 1772 3166; x_wconf 88' lang='lat' dir='ltr'><strong>necessarium</strong></span> 
     </span>
    </p>
   </div>
   <div class='ocr_carea' id='block_1_46' title="bbox 188 3198 1769 3270">
    <p class='ocr_par' dir='ltr' id='par_1_46' title="bbox 188 3198 1769 3270">
     <span class='ocr_line' id='line_1_46' title="bbox 188 3198 1769 3270; baseline 0.006 -21"><span class='ocrx_word' id='word_1_350' title='bbox 188 3203 283 3260; x_wconf 88' lang='lat' dir='ltr'><strong>est,</strong></span> <span class='ocrx_word' id='word_1_351' title='bbox 313 3204 371 3250; x_wconf 92' lang='lat' dir='ltr'><strong>ut</strong></span> <span class='ocrx_word' id='word_1_352' title='bbox 399 3198 584 3252; x_wconf 87' lang='lat' dir='ltr'><strong>statim</strong></span> <span class='ocrx_word' id='word_1_353' title='bbox 616 3207 963 3254; x_wconf 87' lang='lat' dir='ltr'><strong>succurratur</strong></span> <span class='ocrx_word' id='word_1_354' title='bbox 988 3200 1263 3270; x_wconf 89' lang='lat' dir='ltr'><strong>baptizato</strong></span> <span class='ocrx_word' id='word_1_355' title='bbox 1300 3216 1424 3256; x_wconf 90' lang='lat' dir='ltr'><strong>cum</strong></span> <span class='ocrx_word' id='word_1_356' title='bbox 1457 3203 1769 3258; x_wconf 86' lang='lat' dir='ltr'><strong>chrismatis</strong></span> 
     </span>
    </p>
   </div>
   <div class='ocr_carea' id='block_1_47' title="bbox 187 3288 1769 3365">
    <p class='ocr_par' dir='ltr' id='par_1_47' title="bbox 187 3288 1769 3365">
     <span class='ocr_line' id='line_1_47' title="bbox 187 3288 1769 3365; baseline 0.007 -25"><span class='ocrx_word' id='word_1_357' title='bbox 187 3288 467 3355; x_wconf 87' lang='lat' dir='ltr'><strong>unctione,</strong></span> <span class='ocrx_word' id='word_1_358' title='bbox 512 3297 574 3344; x_wconf 87' lang='lat' dir='ltr'><strong>ut</strong></span> <span class='ocrx_word' id='word_1_359' title='bbox 622 3289 854 3361; x_wconf 91' lang='lat' dir='ltr'><strong>Spiritus</strong></span> <span class='ocrx_word' id='word_1_360' title='bbox 895 3294 1067 3349; x_wconf 89' lang='lat' dir='ltr'><strong>sancti</strong></span> <span class='ocrx_word' id='word_1_361' title='bbox 1109 3294 1577 3365; x_wconf 86' lang='lat' dir='ltr'><strong>participationem</strong></span> <span class='ocrx_word' id='word_1_362' title='bbox 1625 3297 1769 3352; x_wconf 90' lang='lat' dir='ltr'><strong>acci-</strong></span> 
     </span>
    </p>
   </div>
   <div class='ocr_carea' id='block_1_48' title="bbox 186 3384 1281 3453">
    <p class='ocr_par' dir='ltr' id='par_1_48' title="bbox 186 3384 1281 3453">
     <span class='ocr_line' id='line_1_48' title="bbox 186 3384 1281 3453; baseline 0.005 -16"><span class='ocrx_word' id='word_1_363' title='bbox 186 3384 351 3453; x_wconf 89' lang='lat' dir='ltr'><strong>piens,</strong></span> <span class='ocrx_word' id='word_1_364' title='bbox 379 3386 591 3442; x_wconf 91' lang='lat' dir='ltr'><strong>alienus</strong></span> <span class='ocrx_word' id='word_1_365' title='bbox 620 3403 650 3442; x_wconf 88' lang='lat' dir='ltr'><strong>a</strong></span> <span class='ocrx_word' id='word_1_366' title='bbox 681 3387 898 3444; x_wconf 90' lang='lat' dir='ltr'><strong>Christo</strong></span> <span class='ocrx_word' id='word_1_367' title='bbox 923 3405 1031 3444; x_wconf 92' lang='lat' dir='ltr'><strong>non</strong></span> <span class='ocrx_word' id='word_1_368' title='bbox 1065 3389 1281 3444; x_wconf 80' lang='lat' dir='ltr'><strong>existat.</strong></span> 
     </span>
    </p>
   </div>
   <div class='ocr_carea' id='block_1_49' title="bbox 744 3502 1195 3559">
    <p class='ocr_par' dir='ltr' id='par_1_49' title="bbox 744 3502 1195 3559">
     <span class='ocr_line' id='line_1_49' title="bbox 744 3502 1195 3559; baseline -0.002 0"><span class='ocrx_word' id='word_1_369' title='bbox 744 3502 973 3559; x_wconf 83' lang='lat' dir='ltr'><strong>CAPUT</strong></span> <span class='ocrx_word' id='word_1_370' title='bbox 1006 3503 1195 3558; x_wconf 89' lang='lat' dir='ltr'><strong>XXIX.</strong></span> 
     </span>
    </p>
   </div>
   <div class='ocr_carea' id='block_1_50' title="bbox 384 3574 1551 3644">
    <p class='ocr_par' dir='ltr' id='par_1_50' title="bbox 384 3574 1551 3644">
     <span class='ocr_line' id='line_1_50' title="bbox 384 3574 1551 3644; baseline 0.003 -16"><span class='ocrx_word' id='word_1_371' title='bbox 384 3574 466 3629; x_wconf 89' lang='lat' dir='ltr'><strong>De</strong></span> <span class='ocrx_word' id='word_1_372' title='bbox 492 3575 797 3629; x_wconf 88' lang='lat' dir='ltr'><strong>indumento</strong></span> <span class='ocrx_word' id='word_1_373' title='bbox 828 3575 1078 3644; x_wconf 81' lang='lat' dir='ltr'><strong>baptizati</strong></span> <span class='ocrx_word' id='word_1_374' title='bbox 1106 3586 1153 3630; x_wconf 92' lang='lat' dir='ltr'><strong>et</strong></span> <span class='ocrx_word' id='word_1_375' title='bbox 1190 3575 1551 3632; x_wconf 85' lang='lat' dir='ltr'><strong>Eucharistia.</strong></span> 
     </span>
    </p>
   </div>
   <div class='ocr_carea' id='block_1_51' title="bbox 248 3664 1771 3734">
    <p class='ocr_par' dir='ltr' id='par_1_51' title="bbox 248 3664 1771 3734">
     <span class='ocr_line' id='line_1_51' title="bbox 248 3664 1771 3734; baseline 0.003 -15"><span class='ocrx_word' id='word_1_376' title='bbox 248 3664 376 3723; x_wconf 86' lang='lat' dir='ltr'><strong>Post</strong></span> <span class='ocrx_word' id='word_1_377' title='bbox 416 3667 750 3734; x_wconf 84' lang='lat' dir='ltr'><strong>baptismum</strong></span> <span class='ocrx_word' id='word_1_378' title='bbox 795 3672 974 3721; x_wconf 88' lang='lat' dir='ltr'><strong>autem</strong></span> <span class='ocrx_word' id='word_1_379' title='bbox 1005 3666 1235 3721; x_wconf 89' lang='lat' dir='ltr'><strong>traditur</strong></span> <span class='ocrx_word' id='word_1_380' title='bbox 1269 3666 1578 3722; x_wconf 89' lang='lat' dir='ltr'><strong>Christiano</strong></span> <span class='ocrx_word' id='word_1_381' title='bbox 1602 3668 1771 3725; x_wconf 84' lang='lat' dir='ltr'><strong>vestis</strong></span> 
     </span>
    </p>
   </div>
   <div class='ocr_carea' id='block_1_52' title="bbox 184 3756 1771 3831">
    <p class='ocr_par' dir='ltr' id='par_1_52' title="bbox 184 3756 1771 3831">
     <span class='ocr_line' id='line_1_52' title="bbox 184 3756 1771 3831; baseline 0.004 -20"><span class='ocrx_word' id='word_1_382' title='bbox 184 3758 409 3812; x_wconf 88' lang='lat' dir='ltr'><strong>candida</strong></span> <span class='ocrx_word' id='word_1_383' title='bbox 439 3756 732 3826; x_wconf 71' lang='lat' dir='ltr'><strong>designans</strong></span> <span class='ocrx_word' id='word_1_384' title='bbox 776 3757 1138 3831; x_wconf 79' lang='lat' dir='ltr'><strong>innoceptiam</strong></span> <span class='ocrx_word' id='word_1_385' title='bbox 1184 3767 1238 3814; x_wconf 89' lang='lat' dir='ltr'><strong>et</strong></span> <span class='ocrx_word' id='word_1_386' title='bbox 1278 3759 1569 3831; x_wconf 87' lang='lat' dir='ltr'><strong>puritatem</strong></span> <span class='ocrx_word' id='word_1_387' title='bbox 1607 3758 1771 3817; x_wconf 78' lang='lat' dir='ltr'><strong>Chri-</strong></span> 
     </span>
    </p>
   </div>
   <div class='ocr_carea' id='block_1_53' title="bbox 186 3848 1771 3918">
    <p class='ocr_par' dir='ltr' id='par_1_53' title="bbox 186 3848 1771 3918">
     <span class='ocr_line' id='line_1_53' title="bbox 186 3848 1771 3918; baseline 0.003 -16"><span class='ocrx_word' id='word_1_388' title='bbox 186 3848 437 3912; x_wconf 85' lang='lat' dir='ltr'><strong>stianam,</strong></span> <span class='ocrx_word' id='word_1_389' title='bbox 482 3861 643 3916; x_wconf 89' lang='lat' dir='ltr'><strong>quam</strong></span> <span class='ocrx_word' id='word_1_390' title='bbox 672 3856 794 3918; x_wconf 88' lang='lat' dir='ltr'><strong>post</strong></span> <span class='ocrx_word' id='word_1_391' title='bbox 822 3849 1033 3905; x_wconf 89' lang='lat' dir='ltr'><strong>ablutas</strong></span> <span class='ocrx_word' id='word_1_392' title='bbox 1065 3858 1279 3906; x_wconf 88' lang='lat' dir='ltr'><strong>veteres</strong></span> <span class='ocrx_word' id='word_1_393' title='bbox 1308 3851 1548 3907; x_wconf 86' lang='lat' dir='ltr'><strong>maculas</strong></span> <span class='ocrx_word' id='word_1_394' title='bbox 1591 3852 1771 3908; x_wconf 91' lang='lat' dir='ltr'><strong>studio</strong></span> 
     </span>
    </p>
   </div>
   <div class='ocr_carea' id='block_1_54' title="bbox 186 3941 1766 4011">
    <p class='ocr_par' dir='ltr' id='par_1_54' title="bbox 186 3941 1766 4011">
     <span class='ocr_line' id='line_1_54' title="bbox 186 3941 1766 4011; baseline 0.003 -16"><span class='ocrx_word' id='word_1_395' title='bbox 186 3950 379 3997; x_wconf 84' lang='lat' dir='ltr'><strong>sanctae</strong></span> <span class='ocrx_word' id='word_1_396' title='bbox 416 3941 847 3997; x_wconf 88' lang='lat' dir='ltr'><strong>conversationis</strong></span> <span class='ocrx_word' id='word_1_397' title='bbox 886 3943 1288 3999; x_wconf 82' lang='lat' dir='ltr'><strong>immaculatum</strong></span> <span class='ocrx_word' id='word_1_398' title='bbox 1331 3958 1548 3999; x_wconf 87' lang='lat' dir='ltr'><strong>scrvare</strong></span> <span class='ocrx_word' id='word_1_399' title='bbox 1578 3944 1766 4011; x_wconf 85' lang='lat' dir='ltr'><strong>debet,</strong></span> 
     </span>
    </p>
   </div>
   <div class='ocr_carea' id='block_1_55' title="bbox 188 4032 1771 4101">
    <p class='ocr_par' dir='ltr' id='par_1_55' title="bbox 188 4032 1771 4101">
     <span class='ocr_line' id='line_1_55' title="bbox 188 4032 1771 4101; baseline 0.005 -17"><span class='ocrx_word' id='word_1_400' title='bbox 188 4032 250 4085; x_wconf 90' lang='lat' dir='ltr'><strong>ad</strong></span> <span class='ocrx_word' id='word_1_401' title='bbox 273 4032 715 4101; x_wconf 66' lang='lat' dir='ltr'><strong>praesentandum</strong></span> <span class='ocrx_word' id='word_1_402' title='bbox 741 4042 866 4087; x_wconf 89' lang='lat' dir='ltr'><strong>ante</strong></span> <span class='ocrx_word' id='word_1_403' title='bbox 901 4034 1136 4088; x_wconf 88' lang='lat' dir='ltr'><strong>tribunal</strong></span> <span class='ocrx_word' id='word_1_404' title='bbox 1167 4033 1390 4090; x_wconf 90' lang='lat' dir='ltr'><strong>Christi.</strong></span> <span class='ocrx_word' id='word_1_405' title='bbox 1420 4034 1612 4089; x_wconf 88' lang='lat' dir='ltr'><strong>Cuncti</strong></span> <span class='ocrx_word' id='word_1_406' title='bbox 1640 4050 1771 4092; x_wconf 92' lang='lat' dir='ltr'><strong>vero</strong></span> 
     </span>
    </p>
   </div>
   <div class='ocr_carea' id='block_1_56' title="bbox 189 4122 1771 4196">
    <p class='ocr_par' dir='ltr' id='par_1_56' title="bbox 189 4122 1771 4196">
     <span class='ocr_line' id='line_1_56' title="bbox 189 4122 1771 4196; baseline 0.004 -21"><span class='ocrx_word' id='word_1_407' title='bbox 189 4122 352 4176; x_wconf 89' lang='lat' dir='ltr'><strong>renati</strong></span> <span class='ocrx_word' id='word_1_408' title='bbox 384 4122 523 4177; x_wconf 89' lang='lat' dir='ltr'><strong>albis</strong></span> <span class='ocrx_word' id='word_1_409' title='bbox 550 4122 845 4178; x_wconf 91' lang='lat' dir='ltr'><strong>induuntur</strong></span> <span class='ocrx_word' id='word_1_410' title='bbox 866 4124 1129 4190; x_wconf 86' lang='lat' dir='ltr'><strong>vestibus,</strong></span> <span class='ocrx_word' id='word_1_411' title='bbox 1155 4124 1220 4179; x_wconf 89' lang='lat' dir='ltr'><strong>ad</strong></span> <span class='ocrx_word' id='word_1_412' title='bbox 1243 4126 1561 4196; x_wconf 89' lang='lat' dir='ltr'><strong>mysterium</strong></span> <span class='ocrx_word' id='word_1_413' title='bbox 1590 4140 1771 4181; x_wconf 90' lang='lat' dir='ltr'><strong>resur-</strong></span> 
     </span>
    </p>
   </div>
   <div class='ocr_carea' id='block_1_57' title="bbox 188 4213 1770 4290">
    <p class='ocr_par' dir='ltr' id='par_1_57' title="bbox 188 4213 1770 4290">
     <span class='ocr_line' id='line_1_57' title="bbox 188 4213 1770 4290; baseline 0.004 -22"><span class='ocrx_word' id='word_1_414' title='bbox 188 4213 355 4285; x_wconf 78' lang='lat' dir='ltr'><strong>gentis</strong></span> <span class='ocrx_word' id='word_1_415' title='bbox 383 4214 662 4282; x_wconf 82' lang='lat' dir='ltr'><strong>Ecclesiae,</strong></span> <span class='ocrx_word' id='word_1_416' title='bbox 694 4216 835 4271; x_wconf 91' lang='lat' dir='ltr'><strong>sicut</strong></span> <span class='ocrx_word' id='word_1_417' title='bbox 863 4217 978 4286; x_wconf 87' lang='lat' dir='ltr'><strong>ipse</strong></span> <span class='ocrx_word' id='word_1_418' title='bbox 999 4218 1256 4273; x_wconf 90' lang='lat' dir='ltr'><strong>Dominus</strong></span> <span class='ocrx_word' id='word_1_419' title='bbox 1285 4234 1467 4273; x_wconf 90' lang='lat' dir='ltr'><strong>coram</strong></span> <span class='ocrx_word' id='word_1_420' title='bbox 1492 4219 1770 4290; x_wconf 89' lang='lat' dir='ltr'><strong>discipulis</strong></span> 
     </span>
    </p>
   </div>
   <div class='ocr_carea' id='block_1_58' title="bbox 189 4308 1769 4383">
    <p class='ocr_par' dir='ltr' id='par_1_58' title="bbox 189 4308 1769 4383">
     <span class='ocr_line' id='line_1_58' title="bbox 189 4308 1769 4383; baseline 0.004 -24"><span class='ocrx_word' id='word_1_421' title='bbox 189 4308 595 4379; x_wconf 87' lang='lat' dir='ltr'><strong>transﬁguratus</strong></span> <span class='ocrx_word' id='word_1_422' title='bbox 646 4316 763 4374; x_wconf 91' lang='lat' dir='ltr'><strong>est,</strong></span> <span class='ocrx_word' id='word_1_423' title='bbox 819 4318 879 4363; x_wconf 91' lang='lat' dir='ltr'><strong>ut</strong></span> <span class='ocrx_word' id='word_1_424' title='bbox 924 4310 1160 4365; x_wconf 91' lang='lat' dir='ltr'><strong>dicitur:</strong></span> <span class='ocrx_word' id='word_1_425' title='bbox 1223 4310 1560 4383; x_wconf 84' lang='lat' dir='ltr'><strong>Resplenduit</strong></span> <span class='ocrx_word' id='word_1_426' title='bbox 1605 4312 1769 4381; x_wconf 80' lang='lat' dir='ltr'><strong>facies</strong></span> 
     </span>
    </p>
   </div>
   <div class='ocr_carea' id='block_1_59' title="bbox 188 4399 1769 4474">
    <p class='ocr_par' dir='ltr' id='par_1_59' title="bbox 188 4399 1769 4474">
     <span class='ocr_line' id='line_1_59' title="bbox 188 4399 1769 4474; baseline 0.004 -22"><span class='ocrx_word' id='word_1_427' title='bbox 188 4399 292 4467; x_wconf 84' lang='lat' dir='ltr'><strong>ejus</strong></span> <span class='ocrx_word' id='word_1_428' title='bbox 315 4401 447 4455; x_wconf 85' lang='lat' dir='ltr'><strong>sicut</strong></span> <span class='ocrx_word' id='word_1_429' title='bbox 473 4400 575 4466; x_wconf 86' lang='lat' dir='ltr'><strong>sol,</strong></span> <span class='ocrx_word' id='word_1_430' title='bbox 604 4402 904 4456; x_wconf 81' lang='lat' dir='ltr'><strong>vestimenta</strong></span> <span class='ocrx_word' id='word_1_431' title='bbox 933 4403 1048 4472; x_wconf 85' lang='lat' dir='ltr'><strong>ejus</strong></span> <span class='ocrx_word' id='word_1_432' title='bbox 1076 4403 1216 4474; x_wconf 79' lang='lat' dir='ltr'><strong>{acta</strong></span> <span class='ocrx_word' id='word_1_433' title='bbox 1240 4413 1359 4457; x_wconf 81' lang='lat' dir='ltr'><strong>sunt</strong></span> <span class='ocrx_word' id='word_1_434' title='bbox 1384 4402 1611 4457; x_wconf 84' lang='lat' dir='ltr'><strong>candida</strong></span> <span class='ocrx_word' id='word_1_435' title='bbox 1635 4406 1769 4458; x_wconf 86' lang='lat' dir='ltr'><strong>sicut</strong></span> 
     </span>
    </p>
   </div>
   <div class='ocr_carea' id='block_1_60' title="bbox 190 4493 1771 4569">
    <p class='ocr_par' dir='ltr' id='par_1_60' title="bbox 190 4493 1771 4569">
     <span class='ocr_line' id='line_1_60' title="bbox 190 4493 1771 4569; baseline 0.004 -23"><span class='ocrx_word' id='word_1_436' title='bbox 190 4493 309 4560; x_wconf 78' lang='lat' dir='ltr'><strong>nix;</strong></span> <span class='ocrx_word' id='word_1_437' title='bbox 345 4510 453 4565; x_wconf 92' lang='lat' dir='ltr'><strong>quo</strong></span> <span class='ocrx_word' id='word_1_438' title='bbox 477 4494 624 4549; x_wconf 89' lang='lat' dir='ltr'><strong>facto</strong></span> <span class='ocrx_word' id='word_1_439' title='bbox 653 4495 1014 4565; x_wconf 88' lang='lat' dir='ltr'><strong>splendorem,</strong></span> <span class='ocrx_word' id='word_1_440' title='bbox 1038 4505 1098 4552; x_wconf 87' lang='lat' dir='ltr'><strong>ut</strong></span> <span class='ocrx_word' id='word_1_441' title='bbox 1121 4496 1324 4552; x_wconf 89' lang='lat' dir='ltr'><strong>dictum</strong></span> <span class='ocrx_word' id='word_1_442' title='bbox 1350 4505 1453 4564; x_wconf 90' lang='lat' dir='ltr'><strong>est,</strong></span> <span class='ocrx_word' id='word_1_443' title='bbox 1486 4511 1771 4569; x_wconf 88' lang='lat' dir='ltr'><strong>resurgen-</strong></span> 
     </span>
    </p>
   </div>
   <div class='ocr_carea' id='block_1_61' title="bbox 190 4582 1849 4682">
    <p class='ocr_par' dir='ltr' id='par_1_61' title="bbox 190 4582 1849 4682">
     <span class='ocr_line' id='line_1_61' title="bbox 190 4582 1849 4682; baseline 0.007 -47"><span class='ocrx_word' id='word_1_444' title='bbox 190 4582 255 4637; x_wconf 91' lang='lat' dir='ltr'><strong>tis</strong></span> <span class='ocrx_word' id='word_1_445' title='bbox 283 4584 332 4639; x_wconf 91' lang='lat' dir='ltr'><strong>iu</strong></span> <span class='ocrx_word' id='word_1_446' title='bbox 362 4586 609 4641; x_wconf 87' lang='lat' dir='ltr'><strong>futurum</strong></span> <span class='ocrx_word' id='word_1_447' title='bbox 632 4585 881 4658; x_wconf 83' lang='lat' dir='ltr'><strong>ﬁguravit</strong></span> <span class='ocrx_word' id='word_1_448' title='bbox 908 4587 1180 4643; x_wconf 77' lang='lat' dir='ltr'><strong>Ecclesiae.</strong></span> <span class='ocrx_word' id='word_1_449' title='bbox 1215 4588 1455 4645; x_wconf 89' lang='lat' dir='ltr'><strong>Utuntur</strong></span> <span class='ocrx_word' id='word_1_450' title='bbox 1476 4606 1605 4662; x_wconf 89' lang='lat' dir='ltr'><strong>ergo</strong></span> <span class='ocrx_word' id='word_1_451' title='bbox 1632 4589 1769 4646; x_wconf 90' lang='lat' dir='ltr'><strong>albis</strong></span> <span class='ocrx_word' id='word_1_452' title='bbox 1795 4621 1849 4682; x_wconf 74' lang='grc' dir='ltr'><strong>Ι)</strong></span> 
     </span>
    </p>
   </div>
   <div class='ocr_carea' id='block_1_62' title="bbox 191 4679 1771 4751">
    <p class='ocr_par' dir='ltr' id='par_1_62' title="bbox 191 4679 1771 4751">
     <span class='ocr_line' id='line_1_62' title="bbox 191 4679 1771 4751; baseline 0.006 -22"><span class='ocrx_word' id='word_1_453' title='bbox 191 4679 442 4746; x_wconf 74' lang='lat' dir='ltr'><strong>vestibus,</strong></span> <span class='ocrx_word' id='word_1_454' title='bbox 467 4687 530 4735; x_wconf 90' lang='lat' dir='ltr'><strong>ut</strong></span> <span class='ocrx_word' id='word_1_455' title='bbox 556 4696 785 4751; x_wconf 85' lang='lat' dir='ltr'><strong>quorum</strong></span> <span class='ocrx_word' id='word_1_456' title='bbox 812 4681 1003 4750; x_wconf 65' lang='lat' dir='ltr'><strong>prima:</strong></span> <span class='ocrx_word' id='word_1_457' title='bbox 1039 4683 1336 4738; x_wconf 87' lang='lat' dir='ltr'><strong>nativitatis</strong></span> <span class='ocrx_word' id='word_1_458' title='bbox 1364 4682 1589 4739; x_wconf 83' lang='lat' dir='ltr'><strong>infantia</strong></span> <span class='ocrx_word' id='word_1_459' title='bbox 1617 4691 1771 4739; x_wconf 90' lang='lat' dir='ltr'><strong>vetu-</strong></span> 
     </span>
    </p>
   </div>
   <div class='ocr_carea' id='block_1_63' title="bbox 192 4772 1772 4848">
    <p class='ocr_par' dir='ltr' id='par_1_63' title="bbox 192 4772 1772 4848">
     <span class='ocr_line' id='line_1_63' title="bbox 192 4772 1772 4848; baseline 0.004 -24"><span class='ocrx_word' id='word_1_460' title='bbox 192 4772 254 4825; x_wconf 90' lang='lat' dir='ltr'><strong>sti</strong></span> <span class='ocrx_word' id='word_1_461' title='bbox 277 4775 478 4829; x_wconf 87' lang='lat' dir='ltr'><strong>erroris</strong></span> <span class='ocrx_word' id='word_1_462' title='bbox 508 4790 721 4846; x_wconf 88' lang='lat' dir='ltr'><strong>pannus</strong></span> <span class='ocrx_word' id='word_1_463' title='bbox 742 4774 1069 4841; x_wconf 84' lang='lat' dir='ltr'><strong>fuscaverat,</strong></span> <span class='ocrx_word' id='word_1_464' title='bbox 1099 4776 1324 4831; x_wconf 86' lang='lat' dir='ltr'><strong>habitus</strong></span> <span class='ocrx_word' id='word_1_465' title='bbox 1339 4776 1590 4830; x_wconf 84' lang='lat' dir='ltr'><strong>secundae</strong></span> <span class='ocrx_word' id='word_1_466' title='bbox 1610 4791 1772 4848; x_wconf 86' lang='lat' dir='ltr'><strong>gene-</strong></span> 
     </span>
    </p>
   </div>
   <div class='ocr_carea' id='block_1_64' title="bbox 193 4869 1770 4943">
    <p class='ocr_par' dir='ltr' id='par_1_64' title="bbox 193 4869 1770 4943">
     <span class='ocr_line' id='line_1_64' title="bbox 193 4869 1770 4943; baseline 0.003 -21"><span class='ocrx_word' id='word_1_467' title='bbox 193 4869 406 4926; x_wconf 87' lang='lat' dir='ltr'><strong>rationis</strong></span> <span class='ocrx_word' id='word_1_468' title='bbox 434 4871 623 4943; x_wconf 77' lang='lat' dir='ltr'><strong>gloriae</strong></span> <span class='ocrx_word' id='word_1_469' title='bbox 649 4870 902 4941; x_wconf 63' lang='lat' dir='ltr'><strong>pratferat</strong></span> <span class='ocrx_word' id='word_1_470' title='bbox 938 4871 1329 4926; x_wconf 88' lang='lat' dir='ltr'><strong>indumentum.</strong></span> <span class='ocrx_word' id='word_1_471' title='bbox 1366 4871 1589 4942; x_wconf 88' lang='lat' dir='ltr'><strong>Tegitur</strong></span> <span class='ocrx_word' id='word_1_472' title='bbox 1625 4870 1770 4926; x_wconf 92' lang='lat' dir='ltr'><strong>enim</strong></span> 
     </span>
    </p>
   </div>
   <div class='ocr_carea' id='block_1_65' title="bbox 194 4962 1767 5034">
    <p class='ocr_par' dir='ltr' id='par_1_65' title="bbox 194 4962 1767 5034">
     <span class='ocr_line' id='line_1_65' title="bbox 194 4962 1767 5034; baseline 0.001 -20"><span class='ocrx_word' id='word_1_473' title='bbox 194 4969 304 5028; x_wconf 87' lang='lat' dir='ltr'><strong>post</strong></span> <span class='ocrx_word' id='word_1_474' title='bbox 328 4976 541 5017; x_wconf 87' lang='lat' dir='ltr'><strong>sacram</strong></span> <span class='ocrx_word' id='word_1_475' title='bbox 571 4962 879 5017; x_wconf 88' lang='lat' dir='ltr'><strong>unctionem</strong></span> <span class='ocrx_word' id='word_1_476' title='bbox 902 4970 1064 5031; x_wconf 89' lang='lat' dir='ltr'><strong>caput</strong></span> <span class='ocrx_word' id='word_1_477' title='bbox 1088 4962 1206 5032; x_wconf 87' lang='lat' dir='ltr'><strong>ejus</strong></span> <span class='ocrx_word' id='word_1_478' title='bbox 1232 4964 1458 5034; x_wconf 88' lang='lat' dir='ltr'><strong>mystico</strong></span> <span class='ocrx_word' id='word_1_479' title='bbox 1483 4962 1767 5027; x_wconf 86' lang='lat' dir='ltr'><strong>velamine,</strong></span> 
     </span>
    </p>
   </div>
   <div class='ocr_carea' id='block_1_66' title="bbox 197 5052 1774 5125">
    <p class='ocr_par' dir='ltr' id='par_1_66' title="bbox 197 5052 1774 5125">
     <span class='ocr_line' id='line_1_66' title="bbox 197 5052 1774 5125; baseline 0.003 -22"><span class='ocrx_word' id='word_1_480' title='bbox 197 5060 248 5105; x_wconf 92' lang='lat' dir='ltr'><strong>ut</strong></span> <span class='ocrx_word' id='word_1_481' title='bbox 283 5052 549 5125; x_wconf 85' lang='lat' dir='ltr'><strong>intelligat</strong></span> <span class='ocrx_word' id='word_1_482' title='bbox 585 5070 643 5109; x_wconf 91' lang='lat' dir='ltr'><strong>se</strong></span> <span class='ocrx_word' id='word_1_483' title='bbox 677 5053 999 5108; x_wconf 85' lang='lat' dir='ltr'><strong>diadematis</strong></span> <span class='ocrx_word' id='word_1_484' title='bbox 1031 5056 1207 5125; x_wconf 80' lang='lat' dir='ltr'><strong>regni,</strong></span> <span class='ocrx_word' id='word_1_485' title='bbox 1239 5062 1292 5109; x_wconf 87' lang='lat' dir='ltr'><strong>et</strong></span> <span class='ocrx_word' id='word_1_486' title='bbox 1316 5054 1667 5109; x_wconf 78' lang='lat' dir='ltr'><strong>sacerdotalis</strong></span> <span class='ocrx_word' id='word_1_487' title='bbox 1693 5053 1774 5108; x_wconf 89' lang='lat' dir='ltr'><strong>di-</strong></span> 
     </span>
    </p>
   </div>
   <div class='ocr_carea' id='block_1_67' title="bbox 196 5142 1773 5217">
    <p class='ocr_par' dir='ltr' id='par_1_67' title="bbox 196 5142 1773 5217">
     <span class='ocr_line' id='line_1_67' title="bbox 196 5142 1773 5217; baseline 0.001 -21"><span class='ocrx_word' id='word_1_488' title='bbox 196 5143 404 5208; x_wconf 81' lang='lat' dir='ltr'><strong>gnitatis</strong></span> <span class='ocrx_word' id='word_1_489' title='bbox 431 5143 776 5217; x_wconf 89' lang='lat' dir='ltr'><strong>portitorem,</strong></span> <span class='ocrx_word' id='word_1_490' title='bbox 806 5144 958 5215; x_wconf 85' lang='lat' dir='ltr'><strong>juxta</strong></span> <span class='ocrx_word' id='word_1_491' title='bbox 993 5144 1347 5213; x_wconf 78' lang='lat' dir='ltr'><strong>Apostolum:</strong></span> <span class='ocrx_word' id='word_1_492' title='bbox 1393 5142 1491 5199; x_wconf 78' lang='lat' dir='ltr'><strong>Vos</strong></span> <span class='ocrx_word' id='word_1_493' title='bbox 1520 5145 1660 5210; x_wconf 86' lang='lat' dir='ltr'><strong>estis,</strong></span> <span class='ocrx_word' id='word_1_494' title='bbox 1687 5144 1773 5198; x_wconf 92' lang='lat' dir='ltr'><strong>in-</strong></span> 
     </span>
    </p>
   </div>
   <div class='ocr_carea' id='block_1_68' title="bbox 196 5235 1774 5307">
    <p class='ocr_par' dir='ltr' id='par_1_68' title="bbox 196 5235 1774 5307">
     <span class='ocr_line' id='line_1_68' title="bbox 196 5235 1774 5307; baseline 0.002 -19"><span class='ocrx_word' id='word_1_495' title='bbox 196 5235 337 5303; x_wconf 88' lang='lat' dir='ltr'><strong>quit,</strong></span> <span class='ocrx_word' id='word_1_496' title='bbox 373 5254 539 5307; x_wconf 85' lang='lat' dir='ltr'><strong>genus</strong></span> <span class='ocrx_word' id='word_1_497' title='bbox 574 5235 746 5307; x_wconf 86' lang='lat' dir='ltr'><strong>regale</strong></span> <span class='ocrx_word' id='word_1_498' title='bbox 788 5246 835 5290; x_wconf 90' lang='lat' dir='ltr'><strong>et</strong></span> <span class='ocrx_word' id='word_1_499' title='bbox 874 5237 1197 5291; x_wconf 86' lang='lat' dir='ltr'><strong>sacerdotale</strong></span> <span class='ocrx_word' id='word_1_500' title='bbox 1238 5237 1510 5307; x_wconf 68' lang='lat' dir='ltr'><strong>offerentes</strong></span> <span class='ocrx_word' id='word_1_501' title='bbox 1554 5246 1774 5293; x_wconf 84' lang='lat' dir='ltr'><strong>vosmet-</strong></span> 
     </span>
    </p>
   </div>
   <div class='ocr_carea' id='block_1_69' title="bbox 196 5327 1777 5403">
    <p class='ocr_par' dir='ltr' id='par_1_69' title="bbox 196 5327 1777 5403">
     <span class='ocr_line' id='line_1_69' title="bbox 196 5327 1777 5403; baseline 0.006 -24"><span class='ocrx_word' id='word_1_502' title='bbox 196 5327 323 5397; x_wconf 84' lang='lat' dir='ltr'><strong>ipsos</strong></span> <span class='ocrx_word' id='word_1_503' title='bbox 354 5328 464 5385; x_wconf 91' lang='lat' dir='ltr'><strong>Deo</strong></span> <span class='ocrx_word' id='word_1_504' title='bbox 492 5331 719 5385; x_wconf 88' lang='lat' dir='ltr'><strong>hostiam</strong></span> <span class='ocrx_word' id='word_1_505' title='bbox 746 5331 933 5398; x_wconf 81' lang='lat' dir='ltr'><strong>vivam,</strong></span> <span class='ocrx_word' id='word_1_506' title='bbox 962 5341 1218 5398; x_wconf 86' lang='lat' dir='ltr'><strong>sanctam,</strong></span> <span class='ocrx_word' id='word_1_507' title='bbox 1248 5331 1358 5386; x_wconf 87' lang='lat' dir='ltr'><strong>Deo</strong></span> <span class='ocrx_word' id='word_1_508' title='bbox 1389 5331 1698 5403; x_wconf 89' lang='lat' dir='ltr'><strong>placentem,</strong></span> <span class='ocrx_word' id='word_1_509' title='bbox 1721 5341 1777 5388; x_wconf 85' lang='lat' dir='ltr'><strong>et</strong></span> 
     </span>
    </p>
   </div>
   <div class='ocr_carea' id='block_1_70' title="bbox 197 5417 1772 5492">
    <p class='ocr_par' dir='ltr' id='par_1_70' title="bbox 197 5417 1772 5492">
     <span class='ocr_line' id='line_1_70' title="bbox 197 5417 1772 5492; baseline 0.004 -21"><span class='ocrx_word' id='word_1_510' title='bbox 197 5417 409 5489; x_wconf 88' lang='lat' dir='ltr'><strong>reliqua.</strong></span> <span class='ocrx_word' id='word_1_511' title='bbox 461 5420 599 5475; x_wconf 87' lang='lat' dir='ltr'><strong>Nam</strong></span> <span class='ocrx_word' id='word_1_512' title='bbox 631 5422 938 5476; x_wconf 86' lang='lat' dir='ltr'><strong>sacerdotes</strong></span> <span class='ocrx_word' id='word_1_513' title='bbox 974 5424 1027 5477; x_wconf 86' lang='lat' dir='ltr'><strong>in</strong></span> <span class='ocrx_word' id='word_1_514' title='bbox 1059 5423 1239 5478; x_wconf 85' lang='lat' dir='ltr'><strong>Veteri</strong></span> <span class='ocrx_word' id='word_1_515' title='bbox 1265 5421 1613 5478; x_wconf 85' lang='lat' dir='ltr'><strong>Testamento</strong></span> <span class='ocrx_word' id='word_1_516' title='bbox 1636 5437 1772 5492; x_wconf 93' lang='lat' dir='ltr'><strong>quo-</strong></span> 
     </span>
    </p>
   </div>
   <div class='ocr_carea' id='block_1_71' title="bbox 198 5512 1775 5588">
    <p class='ocr_par' dir='ltr' id='par_1_71' title="bbox 198 5512 1775 5588">
     <span class='ocr_line' id='line_1_71' title="bbox 198 5512 1775 5588; baseline 0.003 -22"><span class='ocrx_word' id='word_1_517' title='bbox 198 5512 312 5568; x_wconf 89' lang='lat' dir='ltr'><strong>dam</strong></span> <span class='ocrx_word' id='word_1_518' title='bbox 342 5517 571 5588; x_wconf 85' lang='lat' dir='ltr'><strong>mystico</strong></span> <span class='ocrx_word' id='word_1_519' title='bbox 604 5515 872 5571; x_wconf 86' lang='lat' dir='ltr'><strong>velamine</strong></span> <span class='ocrx_word' id='word_1_520' title='bbox 902 5525 1063 5586; x_wconf 89' lang='lat' dir='ltr'><strong>caput</strong></span> <span class='ocrx_word' id='word_1_521' title='bbox 1100 5532 1315 5587; x_wconf 89' lang='lat' dir='ltr'><strong>semper</strong></span> <span class='ocrx_word' id='word_1_522' title='bbox 1340 5514 1626 5570; x_wconf 88' lang='lat' dir='ltr'><strong>ornabant.</strong></span> <span class='ocrx_word' id='word_1_523' title='bbox 1672 5515 1775 5571; x_wconf 89' lang='lat' dir='ltr'><strong>De-</strong></span> 
     </span>
    </p>
   </div>
   <div class='ocr_carea' id='block_1_72' title="bbox 200 5603 1776 5679">
    <p class='ocr_par' dir='ltr' id='par_1_72' title="bbox 200 5603 1776 5679">
     <span class='ocr_line' id='line_1_72' title="bbox 200 5603 1776 5679; baseline 0.003 -22"><span class='ocrx_word' id='word_1_524' title='bbox 200 5603 314 5659; x_wconf 91' lang='lat' dir='ltr'><strong>inde</strong></span> <span class='ocrx_word' id='word_1_525' title='bbox 340 5622 568 5677; x_wconf 91' lang='lat' dir='ltr'><strong>corpore</strong></span> <span class='ocrx_word' id='word_1_526' title='bbox 593 5615 648 5662; x_wconf 91' lang='lat' dir='ltr'><strong>et</strong></span> <span class='ocrx_word' id='word_1_527' title='bbox 677 5607 937 5679; x_wconf 84' lang='lat' dir='ltr'><strong>sanguine</strong></span> <span class='ocrx_word' id='word_1_528' title='bbox 971 5606 1252 5663; x_wconf 90' lang='lat' dir='ltr'><strong>Dominico</strong></span> <span class='ocrx_word' id='word_1_529' title='bbox 1286 5622 1445 5662; x_wconf 89' lang='lat' dir='ltr'><strong>omne</strong></span> <span class='ocrx_word' id='word_1_530' title='bbox 1465 5605 1776 5677; x_wconf 86' lang='lat' dir='ltr'><strong>praecedens</strong></span> 
     </span>
    </p>
   </div>
   <div class='ocr_carea' id='block_1_73' title="bbox 200 5697 1778 5769">
    <p class='ocr_par' dir='ltr' id='par_1_73' title="bbox 200 5697 1778 5769">
     <span class='ocr_line' id='line_1_73' title="bbox 200 5697 1778 5769; baseline 0.004 -20"><span class='ocrx_word' id='word_1_531' title='bbox 200 5707 589 5755; x_wconf 87' lang='lat' dir='ltr'><strong>sacramentum</strong></span> <span class='ocrx_word' id='word_1_532' title='bbox 625 5701 678 5754; x_wconf 92' lang='lat' dir='ltr'><strong>in</strong></span> <span class='ocrx_word' id='word_1_533' title='bbox 706 5715 772 5755; x_wconf 90' lang='lat' dir='ltr'><strong>eo</strong></span> <span class='ocrx_word' id='word_1_534' title='bbox 799 5697 1170 5764; x_wconf 87' lang='lat' dir='ltr'><strong>conﬁrmatur,</strong></span> <span class='ocrx_word' id='word_1_535' title='bbox 1200 5700 1324 5769; x_wconf 89' lang='lat' dir='ltr'><strong>quia</strong></span> <span class='ocrx_word' id='word_1_536' title='bbox 1346 5699 1460 5755; x_wconf 79' lang='lat' dir='ltr'><strong>haec</strong></span> <span class='ocrx_word' id='word_1_537' title='bbox 1484 5700 1605 5755; x_wconf 92' lang='lat' dir='ltr'><strong>ideo</strong></span> <span class='ocrx_word' id='word_1_538' title='bbox 1634 5699 1778 5755; x_wconf 88' lang='lat' dir='ltr'><strong>acci-</strong></span> 
     </span>
    </p>
   </div>
   <div class='ocr_carea' id='block_1_74' title="bbox 200 5790 1780 5859">
    <p class='ocr_par' dir='ltr' id='par_1_74' title="bbox 200 5790 1780 5859">
     <span class='ocr_line' id='line_1_74' title="bbox 200 5790 1780 5859; baseline 0.002 -16"><span class='ocrx_word' id='word_1_539' title='bbox 200 5804 320 5859; x_wconf 86' lang='lat' dir='ltr'><strong>pere</strong></span> <span class='ocrx_word' id='word_1_540' title='bbox 347 5791 540 5859; x_wconf 87' lang='lat' dir='ltr'><strong>debet,</strong></span> <span class='ocrx_word' id='word_1_541' title='bbox 571 5799 631 5848; x_wconf 87' lang='lat' dir='ltr'><strong>ut.</strong></span> <span class='ocrx_word' id='word_1_542' title='bbox 662 5795 831 5849; x_wconf 89' lang='lat' dir='ltr'><strong>Deum</strong></span> <span class='ocrx_word' id='word_1_543' title='bbox 859 5792 1059 5848; x_wconf 89' lang='lat' dir='ltr'><strong>habere</strong></span> <span class='ocrx_word' id='word_1_544' title='bbox 1086 5799 1360 5848; x_wconf 90' lang='lat' dir='ltr'><strong>mercatur</strong></span> <span class='ocrx_word' id='word_1_545' title='bbox 1386 5792 1441 5846; x_wconf 91' lang='lat' dir='ltr'><strong>in</strong></span> <span class='ocrx_word' id='word_1_546' title='bbox 1470 5807 1527 5846; x_wconf 91' lang='lat' dir='ltr'><strong>se</strong></span> <span class='ocrx_word' id='word_1_547' title='bbox 1566 5790 1780 5847; x_wconf 87' lang='lat' dir='ltr'><strong>habita-</strong></span> 
     </span>
    </p>
   </div>
   <div class='ocr_carea' id='block_1_75' title="bbox 203 5885 1781 5959">
    <p class='ocr_par' dir='ltr' id='par_1_75' title="bbox 203 5885 1781 5959">
     <span class='ocr_line' id='line_1_75' title="bbox 203 5885 1781 5959; baseline 0.003 -24"><span class='ocrx_word' id='word_1_548' title='bbox 203 5887 385 5951; x_wconf 87' lang='lat' dir='ltr'><strong>torem,</strong></span> <span class='ocrx_word' id='word_1_549' title='bbox 411 5893 468 5941; x_wconf 91' lang='lat' dir='ltr'><strong>et</strong></span> <span class='ocrx_word' id='word_1_550' title='bbox 494 5885 638 5944; x_wconf 90' lang='lat' dir='ltr'><strong>illius</strong></span> <span class='ocrx_word' id='word_1_551' title='bbox 659 5887 731 5945; x_wconf 90' lang='lat' dir='ltr'><strong>sit</strong></span> <span class='ocrx_word' id='word_1_552' title='bbox 765 5887 959 5959; x_wconf 88' lang='lat' dir='ltr'><strong>capitis</strong></span> <span class='ocrx_word' id='word_1_553' title='bbox 1000 5885 1302 5943; x_wconf 87' lang='lat' dir='ltr'><strong>membrum</strong></span> <span class='ocrx_word' id='word_1_554' title='bbox 1320 5925 1335 5953; x_wconf 90' lang='lat'><strong>,</strong></span> <span class='ocrx_word' id='word_1_555' title='bbox 1361 5885 1455 5957; x_wconf 91' lang='lat' dir='ltr'><strong>qui</strong></span> <span class='ocrx_word' id='word_1_556' title='bbox 1478 5900 1672 5956; x_wconf 88' lang='lat' dir='ltr'><strong>passus</strong></span> <span class='ocrx_word' id='word_1_557' title='bbox 1696 5891 1781 5941; x_wconf 90' lang='lat' dir='ltr'><strong>est</strong></span> 
     </span>
    </p>
   </div>
   <div class='ocr_carea' id='block_1_76' title="bbox 1879 2003 3472 2077">
    <p class='ocr_par' dir='ltr' id='par_1_76' title="bbox 1879 2003 3472 2077">
     <span class='ocr_line' id='line_1_76' title="bbox 1879 2003 3472 2077; baseline 0.001 -16"><span class='ocrx_word' id='word_1_558' title='bbox 1879 2006 2155 2071; x_wconf 80' lang='lat' dir='ltr'><strong>orandam,</strong></span> <span class='ocrx_word' id='word_1_559' title='bbox 2207 2005 2261 2059; x_wconf 94' lang='lat' dir='ltr'><strong>in</strong></span> <span class='ocrx_word' id='word_1_560' title='bbox 2309 2005 2544 2060; x_wconf 91' lang='lat' dir='ltr'><strong>secunda</strong></span> <span class='ocrx_word' id='word_1_561' title='bbox 2590 2020 2803 2074; x_wconf 89' lang='lat' dir='ltr'><strong>quoque</strong></span> <span class='ocrx_word' id='word_1_562' title='bbox 2850 2014 2909 2059; x_wconf 91' lang='lat' dir='ltr'><strong>ut</strong></span> <span class='ocrx_word' id='word_1_563' title='bbox 2957 2003 3197 2073; x_wconf 86' lang='lat' dir='ltr'><strong>ejusdem</strong></span> <span class='ocrx_word' id='word_1_564' title='bbox 3237 2005 3472 2077; x_wconf 90' lang='lat' dir='ltr'><strong>Spiritus</strong></span> 
     </span>
    </p>
   </div>
   <div class='ocr_carea' id='block_1_77' title="bbox 1877 2095 3473 2167">
    <p class='ocr_par' dir='ltr' id='par_1_77' title="bbox 1877 2095 3473 2167">
     <span class='ocr_line' id='line_1_77' title="bbox 1877 2095 3473 2167; baseline 0.001 -16"><span class='ocrx_word' id='word_1_565' title='bbox 1877 2097 2052 2151; x_wconf 90' lang='lat' dir='ltr'><strong>sancti</strong></span> <span class='ocrx_word' id='word_1_566' title='bbox 2083 2095 2413 2167; x_wconf 89' lang='lat' dir='ltr'><strong>septiformis</strong></span> <span class='ocrx_word' id='word_1_567' title='bbox 2447 2097 2619 2165; x_wconf 83' lang='lat' dir='ltr'><strong>gratia</strong></span> <span class='ocrx_word' id='word_1_568' title='bbox 2656 2112 2776 2151; x_wconf 91' lang='lat' dir='ltr'><strong>cum</strong></span> <span class='ocrx_word' id='word_1_569' title='bbox 2806 2098 2952 2151; x_wconf 90' lang='lat' dir='ltr'><strong>omni</strong></span> <span class='ocrx_word' id='word_1_570' title='bbox 2982 2097 3318 2166; x_wconf 90' lang='lat' dir='ltr'><strong>plenitudine</strong></span> <span class='ocrx_word' id='word_1_571' title='bbox 3347 2113 3473 2153; x_wconf 90' lang='lat' dir='ltr'><strong>san-</strong></span> 
     </span>
    </p>
   </div>
   <div class='ocr_carea' id='block_1_78' title="bbox 1876 2187 3470 2253">
    <p class='ocr_par' dir='ltr' id='par_1_78' title="bbox 1876 2187 3470 2253">
     <span class='ocr_line' id='line_1_78' title="bbox 1876 2187 3470 2253; baseline -0.001 -9"><span class='ocrx_word' id='word_1_572' title='bbox 1876 2188 2081 2244; x_wconf 90' lang='lat' dir='ltr'><strong>ctitatis</strong></span> <span class='ocrx_word' id='word_1_573' title='bbox 2111 2195 2166 2242; x_wconf 90' lang='lat' dir='ltr'><strong>et</strong></span> <span class='ocrx_word' id='word_1_574' title='bbox 2195 2188 2436 2243; x_wconf 78' lang='lat' dir='ltr'><strong>scientiae</strong></span> <span class='ocrx_word' id='word_1_575' title='bbox 2474 2196 2528 2243; x_wconf 90' lang='lat' dir='ltr'><strong>et</strong></span> <span class='ocrx_word' id='word_1_576' title='bbox 2567 2187 2786 2242; x_wconf 89' lang='lat' dir='ltr'><strong>virtutis</strong></span> <span class='ocrx_word' id='word_1_577' title='bbox 2811 2229 2824 2253; x_wconf 96' lang='lat'><strong>,</strong></span> <span class='ocrx_word' id='word_1_578' title='bbox 2873 2187 3060 2243; x_wconf 92' lang='lat' dir='ltr'><strong>venire</strong></span> <span class='ocrx_word' id='word_1_579' title='bbox 3099 2187 3153 2243; x_wconf 89' lang='lat' dir='ltr'><strong>in</strong></span> <span class='ocrx_word' id='word_1_580' title='bbox 3192 2187 3470 2243; x_wconf 87' lang='lat' dir='ltr'><strong>hominem</strong></span> 
     </span>
    </p>
   </div>
   <div class='ocr_carea' id='block_1_79' title="bbox 1876 2277 3472 2350">
    <p class='ocr_par' dir='ltr' id='par_1_79' title="bbox 1876 2277 3472 2350">
     <span class='ocr_line' id='line_1_79' title="bbox 1876 2277 3472 2350; baseline -0.002 -13"><span class='ocrx_word' id='word_1_581' title='bbox 1876 2280 2202 2337; x_wconf 91' lang='lat' dir='ltr'><strong>declaretur.</strong></span> <span class='ocrx_word' id='word_1_582' title='bbox 2255 2279 2407 2334; x_wconf 91' lang='lat' dir='ltr'><strong>Tunc</strong></span> <span class='ocrx_word' id='word_1_583' title='bbox 2455 2279 2601 2334; x_wconf 89' lang='lat' dir='ltr'><strong>enim</strong></span> <span class='ocrx_word' id='word_1_584' title='bbox 2648 2279 2763 2349; x_wconf 90' lang='lat' dir='ltr'><strong>ipse</strong></span> <span class='ocrx_word' id='word_1_585' title='bbox 2809 2277 3047 2349; x_wconf 89' lang='lat' dir='ltr'><strong>Spiritus</strong></span> <span class='ocrx_word' id='word_1_586' title='bbox 3081 2287 3301 2334; x_wconf 88' lang='lat' dir='ltr'><strong>sanctus</strong></span> <span class='ocrx_word' id='word_1_587' title='bbox 3348 2286 3472 2350; x_wconf 88' lang='lat' dir='ltr'><strong>post</strong></span> 
     </span>
    </p>
   </div>
   <div class='ocr_carea' id='block_1_80' title="bbox 1874 2370 3468 2441">
    <p class='ocr_par' dir='ltr' id='par_1_80' title="bbox 1874 2370 3468 2441">
     <span class='ocr_line' id='line_1_80' title="bbox 1874 2370 3468 2441; baseline -0.001 -13"><span class='ocrx_word' id='word_1_588' title='bbox 1874 2374 2134 2429; x_wconf 89' lang='lat' dir='ltr'><strong>mundata</strong></span> <span class='ocrx_word' id='word_1_589' title='bbox 2160 2380 2215 2426; x_wconf 90' lang='lat' dir='ltr'><strong>et</strong></span> <span class='ocrx_word' id='word_1_590' title='bbox 2232 2372 2517 2427; x_wconf 87' lang='lat' dir='ltr'><strong>benedicta</strong></span> <span class='ocrx_word' id='word_1_591' title='bbox 2545 2386 2774 2441; x_wconf 87' lang='lat' dir='ltr'><strong>corpora</strong></span> <span class='ocrx_word' id='word_1_592' title='bbox 2802 2379 2964 2441; x_wconf 90' lang='lat' dir='ltr'><strong>atque</strong></span> <span class='ocrx_word' id='word_1_593' title='bbox 2988 2370 3407 2436; x_wconf 89' lang='lat' dir='ltr'><strong>animas,libens</strong></span> <span class='ocrx_word' id='word_1_594' title='bbox 3435 2386 3468 2426; x_wconf 84' lang='lat' dir='ltr'><strong>a</strong></span> 
     </span>
    </p>
   </div>
   <div class='ocr_carea' id='block_1_81' title="bbox 1874 2461 3468 2528">
    <p class='ocr_par' dir='ltr' id='par_1_81' title="bbox 1874 2461 3468 2528">
     <span class='ocr_line' id='line_1_81' title="bbox 1874 2461 3468 2528; baseline 0 -11"><span class='ocrx_word' id='word_1_595' title='bbox 1874 2462 2038 2518; x_wconf 89' lang='lat' dir='ltr'><strong>Patre</strong></span> <span class='ocrx_word' id='word_1_596' title='bbox 2064 2462 2363 2528; x_wconf 90' lang='lat' dir='ltr'><strong>descendit,</strong></span> <span class='ocrx_word' id='word_1_597' title='bbox 2392 2472 2453 2517; x_wconf 89' lang='lat' dir='ltr'><strong>ut</strong></span> <span class='ocrx_word' id='word_1_598' title='bbox 2483 2478 2575 2517; x_wconf 87' lang='lat' dir='ltr'><strong>vas</strong></span> <span class='ocrx_word' id='word_1_599' title='bbox 2604 2478 2758 2517; x_wconf 85' lang='lat' dir='ltr'><strong>suum</strong></span> <span class='ocrx_word' id='word_1_600' title='bbox 2795 2477 2892 2517; x_wconf 88' lang='lat' dir='ltr'><strong>sua</strong></span> <span class='ocrx_word' id='word_1_601' title='bbox 2917 2461 3228 2517; x_wconf 85' lang='lat' dir='ltr'><strong>visitatione</strong></span> <span class='ocrx_word' id='word_1_602' title='bbox 3268 2462 3468 2517; x_wconf 90' lang='lat' dir='ltr'><strong>sancti-</strong></span> 
     </span>
    </p>
   </div>
   <div class='ocr_carea' id='block_1_82' title="bbox 1875 2556 3469 2625">
    <p class='ocr_par' dir='ltr' id='par_1_82' title="bbox 1875 2556 3469 2625">
     <span class='ocr_line' id='line_1_82' title="bbox 1875 2556 3469 2625; baseline 0.001 -14"><span class='ocrx_word' id='word_1_603' title='bbox 1875 2556 2003 2613; x_wconf 88' lang='lat' dir='ltr'><strong>ﬁcet</strong></span> <span class='ocrx_word' id='word_1_604' title='bbox 2031 2564 2087 2612; x_wconf 91' lang='lat' dir='ltr'><strong>et</strong></span> <span class='ocrx_word' id='word_1_605' title='bbox 2110 2556 2362 2623; x_wconf 91' lang='lat' dir='ltr'><strong>illustret,</strong></span> <span class='ocrx_word' id='word_1_606' title='bbox 2393 2565 2447 2612; x_wconf 89' lang='lat' dir='ltr'><strong>et</strong></span> <span class='ocrx_word' id='word_1_607' title='bbox 2476 2573 2620 2612; x_wconf 87' lang='lat' dir='ltr'><strong>nunc</strong></span> <span class='ocrx_word' id='word_1_608' title='bbox 2649 2558 2705 2612; x_wconf 92' lang='lat' dir='ltr'><strong>in</strong></span> <span class='ocrx_word' id='word_1_609' title='bbox 2740 2557 3013 2612; x_wconf 90' lang='lat' dir='ltr'><strong>hominem</strong></span> <span class='ocrx_word' id='word_1_610' title='bbox 3054 2557 3120 2611; x_wconf 91' lang='lat' dir='ltr'><strong>ad</strong></span> <span class='ocrx_word' id='word_1_611' title='bbox 3160 2556 3265 2613; x_wconf 91' lang='lat' dir='ltr'><strong>hoc</strong></span> <span class='ocrx_word' id='word_1_612' title='bbox 3285 2557 3469 2625; x_wconf 90' lang='lat' dir='ltr'><strong>venit,</strong></span> 
     </span>
    </p>
   </div>
   <div class='ocr_carea' id='block_1_83' title="bbox 1874 2647 3472 2721">
    <p class='ocr_par' dir='ltr' id='par_1_83' title="bbox 1874 2647 3472 2721">
     <span class='ocr_line' id='line_1_83' title="bbox 1874 2647 3472 2721; baseline 0.001 -19"><span class='ocrx_word' id='word_1_613' title='bbox 1874 2656 1935 2703; x_wconf 92' lang='lat' dir='ltr'><strong>ut</strong></span> <span class='ocrx_word' id='word_1_614' title='bbox 1976 2648 2311 2721; x_wconf 87' lang='lat' dir='ltr'><strong>signaculum</strong></span> <span class='ocrx_word' id='word_1_615' title='bbox 2363 2649 2489 2703; x_wconf 89' lang='lat' dir='ltr'><strong>ﬁdei</strong></span> <span class='ocrx_word' id='word_1_616' title='bbox 2539 2649 2683 2719; x_wconf 89' lang='lat' dir='ltr'><strong>quod</strong></span> <span class='ocrx_word' id='word_1_617' title='bbox 2712 2648 2768 2703; x_wconf 91' lang='lat' dir='ltr'><strong>in</strong></span> <span class='ocrx_word' id='word_1_618' title='bbox 2798 2647 2976 2703; x_wconf 87' lang='lat' dir='ltr'><strong>fronte</strong></span> <span class='ocrx_word' id='word_1_619' title='bbox 3014 2649 3274 2719; x_wconf 90' lang='lat' dir='ltr'><strong>suscepit,</strong></span> <span class='ocrx_word' id='word_1_620' title='bbox 3307 2648 3472 2704; x_wconf 80' lang='lat' dir='ltr'><strong>faciat</strong></span> 
     </span>
    </p>
   </div>
   <div class='ocr_carea' id='block_1_84' title="bbox 1873 2740 3472 2813">
    <p class='ocr_par' dir='ltr' id='par_1_84' title="bbox 1873 2740 3472 2813">
     <span class='ocr_line' id='line_1_84' title="bbox 1873 2740 3472 2813; baseline 0 -18"><span class='ocrx_word' id='word_1_621' title='bbox 1873 2754 1998 2796; x_wconf 90' lang='lat' dir='ltr'><strong>eum</strong></span> <span class='ocrx_word' id='word_1_622' title='bbox 2024 2742 2178 2797; x_wconf 92' lang='lat' dir='ltr'><strong>donis</strong></span> <span class='ocrx_word' id='word_1_623' title='bbox 2207 2742 2519 2798; x_wconf 72' lang='lat' dir='ltr'><strong>cmlestibus</strong></span> <span class='ocrx_word' id='word_1_624' title='bbox 2546 2742 2832 2813; x_wconf 86' lang='lat' dir='ltr'><strong>repletum,</strong></span> <span class='ocrx_word' id='word_1_625' title='bbox 2852 2750 2908 2797; x_wconf 90' lang='lat' dir='ltr'><strong>et</strong></span> <span class='ocrx_word' id='word_1_626' title='bbox 2933 2756 3030 2797; x_wconf 90' lang='lat' dir='ltr'><strong>sua</strong></span> <span class='ocrx_word' id='word_1_627' title='bbox 3061 2742 3234 2813; x_wconf 89' lang='lat' dir='ltr'><strong>gratia</strong></span> <span class='ocrx_word' id='word_1_628' title='bbox 3261 2740 3472 2797; x_wconf 86' lang='lat' dir='ltr'><strong>confor-</strong></span> 
     </span>
    </p>
   </div>
   <div class='ocr_carea' id='block_1_85' title="bbox 1876 2833 3468 2906">
    <p class='ocr_par' dir='ltr' id='par_1_85' title="bbox 1876 2833 3468 2906">
     <span class='ocr_line' id='line_1_85' title="bbox 1876 2833 3468 2906; baseline -0.002 -15"><span class='ocrx_word' id='word_1_629' title='bbox 1876 2843 2066 2902; x_wconf 88' lang='lat' dir='ltr'><strong>tatum,</strong></span> <span class='ocrx_word' id='word_1_630' title='bbox 2099 2836 2364 2906; x_wconf 90' lang='lat' dir='ltr'><strong>intrepide</strong></span> <span class='ocrx_word' id='word_1_631' title='bbox 2392 2844 2447 2891; x_wconf 90' lang='lat' dir='ltr'><strong>et</strong></span> <span class='ocrx_word' id='word_1_632' title='bbox 2478 2836 2740 2890; x_wconf 88' lang='lat' dir='ltr'><strong>audacter</strong></span> <span class='ocrx_word' id='word_1_633' title='bbox 2768 2849 2952 2890; x_wconf 88' lang='lat' dir='ltr'><strong>coram</strong></span> <span class='ocrx_word' id='word_1_634' title='bbox 2986 2833 3206 2904; x_wconf 91' lang='lat' dir='ltr'><strong>regibus</strong></span> <span class='ocrx_word' id='word_1_635' title='bbox 3228 2842 3285 2888; x_wconf 92' lang='lat' dir='ltr'><strong>et</strong></span> <span class='ocrx_word' id='word_1_636' title='bbox 3311 2840 3468 2903; x_wconf 84' lang='lat' dir='ltr'><strong>pote-</strong></span> 
     </span>
    </p>
   </div>
   <div class='ocr_carea' id='block_1_86' title="bbox 1875 2923 3473 2999">
    <p class='ocr_par' dir='ltr' id='par_1_86' title="bbox 1875 2923 3473 2999">
     <span class='ocr_line' id='line_1_86' title="bbox 1875 2923 3473 2999; baseline -0.004 -16"><span class='ocrx_word' id='word_1_637' title='bbox 1875 2929 2104 2983; x_wconf 89' lang='lat' dir='ltr'><strong>statibus</strong></span> <span class='ocrx_word' id='word_1_638' title='bbox 2129 2928 2289 2999; x_wconf 90' lang='lat' dir='ltr'><strong>bujus</strong></span> <span class='ocrx_word' id='word_1_639' title='bbox 2315 2927 2496 2983; x_wconf 83' lang='lat' dir='ltr'><strong>saeculi</strong></span> <span class='ocrx_word' id='word_1_640' title='bbox 2537 2935 2788 2997; x_wconf 88' lang='lat' dir='ltr'><strong>portare,</strong></span> <span class='ocrx_word' id='word_1_641' title='bbox 2822 2941 2883 2981; x_wconf 92' lang='lat' dir='ltr'><strong>ac</strong></span> <span class='ocrx_word' id='word_1_642' title='bbox 2929 2940 3128 2981; x_wconf 90' lang='lat' dir='ltr'><strong>nomen</strong></span> <span class='ocrx_word' id='word_1_643' title='bbox 3171 2924 3369 2980; x_wconf 88' lang='lat' dir='ltr'><strong>Christi</strong></span> <span class='ocrx_word' id='word_1_644' title='bbox 3407 2923 3473 2978; x_wconf 82' lang='grc' dir='ltr'><strong>ιί-</strong></span> 
     </span>
    </p>
   </div>
   <div class='ocr_carea' id='block_1_87' title="bbox 1872 3016 3470 3090">
    <p class='ocr_par' dir='ltr' id='par_1_87' title="bbox 1872 3016 3470 3090">
     <span class='ocr_line' id='line_1_87' title="bbox 1872 3016 3470 3090; baseline -0.003 -15"><span class='ocrx_word' id='word_1_645' title='bbox 1872 3020 2005 3075; x_wconf 89' lang='lat' dir='ltr'><strong>bera</strong></span> <span class='ocrx_word' id='word_1_646' title='bbox 2033 3034 2165 3075; x_wconf 88' lang='lat' dir='ltr'><strong>voce</strong></span> <span class='ocrx_word' id='word_1_647' title='bbox 2188 3020 2504 3090; x_wconf 64' lang='lat' dir='ltr'><strong>praedicare.</strong></span> <span class='ocrx_word' id='word_1_648' title='bbox 2540 3017 2653 3074; x_wconf 87' lang='lat' dir='ltr'><strong>Nec</strong></span> <span class='ocrx_word' id='word_1_649' title='bbox 2679 3019 2877 3073; x_wconf 88' lang='lat' dir='ltr'><strong>mirum</strong></span> <span class='ocrx_word' id='word_1_650' title='bbox 2904 3018 2951 3072; x_wconf 89' lang='lat' dir='ltr'><strong>si</strong></span> <span class='ocrx_word' id='word_1_651' title='bbox 2974 3017 3134 3072; x_wconf 92' lang='lat' dir='ltr'><strong>homo</strong></span> <span class='ocrx_word' id='word_1_652' title='bbox 3165 3016 3250 3072; x_wconf 92' lang='lat' dir='ltr'><strong>bis</strong></span> <span class='ocrx_word' id='word_1_653' title='bbox 3278 3016 3470 3071; x_wconf 90' lang='lat' dir='ltr'><strong>eodem</strong></span> 
     </span>
    </p>
   </div>
   <div class='ocr_carea' id='block_1_88' title="bbox 1873 3098 3472 3181">
    <p class='ocr_par' dir='ltr' id='par_1_88' title="bbox 1873 3098 3472 3181">
     <span class='ocr_line' id='line_1_88' title="bbox 1873 3098 3472 3181; baseline -0.004 -13"><span class='ocrx_word' id='word_1_654' title='bbox 1873 3112 2167 3168; x_wconf 90' lang='lat' dir='ltr'><strong>chrismate</strong></span> <span class='ocrx_word' id='word_1_655' title='bbox 2205 3113 2273 3166; x_wconf 90' lang='lat' dir='ltr'><strong>ad</strong></span> <span class='ocrx_word' id='word_1_656' title='bbox 2304 3111 2678 3181; x_wconf 84' lang='lat' dir='ltr'><strong>accipiendum</strong></span> <span class='ocrx_word' id='word_1_657' title='bbox 2713 3110 2974 3180; x_wconf 91' lang='lat' dir='ltr'><strong>Spiritum</strong></span> <span class='ocrx_word' id='word_1_658' title='bbox 3011 3098 3258 3165; x_wconf 88' lang='lat' dir='ltr'><strong>sanctum</strong></span> <span class='ocrx_word' id='word_1_659' title='bbox 3303 3123 3472 3179; x_wconf 88' lang='lat' dir='ltr'><strong>unga-</strong></span> 
     </span>
    </p>
   </div>
   <div class='ocr_carea' id='block_1_89' title="bbox 1874 3201 3469 3274">
    <p class='ocr_par' dir='ltr' id='par_1_89' title="bbox 1874 3201 3469 3274">
     <span class='ocr_line' id='line_1_89' title="bbox 1874 3201 3469 3274; baseline -0.003 -14"><span class='ocrx_word' id='word_1_660' title='bbox 1874 3213 1982 3271; x_wconf 92' lang='lat' dir='ltr'><strong>tur,</strong></span> <span class='ocrx_word' id='word_1_661' title='bbox 2007 3220 2129 3260; x_wconf 91' lang='lat' dir='ltr'><strong>cum</strong></span> <span class='ocrx_word' id='word_1_662' title='bbox 2159 3203 2298 3259; x_wconf 91' lang='lat' dir='ltr'><strong>idem</strong></span> <span class='ocrx_word' id='word_1_663' title='bbox 2332 3203 2568 3274; x_wconf 89' lang='lat' dir='ltr'><strong>Spiritus</strong></span> <span class='ocrx_word' id='word_1_664' title='bbox 2605 3204 2691 3258; x_wconf 91' lang='lat' dir='ltr'><strong>bis</strong></span> <span class='ocrx_word' id='word_1_665' title='bbox 2728 3203 2801 3258; x_wconf 90' lang='lat' dir='ltr'><strong>sit</strong></span> <span class='ocrx_word' id='word_1_666' title='bbox 2828 3202 2959 3272; x_wconf 88' lang='lat' dir='ltr'><strong>ipsis</strong></span> <span class='ocrx_word' id='word_1_667' title='bbox 2990 3201 3250 3273; x_wconf 89' lang='lat' dir='ltr'><strong>apostolis</strong></span> <span class='ocrx_word' id='word_1_668' title='bbox 3278 3201 3469 3268; x_wconf 91' lang='lat' dir='ltr'><strong>datus,</strong></span> 
     </span>
    </p>
   </div>
   <div class='ocr_carea' id='block_1_90' title="bbox 1873 3293 3471 3366">
    <p class='ocr_par' dir='ltr' id='par_1_90' title="bbox 1873 3293 3471 3366">
     <span class='ocr_line' id='line_1_90' title="bbox 1873 3293 3471 3366; baseline -0.004 -12"><span class='ocrx_word' id='word_1_669' title='bbox 1873 3300 1927 3355; x_wconf 91' lang='lat' dir='ltr'><strong>id</strong></span> <span class='ocrx_word' id='word_1_670' title='bbox 1962 3308 2073 3363; x_wconf 91' lang='lat' dir='ltr'><strong>est,</strong></span> <span class='ocrx_word' id='word_1_671' title='bbox 2118 3299 2175 3353; x_wconf 90' lang='lat' dir='ltr'><strong>in</strong></span> <span class='ocrx_word' id='word_1_672' title='bbox 2220 3305 2365 3352; x_wconf 89' lang='lat' dir='ltr'><strong>terra</strong></span> <span class='ocrx_word' id='word_1_673' title='bbox 2411 3296 2577 3352; x_wconf 92' lang='lat' dir='ltr'><strong>semel</strong></span> <span class='ocrx_word' id='word_1_674' title='bbox 2608 3296 2824 3366; x_wconf 88' lang='lat' dir='ltr'><strong>quando</strong></span> <span class='ocrx_word' id='word_1_675' title='bbox 2848 3303 2973 3365; x_wconf 91' lang='lat' dir='ltr'><strong>post</strong></span> <span class='ocrx_word' id='word_1_676' title='bbox 3006 3293 3471 3349; x_wconf 88' lang='lat' dir='ltr'><strong>resurrectionem</strong></span> 
     </span>
    </p>
   </div>
   <div class='ocr_carea' id='block_1_91' title="bbox 1874 3383 3472 3454">
    <p class='ocr_par' dir='ltr' id='par_1_91' title="bbox 1874 3383 3472 3454">
     <span class='ocr_line' id='line_1_91' title="bbox 1874 3383 3472 3454; baseline -0.005 -9"><span class='ocrx_word' id='word_1_677' title='bbox 1874 3406 2026 3446; x_wconf 88' lang='lat' dir='ltr'><strong>suam</strong></span> <span class='ocrx_word' id='word_1_678' title='bbox 2058 3388 2318 3444; x_wconf 91' lang='lat' dir='ltr'><strong>Dominus</strong></span> <span class='ocrx_word' id='word_1_679' title='bbox 2349 3385 2644 3442; x_wconf 81' lang='lat' dir='ltr'><strong>insumavit</strong></span> <span class='ocrx_word' id='word_1_680' title='bbox 2682 3388 2736 3441; x_wconf 91' lang='lat' dir='ltr'><strong>in</strong></span> <span class='ocrx_word' id='word_1_681' title='bbox 2780 3401 2875 3442; x_wconf 90' lang='lat' dir='ltr'><strong>eos</strong></span> <span class='ocrx_word' id='word_1_682' title='bbox 2898 3426 2912 3450; x_wconf 94' lang='lat'><strong>,</strong></span> <span class='ocrx_word' id='word_1_683' title='bbox 2947 3394 3003 3440; x_wconf 91' lang='lat' dir='ltr'><strong>et</strong></span> <span class='ocrx_word' id='word_1_684' title='bbox 3027 3384 3197 3440; x_wconf 83' lang='lat' dir='ltr'><strong>dixit:</strong></span> <span class='ocrx_word' id='word_1_685' title='bbox 3236 3383 3472 3454; x_wconf 87' lang='lat' dir='ltr'><strong>Accipite</strong></span> 
     </span>
    </p>
   </div>
   <div class='ocr_carea' id='block_1_92' title="bbox 1874 3476 3470 3553">
    <p class='ocr_par' dir='ltr' id='par_1_92' title="bbox 1874 3476 3470 3553">
     <span class='ocr_line' id='line_1_92' title="bbox 1874 3476 3470 3553; baseline -0.006 -17"><span class='ocrx_word' id='word_1_686' title='bbox 1874 3481 2130 3553; x_wconf 86' lang='lat' dir='ltr'><strong>Spiritum</strong></span> <span class='ocrx_word' id='word_1_687' title='bbox 2167 3487 2440 3541; x_wconf 87' lang='lat' dir='ltr'><strong>sanetum;</strong></span> <span class='ocrx_word' id='word_1_688' title='bbox 2489 3494 2713 3549; x_wconf 86' lang='lat' dir='ltr'><strong>quorum</strong></span> <span class='ocrx_word' id='word_1_689' title='bbox 2756 3476 3079 3541; x_wconf 86' lang='lat' dir='ltr'><strong>remiseritis,</strong></span> <span class='ocrx_word' id='word_1_690' title='bbox 3102 3482 3349 3545; x_wconf 89' lang='lat' dir='ltr'><strong>peccata,</strong></span> <span class='ocrx_word' id='word_1_691' title='bbox 3387 3490 3470 3527; x_wconf 85' lang='lat' dir='ltr'><strong>re-</strong></span> 
     </span>
    </p>
   </div>
   <div class='ocr_carea' id='block_1_93' title="bbox 1873 3566 3474 3643">
    <p class='ocr_par' dir='ltr' id='par_1_93' title="bbox 1873 3566 3474 3643">
     <span class='ocr_line' id='line_1_93' title="bbox 1873 3566 3474 3643; baseline -0.007 -14"><span class='ocrx_word' id='word_1_692' title='bbox 1873 3575 2153 3629; x_wconf 87' lang='lat' dir='ltr'><strong>mittuntur</strong></span> <span class='ocrx_word' id='word_1_693' title='bbox 2177 3573 2273 3636; x_wconf 87' lang='lat' dir='ltr'><strong>eis,</strong></span> <span class='ocrx_word' id='word_1_694' title='bbox 2300 3580 2347 3625; x_wconf 90' lang='lat' dir='ltr'><strong>et</strong></span> <span class='ocrx_word' id='word_1_695' title='bbox 2375 3586 2595 3643; x_wconf 85' lang='lat' dir='ltr'><strong>quorum</strong></span> <span class='ocrx_word' id='word_1_696' title='bbox 2638 3566 2955 3623; x_wconf 85' lang='lat' dir='ltr'><strong>retinueritis</strong></span> <span class='ocrx_word' id='word_1_697' title='bbox 2997 3574 3195 3620; x_wconf 87' lang='lat' dir='ltr'><strong>retenta</strong></span> <span class='ocrx_word' id='word_1_698' title='bbox 3221 3571 3344 3618; x_wconf 84' lang='lat' dir='ltr'><strong>sunt</strong></span> <span class='ocrx_word' id='word_1_699' title='bbox 3365 3580 3385 3629; x_wconf 87' lang='lat'><strong><em>;</em></strong></span> <span class='ocrx_word' id='word_1_700' title='bbox 3417 3571 3474 3618; x_wconf 87' lang='lat' dir='ltr'><strong>et</strong></span> 
     </span>
    </p>
   </div>
   <div class='ocr_carea' id='block_1_94' title="bbox 1874 3652 3470 3729">
    <p class='ocr_par' dir='ltr' id='par_1_94' title="bbox 1874 3652 3470 3729">
     <span class='ocr_line' id='line_1_94' title="bbox 1874 3652 3470 3729; baseline -0.008 -11"><span class='ocrx_word' id='word_1_701' title='bbox 1874 3664 1942 3718; x_wconf 89' lang='lat' dir='ltr'><strong>de</strong></span> <span class='ocrx_word' id='word_1_702' title='bbox 1965 3662 2117 3718; x_wconf 76' lang='lat' dir='ltr'><strong>ctelis</strong></span> <span class='ocrx_word' id='word_1_703' title='bbox 2149 3660 2338 3725; x_wconf 88' lang='lat' dir='ltr'><strong>semel,</strong></span> <span class='ocrx_word' id='word_1_704' title='bbox 2369 3658 2584 3729; x_wconf 89' lang='lat' dir='ltr'><strong>quando</strong></span> <span class='ocrx_word' id='word_1_705' title='bbox 2609 3664 2731 3728; x_wconf 89' lang='lat' dir='ltr'><strong>post</strong></span> <span class='ocrx_word' id='word_1_706' title='bbox 2757 3654 3131 3711; x_wconf 89' lang='lat' dir='ltr'><strong>ascensionem</strong></span> <span class='ocrx_word' id='word_1_707' title='bbox 3169 3652 3384 3709; x_wconf 88' lang='lat' dir='ltr'><strong>Domini</strong></span> <span class='ocrx_word' id='word_1_708' title='bbox 3413 3652 3470 3706; x_wconf 91' lang='lat' dir='ltr'><strong>in</strong></span> 
     </span>
    </p>
   </div>
   <div class='ocr_carea' id='block_1_95' title="bbox 1875 3745 3468 3821">
    <p class='ocr_par' dir='ltr' id='par_1_95' title="bbox 1875 3745 3468 3821">
     <span class='ocr_line' id='line_1_95' title="bbox 1875 3745 3468 3821; baseline -0.008 -10"><span class='ocrx_word' id='word_1_709' title='bbox 1875 3756 1961 3812; x_wconf 89' lang='lat' dir='ltr'><strong>die</strong></span> <span class='ocrx_word' id='word_1_710' title='bbox 1989 3755 2338 3810; x_wconf 88' lang='lat' dir='ltr'><strong>Pentecostes</strong></span> <span class='ocrx_word' id='word_1_711' title='bbox 2370 3753 2420 3806; x_wconf 90' lang='lat' dir='ltr'><strong>in</strong></span> <span class='ocrx_word' id='word_1_712' title='bbox 2451 3750 2647 3820; x_wconf 84' lang='lat' dir='ltr'><strong>linguis</strong></span> <span class='ocrx_word' id='word_1_713' title='bbox 2674 3750 2845 3821; x_wconf 87' lang='lat' dir='ltr'><strong>igneis</strong></span> <span class='ocrx_word' id='word_1_714' title='bbox 2884 3762 3047 3819; x_wconf 88' lang='lat' dir='ltr'><strong>super</strong></span> <span class='ocrx_word' id='word_1_715' title='bbox 3069 3745 3342 3817; x_wconf 90' lang='lat' dir='ltr'><strong>apostolos</strong></span> <span class='ocrx_word' id='word_1_716' title='bbox 3372 3759 3468 3799; x_wconf 88' lang='lat' dir='ltr'><strong>ve-</strong></span> 
     </span>
    </p>
   </div>
   <div class='ocr_carea' id='block_1_96' title="bbox 1875 3835 3464 3914">
    <p class='ocr_par' dir='ltr' id='par_1_96' title="bbox 1875 3835 3464 3914">
     <span class='ocr_line' id='line_1_96' title="bbox 1875 3835 3464 3914; baseline -0.009 -11"><span class='ocrx_word' id='word_1_717' title='bbox 1875 3849 1986 3914; x_wconf 92' lang='lat' dir='ltr'><strong>nit,</strong></span> <span class='ocrx_word' id='word_1_718' title='bbox 2031 3855 2085 3901; x_wconf 90' lang='lat' dir='ltr'><strong>et</strong></span> <span class='ocrx_word' id='word_1_719' title='bbox 2115 3846 2356 3901; x_wconf 90' lang='lat' dir='ltr'><strong>omnium</strong></span> <span class='ocrx_word' id='word_1_720' title='bbox 2386 3841 2624 3914; x_wconf 87' lang='lat' dir='ltr'><strong>gentium</strong></span> <span class='ocrx_word' id='word_1_721' title='bbox 2655 3840 2855 3911; x_wconf 85' lang='lat' dir='ltr'><strong>linguis</strong></span> <span class='ocrx_word' id='word_1_722' title='bbox 2890 3839 2969 3894; x_wconf 90' lang='lat' dir='ltr'><strong>eis</strong></span> <span class='ocrx_word' id='word_1_723' title='bbox 2996 3837 3143 3907; x_wconf 88' lang='lat' dir='ltr'><strong>loqui</strong></span> <span class='ocrx_word' id='word_1_724' title='bbox 3171 3835 3464 3891; x_wconf 85' lang='lat' dir='ltr'><strong>concessit.</strong></span> 
     </span>
    </p>
   </div>
   <div class='ocr_carea' id='block_1_97' title="bbox 1870 3928 3472 4012">
    <p class='ocr_par' dir='ltr' id='par_1_97' title="bbox 1870 3928 3472 4012">
     <span class='ocr_line' id='line_1_97' title="bbox 1870 3928 3472 4012; baseline -0.007 -17"><span class='ocrx_word' id='word_1_725' title='bbox 1870 3941 2016 4012; x_wconf 86' lang='lat' dir='ltr'><strong>Ergo</strong></span> <span class='ocrx_word' id='word_1_726' title='bbox 2043 3938 2277 4010; x_wconf 89' lang='lat' dir='ltr'><strong>Spiritus</strong></span> <span class='ocrx_word' id='word_1_727' title='bbox 2309 3944 2530 3992; x_wconf 91' lang='lat' dir='ltr'><strong>sanctus</strong></span> <span class='ocrx_word' id='word_1_728' title='bbox 2559 3934 2758 4006; x_wconf 80' lang='lat' dir='ltr'><strong>digitus</strong></span> <span class='ocrx_word' id='word_1_729' title='bbox 2780 3932 2876 3987; x_wconf 89' lang='lat' dir='ltr'><strong>Dei</strong></span> <span class='ocrx_word' id='word_1_730' title='bbox 2899 3932 2955 3986; x_wconf 91' lang='lat' dir='ltr'><strong>in</strong></span> <span class='ocrx_word' id='word_1_731' title='bbox 2978 3929 3270 4001; x_wconf 83' lang='lat' dir='ltr'><strong>Evangelio</strong></span> <span class='ocrx_word' id='word_1_732' title='bbox 3294 3928 3472 3984; x_wconf 88' lang='lat' dir='ltr'><strong>nomi-</strong></span> 
     </span>
    </p>
   </div>
   <div class='ocr_carea' id='block_1_98' title="bbox 1873 4018 3470 4101">
    <p class='ocr_par' dir='ltr' id='par_1_98' title="bbox 1873 4018 3470 4101">
     <span class='ocr_line' id='line_1_98' title="bbox 1873 4018 3470 4101; baseline -0.011 -13"><span class='ocrx_word' id='word_1_733' title='bbox 1873 4040 2055 4097; x_wconf 88' lang='lat' dir='ltr'><strong>natur,</strong></span> <span class='ocrx_word' id='word_1_734' title='bbox 2088 4039 2143 4086; x_wconf 89' lang='lat' dir='ltr'><strong>et</strong></span> <span class='ocrx_word' id='word_1_735' title='bbox 2173 4031 2341 4101; x_wconf 86' lang='lat' dir='ltr'><strong>digito</strong></span> <span class='ocrx_word' id='word_1_736' title='bbox 2369 4028 2465 4084; x_wconf 88' lang='lat' dir='ltr'><strong>Dei</strong></span> <span class='ocrx_word' id='word_1_737' title='bbox 2491 4026 2692 4096; x_wconf 88' lang='lat' dir='ltr'><strong>scripta</strong></span> <span class='ocrx_word' id='word_1_738' title='bbox 2720 4031 2805 4079; x_wconf 91' lang='lat' dir='ltr'><strong>est</strong></span> <span class='ocrx_word' id='word_1_739' title='bbox 2832 4023 2937 4078; x_wconf 84' lang='lat' dir='ltr'><strong>lex.</strong></span> <span class='ocrx_word' id='word_1_740' title='bbox 2962 4020 3087 4077; x_wconf 88' lang='lat' dir='ltr'><strong>Ideo</strong></span> <span class='ocrx_word' id='word_1_741' title='bbox 3117 4029 3298 4075; x_wconf 91' lang='lat' dir='ltr'><strong>autem</strong></span> <span class='ocrx_word' id='word_1_742' title='bbox 3329 4018 3470 4090; x_wconf 81' lang='lat' dir='ltr'><strong>digi-</strong></span> 
     </span>
    </p>
   </div>
   <div class='ocr_carea' id='block_1_99' title="bbox 1876 4114 3470 4191">
    <p class='ocr_par' dir='ltr' id='par_1_99' title="bbox 1876 4114 3470 4191">
     <span class='ocr_line' id='line_1_99' title="bbox 1876 4114 3470 4191; baseline -0.006 -12"><span class='ocrx_word' id='word_1_743' title='bbox 1876 4134 1960 4179; x_wconf 91' lang='lat' dir='ltr'><strong>tus</strong></span> <span class='ocrx_word' id='word_1_744' title='bbox 1993 4124 2089 4180; x_wconf 91' lang='lat' dir='ltr'><strong>Dei</strong></span> <span class='ocrx_word' id='word_1_745' title='bbox 2120 4123 2341 4189; x_wconf 90' lang='lat' dir='ltr'><strong>dicitur,</strong></span> <span class='ocrx_word' id='word_1_746' title='bbox 2366 4130 2426 4177; x_wconf 91' lang='lat' dir='ltr'><strong>ut</strong></span> <span class='ocrx_word' id='word_1_747' title='bbox 2453 4120 2571 4191; x_wconf 86' lang='lat' dir='ltr'><strong>ejus</strong></span> <span class='ocrx_word' id='word_1_748' title='bbox 2608 4120 2917 4190; x_wconf 89' lang='lat' dir='ltr'><strong>operatoria</strong></span> <span class='ocrx_word' id='word_1_749' title='bbox 2947 4118 3123 4173; x_wconf 85' lang='lat' dir='ltr'><strong>virtus</strong></span> <span class='ocrx_word' id='word_1_750' title='bbox 3159 4114 3320 4172; x_wconf 91' lang='lat' dir='ltr'><strong>simul</strong></span> <span class='ocrx_word' id='word_1_751' title='bbox 3345 4127 3470 4170; x_wconf 90' lang='lat' dir='ltr'><strong>cum</strong></span> 
     </span>
    </p>
   </div>
   <div class='ocr_carea' id='block_1_100' title="bbox 1875 4207 3473 4285">
    <p class='ocr_par' dir='ltr' id='par_1_100' title="bbox 1875 4207 3473 4285">
     <span class='ocr_line' id='line_1_100' title="bbox 1875 4207 3473 4285; baseline -0.006 -15"><span class='ocrx_word' id='word_1_752' title='bbox 1875 4215 2035 4271; x_wconf 88' lang='lat' dir='ltr'><strong>Patre</strong></span> <span class='ocrx_word' id='word_1_753' title='bbox 2065 4225 2121 4271; x_wconf 93' lang='lat' dir='ltr'><strong>et</strong></span> <span class='ocrx_word' id='word_1_754' title='bbox 2147 4215 2287 4271; x_wconf 91' lang='lat' dir='ltr'><strong>Filio</strong></span> <span class='ocrx_word' id='word_1_755' title='bbox 2321 4214 2678 4285; x_wconf 86' lang='lat' dir='ltr'><strong>signiﬁcetur.</strong></span> <span class='ocrx_word' id='word_1_756' title='bbox 2729 4212 2884 4269; x_wconf 88' lang='lat' dir='ltr'><strong>Sicut</strong></span> <span class='ocrx_word' id='word_1_757' title='bbox 2928 4218 3107 4266; x_wconf 89' lang='lat' dir='ltr'><strong>autem</strong></span> <span class='ocrx_word' id='word_1_758' title='bbox 3142 4224 3241 4280; x_wconf 90' lang='lat' dir='ltr'><strong>per</strong></span> <span class='ocrx_word' id='word_1_759' title='bbox 3266 4207 3473 4277; x_wconf 87' lang='lat' dir='ltr'><strong>baptis-</strong></span> 
     </span>
    </p>
   </div>
   <div class='ocr_carea' id='block_1_101' title="bbox 1877 4297 3469 4369">
    <p class='ocr_par' dir='ltr' id='par_1_101' title="bbox 1877 4297 3469 4369">
     <span class='ocr_line' id='line_1_101' title="bbox 1877 4297 3469 4369; baseline -0.006 -7"><span class='ocrx_word' id='word_1_760' title='bbox 1877 4323 2025 4361; x_wconf 90' lang='lat' dir='ltr'><strong>mum</strong></span> <span class='ocrx_word' id='word_1_761' title='bbox 2059 4308 2115 4361; x_wconf 93' lang='lat' dir='ltr'><strong>in</strong></span> <span class='ocrx_word' id='word_1_762' title='bbox 2141 4306 2359 4362; x_wconf 88' lang='lat' dir='ltr'><strong>Christo</strong></span> <span class='ocrx_word' id='word_1_763' title='bbox 2389 4306 2655 4360; x_wconf 89' lang='lat' dir='ltr'><strong>morimur</strong></span> <span class='ocrx_word' id='word_1_764' title='bbox 2683 4310 2739 4360; x_wconf 88' lang='lat' dir='ltr'><strong>et</strong></span> <span class='ocrx_word' id='word_1_765' title='bbox 2761 4302 3122 4366; x_wconf 90' lang='lat' dir='ltr'><strong>renascimur,</strong></span> <span class='ocrx_word' id='word_1_766' title='bbox 3156 4300 3229 4354; x_wconf 89' lang='lat' dir='ltr'><strong>ita</strong></span> <span class='ocrx_word' id='word_1_767' title='bbox 3263 4297 3469 4369; x_wconf 86' lang='lat' dir='ltr'><strong>Spiritu</strong></span> 
     </span>
    </p>
   </div>
   <div class='ocr_carea' id='block_1_102' title="bbox 1875 4394 3467 4472">
    <p class='ocr_par' dir='ltr' id='par_1_102' title="bbox 1875 4394 3467 4472">
     <span class='ocr_line' id='line_1_102' title="bbox 1875 4394 3467 4472; baseline -0.006 -14"><span class='ocrx_word' id='word_1_768' title='bbox 1875 4410 2062 4458; x_wconf 89' lang='lat' dir='ltr'><strong>sancto</strong></span> <span class='ocrx_word' id='word_1_769' title='bbox 2090 4403 2388 4472; x_wconf 90' lang='lat' dir='ltr'><strong>signamur,</strong></span> <span class='ocrx_word' id='word_1_770' title='bbox 2427 4400 2519 4471; x_wconf 90' lang='lat' dir='ltr'><strong>qui</strong></span> <span class='ocrx_word' id='word_1_771' title='bbox 2545 4408 2631 4456; x_wconf 91' lang='lat' dir='ltr'><strong>est</strong></span> <span class='ocrx_word' id='word_1_772' title='bbox 2661 4400 2862 4470; x_wconf 89' lang='lat' dir='ltr'><strong>digitus</strong></span> <span class='ocrx_word' id='word_1_773' title='bbox 2885 4399 2979 4453; x_wconf 89' lang='lat' dir='ltr'><strong>Dei</strong></span> <span class='ocrx_word' id='word_1_774' title='bbox 3016 4405 3072 4453; x_wconf 89' lang='lat' dir='ltr'><strong>et</strong></span> <span class='ocrx_word' id='word_1_775' title='bbox 3116 4394 3361 4466; x_wconf 90' lang='lat' dir='ltr'><strong>spiritale</strong></span> <span class='ocrx_word' id='word_1_776' title='bbox 3391 4394 3467 4450; x_wconf 92' lang='lat' dir='ltr'><strong>si-</strong></span> 
     </span>
    </p>
   </div>
   <div class='ocr_carea' id='block_1_103' title="bbox 1873 4491 3473 4568">
    <p class='ocr_par' dir='ltr' id='par_1_103' title="bbox 1873 4491 3473 4568">
     <span class='ocr_line' id='line_1_103' title="bbox 1873 4491 3473 4568; baseline -0.005 -18"><span class='ocrx_word' id='word_1_777' title='bbox 1873 4495 2183 4568; x_wconf 88' lang='lat' dir='ltr'><strong>gnaculum.</strong></span> <span class='ocrx_word' id='word_1_778' title='bbox 2243 4495 2387 4549; x_wconf 91' lang='lat' dir='ltr'><strong>Bene</strong></span> <span class='ocrx_word' id='word_1_779' title='bbox 2439 4494 2636 4564; x_wconf 90' lang='lat' dir='ltr'><strong>quippe</strong></span> <span class='ocrx_word' id='word_1_780' title='bbox 2689 4491 2946 4548; x_wconf 90' lang='lat' dir='ltr'><strong>convenit</strong></span> <span class='ocrx_word' id='word_1_781' title='bbox 2991 4498 3053 4544; x_wconf 91' lang='lat' dir='ltr'><strong>ut</strong></span> <span class='ocrx_word' id='word_1_782' title='bbox 3104 4504 3204 4559; x_wconf 90' lang='lat' dir='ltr'><strong>per</strong></span> <span class='ocrx_word' id='word_1_783' title='bbox 3255 4502 3473 4544; x_wconf 89' lang='lat' dir='ltr'><strong>sacrum</strong></span> 
     </span>
    </p>
   </div>
   <div class='ocr_carea' id='block_1_104' title="bbox 1874 4578 3473 4659">
    <p class='ocr_par' dir='ltr' id='par_1_104' title="bbox 1874 4578 3473 4659">
     <span class='ocr_line' id='line_1_104' title="bbox 1874 4578 3473 4659; baseline -0.009 -13"><span class='ocrx_word' id='word_1_784' title='bbox 1874 4590 2110 4648; x_wconf 90' lang='lat' dir='ltr'><strong>chrisma</strong></span> <span class='ocrx_word' id='word_1_785' title='bbox 2154 4597 2209 4643; x_wconf 91' lang='lat' dir='ltr'><strong>et</strong></span> <span class='ocrx_word' id='word_1_786' title='bbox 2254 4603 2350 4657; x_wconf 87' lang='lat' dir='ltr'><strong>per</strong></span> <span class='ocrx_word' id='word_1_787' title='bbox 2392 4587 2776 4659; x_wconf 89' lang='lat' dir='ltr'><strong>pinguedinem</strong></span> <span class='ocrx_word' id='word_1_788' title='bbox 2819 4585 2973 4638; x_wconf 86' lang='lat' dir='ltr'><strong>olivae</strong></span> <span class='ocrx_word' id='word_1_789' title='bbox 3015 4580 3187 4653; x_wconf 88' lang='lat' dir='ltr'><strong>gratia</strong></span> <span class='ocrx_word' id='word_1_790' title='bbox 3235 4578 3473 4648; x_wconf 87' lang='lat' dir='ltr'><strong>Spiritus</strong></span> 
     </span>
    </p>
   </div>
   <div class='ocr_carea' id='block_1_105' title="bbox 1874 4666 3473 4749">
    <p class='ocr_par' dir='ltr' id='par_1_105' title="bbox 1874 4666 3473 4749">
     <span class='ocr_line' id='line_1_105' title="bbox 1874 4666 3473 4749; baseline -0.011 -12"><span class='ocrx_word' id='word_1_791' title='bbox 1874 4682 2046 4737; x_wconf 90' lang='lat' dir='ltr'><strong>sancti</strong></span> <span class='ocrx_word' id='word_1_792' title='bbox 2071 4680 2363 4744; x_wconf 88' lang='lat' dir='ltr'><strong>tribuatur,</strong></span> <span class='ocrx_word' id='word_1_793' title='bbox 2385 4678 2511 4749; x_wconf 88' lang='lat' dir='ltr'><strong>quia</strong></span> <span class='ocrx_word' id='word_1_794' title='bbox 2534 4678 2589 4731; x_wconf 89' lang='lat' dir='ltr'><strong>in</strong></span> <span class='ocrx_word' id='word_1_795' title='bbox 2609 4675 2818 4746; x_wconf 89' lang='lat' dir='ltr'><strong>psalmo</strong></span> <span class='ocrx_word' id='word_1_796' title='bbox 2841 4674 3101 4743; x_wconf 86' lang='lat' dir='ltr'><strong>scriptum</strong></span> <span class='ocrx_word' id='word_1_797' title='bbox 3125 4669 3297 4726; x_wconf 90' lang='lat' dir='ltr'><strong>estde</strong></span> <span class='ocrx_word' id='word_1_798' title='bbox 3320 4666 3473 4722; x_wconf 89' lang='lat' dir='ltr'><strong>Chri-</strong></span> 
     </span>
    </p>
   </div>
   <div class='ocr_carea' id='block_1_106' title="bbox 1875 4757 3470 4838">
    <p class='ocr_par' dir='ltr' id='par_1_106' title="bbox 1875 4757 3470 4838">
     <span class='ocr_line' id='line_1_106' title="bbox 1875 4757 3470 4838; baseline -0.011 -10"><span class='ocrx_word' id='word_1_799' title='bbox 1875 4781 1960 4829; x_wconf 89' lang='lat' dir='ltr'><strong>sto</strong></span> <span class='ocrx_word' id='word_1_800' title='bbox 1983 4771 2285 4835; x_wconf 86' lang='lat' dir='ltr'><strong>Salvatore,</strong></span> <span class='ocrx_word' id='word_1_801' title='bbox 2312 4768 2455 4838; x_wconf 88' lang='lat' dir='ltr'><strong>quod</strong></span> <span class='ocrx_word' id='word_1_802' title='bbox 2480 4767 2698 4822; x_wconf 85' lang='lat' dir='ltr'><strong>unxerit</strong></span> <span class='ocrx_word' id='word_1_803' title='bbox 2719 4781 2843 4821; x_wconf 91' lang='lat' dir='ltr'><strong>eum</strong></span> <span class='ocrx_word' id='word_1_804' title='bbox 2866 4764 3009 4819; x_wconf 89' lang='lat' dir='ltr'><strong>Deus</strong></span> <span class='ocrx_word' id='word_1_805' title='bbox 3043 4762 3208 4817; x_wconf 91' lang='lat' dir='ltr'><strong>Pater</strong></span> <span class='ocrx_word' id='word_1_806' title='bbox 3236 4759 3356 4817; x_wconf 86' lang='lat' dir='ltr'><strong>oleo</strong></span> <span class='ocrx_word' id='word_1_807' title='bbox 3383 4757 3470 4812; x_wconf 84' lang='lat' dir='ltr'><strong>lae-</strong></span> 
     </span>
    </p>
   </div>
   <div class='ocr_carea' id='block_1_107' title="bbox 1876 4851 3473 4934">
    <p class='ocr_par' dir='ltr' id='par_1_107' title="bbox 1876 4851 3473 4934">
     <span class='ocr_line' id='line_1_107' title="bbox 1876 4851 3473 4934; baseline -0.009 -15"><span class='ocrx_word' id='word_1_808' title='bbox 1876 4865 2007 4920; x_wconf 83' lang='lat' dir='ltr'><strong>titiae</strong></span> <span class='ocrx_word' id='word_1_809' title='bbox 2033 4878 2143 4934; x_wconf 75' lang='lat' dir='ltr'><strong>prae</strong></span> <span class='ocrx_word' id='word_1_810' title='bbox 2186 4860 2532 4918; x_wconf 88' lang='lat' dir='ltr'><strong>consortibus</strong></span> <span class='ocrx_word' id='word_1_811' title='bbox 2562 4860 2708 4925; x_wconf 87' lang='lat' dir='ltr'><strong>suis,</strong></span> <span class='ocrx_word' id='word_1_812' title='bbox 2749 4867 2804 4913; x_wconf 92' lang='lat' dir='ltr'><strong>et</strong></span> <span class='ocrx_word' id='word_1_813' title='bbox 2842 4858 2972 4913; x_wconf 89' lang='lat' dir='ltr'><strong>item</strong></span> <span class='ocrx_word' id='word_1_814' title='bbox 3010 4857 3075 4912; x_wconf 93' lang='lat' dir='ltr'><strong>de</strong></span> <span class='ocrx_word' id='word_1_815' title='bbox 3114 4854 3291 4918; x_wconf 88' lang='lat' dir='ltr'><strong>nobis,</strong></span> <span class='ocrx_word' id='word_1_816' title='bbox 3328 4851 3473 4922; x_wconf 91' lang='lat' dir='ltr'><strong>quod</strong></span> 
     </span>
    </p>
   </div>
   <div class='ocr_carea' id='block_1_108' title="bbox 1873 4948 3472 5021">
    <p class='ocr_par' dir='ltr' id='par_1_108' title="bbox 1873 4948 3472 5021">
     <span class='ocr_line' id='line_1_108' title="bbox 1873 4948 3472 5021; baseline -0.008 -10"><span class='ocrx_word' id='word_1_817' title='bbox 1873 4955 2142 5012; x_wconf 84' lang='lat' dir='ltr'><strong>exhilaret</strong></span> <span class='ocrx_word' id='word_1_818' title='bbox 2170 4953 2363 5009; x_wconf 91' lang='lat' dir='ltr'><strong>faciem</strong></span> <span class='ocrx_word' id='word_1_819' title='bbox 2404 4961 2648 5008; x_wconf 88' lang='lat' dir='ltr'><strong>nostram</strong></span> <span class='ocrx_word' id='word_1_820' title='bbox 2680 4953 2735 5007; x_wconf 92' lang='lat' dir='ltr'><strong>in</strong></span> <span class='ocrx_word' id='word_1_821' title='bbox 2776 4950 2917 5007; x_wconf 90' lang='lat' dir='ltr'><strong>oleo.</strong></span> <span class='ocrx_word' id='word_1_822' title='bbox 2956 4948 3228 5011; x_wconf 87' lang='lat' dir='ltr'><strong>Chrisma,</strong></span> <span class='ocrx_word' id='word_1_823' title='bbox 3261 4948 3472 5021; x_wconf 78' lang='grc' dir='ltr'><strong>χρίσμα</strong></span> 
     </span>
    </p>
   </div>
   <div class='ocr_carea' id='block_1_109' title="bbox 1873 5036 3471 5115">
    <p class='ocr_par' dir='ltr' id='par_1_109' title="bbox 1873 5036 3471 5115">
     <span class='ocr_line' id='line_1_109' title="bbox 1873 5036 3471 5115; baseline -0.008 -10"><span class='ocrx_word' id='word_1_824' title='bbox 1873 5048 2091 5115; x_wconf 81' lang='lat' dir='ltr'><strong>Graece,</strong></span> <span class='ocrx_word' id='word_1_825' title='bbox 2126 5047 2318 5103; x_wconf 88' lang='lat' dir='ltr'><strong>Latine</strong></span> <span class='ocrx_word' id='word_1_826' title='bbox 2350 5047 2536 5103; x_wconf 89' lang='lat' dir='ltr'><strong>unctio</strong></span> <span class='ocrx_word' id='word_1_827' title='bbox 2576 5046 2906 5109; x_wconf 89' lang='lat' dir='ltr'><strong>nominatur,</strong></span> <span class='ocrx_word' id='word_1_828' title='bbox 2944 5058 3010 5098; x_wconf 80' lang='lat' dir='ltr'><strong>ex</strong></span> <span class='ocrx_word' id='word_1_829' title='bbox 3052 5039 3205 5109; x_wconf 89' lang='lat' dir='ltr'><strong>cujus</strong></span> <span class='ocrx_word' id='word_1_830' title='bbox 3252 5036 3471 5093; x_wconf 88' lang='lat' dir='ltr'><strong>nomine</strong></span> 
     </span>
    </p>
   </div>
   <div class='ocr_carea' id='block_1_110' title="bbox 1872 5126 3537 5207">
    <p class='ocr_par' dir='ltr' id='par_1_110' title="bbox 1872 5126 3537 5207">
     <span class='ocr_line' id='line_1_110' title="bbox 1872 5126 3537 5207; baseline -0.01 -9"><span class='ocrx_word' id='word_1_831' title='bbox 1872 5149 1928 5198; x_wconf 90' lang='lat' dir='ltr'><strong>et</strong></span> <span class='ocrx_word' id='word_1_832' title='bbox 1960 5138 2209 5196; x_wconf 88' lang='lat' dir='ltr'><strong>Christus</strong></span> <span class='ocrx_word' id='word_1_833' title='bbox 2231 5139 2463 5204; x_wconf 89' lang='lat' dir='ltr'><strong>dicitur,</strong></span> <span class='ocrx_word' id='word_1_834' title='bbox 2510 5147 2565 5193; x_wconf 91' lang='lat' dir='ltr'><strong>et</strong></span> <span class='ocrx_word' id='word_1_835' title='bbox 2592 5153 2661 5194; x_wconf 79' lang='lat' dir='ltr'><strong>ex</strong></span> <span class='ocrx_word' id='word_1_836' title='bbox 2686 5138 2804 5207; x_wconf 89' lang='lat' dir='ltr'><strong>ipso</strong></span> <span class='ocrx_word' id='word_1_837' title='bbox 2830 5138 2991 5190; x_wconf 89' lang='lat' dir='ltr'><strong>homo</strong></span> <span class='ocrx_word' id='word_1_838' title='bbox 3018 5137 3144 5203; x_wconf 90' lang='lat' dir='ltr'><strong>post</strong></span> <span class='ocrx_word' id='word_1_839' title='bbox 3185 5129 3467 5184; x_wconf 83' lang='lat' dir='ltr'><strong>lavacrum</strong></span> <span class='ocrx_word' id='word_1_840' title='bbox 3534 5126 3537 5131; x_wconf 78' lang='grc'><em>’</em></span> 
     </span>
    </p>
   </div>
   <div class='ocr_carea' id='block_1_111' title="bbox 1873 5228 3470 5298">
    <p class='ocr_par' dir='ltr' id='par_1_111' title="bbox 1873 5228 3470 5298">
     <span class='ocr_line' id='line_1_111' title="bbox 1873 5228 3470 5298; baseline -0.009 -9"><span class='ocrx_word' id='word_1_841' title='bbox 1873 5231 2261 5289; x_wconf 89' lang='lat' dir='ltr'><strong>sanctiﬁcatur.</strong></span> <span class='ocrx_word' id='word_1_842' title='bbox 2311 5230 2447 5285; x_wconf 88' lang='lat' dir='ltr'><strong>Nam</strong></span> <span class='ocrx_word' id='word_1_843' title='bbox 2479 5231 2618 5286; x_wconf 89' lang='lat' dir='ltr'><strong>sicut</strong></span> <span class='ocrx_word' id='word_1_844' title='bbox 2662 5230 2716 5285; x_wconf 90' lang='lat' dir='ltr'><strong>in</strong></span> <span class='ocrx_word' id='word_1_845' title='bbox 2765 5228 3088 5298; x_wconf 89' lang='lat' dir='ltr'><strong>baptismate</strong></span> <span class='ocrx_word' id='word_1_846' title='bbox 3115 5230 3470 5295; x_wconf 88' lang='lat' dir='ltr'><strong>peccatorum</strong></span> 
     </span>
    </p>
   </div>
   <div class='ocr_carea' id='block_1_112' title="bbox 1871 5314 3469 5391">
    <p class='ocr_par' dir='ltr' id='par_1_112' title="bbox 1871 5314 3469 5391">
     <span class='ocr_line' id='line_1_112' title="bbox 1871 5314 3469 5391; baseline -0.009 -10"><span class='ocrx_word' id='word_1_847' title='bbox 1871 5324 2120 5381; x_wconf 89' lang='lat' dir='ltr'><strong>remissio</strong></span> <span class='ocrx_word' id='word_1_848' title='bbox 2156 5325 2317 5379; x_wconf 89' lang='lat' dir='ltr'><strong>datur</strong></span> <span class='ocrx_word' id='word_1_849' title='bbox 2340 5322 2406 5377; x_wconf 88' lang='lat' dir='ltr'><strong>ad</strong></span> <span class='ocrx_word' id='word_1_850' title='bbox 2429 5324 2662 5388; x_wconf 90' lang='lat' dir='ltr'><strong>veniam,</strong></span> <span class='ocrx_word' id='word_1_851' title='bbox 2706 5323 2781 5376; x_wconf 91' lang='lat' dir='ltr'><strong>ita</strong></span> <span class='ocrx_word' id='word_1_852' title='bbox 2802 5336 2899 5391; x_wconf 89' lang='lat' dir='ltr'><strong>per</strong></span> <span class='ocrx_word' id='word_1_853' title='bbox 2926 5318 3236 5374; x_wconf 89' lang='lat' dir='ltr'><strong>unctionem</strong></span> <span class='ocrx_word' id='word_1_854' title='bbox 3264 5314 3469 5372; x_wconf 88' lang='lat' dir='ltr'><strong>sancti-</strong></span> 
     </span>
    </p>
   </div>
   <div class='ocr_carea' id='block_1_113' title="bbox 1874 5406 3471 5486">
    <p class='ocr_par' dir='ltr' id='par_1_113' title="bbox 1874 5406 3471 5486">
     <span class='ocr_line' id='line_1_113' title="bbox 1874 5406 3471 5486; baseline -0.006 -16"><span class='ocrx_word' id='word_1_855' title='bbox 1874 5416 2055 5473; x_wconf 87' lang='lat' dir='ltr'><strong>ﬁcatio</strong></span> <span class='ocrx_word' id='word_1_856' title='bbox 2082 5415 2322 5486; x_wconf 89' lang='lat' dir='ltr'><strong>Spiritus</strong></span> <span class='ocrx_word' id='word_1_857' title='bbox 2344 5413 2634 5469; x_wconf 88' lang='lat' dir='ltr'><strong>adhibetur</strong></span> <span class='ocrx_word' id='word_1_858' title='bbox 2660 5412 2729 5468; x_wconf 90' lang='lat' dir='ltr'><strong>ad</strong></span> <span class='ocrx_word' id='word_1_859' title='bbox 2759 5411 3009 5483; x_wconf 89' lang='lat' dir='ltr'><strong>gloriam,</strong></span> <span class='ocrx_word' id='word_1_860' title='bbox 3041 5417 3098 5466; x_wconf 92' lang='lat' dir='ltr'><strong>et</strong></span> <span class='ocrx_word' id='word_1_861' title='bbox 3134 5408 3238 5464; x_wconf 86' lang='lat' dir='ltr'><strong>hoc</strong></span> <span class='ocrx_word' id='word_1_862' title='bbox 3267 5407 3332 5463; x_wconf 93' lang='lat' dir='ltr'><strong>de</strong></span> <span class='ocrx_word' id='word_1_863' title='bbox 3357 5406 3471 5476; x_wconf 89' lang='lat' dir='ltr'><strong>pri-</strong></span> 
     </span>
    </p>
   </div>
   <div class='ocr_carea' id='block_1_114' title="bbox 1876 5498 3470 5575">
    <p class='ocr_par' dir='ltr' id='par_1_114' title="bbox 1876 5498 3470 5575">
     <span class='ocr_line' id='line_1_114' title="bbox 1876 5498 3470 5575; baseline -0.008 -9"><span class='ocrx_word' id='word_1_864' title='bbox 1876 5509 2018 5566; x_wconf 91' lang='lat' dir='ltr'><strong>stina</strong></span> <span class='ocrx_word' id='word_1_865' title='bbox 2060 5508 2316 5564; x_wconf 90' lang='lat' dir='ltr'><strong>unctione</strong></span> <span class='ocrx_word' id='word_1_866' title='bbox 2346 5515 2580 5562; x_wconf 89' lang='lat' dir='ltr'><strong>tractum</strong></span> <span class='ocrx_word' id='word_1_867' title='bbox 2614 5514 2698 5559; x_wconf 89' lang='lat' dir='ltr'><strong>est</strong></span> <span class='ocrx_word' id='word_1_868' title='bbox 2735 5503 3072 5575; x_wconf 86' lang='lat' dir='ltr'><strong>exemplum,</strong></span> <span class='ocrx_word' id='word_1_869' title='bbox 3113 5516 3221 5572; x_wconf 88' lang='lat' dir='ltr'><strong>qua</strong></span> <span class='ocrx_word' id='word_1_870' title='bbox 3255 5498 3385 5571; x_wconf 89' lang='lat' dir='ltr'><strong>ungi</strong></span> <span class='ocrx_word' id='word_1_871' title='bbox 3417 5498 3470 5553; x_wconf 92' lang='lat' dir='ltr'><strong>in</strong></span> 
     </span>
    </p>
   </div>
   <div class='ocr_carea' id='block_1_115' title="bbox 1878 5592 3473 5671">
    <p class='ocr_par' dir='ltr' id='par_1_115' title="bbox 1878 5592 3473 5671">
     <span class='ocr_line' id='line_1_115' title="bbox 1878 5592 3473 5671; baseline -0.01 -11"><span class='ocrx_word' id='word_1_872' title='bbox 1878 5603 2243 5660; x_wconf 86' lang='lat' dir='ltr'><strong>sacerdotium</strong></span> <span class='ocrx_word' id='word_1_873' title='bbox 2282 5609 2339 5656; x_wconf 89' lang='lat' dir='ltr'><strong>et</strong></span> <span class='ocrx_word' id='word_1_874' title='bbox 2381 5615 2606 5671; x_wconf 86' lang='lat' dir='ltr'><strong>regnum</strong></span> <span class='ocrx_word' id='word_1_875' title='bbox 2654 5597 2905 5655; x_wconf 86' lang='lat' dir='ltr'><strong>solebant</strong></span> <span class='ocrx_word' id='word_1_876' title='bbox 2948 5593 3195 5665; x_wconf 87' lang='lat' dir='ltr'><strong>antiqui,</strong></span> <span class='ocrx_word' id='word_1_877' title='bbox 3238 5592 3382 5647; x_wconf 91' lang='lat' dir='ltr'><strong>unde</strong></span> <span class='ocrx_word' id='word_1_878' title='bbox 3416 5597 3473 5645; x_wconf 94' lang='lat' dir='ltr'><strong>et</strong></span> 
     </span>
    </p>
   </div>
   <div class='ocr_carea' id='block_1_116' title="bbox 1879 5684 3470 5765">
    <p class='ocr_par' dir='ltr' id='par_1_116' title="bbox 1879 5684 3470 5765">
     <span class='ocr_line' id='line_1_116' title="bbox 1879 5684 3470 5765; baseline -0.011 -13"><span class='ocrx_word' id='word_1_879' title='bbox 1879 5697 2060 5753; x_wconf 81' lang='lat' dir='ltr'><strong>Aaron</strong></span> <span class='ocrx_word' id='word_1_880' title='bbox 2089 5704 2143 5751; x_wconf 91' lang='lat' dir='ltr'><strong>et</strong></span> <span class='ocrx_word' id='word_1_881' title='bbox 2171 5695 2266 5749; x_wconf 90' lang='lat' dir='ltr'><strong>ﬁlii</strong></span> <span class='ocrx_word' id='word_1_882' title='bbox 2289 5694 2406 5765; x_wconf 86' lang='lat' dir='ltr'><strong>ejus</strong></span> <span class='ocrx_word' id='word_1_883' title='bbox 2436 5700 2560 5763; x_wconf 84' lang='lat' dir='ltr'><strong>post</strong></span> <span class='ocrx_word' id='word_1_884' title='bbox 2580 5691 2857 5746; x_wconf 88' lang='lat' dir='ltr'><strong>lavacrum</strong></span> <span class='ocrx_word' id='word_1_885' title='bbox 2879 5705 2907 5743; x_wconf 93' lang='lat' dir='ltr'><strong>a</strong></span> <span class='ocrx_word' id='word_1_886' title='bbox 2935 5688 3116 5760; x_wconf 87' lang='lat' dir='ltr'><strong>Moyse</strong></span> <span class='ocrx_word' id='word_1_887' title='bbox 3145 5684 3295 5740; x_wconf 91' lang='lat' dir='ltr'><strong>uncti</strong></span> <span class='ocrx_word' id='word_1_888' title='bbox 3322 5689 3470 5748; x_wconf 89' lang='lat' dir='ltr'><strong>sunt,</strong></span> 
     </span>
    </p>
   </div>
   <div class='ocr_carea' id='block_1_117' title="bbox 1882 5772 3471 5847">
    <p class='ocr_par' dir='ltr' id='par_1_117' title="bbox 1882 5772 3471 5847">
     <span class='ocr_line' id='line_1_117' title="bbox 1882 5772 3471 5847; baseline -0.012 -1"><span class='ocrx_word' id='word_1_889' title='bbox 1882 5799 1943 5846; x_wconf 92' lang='lat' dir='ltr'><strong>ut</strong></span> <span class='ocrx_word' id='word_1_890' title='bbox 1986 5791 2298 5847; x_wconf 87' lang='lat' dir='ltr'><strong>sacerdotes</strong></span> <span class='ocrx_word' id='word_1_891' title='bbox 2327 5785 2541 5840; x_wconf 84' lang='lat' dir='ltr'><strong>Domini</strong></span> <span class='ocrx_word' id='word_1_892' title='bbox 2571 5784 2782 5840; x_wconf 86' lang='lat' dir='ltr'><strong>ﬁerent.</strong></span> <span class='ocrx_word' id='word_1_893' title='bbox 2812 5782 2882 5838; x_wconf 86' lang='lat' dir='ltr'><strong>Et</strong></span> <span class='ocrx_word' id='word_1_894' title='bbox 2910 5780 3169 5838; x_wconf 88' lang='lat' dir='ltr'><strong>Salomon</strong></span> <span class='ocrx_word' id='word_1_895' title='bbox 3196 5784 3252 5833; x_wconf 92' lang='lat' dir='ltr'><strong>et</strong></span> <span class='ocrx_word' id='word_1_896' title='bbox 3288 5772 3471 5829; x_wconf 71' lang='lat' dir='ltr'><strong>caeteri</strong></span> 
     </span>
    </p>
   </div>
   <div class='ocr_carea' id='block_1_118' title="bbox 1882 5872 3472 5955">
    <p class='ocr_par' dir='ltr' id='par_1_118' title="bbox 1882 5872 3472 5955">
     <span class='ocr_line' id='line_1_118' title="bbox 1882 5872 3472 5955; baseline -0.012 -15"><span class='ocrx_word' id='word_1_897' title='bbox 1882 5899 2040 5955; x_wconf 83' lang='lat' dir='ltr'><strong>reges</strong></span> <span class='ocrx_word' id='word_1_898' title='bbox 2061 5899 2155 5954; x_wconf 87' lang='lat' dir='ltr'><strong>per</strong></span> <span class='ocrx_word' id='word_1_899' title='bbox 2178 5880 2473 5953; x_wconf 87' lang='lat' dir='ltr'><strong>prephetas</strong></span> <span class='ocrx_word' id='word_1_900' title='bbox 2499 5886 2554 5934; x_wconf 90' lang='lat' dir='ltr'><strong>et</strong></span> <span class='ocrx_word' id='word_1_901' title='bbox 2575 5877 2884 5935; x_wconf 88' lang='lat' dir='ltr'><strong>sacerdotes</strong></span> <span class='ocrx_word' id='word_1_902' title='bbox 2917 5872 3122 5946; x_wconf 84' lang='lat' dir='ltr'><strong>perfusi</strong></span> <span class='ocrx_word' id='word_1_903' title='bbox 3144 5876 3273 5927; x_wconf 89' lang='lat' dir='ltr'><strong>sunt</strong></span> <span class='ocrx_word' id='word_1_904' title='bbox 3299 5877 3472 5923; x_wconf 86' lang='lat' dir='ltr'><strong>cornu</strong></span> 
     </span>
    </p>
   </div>
  </div>
