3970 6456
405 461 410 467 ο
458 415 566 482 515

1133 411 1196 466 Β.
1236 394 1496 465 RABANI
1533 393 1752 462 MAURI
1791 387 2113 456 ARCHIEP.
2154 387 2466 450 MOGUNT.
2507 386 2795 449 OPEBUII
2825 386 3009 444 PARS
3046 378 3106 443 l.‘

3633 388 3746 444 5M

457 540 582 604 olei,
615 545 676 594 ut
698 540 849 608 regni
884 512 1247 605 gubernacula
1275 531 1540 582 tenerent.
1587 519 1738 589 Quod
1768 519 1894 574 dum
1921 529 2042 571 car-
2068 505 2124 570 Δ
2144 509 2386 608 ἶπενηιηεζι⁸
2407 509 2792 608 carpsi-istum
2828 508 2932 608 sint
2960 505 3341 608 multm-unum
3372 521 3568 578 corpus
3591 475 3740 608 sunt,

457 633 656 691 naliter
683 628 760 690 ﬁt,
786 623 1100 696 spiritaliter
1123 619 1376 692 proﬁcit,
1417 617 1688 688 quomodo
1710 620 1764 668 et
1799 613 1916 684 ipsa
1941 611 2042 666 ba-

459 724 642 802 ptismi
668 721 840 794 gratia
863 715 1092 774 visibilis
1118 721 1274 769 actus
1301 718 1405 778 est,
1433 710 1576 780 quod
1591 709 1654 802 in
1665 719 1818 802 aqua
1849 705 2045 802 mergi-

459 796 600 881 mur,
628 813 720 869 sed
765 808 1024 882 spiritalis
1063 805 1285 862 effectus
1323 802 1464 872 quod
1505 815 1536 855 a
1573 799 1786 855 delictis
1812 796 2044 852 mundae

459 927 601 968 mur.
632 909 924 964 Videamus
953 915 1081 973 ergo
1111 907 1165 954 et
1205 899 1376 970 ipsam
1413 895 1517 952 olei
1539 903 1812 958 naturam,
1841 891 1885 946 si
1915 889 2044 960 quid

461 1005 514 1060 in
545 1018 608 1057 ea
648 1001 775 1056 huic
815 992 1194 1068 signiﬁcationi
1222 991 1551 1047 conveniens
1585 986 1754 1058 possit
1797 982 2040 1052 intelligi.

461 1095 649 1150 Oleum
676 1079 911 1160 namque
931 1086 1127 1141 ardens
1156 1083 1441 1146 illuminat,
1474 1089 1530 1135 et
1552 1079 1829 1134 medicans
1853 1082 2039 1140 sanat,

458 1192 516 1238 et
553 1168 708 1252 aquis
741 1178 978 1234 infusum
1003 1174 1320 1246 perspicuas
1348 1187 1442 1228 eas
1482 1171 1694 1226 reddit:
1728 1169 1870 1239 quod
1907 1167 2045 1222 bene

459 1275 688 1348 gratiam
741 1271 972 1340 Spiritus
1023 1268 1194 1322 sancti
1241 1273 1417 1336 potest
1469 1264 1864 1318 demonstrare.
1927 1261 2047 1330 ipse

459 1366 604 1422 enim
633 1363 848 1418 ﬂamma
880 1359 1166 1415 charltatis
1193 1365 1246 1411 et
1275 1356 1562 1426 splendore
1600 1353 1898 1423 sapientiae,
1926 1352 2046 1407 anl-

459 1473 579 1513 mas
608 1455 894 1512 illuminat.
923 1453 1041 1524 ipse
1078 1451 1435 1506 medicamine
1473 1449 1776 1504 clementia:
1813 1463 1922 1502 sate
1951 1459 2050 1517 per

459 1549 671 1602 veniam
702 1552 1046 1617 peccatorum
1077 1543 1300 1598 vulnera
1341 1550 1517 1598 sanat.
1563 1541 1682 1610 ipse
1724 1539 2049 1594 admistione

457 1643 675 1699 virtutis
720 1655 830 1696 sua:
873 1653 1044 1710 aquas
1079 1637 1332 1708 baptismi
1357 1638 1424 1691 ad
1454 1635 1766 1708 eli‘ugandas
1791 1641 2046 1704 peccato-

459 1747 578 1790 rum
615 1735 867 1791 tenebras
893 1733 1158 1788 veraciter
1187 1732 1437 1786 illustrat.
1479 1731 1731 1786 Testatur
1751 1729 1915 1784 etiam
1941 1729 2048 1784 hoc

458 1843 610 1884 sacra
637 1827 940 1896 Scriptura,
971 1823 1047 1880 alt
1071 1824 1216 1878 enim
1254 1823 1453 1878 Paulus
1481 1841 1492 1878 :
1534 1820 1780 1876 Charitas
1809 1821 1904 1874 Dei
1934 1820 2046 1889 dif-

2145 599 2222 657 ita
2246 613 2294 657 et
2324 602 2582 660 Christus.
2617 601 2824 656 Etenim
2854 602 2910 655 in
2947 615 3052 654 uno
3091 599 3279 668 spiritu
3323 615 3502 656 omnes
3544 617 3647 656 nos
3685 604 3743 656 in

2146 711 2308 750 unum
2331 709 2516 767 corpus
2539 693 2789 766 baptismi
2809 693 3130 760 sumus,sive
3149 691 3472 758 Judrri,sive
3493 693 3740 764 gentiles,

2145 793 2251 846 sive
2273 792 2426 855 servi,
2455 790 2562 844 sive
2592 789 2761 854 liberi,
2790 799 2840 843 et
2865 803 3041 846 omnes
3074 803 3168 842 nos
3201 803 3306 842 uno
3334 787 3530 858 spiritu
3573 786 3743 857 potati

2145 897 2344 941 sumus.
2374 883 2634 954 Spiritum
2675 883 2820 939 enim
2846 891 3092 938 sanctum
3121 895 3276 952 aqua:
3309 881 3534 936 nomine
3560 879 3744 950 appel-

2145 977 2312 1032 latum
2335 977 2388 1030 in
2412 977 2701 1047 Evangelii)
2724 975 2970 1045 legimus,
2997 974 3114 1044 ipso
3137 975 3364 1030 Domino
3389 973 3674 1029 clamante
3691 981 3744 1028 et

2146 1070 2358 1127 dicente
2383 1069 2475 1125 :Si
2495 1071 2612 1142 quis
2634 1071 2760 1136 sitit,
2791 1071 2962 1124 veniat
2989 1081 3036 1124 et
3057 1069 3232 1136 bibat;
3255 1070 3344 1142 qui
3369 1069 3622 1124 creditis:
3643 1085 3742 1134 me,

2145 1165 2365 1234 flumina
2395 1163 2460 1216 de
2488 1173 2661 1218 venire
2697 1163 2813 1233 ejus
2853 1163 3016 1234 ﬂuent
3042 1179 3194 1234 aqua:
3219 1163 3367 1218 vives.
3405 1162 3522 1216 Hoc
3564 1163 3744 1216 Evan-

2146 1256 2336 1328 gelista
2365 1257 2611 1328 exposuit
2638 1258 2780 1312 unde
2802 1257 3027 1324 diceret,
3056 1264 3273 1312 secutus
3301 1257 3446 1312 enim
3474 1256 3559 1310 ait
3583 1273 3598 1310 :
3633 1253 3748 1312 Hoc

2147 1351 2282 1406 enim
2308 1349 2511 1404 dicebat
2533 1354 2596 1404 de
2615 1349 2814 1422 Spiritu
2835 1365 2989 1422 quem
3013 1351 3277 1419 accepturi
3299 1357 3448 1404 erant
3471 1348 3747 1402 credentes

2145 1443 2201 1497 in
2233 1459 2372 1498 eum.
2405 1441 2510 1498 Sed
2541 1443 2687 1498 aliud
2731 1450 2814 1498 est
2855 1459 2992 1512 aqua
3043 1441 3389 1504 sacramenti,
3427 1440 3578 1495 aliud
3608 1455 3749 1510 aqua

2148 1553 2267 1608 qum
2293 1537 2563 1607 signiﬁcat
2591 1535 2853 1607 Spiritum
2885 1544 3150 1591 sanctum.
3193 1535 3346 1604 Aqua
3376 1535 3526 1588 enim
3558 1549 3748 1588 sacra-

2147 1631 2314 1686 menti
2344 1629 2571 1684 visibilis
2601 1638 2705 1696 est,
2745 1645 2884 1700 aqua
2921 1629 3152 1700 Spiritus
3195 1627 3483 1682 invisibilis
3515 1634 3624 1680 est.
3659 1625 3750 1679 Ilia

2148 1726 2317 1782 abluit
2363 1741 2558 1795 corpus
2593 1735 2646 1780 et
2689 1725 2956 1797 signiﬁcat
2995 1724 3136 1795 quod
3174 1723 3246 1777 sit
3293 1723 3348 1777 in
3387 1722 3610 1784 anima;
3653 1735 3752 1790 per

2151 1819 2309 1873 istam
2339 1826 2543 1882 autem,
2577 1818 2628 1873 id
2657 1797 2759 1882 est,
2787 1831 2886 1888 per
2913 1816 3170 1887 Spiritum
3199 1824 3450 1870 sanctum
3481 1814 3604 1885 ipsa
3638 1813 3756 1866 aui-

457 1921 578 1992 fusa
608 1930 682 1974 est
723 1920 777 1974 in
815 1918 1058 1974 cordibus
1104 1917 1292 1972 nostris
1341 1934 1436 1988 per
1480 1915 1736 1986 Spiritum
1773 1923 2044 1979 sanctum,
2076 1883 2124 1944 Β
2154 1927 2237 1966 ma
2289 1913 2602 1966 mandatur.
2655 1911 2808 1966 Sicut
2837 1911 2997 1964 etiam
3037 1925 3175 1980 aqua
3220 1908 3522 1978 corporalis
3556 1923 3755 1978 corpus

454 2011 544 2083 qui
573 2013 728 2066 datus
757 2022 828 2065 est
861 2012 1025 2065 nobis.
1052 2011 1119 2064 Et
1152 2009 1426 2064 Joannes:
1466 2007 1570 2073 Qui
1611 2007 1817 2076 diligit,
1853 2007 2046 2074 inquit,

457 2107 674 2177 fratrem
703 2121 878 2170 suum,
903 2107 958 2158 in
979 2103 1174 2158 lumine
1195 2111 1386 2158 manet.
1417 2101 1483 2156 Et
1507 2103 1666 2156 item:
1703 2099 1828 2166 Vos,
1851 2101 2047 2170 inquit,

457 2199 753 2254 unctionem
788 2198 990 2253 habetis
1026 2215 1057 2252 a
1091 2197 1295 2268 Spiritu
1327 2206 1509 2251 sancto
1531 2237 1544 2261 ,
1575 2205 1622 2250 et
1655 2196 1818 2250 nostis
1848 2195 2046 2250 omnia.

455 2285 596 2344 Ecce
629 2289 994 2360 apostolorum
1025 2287 1306 2344 sententiae
1333 2285 1685 2342 manifestaut
1711 2303 1812 2357 per
1839 2286 2051 2341 unctio-

455 2391 578 2436 nem
603 2379 842 2452 Spiritus
873 2381 1045 2436 sancti
1076 2380 1255 2436 lumen
1288 2380 1573 2436 charitatis
1598 2387 1653 2434 et
1684 2379 1924 2434 scientia
1953 2393 2052 2436 nos

457 2473 678 2528 habere.
712 2470 846 2526 Nam
877 2471 1130 2528 Salvator
1164 2475 1218 2527 in
1244 2471 1591 2544 Evangeilum
1626 2471 1886 2542 Spiritum
1929 2489 2052 2528 san-

457 2574 603 2622 ctum
635 2565 964 2621 medicinam
993 2581 1112 2622 esse
1142 2574 1486 2636 peccatorum
1515 2567 1772 2631 ostendit,
1805 2582 1927 2622 cum
1955 2581 2055 2637 per

458 2659 634 2730 ipsum
659 2666 986 2729 potestatem
1016 2658 1274 2728 apostolis
1311 2659 1452 2715 dedit
1491 2665 1714 2729 peccata
1741 2659 2048 2728 remittere,

459 2749 644 2808 dicens
671 2771 683 2807 :
725 2749 957 2824 Accipite
984 2750 1239 2823 Spiritum
1274 2763 1546 2818 sanctum;
1584 2767 1809 2824 quorum
1839 2753 2052 2807 remisc-

455 2841 570 2899 ritis
595 2853 832 2916 peccata,
859 2844 1198 2898 remittuntur
1227 2841 1324 2910 eis,
1348 2851 1404 2899 et
1431 2841 1657 2914 reliqua.
1689 2842 1842 2910 Quod
1871 2851 2052 2898 autem

458 2933 634 3004 gratia
665 2926 906 3004 Spiritus
931 2933 1101 2990 sancti
1125 2947 1296 3002 aquas
1328 2934 1586 3005 baptismi
1613 2935 1910 2990 fecundans
1933 2933 2055 2989 illu-

457 3030 617 3088 stret,
648 3024 887 3079 insinuat
911 3023 1168 3088 Joannes,
1197 3039 1319 3079 cum
1344 3025 1518 3095 ipsum
1540 3025 1828 3080 Dominum
1853 3026 1906 3080 in
1933 3025 2056 3096 Spl-

457 3116 563 3172 rltu
610 3125 800 3172 sancto
825 3117 1103 3185 baptizare
1144 3123 1374 3172 testatus
1411 3125 1526 3184 est,
1559 3117 1782 3173 dicens:
1823 3116 1926 3172 Sed
1964 3119 2056 3190 qui

455 3207 598 3262 misit
619 3221 701 3263 me
721 3207 991 3279 baptizare
1009 3209 1066 3264 in
1085 3225 1243 3280 aqua,
1267 3205 1356 3262 ille
1377 3209 1504 3263 mihi
1527 3209 1695 3264 dixit:
1719 3208 1888 3283 Super
1899 3225 2052 3283 quem

453 3301 645 3358 videris
659 3301 916 3370 Spiritum
933 3301 1328 3357 descendentem
1349 3311 1398 3358 et
1418 3312 1710 3359 manentem
1733 3319 1892 3376 super
1907 3321 2049 3373 eum,

453 3391 540 3448 hic
562 3402 636 3448 est
659 3393 750 3463 qui
777 3393 1008 3464 baptisat
1035 3395 1092 3448 in
1133 3392 1334 3464 Spiritu
1361 3405 1562 3448 sancto.
1596 3393 1879 3466 Nunquam
1905 3396 2052 3451 enim

455 3493 596 3552 aqua
638 3484 984 3556 baptismatis
1025 3484 1165 3540 ﬁlios
1207 3484 1346 3540 lucis
1375 3499 1637 3556 generare
1681 3497 1898 3559 posset,
1947 3487 2050 3544 nisi

452 3575 608 3647 prius
643 3575 758 3646 ipsa
809 3575 948 3632 dono
977 3575 1214 3648 ejusdem
1258 3575 1496 3648 Spiritus
1535 3583 1707 3636 sancti
1751 3582 2049 3640 illuminata

459 3675 624 3734 esset,
654 3676 714 3721 ut
763 3668 816 3722 in
857 3667 967 3738 ipsa
1006 3667 1325 3724 mirabiliter
1351 3679 1566 3739 partmn
1614 3669 1873 3742 spiritalis
1915 3674 2052 3732 lucis

456 3755 712 3823 alliceret,
754 3759 892 3814 item
919 3755 1154 3830 Spiritus
1191 3761 1284 3831 qui
1317 3762 1368 3816 in
1404 3761 1701 3834 primordio
1728 3765 1886 3820 simul
1926 3783 2051 3822 cum

456 3851 618 3910 Patre
647 3860 700 3908 et
724 3846 862 3908 Filio
897 3849 1042 3908 illam
1072 3854 1378 3924 purgationi
1406 3864 1586 3926 aptam
1613 3859 1837 3914 creavit.
1867 3859 2052 3916 Abluit

455 3955 586 4015 ergo
617 3959 714 3998 nos
742 3940 1004 4000 Dominus
1031 3961 1060 3999 a
1093 3945 1332 4016 peccatis
1363 3947 1416 4001 in
1449 3947 1794 4018 baptismate,
1821 3959 1876 4008 et
1896 3955 2052 4010 unxit

459 4049 560 4090 nos
602 4039 657 4089 ct
687 4035 1023 4106 consignavit
1066 4051 1165 4091 nos
1190 4036 1390 4107 Spiritu
1431 4042 1794 4116 promissionis
1836 4055 2047 4116 sancto,

461 4135 510 4180 et
547 4125 691 4180 dedit
716 4124 910 4198 pignus
941 4127 1177 4198 Spiritus
1209 4128 1262 4184 in
1293 4131 1546 4188 cordibus
1575 4135 1803 4198 nostris,
1833 4139 1922 4208 qui
1953 4148 2049 4210 est,

461 4215 646 4287 utique
697 4218 886 4289 pignus
939 4217 1264 4275 ha’redilatis
1306 4233 1500 4277 nostra?
1545 4225 1606 4279 in
1649 4225 2050 4299 redemptionem

460 4307 823 4380 acquisitionis
851 4311 908 4366 in
939 4307 1148 4366 laudem
1169 4309 1352 4382 gloria:
1375 4315 1572 4385 ipsius,
1618 4325 1675 4372 ut
1718 4319 2051 4390 adoptionem

461 4397 695 4469 filiorum
724 4401 1086 4472 reciperemus.
1122 4402 1384 4468 Quoniam
1413 4415 1586 4460 autem
1620 4408 1776 4475 estis,
1808 4411 1884 4464 ait
1907 4409 2053 4482 Apo-

460 4490 656 4556 stolus,
686 4490 788 4562 filii
817 4493 934 4560 Dei,
967 4494 1107 4549 misit
1141 4495 1398 4567 Spiritum
1423 4496 1555 4553 Filii
1575 4500 1660 4554 sui
1689 4503 1744 4557 in
1770 4503 1931 4558 corda
1959 4521 2054 4560 no-

459 4591 571 4640 stra
602 4583 916 4641 clamantem
943 4586 1089 4641 Abba
1121 4585 1301 4644 Pater.
1341 4589 1478 4645 Nam
1514 4593 1856 4651 conﬁrmatio
1886 4599 2050 4655 totius

461 4678 767 4735 sanctitatis
790 4688 846 4734 et
873 4680 1088 4736 virtutis
1114 4688 1171 4737 et
1191 4680 1415 4752 iustitiae
1443 4685 1498 4740 in
1531 4683 1648 4757 ipso
1668 4698 1910 4744 constat:
1938 4689 2054 4762 ipse

460 4777 548 4824 est
585 4770 836 4825 remissio
863 4772 1103 4827 omnium
1133 4783 1514 4844 peccatorum,
1551 4777 1664 4848 ipse
1702 4780 1840 4837 ﬁlios
1885 4781 1978 4839 Dei
2023 4801 2053 4840 a

461 4857 588 4915 ﬁliis
625 4859 824 4915 diaboli
869 4863 1122 4918 secernit.
1166 4865 1476 4938 Quicunque
1521 4870 1659 4924 enim
1705 4870 1907 4944 Spiritu
1958 4873 2056 4930 Dei

463 4960 714 5021 aguntur,
749 4950 804 5006 lii
827 4951 929 5022 ﬁlii
963 4963 1086 5008 sunt
1120 4953 1239 5008 Dei.
1277 4956 1392 5026 Ipse
1427 4955 1692 5025 jttstiﬁcat
1737 4972 1957 5020 sanctos
1999 4975 2054 5021 et

463 5039 757 5108 illuminat,
789 5043 904 5113 ipse
925 5053 1010 5100 est
1043 5046 1203 5109 Deus,
1237 5047 1350 5116 ipse
1395 5049 1488 5102 Dei
1537 5050 1768 5116 donum,
1809 5069 1874 5107 eo
1910 5055 2054 5124 quod

463 5130 625 5186 datur
661 5147 690 5186 a
732 5124 863 5189 Deo.
897 5132 1189 5206 Unicuique
1223 5137 1386 5191 datur
1425 5141 1783 5209 manifestatio
1822 5143 2052 5216 Spiritus

463 5223 534 5278 ad
562 5225 838 5282 utilitatem
866 5241 966 5298 per
999 5228 1192 5298 ipsum.
1236 5228 1342 5282 Alii
1368 5229 1528 5284 datur
1554 5249 1724 5287 sermo
1749 5237 2050 5306 sapientitr,

464 5315 558 5370 alii
587 5333 757 5372 sermo
785 5319 1017 5373 scientia:
1045 5320 1332 5374 secundum
1371 5322 1610 5376 eumdem
1640 5324 1927 5396 Spiritum,
1975 5331 2056 5386 al-

463 5407 562 5462 teri
585 5409 718 5478 ﬁdes
747 5411 801 5464 in
845 5410 1024 5465 eodem
1073 5411 1293 5482 Spiritu,
1338 5413 1436 5468 alii
1470 5419 1642 5484 gratia
1675 5421 1961 5478 sanitatum
1999 5426 2054 5479 in

463 5519 568 5554 uno
601 5503 825 5570 Spiritu,
855 5503 948 5557 alii
971 5507 1203 5574 operatio
1226 5507 1496 5574 virtutum,
1527 5509 1621 5565 alii
1641 5515 1935 5584 prOphetia,
1961 5518 2055 5574 alii

465 5594 710 5648 discretio
735 5596 1041 5666 spirituum,
1069 5597 1161 5652 alii
1189 5616 1378 5669 genera
1406 5601 1728 5675 linguarum,
1759 5608 1854 5663 alii
1886 5612 2052 5666 inter-

465 5683 687 5752 pretatio
713 5701 1034 5741 sermonum.
1081 5688 1207 5744 Ila'c
1230 5703 1402 5748 autem
1429 5697 1605 5751 omnia
1647 5710 1894 5770 operatur
1919 5719 2054 5759 unus

467 5783 624 5846 atque
647 5775 784 5832 idem
808 5776 1058 5851 Spiritus,
1079 5782 1313 5842 dividens
1335 5789 1556 5860 singulis
1577 5791 1730 5860 prout
1755 5792 1878 5846 vult.
1908 5793 2056 5851 Sicut

462 5869 603 5932 enim
625 5887 813 5953 corpus
832 5892 996 5934 unum
1014 5889 1112 5949 est,
1135 5889 1183 5936 et
1212 5885 1445 5940 membra
1471 5883 1658 5956 multa,
1681 5886 1860 5943 omnia
1881 5898 2055 5951 autem

2079 4637 2134 4702 D

2152 2007 2298 2061 lavat
2325 2013 2380 2061 et
2406 2013 2578 2076 potat,
2607 2005 2679 2058 ita
2715 2001 2973 2074 spiritalis
2999 2001 3247 2074 spiritum
3279 1999 3425 2056 lavat
3459 2007 3516 2054 et
3555 1999 3751 2071 pascit.

2150 2099 2276 2153 Ideo
2310 2108 2492 2152 autem
2525 2097 2762 2168 Spiritus
2792 2104 3012 2150 sanctus
3041 2094 3375 2165 scptiformis
3405 2101 3758 2164 nuncupatur

2151 2198 2371 2262 propter
2398 2189 2536 2245 dona
2565 2205 2685 2261 quae
2715 2185 3014 2243 divinitatis
3058 2189 3175 2258 ejus
3220 2184 3562 2257 plenitudine
3589 2185 3758 2256 parti-

2152 2283 2372 2339 culatim
2404 2283 2604 2353 quique
2632 2289 2692 2336 ut
2716 2280 2863 2352 digni
2886 2288 3032 2344 sunt,
3058 2279 3317 2349 consequi
3345 2286 3753 2350 promerentur.

2150 2376 2270 2448 ipse
2293 2377 2436 2433 enim
2481 2376 2705 2448 spiritus
2745 2373 3023 2444 sapientia:
3058 2381 3113 2428 et
3156 2371 3495 2436 intellectus,
3529 2371 3758 2440 spiritus

2153 2471 2361 2527 consilii
2393 2477 2446 2526 et
2476 2468 2843 2534 fortitudinis,
2875 2466 3099 2538 Spiritus
3128 2465 3372 2520 scientia:
3411 2471 3468 2520 et
3501 2463 3756 2536 pietatis,

2154 2570 2316 2637 atque
2341 2562 2565 2632 spiritus
2593 2560 2807 2616 timoris
2837 2559 3050 2615 Domini
3077 2558 3397 2630 appellatur.

2708 2673 2938 2730 CAPUT
2978 2671 3176 2728 XXXI.

2247 2747 2322 2801 De
2367 2753 2697 2802 sacramento
2749 2746 2985 2816 corporis
3023 2754 3072 2799 et
3119 2742 3390 2814 sanguinis
3421 2740 3664 2796 Domini.

2108 2813 2183 2841 κ
2228 2835 2334 2892 Sed
2365 2837 2491 2906 quia
2522 2837 2588 2892 de
2621 2813 3249 2898 duobus-sacramentis,
3282 2832 3334 2887 id
3367 2839 3453 2888 est
3483 2832 3762 2904 baptismo

2153 2937 2208 2983 et
2233 2927 2529 2983 chrismate
2552 2926 2666 2996 jam
2695 2935 2958 2996 quantum
2990 2925 3146 2980 nobis
3172 2923 3435 2978 Dominus
3483 2923 3637 2978 dedit
3664 2939 3760 2978 su-

2153 3036 2252 3091 pra
2282 3019 2656 3084 disseruimus,
2685 3027 2934 3089 superest
2961 3026 3021 3072 ut
3061 3016 3129 3072 de
3169 3015 3390 3085 reliquis
3431 3014 3676 3082 duobus,
3708 3015 3760 3072 id

2123 3165 2126 3168 .
2155 3121 2258 3178 est,
2277 3127 2506 3184 corpore
2530 3119 2585 3167 et
2601 3111 2862 3183 sanguine
2878 3110 3115 3175 Domini,
3133 3110 3296 3166 etiam
3320 3123 3467 3163 nunc
3491 3118 3760 3179 quantum

2159 3205 2418 3261 Dominus
2441 3205 2712 3270 annuerit,
2741 3203 3052 3274 diligentius
3076 3202 3480 3272 mvestigemus.
3512 3199 3760 3255 Primum

2157 3301 2312 3356 nobis
2337 3299 2686 3370 quaerendum
2726 3306 2812 3354 est
2839 3313 2937 3352 cur
2963 3297 3222 3352 Dominus
3251 3295 3504 3366 corporis
3540 3303 3602 3350 et
3639 3311 3762 3351 san~

2151 3392 2330 3464 guinis
2375 3393 2456 3446 sui
2492 3391 2744 3463 mysteria
2793 3390 2848 3444 in
2899 3389 2984 3444 bis
3034 3389 3196 3443 rebus
3246 3387 3446 3442 sanciri
3495 3385 3763 3442 voluisset

2151 3499 2273 3553 qua:
2297 3483 2504 3538 comedi
2524 3491 2580 3538 et
2605 3481 2850 3541 consumi
2876 3489 3134 3550 possunt,
3165 3488 3220 3538 et
3244 3495 3350 3534 non
3375 3479 3561 3548 potius
3594 3480 3652 3534 in
3677 3479 3760 3534 bis

2152 3591 2272 3646 quae
2308 3573 2509 3642 majore
2559 3573 2766 3628 honore
2795 3580 3007 3626 servata
3057 3571 3260 3626 diutius
3299 3571 3514 3641 integra
3565 3569 3757 3624 iialteri

2150 3666 2491 3739 potuissent?
2519 3665 2735 3728 deinde,
2763 3679 2864 3719 cur
2907 3665 2960 3719 in
2992 3663 3114 3719 cibo
3142 3671 3198 3718 et
3227 3671 3354 3733 potu
3394 3663 3540 3718 idem
3567 3679 3759 3719 sacra-

2151 3767 2394 3816 mentum
2424 3757 2708 3822 voluisset,
2739 3771 2862 3810 cum
2895 3769 2962 3820 es
3009 3755 3240 3810 terrenis
3286 3753 3556 3810 fructibus
3608 3770 3762 3810 com-

2151 3854 2301 3910 muni
2327 3867 2429 3908 usu
2471 3859 2756 3908 terrestres
2792 3857 3097 3916 uterentur,
3119 3857 3174 3904 et
3213 3865 3322 3904 non
3347 3849 3527 3921 magis
3555 3864 3628 3904 ex
3653 3848 3760 3904 alia

2153 3947 2332 4018 aliqua
2381 3961 2440 4001 re
2466 3945 2594 4001 illud
2639 3942 2906 4009 traderet,
2938 3958 3058 4014 qtae
3106 3941 3356 3998 similiter
3389 3943 3763 4014 percipit-otes

2152 4041 2435 4098 reﬁceret?
2465 4039 2573 4095 Sed
2629 4047 2809 4094 tamen
2855 4038 3200 4108 aliquatenus
3245 4053 3332 4093 res
3367 4037 3629 4093 inusitata
3661 4053 3763 4109 pro

2152 4133 2344 4206 majori
2369 4131 2632 4188 miraculo
2662 4131 2826 4186 etiam
2855 4131 2923 4185 ab
2954 4129 3222 4200 imperitis
3250 4139 3630 4194 veneraretur,
3655 4131 3764 4186 sic-

2153 4233 2213 4281 ut
2261 4241 2460 4280 manna
2509 4223 2616 4280 cibi
2667 4222 2906 4278 caelestis
2948 4222 3095 4292 pavit
3137 4222 3191 4276 in
3235 4221 3453 4277 deserto
3495 4221 3758 4293 populum

2152 4320 2530 4385 lsracliticum,
2565 4327 2620 4374 et
2665 4318 2915 4372 omnibus
2963 4317 3314 4374 admirandus
3345 4317 3502 4388 pluit.
3551 4317 3757 4374 Deinde

2154 4413 2286 4470 illud
2327 4415 2494 4468 etiam
2535 4413 2704 4484 qumri
2733 4420 2933 4484 potest,
2978 4427 3079 4466 cur
3119 4411 3264 4466 inter
3301 4427 3493 4468 omnes
3549 4411 3760 4468 fructus

2155 4513 2315 4561 terra:
2344 4504 2684 4574 potissimum
2715 4503 2781 4558 ad
2832 4503 2935 4558 boc
2979 4504 3205 4574 elegerit
3233 4502 3568 4558 frumentum
3595 4513 3760 4574 atque

2157 4597 2378 4661 viuum,
2405 4595 2559 4666 quasi
2591 4595 2705 4665 ipsa
2745 4601 2974 4650 cunctos
3023 4593 3231 4650 fructus
3277 4601 3439 4650 terrae
3486 4591 3759 4666 dignitate

2162 4688 2490 4762 praecellant,
2519 4693 2573 4744 et
2601 4688 2954 4759 pretiosiores
2978 4688 3232 4744 omnibus
3260 4688 3390 4743 [latnt
3419 4707 3432 4743 :
3463 4705 3591 4760 qua:
3617 4691 3760 4745 vidc-

2161 4787 2288 4841 licet
2308 4783 2489 4839 omnia
2520 4782 2654 4837 solvi
2705 4799 2864 4852 posse
2909 4783 3200 4838 credimus.
3256 4781 3444 4837 Maluit
3475 4784 3626 4838 enim
3660 4785 3760 4838 Do-

2162 4879 2340 4933 minus
2365 4875 2612 4946 corporis
2639 4883 2692 4930 et
2715 4876 2996 4946 sanguinis
3033 4877 3116 4931 sui
3147 4885 3489 4930 sacramenta
3518 4875 3756 4931 ﬁdelium

2161 4987 2256 5027 ore
2281 4970 2508 5041 percipi,
2541 4978 2596 5024 et
2623 4969 2673 5023 in
2715 4977 2927 5040 pastum
2970 4984 3157 5024 eorum
3190 4967 3380 5040 redigi,
3409 4974 3469 5022 ut
3500 4984 3604 5039 per
3623 4969 3756 5024 visi-

2160 5063 2270 5119 biie
2304 5079 2438 5133 opus
2470 5061 2754 5117 invisibilis
2783 5061 3162 5117 ostenderetur
3205 5060 3450 5116 eli‘ectus.
3483 5062 3578 5116 Sic
3615 5064 3756 5117 enim

2161 5153 2314 5211 cibus
2338 5155 2639 5210 materialis
2665 5153 2968 5210 forinsecus
3000 5155 3174 5210 nutrit
3208 5170 3408 5218 corpus
3434 5161 3490 5210 et
3519 5165 3755 5228 vegetat,

2161 5247 2236 5302 ita
2263 5247 2426 5303 etiam
2467 5247 2688 5302 verbum
2735 5245 2830 5302 Dei
2862 5248 3008 5304 intus
3033 5247 3272 5302 animam
3311 5248 3484 5303 nutrit
3514 5256 3573 5304 et
3601 5250 3758 5304 robo-

2161 5348 2266 5404 rat,
2303 5340 2428 5410 quia
2459 5356 2562 5394 non
2586 5341 2639 5394 in
2668 5338 2780 5393 solo
2807 5355 2942 5410 pane
2981 5339 3100 5395 vivit
3145 5339 3320 5405 homo,
3374 5340 3466 5394 sed
3506 5339 3565 5394 in
3618 5341 3758 5395 omni

2163 5429 2315 5484 verbo
2343 5430 2484 5501 quod
2530 5430 2761 5501 procedit
2788 5428 2853 5484 de
2901 5447 2991 5484 ore
3042 5430 3158 5486 Dei.
3207 5431 3316 5486 Et:
3353 5429 3586 5486 Verbum
3631 5449 3757 5487 caro

2164 5523 2364 5593 factum
2396 5535 2490 5586 est,
2525 5533 2573 5577 ct
2603 5524 2856 5578 habitavit
2883 5524 2938 5578 in
2989 5525 3138 5579 nobis
3180 5523 3362 5598 (Joan.
3395 5525 3470 5599 ι).
3503 5525 3598 5582 Ait
3629 5541 3760 5599 ergo

2163 5613 2276 5684 ipsa
2304 5611 2521 5668 Veritas
2555 5631 2567 5666 :
2605 5612 2744 5667 Caro
2769 5614 2908 5668 enim
2951 5631 3066 5670 mea
3101 5632 3218 5670 vere
3239 5625 3314 5670 est
3341 5616 3510 5682 cibus,
3556 5627 3606 5672 et
3635 5634 3760 5670 san-

2162 5707 2279 5778 guis
2310 5721 2454 5759 meus
2484 5720 2598 5758 vere
2636 5715 2710 5758 est
2761 5715 2933 5774 potus.
2960 5705 3101 5762 Vere
3142 5709 3352 5764 scilicet
3393 5725 3524 5763 caro
3549 5706 3754 5764 Christi

2163 5807 2246 5852 est
2272 5795 2444 5860 cibus,
2471 5795 2596 5865 quia
2617 5809 2744 5851 vere
2771 5799 2964 5866 pascit,
2987 5805 3042 5853 ct
3069 5798 3137 5853 ad
3166 5807 3424 5855 aeternam
3463 5799 3630 5854 vitam
3661 5799 3758 5854 bo.

2165 5890 2366 5952 minem
2413 5887 2613 5956 nutrit;
2645 5897 2702 5946 et
2743 5891 2966 5966 sanguis
3000 5889 3116 5962 ejus
3136 5907 3264 5948 vere
3302 5899 3384 5948 cst
3404 5899 3592 5970 potus,
3627 5895 3755 5966 quia
