  <div class='ocr_page' id='page_1' title='image "/cluster/home/n/w/nwhite01/storage/ocr_20150623/107/hvd.32044015466832/164.png"; bbox 0 0 3970 6464; ppageno 0'>
   <div class='ocr_carea' id='block_1_1' title="bbox 231 463 346 528">
    <p class='ocr_par' dir='ltr' id='par_1_1' title="bbox 231 463 346 528">
     <span class='ocr_line' id='line_1_1' title="bbox 231 463 346 528; baseline 0 -1"><span class='ocrx_word' id='word_1_1' title='bbox 231 463 346 528; x_wconf 69' lang='grc' dir='ltr'><strong>ειτ</strong></span> 
     </span>
    </p>
   </div>
   <div class='ocr_carea' id='block_1_2' title="bbox 1056 429 2708 535">
    <p class='ocr_par' dir='ltr' id='par_1_2' title="bbox 1056 429 2708 535">
     <span class='ocr_line' id='line_1_2' title="bbox 1056 429 2708 535; baseline 0.004 -13"><span class='ocrx_word' id='word_1_2' title='bbox 1056 452 1144 522; x_wconf 76' lang='lat' dir='ltr'><strong>in:</strong></span> <span class='ocrx_word' id='word_1_3' title='bbox 1179 457 1629 524; x_wconf 78' lang='lat' dir='ltr'><strong>CLERICORUM</strong></span> <span class='ocrx_word' id='word_1_4' title='bbox 1655 429 2167 535; x_wconf 74' lang='lat' dir='ltr'><strong>msmurtonu,</strong></span> <span class='ocrx_word' id='word_1_5' title='bbox 2207 459 2363 529; x_wconf 74' lang='lat' dir='ltr'><strong>ere.</strong></span> <span class='ocrx_word' id='word_1_6' title='bbox 2393 499 2466 513; x_wconf 90' lang='grc'><strong><em>-</em></strong></span> <span class='ocrx_word' id='word_1_7' title='bbox 2497 455 2628 528; x_wconf 69' lang='grc' dir='ltr'><strong>ιω.</strong></span> <span class='ocrx_word' id='word_1_8' title='bbox 2665 457 2708 529; x_wconf 84' lang='grc' dir='ltr'><strong>ι.</strong></span> 
     </span>
    </p>
   </div>
   <div class='ocr_carea' id='block_1_3' title="bbox 3392 427 3492 455">
    <p class='ocr_par' dir='ltr' id='par_1_3' title="bbox 3392 427 3492 455">
     <span class='ocr_line' id='line_1_3' title="bbox 3392 427 3492 455; baseline 0 -13"><span class='ocrx_word' id='word_1_9' title='bbox 3392 427 3412 455; x_wconf 65' lang='grc' dir='ltr'><em>τ</em></span> <span class='ocrx_word' id='word_1_10' title='bbox 3486 432 3492 442; x_wconf 82' lang='grc'><strong>.</strong></span> 
     </span>
    </p>
   </div>
   <div class='ocr_carea' id='block_1_4' title="bbox 3426 475 3530 534">
    <p class='ocr_par' dir='ltr' id='par_1_4' title="bbox 3426 475 3530 534">
     <span class='ocr_line' id='line_1_4' title="bbox 3426 475 3530 534; baseline 0.019 -2"><span class='ocrx_word' id='word_1_11' title='bbox 3426 475 3530 534; x_wconf 72' lang='grc'><strong>318</strong></span> 
     </span>
    </p>
   </div>
   <div class='ocr_carea' id='block_1_5' title="bbox 235 581 3530 664">
    <p class='ocr_par' dir='ltr' id='par_1_5' title="bbox 235 581 3530 664">
     <span class='ocr_line' id='line_1_5' title="bbox 235 581 3530 664; baseline 0 -19"><span class='ocrx_word' id='word_1_12' title='bbox 235 589 574 651; x_wconf 80' lang='lat' dir='ltr'><strong>esurientem</strong></span> <span class='ocrx_word' id='word_1_13' title='bbox 597 587 652 640; x_wconf 84' lang='lat' dir='ltr'><strong>et</strong></span> <span class='ocrx_word' id='word_1_14' title='bbox 683 581 956 639; x_wconf 76' lang='lat' dir='ltr'><strong>sttientem</strong></span> <span class='ocrx_word' id='word_1_15' title='bbox 987 581 1221 638; x_wconf 89' lang='lat' dir='ltr'><strong>animam</strong></span> <span class='ocrx_word' id='word_1_16' title='bbox 1257 583 1525 654; x_wconf 73' lang='lat' dir='ltr'><strong>justitiam</strong></span> <span class='ocrx_word' id='word_1_17' title='bbox 1570 583 1626 642; x_wconf 91' lang='lat' dir='ltr'><strong>in</strong></span> <span class='ocrx_word' id='word_1_18' title='bbox 1673 591 1832 641; x_wconf 86' lang='lat' dir='ltr'><strong>aeter—</strong></span> <span class='ocrx_word' id='word_1_19' title='bbox 1859 585 1910 648; x_wconf 78' lang='grc' dir='ltr'><strong>Α</strong></span> <span class='ocrx_word' id='word_1_20' title='bbox 1935 589 2050 638; x_wconf 90' lang='lat' dir='ltr'><strong>tum</strong></span> <span class='ocrx_word' id='word_1_21' title='bbox 2077 583 2222 640; x_wconf 90' lang='lat' dir='ltr'><strong>enim</strong></span> <span class='ocrx_word' id='word_1_22' title='bbox 2268 583 2324 639; x_wconf 91' lang='lat' dir='ltr'><strong>in</strong></span> <span class='ocrx_word' id='word_1_23' title='bbox 2359 581 2680 641; x_wconf 77' lang='lat' dir='ltr'><strong>alimentum</strong></span> <span class='ocrx_word' id='word_1_24' title='bbox 2719 587 2964 658; x_wconf 88' lang='lat' dir='ltr'><strong>corporis</strong></span> <span class='ocrx_word' id='word_1_25' title='bbox 3000 585 3281 664; x_wconf 75' lang='lat' dir='ltr'><strong>redigitur,</strong></span> <span class='ocrx_word' id='word_1_26' title='bbox 3328 587 3530 647; x_wconf 86' lang='lat' dir='ltr'><strong>virtute</strong></span> 
     </span>
    </p>
   </div>
   <div class='ocr_carea' id='block_1_6' title="bbox 237 671 1832 750">
    <p class='ocr_par' dir='ltr' id='par_1_6' title="bbox 237 671 1832 750">
     <span class='ocr_line' id='line_1_6' title="bbox 237 671 1832 750; baseline -0.006 -11"><span class='ocrx_word' id='word_1_27' title='bbox 237 697 375 740; x_wconf 90' lang='lat' dir='ltr'><strong>num</strong></span> <span class='ocrx_word' id='word_1_28' title='bbox 420 677 697 735; x_wconf 82' lang='lat' dir='ltr'><strong>veraciter</strong></span> <span class='ocrx_word' id='word_1_29' title='bbox 747 675 928 730; x_wconf 81' lang='lat' dir='ltr'><strong>satiat.</strong></span> <span class='ocrx_word' id='word_1_30' title='bbox 985 671 1362 747; x_wconf 85' lang='lat' dir='ltr'><strong>Temporalem</strong></span> <span class='ocrx_word' id='word_1_31' title='bbox 1419 678 1616 750; x_wconf 85' lang='lat' dir='ltr'><strong>quippe</strong></span> <span class='ocrx_word' id='word_1_32' title='bbox 1666 676 1832 734; x_wconf 86' lang='lat' dir='ltr'><strong>vitam</strong></span> 
     </span>
    </p>
   </div>
   <div class='ocr_carea' id='block_1_7' title="bbox 237 765 1832 839">
    <p class='ocr_par' dir='ltr' id='par_1_7' title="bbox 237 765 1832 839">
     <span class='ocr_line' id='line_1_7' title="bbox 237 765 1832 839; baseline -0.007 -7"><span class='ocrx_word' id='word_1_33' title='bbox 237 773 360 832; x_wconf 87' lang='lat' dir='ltr'><strong>sine</strong></span> <span class='ocrx_word' id='word_1_34' title='bbox 381 772 488 827; x_wconf 89' lang='lat' dir='ltr'><strong>isto</strong></span> <span class='ocrx_word' id='word_1_35' title='bbox 519 770 640 825; x_wconf 91' lang='lat' dir='ltr'><strong>cibo</strong></span> <span class='ocrx_word' id='word_1_36' title='bbox 665 776 720 822; x_wconf 89' lang='lat' dir='ltr'><strong>et</strong></span> <span class='ocrx_word' id='word_1_37' title='bbox 734 773 869 839; x_wconf 87' lang='lat' dir='ltr'><strong>potu</strong></span> <span class='ocrx_word' id='word_1_38' title='bbox 895 765 1097 822; x_wconf 84' lang='lat' dir='ltr'><strong>habere</strong></span> <span class='ocrx_word' id='word_1_39' title='bbox 1123 774 1350 836; x_wconf 86' lang='lat' dir='ltr'><strong>possunt</strong></span> <span class='ocrx_word' id='word_1_40' title='bbox 1372 767 1640 834; x_wconf 84' lang='lat' dir='ltr'><strong>homines,</strong></span> <span class='ocrx_word' id='word_1_41' title='bbox 1671 775 1832 822; x_wconf 60' lang='lat' dir='ltr'><strong>aeter-</strong></span> 
     </span>
    </p>
   </div>
   <div class='ocr_carea' id='block_1_8' title="bbox 236 857 1835 930">
    <p class='ocr_par' dir='ltr' id='par_1_8' title="bbox 236 857 1835 930">
     <span class='ocr_line' id='line_1_8' title="bbox 236 857 1835 930; baseline -0.006 -6"><span class='ocrx_word' id='word_1_42' title='bbox 236 882 368 924; x_wconf 86' lang='lat' dir='ltr'><strong>nam</strong></span> <span class='ocrx_word' id='word_1_43' title='bbox 399 859 622 920; x_wconf 83' lang='lat' dir='ltr'><strong>omnino</strong></span> <span class='ocrx_word' id='word_1_44' title='bbox 649 873 756 915; x_wconf 89' lang='lat' dir='ltr'><strong>non</strong></span> <span class='ocrx_word' id='word_1_45' title='bbox 792 866 1042 930; x_wconf 88' lang='lat' dir='ltr'><strong>possunt,</strong></span> <span class='ocrx_word' id='word_1_46' title='bbox 1070 857 1194 929; x_wconf 91' lang='lat' dir='ltr'><strong>quia</strong></span> <span class='ocrx_word' id='word_1_47' title='bbox 1242 857 1346 914; x_wconf 88' lang='lat' dir='ltr'><strong>iste</strong></span> <span class='ocrx_word' id='word_1_48' title='bbox 1394 861 1546 915; x_wconf 82' lang='lat' dir='ltr'><strong>cibus</strong></span> <span class='ocrx_word' id='word_1_49' title='bbox 1587 863 1642 916; x_wconf 90' lang='lat' dir='ltr'><strong>et</strong></span> <span class='ocrx_word' id='word_1_50' title='bbox 1675 868 1835 930; x_wconf 89' lang='lat' dir='ltr'><strong>potus</strong></span> 
     </span>
    </p>
   </div>
   <div class='ocr_carea' id='block_1_9' title="bbox 233 954 1835 1028">
    <p class='ocr_par' dir='ltr' id='par_1_9' title="bbox 233 954 1835 1028">
     <span class='ocr_line' id='line_1_9' title="bbox 233 954 1835 1028; baseline -0.004 -11"><span class='ocrx_word' id='word_1_51' title='bbox 233 971 498 1016; x_wconf 72' lang='lat' dir='ltr'><strong>aeternam</strong></span> <span class='ocrx_word' id='word_1_52' title='bbox 541 955 854 1011; x_wconf 88' lang='lat' dir='ltr'><strong>societatem</strong></span> <span class='ocrx_word' id='word_1_53' title='bbox 882 954 1078 1025; x_wconf 82' lang='lat' dir='ltr'><strong>capitis</strong></span> <span class='ocrx_word' id='word_1_54' title='bbox 1105 955 1584 1028; x_wconf 89' lang='lat' dir='ltr'><strong>membrorumque</strong></span> <span class='ocrx_word' id='word_1_55' title='bbox 1611 973 1835 1012; x_wconf 88' lang='lat' dir='ltr'><strong>suorum</strong></span> 
     </span>
    </p>
   </div>
   <div class='ocr_carea' id='block_1_10' title="bbox 235 1043 1832 1122">
    <p class='ocr_par' dir='ltr' id='par_1_10' title="bbox 235 1043 1832 1122">
     <span class='ocr_line' id='line_1_10' title="bbox 235 1043 1832 1122; baseline -0.004 -16"><span class='ocrx_word' id='word_1_56' title='bbox 235 1048 530 1122; x_wconf 84' lang='lat' dir='ltr'><strong>signiﬁcat.</strong></span> <span class='ocrx_word' id='word_1_57' title='bbox 565 1044 669 1112; x_wconf 91' lang='lat' dir='ltr'><strong>Qui</strong></span> <span class='ocrx_word' id='word_1_58' title='bbox 699 1043 1006 1110; x_wconf 84' lang='lat' dir='ltr'><strong>manducat,</strong></span> <span class='ocrx_word' id='word_1_59' title='bbox 1050 1045 1247 1115; x_wconf 84' lang='lat' dir='ltr'><strong>inquit,</strong></span> <span class='ocrx_word' id='word_1_60' title='bbox 1279 1061 1488 1100; x_wconf 82' lang='lat' dir='ltr'><strong>carnem</strong></span> <span class='ocrx_word' id='word_1_61' title='bbox 1542 1063 1742 1113; x_wconf 86' lang='lat' dir='ltr'><strong>meam,</strong></span> <span class='ocrx_word' id='word_1_62' title='bbox 1785 1056 1832 1104; x_wconf 86' lang='lat' dir='ltr'><strong>et</strong></span> 
     </span>
    </p>
   </div>
   <div class='ocr_carea' id='block_1_11' title="bbox 235 1135 1834 1212">
    <p class='ocr_par' dir='ltr' id='par_1_11' title="bbox 235 1135 1834 1212">
     <span class='ocr_line' id='line_1_11' title="bbox 235 1135 1834 1212; baseline 0 -16"><span class='ocrx_word' id='word_1_63' title='bbox 235 1143 366 1196; x_wconf 86' lang='lat' dir='ltr'><strong>bibit</strong></span> <span class='ocrx_word' id='word_1_64' title='bbox 401 1137 710 1210; x_wconf 81' lang='lat' dir='ltr'><strong>sanguinem</strong></span> <span class='ocrx_word' id='word_1_65' title='bbox 754 1151 948 1202; x_wconf 88' lang='lat' dir='ltr'><strong>meum,</strong></span> <span class='ocrx_word' id='word_1_66' title='bbox 987 1135 1096 1208; x_wconf 81' lang='lat' dir='ltr'><strong>ipse</strong></span> <span class='ocrx_word' id='word_1_67' title='bbox 1123 1137 1176 1192; x_wconf 85' lang='lat' dir='ltr'><strong>in</strong></span> <span class='ocrx_word' id='word_1_68' title='bbox 1203 1154 1284 1192; x_wconf 92' lang='lat' dir='ltr'><strong>me</strong></span> <span class='ocrx_word' id='word_1_69' title='bbox 1303 1147 1510 1204; x_wconf 79' lang='lat' dir='ltr'><strong>manet,</strong></span> <span class='ocrx_word' id='word_1_70' title='bbox 1553 1149 1600 1192; x_wconf 85' lang='lat' dir='ltr'><strong>et</strong></span> <span class='ocrx_word' id='word_1_71' title='bbox 1649 1157 1740 1212; x_wconf 83' lang='lat' dir='ltr'><strong>ego</strong></span> <span class='ocrx_word' id='word_1_72' title='bbox 1779 1140 1834 1198; x_wconf 84' lang='lat' dir='ltr'><strong>in</strong></span> 
     </span>
    </p>
   </div>
   <div class='ocr_carea' id='block_1_12' title="bbox 234 1229 1835 1306">
    <p class='ocr_par' dir='ltr' id='par_1_12' title="bbox 234 1229 1835 1306">
     <span class='ocr_line' id='line_1_12' title="bbox 234 1229 1835 1306; baseline -0.001 -16"><span class='ocrx_word' id='word_1_73' title='bbox 234 1251 329 1301; x_wconf 81' lang='lat' dir='ltr'><strong>eo,</strong></span> <span class='ocrx_word' id='word_1_74' title='bbox 372 1239 709 1306; x_wconf 84' lang='lat' dir='ltr'><strong>quapropter</strong></span> <span class='ocrx_word' id='word_1_75' title='bbox 737 1245 965 1286; x_wconf 88' lang='lat' dir='ltr'><strong>necesse</strong></span> <span class='ocrx_word' id='word_1_76' title='bbox 995 1229 1258 1286; x_wconf 86' lang='lat' dir='ltr'><strong>habemus</strong></span> <span class='ocrx_word' id='word_1_77' title='bbox 1289 1245 1505 1287; x_wconf 87' lang='lat' dir='ltr'><strong>sumere</strong></span> <span class='ocrx_word' id='word_1_78' title='bbox 1533 1248 1732 1304; x_wconf 89' lang='lat' dir='ltr'><strong>corpus</strong></span> <span class='ocrx_word' id='word_1_79' title='bbox 1779 1241 1835 1289; x_wconf 86' lang='lat' dir='ltr'><strong>et</strong></span> 
     </span>
    </p>
   </div>
   <div class='ocr_carea' id='block_1_13' title="bbox 235 1322 1831 1398">
    <p class='ocr_par' dir='ltr' id='par_1_13' title="bbox 235 1322 1831 1398">
     <span class='ocr_line' id='line_1_13' title="bbox 235 1322 1831 1398; baseline -0.002 -15"><span class='ocrx_word' id='word_1_80' title='bbox 235 1327 556 1398; x_wconf 86' lang='lat' dir='ltr'><strong>sanguinem</strong></span> <span class='ocrx_word' id='word_1_81' title='bbox 589 1323 725 1398; x_wconf 83' lang='lat' dir='ltr'><strong>ejus,</strong></span> <span class='ocrx_word' id='word_1_82' title='bbox 756 1331 817 1378; x_wconf 94' lang='lat' dir='ltr'><strong>ut</strong></span> <span class='ocrx_word' id='word_1_83' title='bbox 857 1323 911 1378; x_wconf 91' lang='lat' dir='ltr'><strong>in</strong></span> <span class='ocrx_word' id='word_1_84' title='bbox 953 1322 1069 1394; x_wconf 88' lang='lat' dir='ltr'><strong>ipso</strong></span> <span class='ocrx_word' id='word_1_85' title='bbox 1100 1339 1436 1392; x_wconf 81' lang='lat' dir='ltr'><strong>maneamus,</strong></span> <span class='ocrx_word' id='word_1_86' title='bbox 1467 1332 1520 1380; x_wconf 90' lang='lat' dir='ltr'><strong>et</strong></span> <span class='ocrx_word' id='word_1_87' title='bbox 1561 1323 1678 1395; x_wconf 82' lang='lat' dir='ltr'><strong>ejus</strong></span> <span class='ocrx_word' id='word_1_88' title='bbox 1709 1341 1831 1380; x_wconf 89' lang='lat' dir='ltr'><strong>eor-</strong></span> 
     </span>
    </p>
   </div>
   <div class='ocr_carea' id='block_1_14' title="bbox 231 1415 1835 1490">
    <p class='ocr_par' dir='ltr' id='par_1_14' title="bbox 231 1415 1835 1490">
     <span class='ocr_line' id='line_1_14' title="bbox 231 1415 1835 1490; baseline -0.001 -17"><span class='ocrx_word' id='word_1_89' title='bbox 231 1419 388 1490; x_wconf 86' lang='lat' dir='ltr'><strong>poris</strong></span> <span class='ocrx_word' id='word_1_90' title='bbox 443 1415 687 1471; x_wconf 87' lang='lat' dir='ltr'><strong>membra</strong></span> <span class='ocrx_word' id='word_1_91' title='bbox 734 1415 926 1482; x_wconf 79' lang='lat' dir='ltr'><strong>simus,</strong></span> <span class='ocrx_word' id='word_1_92' title='bbox 959 1415 1084 1486; x_wconf 84' lang='lat' dir='ltr'><strong>quia</strong></span> <span class='ocrx_word' id='word_1_93' title='bbox 1143 1431 1290 1470; x_wconf 89' lang='lat' dir='ltr'><strong>nemo</strong></span> <span class='ocrx_word' id='word_1_94' title='bbox 1346 1416 1576 1471; x_wconf 77' lang='lat' dir='ltr'><strong>ascendit</strong></span> <span class='ocrx_word' id='word_1_95' title='bbox 1628 1418 1682 1472; x_wconf 86' lang='lat' dir='ltr'><strong>in</strong></span> <span class='ocrx_word' id='word_1_96' title='bbox 1733 1435 1835 1472; x_wconf 71' lang='lat' dir='ltr'><strong>cae-</strong></span> 
     </span>
    </p>
   </div>
   <div class='ocr_carea' id='block_1_15' title="bbox 233 1503 1833 1580">
    <p class='ocr_par' dir='ltr' id='par_1_15' title="bbox 233 1503 1833 1580">
     <span class='ocr_line' id='line_1_15' title="bbox 233 1503 1833 1580; baseline -0.001 -16"><span class='ocrx_word' id='word_1_97' title='bbox 233 1509 372 1576; x_wconf 84' lang='lat' dir='ltr'><strong>lum,</strong></span> <span class='ocrx_word' id='word_1_98' title='bbox 389 1509 489 1566; x_wconf 75' lang='lat' dir='ltr'><strong>nisi</strong></span> <span class='ocrx_word' id='word_1_99' title='bbox 512 1507 606 1580; x_wconf 82' lang='lat' dir='ltr'><strong>qui</strong></span> <span class='ocrx_word' id='word_1_100' title='bbox 631 1507 896 1562; x_wconf 78' lang='lat' dir='ltr'><strong>descendit</strong></span> <span class='ocrx_word' id='word_1_101' title='bbox 923 1508 986 1561; x_wconf 85' lang='lat' dir='ltr'><strong>de</strong></span> <span class='ocrx_word' id='word_1_102' title='bbox 1009 1505 1156 1570; x_wconf 77' lang='lat' dir='ltr'><strong>caelo,</strong></span> <span class='ocrx_word' id='word_1_103' title='bbox 1185 1503 1358 1562; x_wconf 82' lang='lat' dir='ltr'><strong>Filius</strong></span> <span class='ocrx_word' id='word_1_104' title='bbox 1379 1505 1625 1573; x_wconf 81' lang='lat' dir='ltr'><strong>hominis,</strong></span> <span class='ocrx_word' id='word_1_105' title='bbox 1647 1510 1736 1580; x_wconf 90' lang='lat' dir='ltr'><strong>qui</strong></span> <span class='ocrx_word' id='word_1_106' title='bbox 1758 1517 1833 1563; x_wconf 88' lang='lat' dir='ltr'><strong>est</strong></span> 
     </span>
    </p>
   </div>
   <div class='ocr_carea' id='block_1_16' title="bbox 231 1597 1833 1674">
    <p class='ocr_par' dir='ltr' id='par_1_16' title="bbox 231 1597 1833 1674">
     <span class='ocr_line' id='line_1_16' title="bbox 231 1597 1833 1674; baseline -0.001 -18"><span class='ocrx_word' id='word_1_107' title='bbox 231 1601 292 1656; x_wconf 84' lang='lat' dir='ltr'><strong>in</strong></span> <span class='ocrx_word' id='word_1_108' title='bbox 329 1599 454 1657; x_wconf 65' lang='lat' dir='ltr'><strong>caele</strong></span> <span class='ocrx_word' id='word_1_109' title='bbox 491 1599 674 1674; x_wconf 73' lang='lat' dir='ltr'><strong>(Ioan.</strong></span> <span class='ocrx_word' id='word_1_110' title='bbox 707 1599 812 1672; x_wconf 89' lang='grc' dir='ltr'><strong>ιιι).</strong></span> <span class='ocrx_word' id='word_1_111' title='bbox 843 1597 996 1666; x_wconf 83' lang='lat' dir='ltr'><strong>Quod</strong></span> <span class='ocrx_word' id='word_1_112' title='bbox 1037 1607 1218 1652; x_wconf 89' lang='lat' dir='ltr'><strong>autem</strong></span> <span class='ocrx_word' id='word_1_113' title='bbox 1253 1613 1316 1652; x_wconf 84' lang='lat' dir='ltr'><strong>ex</strong></span> <span class='ocrx_word' id='word_1_114' title='bbox 1367 1605 1526 1653; x_wconf 69' lang='lat' dir='ltr'><strong>terra:</strong></span> <span class='ocrx_word' id='word_1_115' title='bbox 1570 1597 1833 1654; x_wconf 82' lang='lat' dir='ltr'><strong>fructibus</strong></span> 
     </span>
    </p>
   </div>
   <div class='ocr_carea' id='block_1_17' title="bbox 233 1691 1834 1763">
    <p class='ocr_par' dir='ltr' id='par_1_17' title="bbox 233 1691 1834 1763">
     <span class='ocr_line' id='line_1_17' title="bbox 233 1691 1834 1763; baseline -0.003 -12"><span class='ocrx_word' id='word_1_116' title='bbox 233 1695 409 1751; x_wconf 84' lang='lat' dir='ltr'><strong>voluit</strong></span> <span class='ocrx_word' id='word_1_117' title='bbox 431 1695 547 1750; x_wconf 57' lang='lat' dir='ltr'><strong>haec</strong></span> <span class='ocrx_word' id='word_1_118' title='bbox 588 1703 928 1748; x_wconf 82' lang='lat' dir='ltr'><strong>sacramenta</strong></span> <span class='ocrx_word' id='word_1_119' title='bbox 978 1691 1192 1757; x_wconf 89' lang='lat' dir='ltr'><strong>conﬁci,</strong></span> <span class='ocrx_word' id='word_1_120' title='bbox 1223 1691 1340 1746; x_wconf 64' lang='lat' dir='ltr'><strong>haec</strong></span> <span class='ocrx_word' id='word_1_121' title='bbox 1371 1691 1511 1746; x_wconf 81' lang='lat' dir='ltr'><strong>ratio</strong></span> <span class='ocrx_word' id='word_1_122' title='bbox 1541 1700 1624 1748; x_wconf 85' lang='lat' dir='ltr'><strong>est</strong></span> <span class='ocrx_word' id='word_1_123' title='bbox 1667 1693 1834 1763; x_wconf 86' lang='lat' dir='ltr'><strong>:-quia</strong></span> 
     </span>
    </p>
   </div>
   <div class='ocr_carea' id='block_1_18' title="bbox 231 1783 1834 1858">
    <p class='ocr_par' dir='ltr' id='par_1_18' title="bbox 231 1783 1834 1858">
     <span class='ocr_line' id='line_1_18' title="bbox 231 1783 1834 1858; baseline 0.001 -17"><span class='ocrx_word' id='word_1_124' title='bbox 231 1801 368 1858; x_wconf 87' lang='lat' dir='ltr'><strong>ergo</strong></span> <span class='ocrx_word' id='word_1_125' title='bbox 419 1787 534 1856; x_wconf 92' lang='lat' dir='ltr'><strong>ipse</strong></span> <span class='ocrx_word' id='word_1_126' title='bbox 570 1783 739 1840; x_wconf 82' lang='lat' dir='ltr'><strong>Filius</strong></span> <span class='ocrx_word' id='word_1_127' title='bbox 769 1784 866 1839; x_wconf 88' lang='lat' dir='ltr'><strong>Dei</strong></span> <span class='ocrx_word' id='word_1_128' title='bbox 915 1783 1079 1839; x_wconf 88' lang='lat' dir='ltr'><strong>homo</strong></span> <span class='ocrx_word' id='word_1_129' title='bbox 1125 1785 1178 1838; x_wconf 91' lang='lat' dir='ltr'><strong>in</strong></span> <span class='ocrx_word' id='word_1_130' title='bbox 1209 1791 1356 1840; x_wconf 91' lang='lat' dir='ltr'><strong>terra</strong></span> <span class='ocrx_word' id='word_1_131' title='bbox 1381 1785 1546 1856; x_wconf 29' lang='lat' dir='ltr'><strong>“inter</strong></span> <span class='ocrx_word' id='word_1_132' title='bbox 1589 1787 1834 1842; x_wconf 86' lang='lat' dir='ltr'><strong>homines</strong></span> 
     </span>
    </p>
   </div>
   <div class='ocr_carea' id='block_1_19' title="bbox 232 1875 1834 1948">
    <p class='ocr_par' dir='ltr' id='par_1_19' title="bbox 232 1875 1834 1948">
     <span class='ocr_line' id='line_1_19' title="bbox 232 1875 1834 1948; baseline -0.001 -14"><span class='ocrx_word' id='word_1_133' title='bbox 232 1878 416 1936; x_wconf 71' lang='lat' dir='ltr'><strong>factus</strong></span> <span class='ocrx_word' id='word_1_134' title='bbox 473 1885 579 1944; x_wconf 83' lang='lat' dir='ltr'><strong>est,</strong></span> <span class='ocrx_word' id='word_1_135' title='bbox 626 1886 680 1932; x_wconf 91' lang='lat' dir='ltr'><strong>et</strong></span> <span class='ocrx_word' id='word_1_136' title='bbox 718 1891 786 1932; x_wconf 83' lang='lat' dir='ltr'><strong>ex</strong></span> <span class='ocrx_word' id='word_1_137' title='bbox 842 1875 1076 1932; x_wconf 85' lang='lat' dir='ltr'><strong>terrenis</strong></span> <span class='ocrx_word' id='word_1_138' title='bbox 1118 1878 1469 1948; x_wconf 88' lang='lat' dir='ltr'><strong>parentibus,</strong></span> <span class='ocrx_word' id='word_1_139' title='bbox 1517 1875 1724 1934; x_wconf 83' lang='lat' dir='ltr'><strong>scilicet</strong></span> <span class='ocrx_word' id='word_1_140' title='bbox 1767 1893 1834 1934; x_wconf 85' lang='lat' dir='ltr'><strong>ex</strong></span> 
     </span>
    </p>
   </div>
   <div class='ocr_carea' id='block_1_20' title="bbox 1937 676 3528 756">
    <p class='ocr_par' dir='ltr' id='par_1_20' title="bbox 1937 676 3528 756">
     <span class='ocr_line' id='line_1_20' title="bbox 1937 676 3528 756; baseline 0.007 -27"><span class='ocrx_word' id='word_1_141' title='bbox 1937 681 2118 730; x_wconf 86' lang='lat' dir='ltr'><strong>autem</strong></span> <span class='ocrx_word' id='word_1_142' title='bbox 2150 676 2474 732; x_wconf 88' lang='lat' dir='ltr'><strong>sacramenti</strong></span> <span class='ocrx_word' id='word_1_143' title='bbox 2502 687 2721 746; x_wconf 70' lang='lat' dir='ltr'><strong>azioma:</strong></span> <span class='ocrx_word' id='word_1_144' title='bbox 2746 678 2868 734; x_wconf 70' lang='lat' dir='ltr'><strong>vita:</strong></span> <span class='ocrx_word' id='word_1_145' title='bbox 2917 677 3154 756; x_wconf 81' lang='lat' dir='ltr'><strong>dignitas</strong></span> <span class='ocrx_word' id='word_1_146' title='bbox 3191 681 3528 753; x_wconf 85' lang='lat' dir='ltr'><strong>adipiscitur.</strong></span> 
     </span>
    </p>
   </div>
   <div class='ocr_carea' id='block_1_21' title="bbox 1934 767 3530 850">
    <p class='ocr_par' dir='ltr' id='par_1_21' title="bbox 1934 767 3530 850">
     <span class='ocr_line' id='line_1_21' title="bbox 1934 767 3530 850; baseline 0.006 -26"><span class='ocrx_word' id='word_1_147' title='bbox 1934 767 1992 824; x_wconf 87' lang='lat' dir='ltr'><strong>In</strong></span> <span class='ocrx_word' id='word_1_148' title='bbox 2024 779 2364 826; x_wconf 89' lang='lat' dir='ltr'><strong>sacramento</strong></span> <span class='ocrx_word' id='word_1_149' title='bbox 2392 769 2579 830; x_wconf 88' lang='lat' dir='ltr'><strong>ﬁdeles</strong></span> <span class='ocrx_word' id='word_1_150' title='bbox 2599 771 2800 846; x_wconf 86' lang='lat' dir='ltr'><strong>quique</strong></span> <span class='ocrx_word' id='word_1_151' title='bbox 2821 771 3286 831; x_wconf 88' lang='lat' dir='ltr'><strong>communicantes</strong></span> <span class='ocrx_word' id='word_1_152' title='bbox 3311 786 3530 850; x_wconf 86' lang='lat' dir='ltr'><strong>pactum</strong></span> 
     </span>
    </p>
   </div>
   <div class='ocr_carea' id='block_1_22' title="bbox 1935 863 3533 942">
    <p class='ocr_par' dir='ltr' id='par_1_22' title="bbox 1935 863 3533 942">
     <span class='ocr_line' id='line_1_22' title="bbox 1935 863 3533 942; baseline 0.008 -24"><span class='ocrx_word' id='word_1_153' title='bbox 1935 864 2215 921; x_wconf 84' lang='lat' dir='ltr'><strong>societatis</strong></span> <span class='ocrx_word' id='word_1_154' title='bbox 2269 871 2324 920; x_wconf 88' lang='lat' dir='ltr'><strong>et</strong></span> <span class='ocrx_word' id='word_1_155' title='bbox 2373 865 2524 942; x_wconf 88' lang='lat' dir='ltr'><strong>pacis</strong></span> <span class='ocrx_word' id='word_1_156' title='bbox 2571 865 2780 920; x_wconf 90' lang='lat' dir='ltr'><strong>ineunt.</strong></span> <span class='ocrx_word' id='word_1_157' title='bbox 2823 863 2880 921; x_wconf 89' lang='lat' dir='ltr'><strong>in</strong></span> <span class='ocrx_word' id='word_1_158' title='bbox 2923 865 3124 926; x_wconf 87' lang='lat' dir='ltr'><strong>virtute</strong></span> <span class='ocrx_word' id='word_1_159' title='bbox 3169 868 3313 924; x_wconf 90' lang='lat' dir='ltr'><strong>enim</strong></span> <span class='ocrx_word' id='word_1_160' title='bbox 3346 885 3533 930; x_wconf 85' lang='lat' dir='ltr'><strong>sacra-</strong></span> 
     </span>
    </p>
   </div>
   <div class='ocr_carea' id='block_1_23' title="bbox 1934 955 3534 1034">
    <p class='ocr_par' dir='ltr' id='par_1_23' title="bbox 1934 955 3534 1034">
     <span class='ocr_line' id='line_1_23' title="bbox 1934 955 3534 1034; baseline 0.006 -24"><span class='ocrx_word' id='word_1_161' title='bbox 1934 955 2102 1014; x_wconf 86' lang='lat' dir='ltr'><strong>menti</strong></span> <span class='ocrx_word' id='word_1_162' title='bbox 2143 955 2324 1018; x_wconf 87' lang='lat' dir='ltr'><strong>omnia</strong></span> <span class='ocrx_word' id='word_1_163' title='bbox 2376 957 2619 1012; x_wconf 88' lang='lat' dir='ltr'><strong>membra</strong></span> <span class='ocrx_word' id='word_1_164' title='bbox 2657 957 2824 1034; x_wconf 86' lang='lat' dir='ltr'><strong>capiti</strong></span> <span class='ocrx_word' id='word_1_165' title='bbox 2867 975 2966 1015; x_wconf 88' lang='lat' dir='ltr'><strong>suo</strong></span> <span class='ocrx_word' id='word_1_166' title='bbox 3009 957 3300 1034; x_wconf 86' lang='lat' dir='ltr'><strong>conjuncta</strong></span> <span class='ocrx_word' id='word_1_167' title='bbox 3353 969 3408 1020; x_wconf 90' lang='lat' dir='ltr'><strong>et</strong></span> <span class='ocrx_word' id='word_1_168' title='bbox 3445 979 3534 1022; x_wconf 81' lang='lat' dir='ltr'><strong>co-</strong></span> 
     </span>
    </p>
   </div>
   <div class='ocr_carea' id='block_1_24' title="bbox 1935 1047 3532 1128">
    <p class='ocr_par' dir='ltr' id='par_1_24' title="bbox 1935 1047 3532 1128">
     <span class='ocr_line' id='line_1_24' title="bbox 1935 1047 3532 1128; baseline 0.006 -26"><span class='ocrx_word' id='word_1_169' title='bbox 1935 1047 2166 1104; x_wconf 87' lang='lat' dir='ltr'><strong>adunata</strong></span> <span class='ocrx_word' id='word_1_170' title='bbox 2202 1051 2254 1104; x_wconf 93' lang='lat' dir='ltr'><strong>in</strong></span> <span class='ocrx_word' id='word_1_171' title='bbox 2283 1059 2485 1104; x_wconf 65' lang='lat' dir='ltr'><strong>(eterna</strong></span> <span class='ocrx_word' id='word_1_172' title='bbox 2509 1049 2758 1110; x_wconf 83' lang='lat' dir='ltr'><strong>claritate</strong></span> <span class='ocrx_word' id='word_1_173' title='bbox 2782 1049 3112 1126; x_wconf 84' lang='lat' dir='ltr'><strong>gaudebunt.</strong></span> <span class='ocrx_word' id='word_1_174' title='bbox 3150 1051 3304 1110; x_wconf 91' lang='lat' dir='ltr'><strong>Sicut</strong></span> <span class='ocrx_word' id='word_1_175' title='bbox 3325 1069 3454 1128; x_wconf 87' lang='lat' dir='ltr'><strong>ergo</strong></span> <span class='ocrx_word' id='word_1_176' title='bbox 3478 1055 3532 1112; x_wconf 90' lang='lat' dir='ltr'><strong>in</strong></span> 
     </span>
    </p>
   </div>
   <div class='ocr_carea' id='block_1_25' title="bbox 1935 1139 3527 1215">
    <p class='ocr_par' dir='ltr' id='par_1_25' title="bbox 1935 1139 3527 1215">
     <span class='ocr_line' id='line_1_25' title="bbox 1935 1139 3527 1215; baseline 0.008 -19"><span class='ocrx_word' id='word_1_177' title='bbox 1935 1155 2035 1196; x_wconf 88' lang='lat' dir='ltr'><strong>nos</strong></span> <span class='ocrx_word' id='word_1_178' title='bbox 2062 1139 2114 1202; x_wconf 88' lang='lat' dir='ltr'><strong>id</strong></span> <span class='ocrx_word' id='word_1_179' title='bbox 2149 1143 2484 1197; x_wconf 85' lang='lat' dir='ltr'><strong>convertitur</strong></span> <span class='ocrx_word' id='word_1_180' title='bbox 2515 1159 2637 1198; x_wconf 90' lang='lat' dir='ltr'><strong>cum</strong></span> <span class='ocrx_word' id='word_1_181' title='bbox 2681 1143 2734 1202; x_wconf 92' lang='lat' dir='ltr'><strong>id</strong></span> <span class='ocrx_word' id='word_1_182' title='bbox 2765 1145 3154 1206; x_wconf 70' lang='lat' dir='ltr'><strong>manducamus</strong></span> <span class='ocrx_word' id='word_1_183' title='bbox 3177 1156 3232 1206; x_wconf 83' lang='lat' dir='ltr'><strong>et</strong></span> <span class='ocrx_word' id='word_1_184' title='bbox 3276 1147 3527 1215; x_wconf 87' lang='lat' dir='ltr'><strong>bibimus,</strong></span> 
     </span>
    </p>
   </div>
   <div class='ocr_carea' id='block_1_26' title="bbox 1935 1232 3536 1312">
    <p class='ocr_par' dir='ltr' id='par_1_26' title="bbox 1935 1232 3536 1312">
     <span class='ocr_line' id='line_1_26' title="bbox 1935 1232 3536 1312; baseline 0.005 -24"><span class='ocrx_word' id='word_1_185' title='bbox 1935 1232 2015 1288; x_wconf 87' lang='lat' dir='ltr'><strong>sic</strong></span> <span class='ocrx_word' id='word_1_186' title='bbox 2053 1238 2107 1291; x_wconf 90' lang='lat' dir='ltr'><strong>et</strong></span> <span class='ocrx_word' id='word_1_187' title='bbox 2133 1249 2230 1289; x_wconf 91' lang='lat' dir='ltr'><strong>nos</strong></span> <span class='ocrx_word' id='word_1_188' title='bbox 2264 1234 2318 1294; x_wconf 89' lang='lat' dir='ltr'><strong>in</strong></span> <span class='ocrx_word' id='word_1_189' title='bbox 2356 1249 2554 1312; x_wconf 88' lang='lat' dir='ltr'><strong>corpus</strong></span> <span class='ocrx_word' id='word_1_190' title='bbox 2583 1233 2788 1290; x_wconf 85' lang='lat' dir='ltr'><strong>Christi</strong></span> <span class='ocrx_word' id='word_1_191' title='bbox 2835 1239 3206 1297; x_wconf 79' lang='lat' dir='ltr'><strong>convertimur</strong></span> <span class='ocrx_word' id='word_1_192' title='bbox 3233 1240 3359 1294; x_wconf 91' lang='lat' dir='ltr'><strong>dum</strong></span> <span class='ocrx_word' id='word_1_193' title='bbox 3407 1241 3536 1298; x_wconf 82' lang='lat' dir='ltr'><strong>obe-</strong></span> 
     </span>
    </p>
   </div>
   <div class='ocr_carea' id='block_1_27' title="bbox 1936 1323 3530 1404">
    <p class='ocr_par' dir='ltr' id='par_1_27' title="bbox 1936 1323 3530 1404">
     <span class='ocr_line' id='line_1_27' title="bbox 1936 1323 3530 1404; baseline 0.006 -24"><span class='ocrx_word' id='word_1_194' title='bbox 1936 1323 2146 1381; x_wconf 88' lang='lat' dir='ltr'><strong>dienter</strong></span> <span class='ocrx_word' id='word_1_195' title='bbox 2173 1335 2226 1382; x_wconf 91' lang='lat' dir='ltr'><strong>et</strong></span> <span class='ocrx_word' id='word_1_196' title='bbox 2246 1327 2334 1398; x_wconf 89' lang='lat' dir='ltr'><strong>pie</strong></span> <span class='ocrx_word' id='word_1_197' title='bbox 2361 1329 2612 1382; x_wconf 83' lang='lat' dir='ltr'><strong>vivimus.</strong></span> <span class='ocrx_word' id='word_1_198' title='bbox 2645 1325 2751 1383; x_wconf 89' lang='lat' dir='ltr'><strong>Sed</strong></span> <span class='ocrx_word' id='word_1_199' title='bbox 2785 1335 2963 1386; x_wconf 79' lang='lat' dir='ltr'><strong>tamen</strong></span> <span class='ocrx_word' id='word_1_200' title='bbox 2998 1330 3168 1404; x_wconf 77' lang='lat' dir='ltr'><strong>ipsius</strong></span> <span class='ocrx_word' id='word_1_201' title='bbox 3208 1335 3530 1390; x_wconf 86' lang='lat' dir='ltr'><strong>sacramenti</strong></span> 
     </span>
    </p>
   </div>
   <div class='ocr_carea' id='block_1_28' title="bbox 1937 1416 3532 1498">
    <p class='ocr_par' dir='ltr' id='par_1_28' title="bbox 1937 1416 3532 1498">
     <span class='ocr_line' id='line_1_28' title="bbox 1937 1416 3532 1498; baseline 0.006 -25"><span class='ocrx_word' id='word_1_202' title='bbox 1937 1416 2101 1491; x_wconf 88' lang='lat' dir='ltr'><strong>(sicut</strong></span> <span class='ocrx_word' id='word_1_203' title='bbox 2129 1434 2292 1488; x_wconf 84' lang='lat' dir='ltr'><strong>supra</strong></span> <span class='ocrx_word' id='word_1_204' title='bbox 2321 1420 2576 1498; x_wconf 76' lang='lat' dir='ltr'><strong>diximus)</strong></span> <span class='ocrx_word' id='word_1_205' title='bbox 2607 1427 2755 1482; x_wconf 87' lang='lat' dir='ltr'><strong>tanta</strong></span> <span class='ocrx_word' id='word_1_206' title='bbox 2778 1429 2862 1474; x_wconf 91' lang='lat' dir='ltr'><strong>est</strong></span> <span class='ocrx_word' id='word_1_207' title='bbox 2889 1419 3125 1496; x_wconf 81' lang='lat' dir='ltr'><strong>dignitas</strong></span> <span class='ocrx_word' id='word_1_208' title='bbox 3165 1433 3220 1477; x_wconf 91' lang='lat' dir='ltr'><strong>et</strong></span> <span class='ocrx_word' id='word_1_209' title='bbox 3261 1433 3408 1480; x_wconf 88' lang='lat' dir='ltr'><strong>tanta</strong></span> <span class='ocrx_word' id='word_1_210' title='bbox 3437 1443 3532 1498; x_wconf 84' lang='lat' dir='ltr'><strong>po—</strong></span> 
     </span>
    </p>
   </div>
   <div class='ocr_carea' id='block_1_29' title="bbox 1933 1512 3532 1592">
    <p class='ocr_par' dir='ltr' id='par_1_29' title="bbox 1933 1512 3532 1592">
     <span class='ocr_line' id='line_1_29' title="bbox 1933 1512 3532 1592; baseline 0.005 -26"><span class='ocrx_word' id='word_1_211' title='bbox 1933 1512 2126 1578; x_wconf 85' lang='lat' dir='ltr'><strong>tentia,</strong></span> <span class='ocrx_word' id='word_1_212' title='bbox 2167 1523 2228 1568; x_wconf 93' lang='lat' dir='ltr'><strong>ut</strong></span> <span class='ocrx_word' id='word_1_213' title='bbox 2267 1513 2577 1592; x_wconf 88' lang='lat' dir='ltr'><strong>quicunque</strong></span> <span class='ocrx_word' id='word_1_214' title='bbox 2603 1513 2730 1570; x_wconf 92' lang='lat' dir='ltr'><strong>illud</strong></span> <span class='ocrx_word' id='word_1_215' title='bbox 2759 1514 2977 1592; x_wconf 83' lang='lat' dir='ltr'><strong>indigne</strong></span> <span class='ocrx_word' id='word_1_216' title='bbox 3003 1517 3327 1590; x_wconf 89' lang='lat' dir='ltr'><strong>perceperit,</strong></span> <span class='ocrx_word' id='word_1_217' title='bbox 3359 1520 3532 1592; x_wconf 89' lang='lat' dir='ltr'><strong>magis</strong></span> 
     </span>
    </p>
   </div>
   <div class='ocr_carea' id='block_1_30' title="bbox 1937 1601 3537 1688">
    <p class='ocr_par' dir='ltr' id='par_1_30' title="bbox 1937 1601 3537 1688">
     <span class='ocr_line' id='line_1_30' title="bbox 1937 1601 3537 1688; baseline 0.006 -29"><span class='ocrx_word' id='word_1_218' title='bbox 1937 1601 2039 1660; x_wconf 89' lang='lat' dir='ltr'><strong>sibi</strong></span> <span class='ocrx_word' id='word_1_219' title='bbox 2081 1605 2483 1662; x_wconf 88' lang='lat' dir='ltr'><strong>damnationem</strong></span> <span class='ocrx_word' id='word_1_220' title='bbox 2539 1623 2703 1682; x_wconf 85' lang='lat' dir='ltr'><strong>quam</strong></span> <span class='ocrx_word' id='word_1_221' title='bbox 2764 1608 2996 1664; x_wconf 85' lang='lat' dir='ltr'><strong>salutem</strong></span> <span class='ocrx_word' id='word_1_222' title='bbox 3041 1610 3329 1680; x_wconf 88' lang='lat' dir='ltr'><strong>acquirat,</strong></span> <span class='ocrx_word' id='word_1_223' title='bbox 3391 1614 3537 1688; x_wconf 89' lang='lat' dir='ltr'><strong>quod</strong></span> 
     </span>
    </p>
   </div>
   <div class='ocr_carea' id='block_1_31' title="bbox 1937 1695 3536 1772">
    <p class='ocr_par' dir='ltr' id='par_1_31' title="bbox 1937 1695 3536 1772">
     <span class='ocr_line' id='line_1_31' title="bbox 1937 1695 3536 1772; baseline 0.004 -22"><span class='ocrx_word' id='word_1_224' title='bbox 1937 1695 2176 1751; x_wconf 78' lang='lat' dir='ltr'><strong>ostendit</strong></span> <span class='ocrx_word' id='word_1_225' title='bbox 2205 1696 2493 1768; x_wconf 84' lang='lat' dir='ltr'><strong>Apostolus</strong></span> <span class='ocrx_word' id='word_1_226' title='bbox 2525 1697 2712 1757; x_wconf 84' lang='lat' dir='ltr'><strong>dicens</strong></span> <span class='ocrx_word' id='word_1_227' title='bbox 2745 1717 2757 1752; x_wconf 91' lang='lat'>:</span> <span class='ocrx_word' id='word_1_228' title='bbox 2803 1697 3116 1772; x_wconf 77' lang='lat' dir='ltr'><strong>Quicunque</strong></span> <span class='ocrx_word' id='word_1_229' title='bbox 3139 1703 3276 1756; x_wconf 88' lang='lat' dir='ltr'><strong>enim</strong></span> <span class='ocrx_word' id='word_1_230' title='bbox 3306 1703 3536 1760; x_wconf 88' lang='lat' dir='ltr'><strong>mandu-</strong></span> 
     </span>
    </p>
   </div>
   <div class='ocr_carea' id='block_1_32' title="bbox 1937 1787 3537 1858">
    <p class='ocr_par' dir='ltr' id='par_1_32' title="bbox 1937 1787 3537 1858">
     <span class='ocr_line' id='line_1_32' title="bbox 1937 1787 3537 1858; baseline 0.006 -19"><span class='ocrx_word' id='word_1_231' title='bbox 1937 1787 2129 1840; x_wconf 75' lang='lat' dir='ltr'><strong>cauerit</strong></span> <span class='ocrx_word' id='word_1_232' title='bbox 2151 1803 2340 1858; x_wconf 86' lang='lat' dir='ltr'><strong>panem</strong></span> <span class='ocrx_word' id='word_1_233' title='bbox 2367 1790 2526 1857; x_wconf 85' lang='lat' dir='ltr'><strong>lmnc,</strong></span> <span class='ocrx_word' id='word_1_234' title='bbox 2560 1789 2637 1844; x_wconf 84' lang='lat' dir='ltr'><strong>vel</strong></span> <span class='ocrx_word' id='word_1_235' title='bbox 2661 1787 2843 1845; x_wconf 85' lang='lat' dir='ltr'><strong>biberit</strong></span> <span class='ocrx_word' id='word_1_236' title='bbox 2873 1789 3090 1846; x_wconf 75' lang='lat' dir='ltr'><strong>calicem</strong></span> <span class='ocrx_word' id='word_1_237' title='bbox 3142 1791 3360 1847; x_wconf 79' lang='lat' dir='ltr'><strong>Domini</strong></span> <span class='ocrx_word' id='word_1_238' title='bbox 3396 1794 3537 1848; x_wconf 85' lang='lat' dir='ltr'><strong>indi-</strong></span> 
     </span>
    </p>
   </div>
   <div class='ocr_carea' id='block_1_33' title="bbox 1941 1880 3537 1952">
    <p class='ocr_par' dir='ltr' id='par_1_33' title="bbox 1941 1880 3537 1952">
     <span class='ocr_line' id='line_1_33' title="bbox 1941 1880 3537 1952; baseline 0.003 -21"><span class='ocrx_word' id='word_1_239' title='bbox 1941 1893 2200 1949; x_wconf 84' lang='lat' dir='ltr'><strong>gne,reus</strong></span> <span class='ocrx_word' id='word_1_240' title='bbox 2227 1880 2322 1932; x_wconf 91' lang='lat' dir='ltr'><strong>erit</strong></span> <span class='ocrx_word' id='word_1_241' title='bbox 2356 1881 2589 1950; x_wconf 87' lang='lat' dir='ltr'><strong>corporis</strong></span> <span class='ocrx_word' id='word_1_242' title='bbox 2637 1889 2684 1934; x_wconf 89' lang='lat' dir='ltr'><strong>et</strong></span> <span class='ocrx_word' id='word_1_243' title='bbox 2731 1881 3006 1952; x_wconf 77' lang='lat' dir='ltr'><strong>sanguinis</strong></span> <span class='ocrx_word' id='word_1_244' title='bbox 3054 1881 3290 1938; x_wconf 83' lang='lat' dir='ltr'><strong>Domini.</strong></span> <span class='ocrx_word' id='word_1_245' title='bbox 3344 1881 3537 1938; x_wconf 83' lang='lat' dir='ltr'><strong>Probet</strong></span> 
     </span>
    </p>
   </div>
   <div class='ocr_carea' id='block_1_34' title="bbox 233 1964 3537 2044">
    <p class='ocr_par' dir='ltr' id='par_1_34' title="bbox 233 1964 3537 2044">
     <span class='ocr_line' id='line_1_34' title="bbox 233 1964 3537 2044; baseline 0 -17"><span class='ocrx_word' id='word_1_246' title='bbox 233 1973 412 2043; x_wconf 89' lang='lat' dir='ltr'><strong>stirpe</strong></span> <span class='ocrx_word' id='word_1_247' title='bbox 448 1969 619 2025; x_wconf 80' lang='lat' dir='ltr'><strong>Adam</strong></span> <span class='ocrx_word' id='word_1_248' title='bbox 666 1969 986 2040; x_wconf 86' lang='lat' dir='ltr'><strong>progenitus</strong></span> <span class='ocrx_word' id='word_1_249' title='bbox 1021 1987 1034 2022; x_wconf 92' lang='lat'><strong>:</strong></span> <span class='ocrx_word' id='word_1_250' title='bbox 1063 1964 1269 2024; x_wconf 75' lang='lat' dir='ltr'><strong>Veritas</strong></span> <span class='ocrx_word' id='word_1_251' title='bbox 1320 1969 1384 2024; x_wconf 89' lang='lat' dir='ltr'><strong>de</strong></span> <span class='ocrx_word' id='word_1_252' title='bbox 1435 1978 1574 2024; x_wconf 86' lang='lat' dir='ltr'><strong>terra</strong></span> <span class='ocrx_word' id='word_1_253' title='bbox 1605 1981 1720 2025; x_wconf 86' lang='lat' dir='ltr'><strong>orta</strong></span> <span class='ocrx_word' id='word_1_254' title='bbox 1763 1982 1836 2026; x_wconf 85' lang='lat' dir='ltr'><strong>est</strong></span> <span class='ocrx_word' id='word_1_255' title='bbox 1863 1971 1912 2035; x_wconf 88' lang='lat' dir='ltr'><strong>B</strong></span> <span class='ocrx_word' id='word_1_256' title='bbox 1941 1979 2115 2024; x_wconf 89' lang='lat' dir='ltr'><strong>autem</strong></span> <span class='ocrx_word' id='word_1_257' title='bbox 2163 1971 2393 2042; x_wconf 82' lang='lat' dir='ltr'><strong>seipsum</strong></span> <span class='ocrx_word' id='word_1_258' title='bbox 2423 1971 2577 2042; x_wconf 80' lang='lat' dir='ltr'><strong>homo</strong></span> <span class='ocrx_word' id='word_1_259' title='bbox 2609 1984 2655 2026; x_wconf 86' lang='lat' dir='ltr'><strong>et</strong></span> <span class='ocrx_word' id='word_1_260' title='bbox 2701 1974 2777 2026; x_wconf 84' lang='lat' dir='ltr'><strong>sic</strong></span> <span class='ocrx_word' id='word_1_261' title='bbox 2832 1973 2896 2027; x_wconf 88' lang='lat' dir='ltr'><strong>de</strong></span> <span class='ocrx_word' id='word_1_262' title='bbox 2926 1990 3061 2044; x_wconf 88' lang='lat' dir='ltr'><strong>pane</strong></span> <span class='ocrx_word' id='word_1_263' title='bbox 3092 1971 3183 2032; x_wconf 86' lang='lat' dir='ltr'><strong>illo</strong></span> <span class='ocrx_word' id='word_1_264' title='bbox 3211 1974 3352 2041; x_wconf 88' lang='lat' dir='ltr'><strong>edat,</strong></span> <span class='ocrx_word' id='word_1_265' title='bbox 3379 1983 3426 2028; x_wconf 87' lang='lat' dir='ltr'><strong>et</strong></span> <span class='ocrx_word' id='word_1_266' title='bbox 3471 1973 3537 2029; x_wconf 87' lang='lat' dir='ltr'><strong>de</strong></span> 
     </span>
    </p>
   </div>
   <div class='ocr_carea' id='block_1_35' title="bbox 235 2063 1834 2138">
    <p class='ocr_par' dir='ltr' id='par_1_35' title="bbox 235 2063 1834 2138">
     <span class='ocr_line' id='line_1_35' title="bbox 235 2063 1834 2138; baseline 0.001 -19"><span class='ocrx_word' id='word_1_267' title='bbox 235 2064 418 2138; x_wconf 77' lang='lat' dir='ltr'><strong>(Psal.</strong></span> <span class='ocrx_word' id='word_1_268' title='bbox 448 2064 556 2137; x_wconf 83' lang='grc' dir='ltr'><strong>ιν),</strong></span> <span class='ocrx_word' id='word_1_269' title='bbox 610 2071 672 2118; x_wconf 83' lang='grc' dir='ltr'><strong>ιιι</strong></span> <span class='ocrx_word' id='word_1_270' title='bbox 713 2078 779 2118; x_wconf 77' lang='lat' dir='ltr'><strong>ex</strong></span> <span class='ocrx_word' id='word_1_271' title='bbox 829 2063 1114 2134; x_wconf 81' lang='lat' dir='ltr'><strong>terrigenis</strong></span> <span class='ocrx_word' id='word_1_272' title='bbox 1161 2063 1436 2120; x_wconf 74' lang='lat' dir='ltr'><strong>caelicolas</strong></span> <span class='ocrx_word' id='word_1_273' title='bbox 1473 2063 1708 2130; x_wconf 83' lang='lat' dir='ltr'><strong>faceret,</strong></span> <span class='ocrx_word' id='word_1_274' title='bbox 1767 2064 1834 2120; x_wconf 89' lang='lat' dir='ltr'><strong>de</strong></span> 
     </span>
    </p>
   </div>
   <div class='ocr_carea' id='block_1_36' title="bbox 232 2153 1834 2213">
    <p class='ocr_par' dir='ltr' id='par_1_36' title="bbox 232 2153 1834 2213">
     <span class='ocr_line' id='line_1_36' title="bbox 232 2153 1834 2213; baseline 0.001 -1"><span class='ocrx_word' id='word_1_275' title='bbox 232 2157 480 2212; x_wconf 86' lang='lat' dir='ltr'><strong>terrenis</strong></span> <span class='ocrx_word' id='word_1_276' title='bbox 525 2153 791 2211; x_wconf 83' lang='lat' dir='ltr'><strong>fructibus</strong></span> <span class='ocrx_word' id='word_1_277' title='bbox 838 2155 1019 2210; x_wconf 88' lang='lat' dir='ltr'><strong>cibum</strong></span> <span class='ocrx_word' id='word_1_278' title='bbox 1065 2154 1341 2211; x_wconf 67' lang='lat' dir='ltr'><strong>caelestem</strong></span> <span class='ocrx_word' id='word_1_279' title='bbox 1390 2156 1552 2212; x_wconf 90' lang='lat' dir='ltr'><strong>homo</strong></span> <span class='ocrx_word' id='word_1_280' title='bbox 1597 2156 1834 2213; x_wconf 83' lang='lat' dir='ltr'><strong>caelestis</strong></span> 
     </span>
    </p>
   </div>
   <div class='ocr_carea' id='block_1_37' title="bbox 233 2245 1836 2319">
    <p class='ocr_par' dir='ltr' id='par_1_37' title="bbox 233 2245 1836 2319">
     <span class='ocr_line' id='line_1_37' title="bbox 233 2245 1836 2319; baseline -0.001 -13"><span class='ocrx_word' id='word_1_281' title='bbox 233 2245 392 2316; x_wconf 71' lang='lat' dir='ltr'><strong>fecit,</strong></span> <span class='ocrx_word' id='word_1_282' title='bbox 431 2249 663 2304; x_wconf 87' lang='lat' dir='ltr'><strong>utsicut</strong></span> <span class='ocrx_word' id='word_1_283' title='bbox 693 2249 811 2319; x_wconf 90' lang='lat' dir='ltr'><strong>ipse</strong></span> <span class='ocrx_word' id='word_1_284' title='bbox 839 2247 983 2304; x_wconf 89' lang='lat' dir='ltr'><strong>Deus</strong></span> <span class='ocrx_word' id='word_1_285' title='bbox 1011 2247 1300 2303; x_wconf 84' lang='lat' dir='ltr'><strong>invisibilis</strong></span> <span class='ocrx_word' id='word_1_286' title='bbox 1336 2248 1390 2303; x_wconf 89' lang='lat' dir='ltr'><strong>in</strong></span> <span class='ocrx_word' id='word_1_287' title='bbox 1437 2262 1600 2304; x_wconf 88' lang='lat' dir='ltr'><strong>carne</strong></span> <span class='ocrx_word' id='word_1_288' title='bbox 1637 2249 1836 2304; x_wconf 85' lang='lat' dir='ltr'><strong>visibili</strong></span> 
     </span>
    </p>
   </div>
   <div class='ocr_carea' id='block_1_38' title="bbox 233 2337 1834 2418">
    <p class='ocr_par' dir='ltr' id='par_1_38' title="bbox 233 2337 1834 2418">
     <span class='ocr_line' id='line_1_38' title="bbox 233 2337 1834 2418; baseline -0.001 -20"><span class='ocrx_word' id='word_1_289' title='bbox 233 2343 308 2398; x_wconf 86' lang='lat' dir='ltr'><strong>ad</strong></span> <span class='ocrx_word' id='word_1_290' title='bbox 348 2339 634 2398; x_wconf 85' lang='lat' dir='ltr'><strong>saivandos</strong></span> <span class='ocrx_word' id='word_1_291' title='bbox 667 2337 929 2396; x_wconf 87' lang='lat' dir='ltr'><strong>mortales</strong></span> <span class='ocrx_word' id='word_1_292' title='bbox 954 2339 1200 2395; x_wconf 85' lang='lat' dir='ltr'><strong>mortalis</strong></span> <span class='ocrx_word' id='word_1_293' title='bbox 1247 2341 1512 2418; x_wconf 81' lang='lat' dir='ltr'><strong>apparuit,</strong></span> <span class='ocrx_word' id='word_1_294' title='bbox 1557 2342 1630 2396; x_wconf 87' lang='lat' dir='ltr'><strong>ita</strong></span> <span class='ocrx_word' id='word_1_295' title='bbox 1671 2342 1834 2396; x_wconf 87' lang='lat' dir='ltr'><strong>etiam</strong></span> 
     </span>
    </p>
   </div>
   <div class='ocr_carea' id='block_1_39' title="bbox 233 2430 1834 2506">
    <p class='ocr_par' dir='ltr' id='par_1_39' title="bbox 233 2430 1834 2506">
     <span class='ocr_line' id='line_1_39' title="bbox 233 2430 1834 2506; baseline -0.002 -15"><span class='ocrx_word' id='word_1_296' title='bbox 233 2449 304 2492; x_wconf 80' lang='lat' dir='ltr'><strong>ex</strong></span> <span class='ocrx_word' id='word_1_297' title='bbox 335 2436 563 2490; x_wconf 75' lang='lat' dir='ltr'><strong>materia</strong></span> <span class='ocrx_word' id='word_1_298' title='bbox 597 2430 802 2490; x_wconf 84' lang='lat' dir='ltr'><strong>visibili</strong></span> <span class='ocrx_word' id='word_1_299' title='bbox 828 2449 942 2489; x_wconf 87' lang='lat' dir='ltr'><strong>rem</strong></span> <span class='ocrx_word' id='word_1_300' title='bbox 971 2433 1296 2490; x_wconf 83' lang='lat' dir='ltr'><strong>invisibilem</strong></span> <span class='ocrx_word' id='word_1_301' title='bbox 1319 2450 1557 2506; x_wconf 85' lang='lat' dir='ltr'><strong>congrue</strong></span> <span class='ocrx_word' id='word_1_302' title='bbox 1583 2435 1714 2505; x_wconf 85' lang='lat' dir='ltr'><strong>ipsis</strong></span> <span class='ocrx_word' id='word_1_303' title='bbox 1745 2435 1834 2490; x_wconf 90' lang='lat' dir='ltr'><strong>de—</strong></span> 
     </span>
    </p>
   </div>
   <div class='ocr_carea' id='block_1_40' title="bbox 233 2523 1836 2592">
    <p class='ocr_par' dir='ltr' id='par_1_40' title="bbox 233 2523 1836 2592">
     <span class='ocr_line' id='line_1_40' title="bbox 233 2523 1836 2592; baseline -0.001 -9"><span class='ocrx_word' id='word_1_304' title='bbox 233 2527 598 2592; x_wconf 76' lang='lat' dir='ltr'><strong>monstravit,</strong></span> <span class='ocrx_word' id='word_1_305' title='bbox 651 2533 712 2582; x_wconf 91' lang='lat' dir='ltr'><strong>ut</strong></span> <span class='ocrx_word' id='word_1_306' title='bbox 763 2525 818 2581; x_wconf 89' lang='lat' dir='ltr'><strong>in</strong></span> <span class='ocrx_word' id='word_1_307' title='bbox 870 2523 1060 2582; x_wconf 87' lang='lat' dir='ltr'><strong>eadem</strong></span> <span class='ocrx_word' id='word_1_308' title='bbox 1115 2539 1174 2582; x_wconf 88' lang='lat' dir='ltr'><strong>re</strong></span> <span class='ocrx_word' id='word_1_309' title='bbox 1213 2525 1374 2581; x_wconf 86' lang='lat' dir='ltr'><strong>simul</strong></span> <span class='ocrx_word' id='word_1_310' title='bbox 1427 2527 1733 2582; x_wconf 82' lang='lat' dir='ltr'><strong>ediscerent</strong></span> <span class='ocrx_word' id='word_1_311' title='bbox 1781 2535 1836 2582; x_wconf 90' lang='lat' dir='ltr'><strong>et</strong></span> 
     </span>
    </p>
   </div>
   <div class='ocr_carea' id='block_1_41' title="bbox 233 2615 1837 2692">
    <p class='ocr_par' dir='ltr' id='par_1_41' title="bbox 233 2615 1837 2692">
     <span class='ocr_line' id='line_1_41' title="bbox 233 2615 1837 2692; baseline -0.001 -18"><span class='ocrx_word' id='word_1_312' title='bbox 233 2619 372 2692; x_wconf 84' lang='lat' dir='ltr'><strong>quid</strong></span> <span class='ocrx_word' id='word_1_313' title='bbox 399 2619 544 2675; x_wconf 86' lang='lat' dir='ltr'><strong>Deus</strong></span> <span class='ocrx_word' id='word_1_314' title='bbox 579 2626 803 2690; x_wconf 77' lang='lat' dir='ltr'><strong>propter</strong></span> <span class='ocrx_word' id='word_1_315' title='bbox 831 2631 931 2673; x_wconf 87' lang='lat' dir='ltr'><strong>nos</strong></span> <span class='ocrx_word' id='word_1_316' title='bbox 962 2615 1136 2673; x_wconf 80' lang='lat' dir='ltr'><strong>factus</strong></span> <span class='ocrx_word' id='word_1_317' title='bbox 1175 2626 1254 2672; x_wconf 85' lang='lat' dir='ltr'><strong>est</strong></span> <span class='ocrx_word' id='word_1_318' title='bbox 1280 2660 1294 2683; x_wconf 93' lang='lat'><strong>,</strong></span> <span class='ocrx_word' id='word_1_319' title='bbox 1347 2625 1402 2672; x_wconf 87' lang='lat' dir='ltr'><strong>et</strong></span> <span class='ocrx_word' id='word_1_320' title='bbox 1430 2617 1558 2688; x_wconf 88' lang='lat' dir='ltr'><strong>quid</strong></span> <span class='ocrx_word' id='word_1_321' title='bbox 1596 2633 1694 2674; x_wconf 90' lang='lat' dir='ltr'><strong>nos</strong></span> <span class='ocrx_word' id='word_1_322' title='bbox 1737 2633 1837 2690; x_wconf 89' lang='lat' dir='ltr'><strong>per</strong></span> 
     </span>
    </p>
   </div>
   <div class='ocr_carea' id='block_1_42' title="bbox 234 2709 1832 2785">
    <p class='ocr_par' dir='ltr' id='par_1_42' title="bbox 234 2709 1832 2785">
     <span class='ocr_line' id='line_1_42' title="bbox 234 2709 1832 2785; baseline -0.003 -15"><span class='ocrx_word' id='word_1_323' title='bbox 234 2713 417 2785; x_wconf 86' lang='lat' dir='ltr'><strong>ipsum</strong></span> <span class='ocrx_word' id='word_1_324' title='bbox 457 2711 626 2767; x_wconf 79' lang='lat' dir='ltr'><strong>futuri</strong></span> <span class='ocrx_word' id='word_1_325' title='bbox 677 2723 886 2766; x_wconf 86' lang='lat' dir='ltr'><strong>sumus.</strong></span> <span class='ocrx_word' id='word_1_326' title='bbox 927 2709 1018 2764; x_wconf 82' lang='lat' dir='ltr'><strong>Ait</strong></span> <span class='ocrx_word' id='word_1_327' title='bbox 1049 2711 1196 2766; x_wconf 85' lang='lat' dir='ltr'><strong>enim</strong></span> <span class='ocrx_word' id='word_1_328' title='bbox 1247 2711 1520 2780; x_wconf 84' lang='lat' dir='ltr'><strong>apostolus</strong></span> <span class='ocrx_word' id='word_1_329' title='bbox 1549 2710 1786 2766; x_wconf 88' lang='lat' dir='ltr'><strong>Joannes</strong></span> <span class='ocrx_word' id='word_1_330' title='bbox 1819 2729 1832 2766; x_wconf 89' lang='lat'><strong>:</strong></span> 
     </span>
    </p>
   </div>
   <div class='ocr_carea' id='block_1_43' title="bbox 235 2801 1834 2872">
    <p class='ocr_par' dir='ltr' id='par_1_43' title="bbox 235 2801 1834 2872">
     <span class='ocr_line' id='line_1_43' title="bbox 235 2801 1834 2872; baseline -0.002 -13"><span class='ocrx_word' id='word_1_331' title='bbox 235 2802 572 2868; x_wconf 77' lang='lat' dir='ltr'><strong>Charissimi,</strong></span> <span class='ocrx_word' id='word_1_332' title='bbox 601 2819 740 2858; x_wconf 83' lang='lat' dir='ltr'><strong>nunc</strong></span> <span class='ocrx_word' id='word_1_333' title='bbox 765 2801 867 2872; x_wconf 69' lang='lat' dir='ltr'><strong>ﬁlii</strong></span> <span class='ocrx_word' id='word_1_334' title='bbox 910 2801 1009 2857; x_wconf 87' lang='lat' dir='ltr'><strong>Dei</strong></span> <span class='ocrx_word' id='word_1_335' title='bbox 1029 2817 1232 2867; x_wconf 70' lang='lat' dir='ltr'><strong>sumus,</strong></span> <span class='ocrx_word' id='word_1_336' title='bbox 1256 2813 1304 2856; x_wconf 89' lang='lat' dir='ltr'><strong>et</strong></span> <span class='ocrx_word' id='word_1_337' title='bbox 1329 2809 1561 2856; x_wconf 84' lang='lat' dir='ltr'><strong>nondum</strong></span> <span class='ocrx_word' id='word_1_338' title='bbox 1589 2801 1834 2872; x_wconf 83' lang='lat' dir='ltr'><strong>apparuit</strong></span> 
     </span>
    </p>
   </div>
   <div class='ocr_carea' id='block_1_44' title="bbox 233 2893 1830 2970">
    <p class='ocr_par' dir='ltr' id='par_1_44' title="bbox 233 2893 1830 2970">
     <span class='ocr_line' id='line_1_44' title="bbox 233 2893 1830 2970; baseline -0.001 -19"><span class='ocrx_word' id='word_1_339' title='bbox 233 2897 366 2970; x_wconf 83' lang='lat' dir='ltr'><strong>quid</strong></span> <span class='ocrx_word' id='word_1_340' title='bbox 390 2897 605 2962; x_wconf 78' lang='lat' dir='ltr'><strong>erimus,</strong></span> <span class='ocrx_word' id='word_1_341' title='bbox 633 2897 828 2950; x_wconf 75' lang='lat' dir='ltr'><strong>scimus</strong></span> <span class='ocrx_word' id='word_1_342' title='bbox 849 2895 1109 2968; x_wconf 80' lang='lat' dir='ltr'><strong>quomodo</strong></span> <span class='ocrx_word' id='word_1_343' title='bbox 1141 2909 1260 2948; x_wconf 86' lang='lat' dir='ltr'><strong>cum</strong></span> <span class='ocrx_word' id='word_1_344' title='bbox 1283 2895 1608 2965; x_wconf 85' lang='lat' dir='ltr'><strong>apparuerit,</strong></span> <span class='ocrx_word' id='word_1_345' title='bbox 1633 2893 1830 2949; x_wconf 77' lang='lat' dir='ltr'><strong>similes</strong></span> 
     </span>
    </p>
   </div>
   <div class='ocr_carea' id='block_1_45' title="bbox 235 2985 1835 3062">
    <p class='ocr_par' dir='ltr' id='par_1_45' title="bbox 235 2985 1835 3062">
     <span class='ocr_line' id='line_1_45' title="bbox 235 2985 1835 3062; baseline -0.003 -15"><span class='ocrx_word' id='word_1_346' title='bbox 235 2992 287 3047; x_wconf 78' lang='lat' dir='ltr'><strong>ei</strong></span> <span class='ocrx_word' id='word_1_347' title='bbox 343 2991 539 3045; x_wconf 78' lang='lat' dir='ltr'><strong>erimus</strong></span> <span class='ocrx_word' id='word_1_348' title='bbox 591 2986 654 3062; x_wconf 82' lang='grc'><strong>(1</strong></span> <span class='ocrx_word' id='word_1_349' title='bbox 701 2987 864 3044; x_wconf 74' lang='lat' dir='ltr'><strong>Joan.</strong></span> <span class='ocrx_word' id='word_1_350' title='bbox 899 2986 1007 3062; x_wconf 89' lang='grc' dir='ltr'><strong>ιιι).</strong></span> <span class='ocrx_word' id='word_1_351' title='bbox 1036 2985 1148 3044; x_wconf 88' lang='lat' dir='ltr'><strong>Cur</strong></span> <span class='ocrx_word' id='word_1_352' title='bbox 1190 2995 1370 3043; x_wconf 88' lang='lat' dir='ltr'><strong>autem</strong></span> <span class='ocrx_word' id='word_1_353' title='bbox 1419 2998 1615 3058; x_wconf 90' lang='lat' dir='ltr'><strong>panem</strong></span> <span class='ocrx_word' id='word_1_354' title='bbox 1665 2995 1719 3043; x_wconf 91' lang='lat' dir='ltr'><strong>et</strong></span> <span class='ocrx_word' id='word_1_355' title='bbox 1750 2985 1835 3042; x_wconf 86' lang='lat' dir='ltr'><strong>vl-</strong></span> 
     </span>
    </p>
   </div>
   <div class='ocr_carea' id='block_1_46' title="bbox 235 3076 1834 3152">
    <p class='ocr_par' dir='ltr' id='par_1_46' title="bbox 235 3076 1834 3152">
     <span class='ocr_line' id='line_1_46' title="bbox 235 3076 1834 3152; baseline -0.003 -15"><span class='ocrx_word' id='word_1_356' title='bbox 235 3097 371 3138; x_wconf 83' lang='lat' dir='ltr'><strong>num</strong></span> <span class='ocrx_word' id='word_1_357' title='bbox 411 3082 556 3136; x_wconf 85' lang='lat' dir='ltr'><strong>hanc</strong></span> <span class='ocrx_word' id='word_1_358' title='bbox 601 3079 917 3152; x_wconf 83' lang='lat' dir='ltr'><strong>dignitatem</strong></span> <span class='ocrx_word' id='word_1_359' title='bbox 967 3078 1193 3150; x_wconf 75' lang='lat' dir='ltr'><strong>elegerit</strong></span> <span class='ocrx_word' id='word_1_360' title='bbox 1245 3077 1470 3149; x_wconf 78' lang='lat' dir='ltr'><strong>exponit</strong></span> <span class='ocrx_word' id='word_1_361' title='bbox 1529 3076 1834 3148; x_wconf 74' lang='lat' dir='ltr'><strong>Scriptura,</strong></span> 
     </span>
    </p>
   </div>
   <div class='ocr_carea' id='block_1_47' title="bbox 236 3169 1838 3245">
    <p class='ocr_par' dir='ltr' id='par_1_47' title="bbox 236 3169 1838 3245">
     <span class='ocr_line' id='line_1_47' title="bbox 236 3169 1838 3245; baseline 0 -20"><span class='ocrx_word' id='word_1_362' title='bbox 236 3184 366 3244; x_wconf 72' lang='lat' dir='ltr'><strong>quae</strong></span> <span class='ocrx_word' id='word_1_363' title='bbox 393 3179 626 3228; x_wconf 81' lang='lat' dir='ltr'><strong>testatur</strong></span> <span class='ocrx_word' id='word_1_364' title='bbox 655 3171 922 3242; x_wconf 82' lang='lat' dir='ltr'><strong>Spiritum</strong></span> <span class='ocrx_word' id='word_1_365' title='bbox 951 3179 1200 3226; x_wconf 88' lang='lat' dir='ltr'><strong>sanctum</strong></span> <span class='ocrx_word' id='word_1_366' title='bbox 1227 3169 1610 3245; x_wconf 84' lang='lat' dir='ltr'><strong>pronuntiasse</strong></span> <span class='ocrx_word' id='word_1_367' title='bbox 1645 3185 1838 3225; x_wconf 83' lang='lat' dir='ltr'><strong>secun-</strong></span> 
     </span>
    </p>
   </div>
   <div class='ocr_carea' id='block_1_48' title="bbox 237 3261 1835 3320">
    <p class='ocr_par' dir='ltr' id='par_1_48' title="bbox 237 3261 1835 3320">
     <span class='ocr_line' id='line_1_48' title="bbox 237 3261 1835 3320; baseline -0.001 0"><span class='ocrx_word' id='word_1_368' title='bbox 237 3265 370 3320; x_wconf 80' lang='lat' dir='ltr'><strong>dum</strong></span> <span class='ocrx_word' id='word_1_369' title='bbox 415 3265 660 3319; x_wconf 85' lang='lat' dir='ltr'><strong>ordinem</strong></span> <span class='ocrx_word' id='word_1_370' title='bbox 717 3263 1111 3320; x_wconf 78' lang='lat' dir='ltr'><strong>Melchisedech</strong></span> <span class='ocrx_word' id='word_1_371' title='bbox 1163 3263 1442 3319; x_wconf 88' lang='lat' dir='ltr'><strong>Christum</strong></span> <span class='ocrx_word' id='word_1_372' title='bbox 1497 3261 1835 3319; x_wconf 86' lang='lat' dir='ltr'><strong>sacerdotem</strong></span> 
     </span>
    </p>
   </div>
   <div class='ocr_carea' id='block_1_49' title="bbox 1937 2058 3534 2136">
    <p class='ocr_par' dir='ltr' id='par_1_49' title="bbox 1937 2058 3534 2136">
     <span class='ocr_line' id='line_1_49' title="bbox 1937 2058 3534 2136; baseline 0.003 -22"><span class='ocrx_word' id='word_1_373' title='bbox 1937 2058 2101 2114; x_wconf 85' lang='lat' dir='ltr'><strong>calice</strong></span> <span class='ocrx_word' id='word_1_374' title='bbox 2130 2059 2291 2114; x_wconf 83' lang='lat' dir='ltr'><strong>bibat.</strong></span> <span class='ocrx_word' id='word_1_375' title='bbox 2321 2059 2424 2127; x_wconf 87' lang='lat' dir='ltr'><strong>Qui</strong></span> <span class='ocrx_word' id='word_1_376' title='bbox 2451 2062 2588 2116; x_wconf 87' lang='lat' dir='ltr'><strong>enim</strong></span> <span class='ocrx_word' id='word_1_377' title='bbox 2618 2063 2902 2117; x_wconf 85' lang='lat' dir='ltr'><strong>manducat</strong></span> <span class='ocrx_word' id='word_1_378' title='bbox 2938 2071 2987 2118; x_wconf 86' lang='lat' dir='ltr'><strong>et</strong></span> <span class='ocrx_word' id='word_1_379' title='bbox 3037 2064 3162 2118; x_wconf 86' lang='lat' dir='ltr'><strong>bibit</strong></span> <span class='ocrx_word' id='word_1_380' title='bbox 3191 2065 3422 2136; x_wconf 87' lang='lat' dir='ltr'><strong>indigne,</strong></span> <span class='ocrx_word' id='word_1_381' title='bbox 3439 2065 3534 2136; x_wconf 87' lang='lat' dir='ltr'><strong>ju-</strong></span> 
     </span>
    </p>
   </div>
   <div class='ocr_carea' id='block_1_50' title="bbox 1935 2146 3536 2230">
    <p class='ocr_par' dir='ltr' id='par_1_50' title="bbox 1935 2146 3536 2230">
     <span class='ocr_line' id='line_1_50' title="bbox 1935 2146 3536 2230; baseline 0.004 -27"><span class='ocrx_word' id='word_1_382' title='bbox 1935 2149 2132 2204; x_wconf 81' lang='lat' dir='ltr'><strong>dicium</strong></span> <span class='ocrx_word' id='word_1_383' title='bbox 2181 2149 2280 2204; x_wconf 87' lang='lat' dir='ltr'><strong>sibi</strong></span> <span class='ocrx_word' id='word_1_384' title='bbox 2322 2151 2605 2206; x_wconf 88' lang='lat' dir='ltr'><strong>manducat</strong></span> <span class='ocrx_word' id='word_1_385' title='bbox 2649 2161 2699 2206; x_wconf 86' lang='lat' dir='ltr'><strong>et</strong></span> <span class='ocrx_word' id='word_1_386' title='bbox 2743 2153 2888 2227; x_wconf 79' lang='lat' dir='ltr'><strong>bibit,</strong></span> <span class='ocrx_word' id='word_1_387' title='bbox 2933 2169 3034 2208; x_wconf 88' lang='lat' dir='ltr'><strong>non</strong></span> <span class='ocrx_word' id='word_1_388' title='bbox 3079 2146 3382 2230; x_wconf 72' lang='lat' dir='ltr'><strong>dijudicans</strong></span> <span class='ocrx_word' id='word_1_389' title='bbox 3425 2155 3536 2209; x_wconf 90' lang='lat' dir='ltr'><strong>Do-</strong></span> 
     </span>
    </p>
   </div>
   <div class='ocr_carea' id='block_1_51' title="bbox 1936 2241 3506 2315">
    <p class='ocr_par' dir='ltr' id='par_1_51' title="bbox 1936 2241 3506 2315">
     <span class='ocr_line' id='line_1_51' title="bbox 1936 2241 3506 2315; baseline 0.003 -19"><span class='ocrx_word' id='word_1_390' title='bbox 1936 2242 2070 2296; x_wconf 86' lang='lat' dir='ltr'><strong>mini</strong></span> <span class='ocrx_word' id='word_1_391' title='bbox 2116 2257 2305 2313; x_wconf 85' lang='lat' dir='ltr'><strong>corpus</strong></span> <span class='ocrx_word' id='word_1_392' title='bbox 2335 2241 2397 2315; x_wconf 84' lang='grc'><strong>(1</strong></span> <span class='ocrx_word' id='word_1_393' title='bbox 2426 2241 2550 2297; x_wconf 86' lang='lat' dir='ltr'><strong>Cor.</strong></span> <span class='ocrx_word' id='word_1_394' title='bbox 2593 2241 2706 2314; x_wconf 77' lang='lat' dir='ltr'><strong>xi).</strong></span> <span class='ocrx_word' id='word_1_395' title='bbox 2754 2244 2906 2300; x_wconf 89' lang='lat' dir='ltr'><strong>Tunc</strong></span> <span class='ocrx_word' id='word_1_396' title='bbox 2944 2247 3088 2301; x_wconf 87' lang='lat' dir='ltr'><strong>enim</strong></span> <span class='ocrx_word' id='word_1_397' title='bbox 3131 2255 3254 2302; x_wconf 78' lang='lat' dir='ltr'><strong>vere</strong></span> <span class='ocrx_word' id='word_1_398' title='bbox 3283 2255 3339 2302; x_wconf 90' lang='lat' dir='ltr'><strong>et</strong></span> <span class='ocrx_word' id='word_1_399' title='bbox 3391 2246 3506 2302; x_wconf 87' lang='lat' dir='ltr'><strong>salu</strong></span> 
     </span>
    </p>
   </div>
   <div class='ocr_carea' id='block_1_52' title="bbox 1936 2336 3541 2416">
    <p class='ocr_par' dir='ltr' id='par_1_52' title="bbox 1936 2336 3541 2416">
     <span class='ocr_line' id='line_1_52' title="bbox 1936 2336 3541 2416; baseline 0.004 -25"><span class='ocrx_word' id='word_1_400' title='bbox 1936 2336 2114 2392; x_wconf 86' lang='lat' dir='ltr'><strong>briter</strong></span> <span class='ocrx_word' id='word_1_401' title='bbox 2145 2351 2344 2406; x_wconf 89' lang='lat' dir='ltr'><strong>corpus</strong></span> <span class='ocrx_word' id='word_1_402' title='bbox 2387 2343 2441 2392; x_wconf 91' lang='lat' dir='ltr'><strong>et</strong></span> <span class='ocrx_word' id='word_1_403' title='bbox 2483 2339 2802 2410; x_wconf 88' lang='lat' dir='ltr'><strong>sanguinem</strong></span> <span class='ocrx_word' id='word_1_404' title='bbox 2855 2339 3058 2396; x_wconf 89' lang='lat' dir='ltr'><strong>Christi</strong></span> <span class='ocrx_word' id='word_1_405' title='bbox 3107 2343 3456 2416; x_wconf 85' lang='lat' dir='ltr'><strong>percipimus,</strong></span> <span class='ocrx_word' id='word_1_406' title='bbox 3493 2340 3541 2398; x_wconf 90' lang='lat' dir='ltr'><strong>si</strong></span> 
     </span>
    </p>
   </div>
   <div class='ocr_carea' id='block_1_53' title="bbox 1935 2419 3541 2497">
    <p class='ocr_par' dir='ltr' id='par_1_53' title="bbox 1935 2419 3541 2497">
     <span class='ocr_line' id='line_1_53' title="bbox 1935 2419 3541 2497; baseline 0.004 -14"><span class='ocrx_word' id='word_1_407' title='bbox 1935 2443 2045 2484; x_wconf 89' lang='lat' dir='ltr'><strong>non</strong></span> <span class='ocrx_word' id='word_1_408' title='bbox 2077 2439 2288 2484; x_wconf 85' lang='lat' dir='ltr'><strong>tantum</strong></span> <span class='ocrx_word' id='word_1_409' title='bbox 2341 2429 2612 2497; x_wconf 89' lang='lat' dir='ltr'><strong>volumus,</strong></span> <span class='ocrx_word' id='word_1_410' title='bbox 2649 2439 2708 2486; x_wconf 93' lang='lat' dir='ltr'><strong>ut</strong></span> <span class='ocrx_word' id='word_1_411' title='bbox 2740 2431 2793 2486; x_wconf 90' lang='lat' dir='ltr'><strong>in</strong></span> <span class='ocrx_word' id='word_1_412' title='bbox 2847 2419 3192 2488; x_wconf 83' lang='lat' dir='ltr'><strong>sacramento</strong></span> <span class='ocrx_word' id='word_1_413' title='bbox 3222 2449 3444 2490; x_wconf 90' lang='lat' dir='ltr'><strong>carnem</strong></span> <span class='ocrx_word' id='word_1_414' title='bbox 3485 2442 3541 2489; x_wconf 90' lang='lat' dir='ltr'><strong>et</strong></span> 
     </span>
    </p>
   </div>
   <div class='ocr_carea' id='block_1_54' title="bbox 1936 2521 3540 2600">
    <p class='ocr_par' dir='ltr' id='par_1_54' title="bbox 1936 2521 3540 2600">
     <span class='ocr_line' id='line_1_54' title="bbox 1936 2521 3540 2600; baseline 0.001 -22"><span class='ocrx_word' id='word_1_415' title='bbox 1936 2523 2256 2594; x_wconf 83' lang='lat' dir='ltr'><strong>sanguinem</strong></span> <span class='ocrx_word' id='word_1_416' title='bbox 2302 2521 2506 2578; x_wconf 87' lang='lat' dir='ltr'><strong>Christi</strong></span> <span class='ocrx_word' id='word_1_417' title='bbox 2538 2523 2786 2590; x_wconf 88' lang='lat' dir='ltr'><strong>edamus,</strong></span> <span class='ocrx_word' id='word_1_418' title='bbox 2820 2525 2914 2580; x_wconf 84' lang='lat' dir='ltr'><strong>sed</strong></span> <span class='ocrx_word' id='word_1_419' title='bbox 2965 2537 3138 2596; x_wconf 90' lang='lat' dir='ltr'><strong>usque</strong></span> <span class='ocrx_word' id='word_1_420' title='bbox 3182 2526 3252 2580; x_wconf 84' lang='lat' dir='ltr'><strong>ad</strong></span> <span class='ocrx_word' id='word_1_421' title='bbox 3301 2523 3540 2600; x_wconf 85' lang='lat' dir='ltr'><strong>Spiritus</strong></span> 
     </span>
    </p>
   </div>
   <div class='ocr_carea' id='block_1_55' title="bbox 1935 2611 3542 2688">
    <p class='ocr_par' dir='ltr' id='par_1_55' title="bbox 1935 2611 3542 2688">
     <span class='ocr_line' id='line_1_55' title="bbox 1935 2611 3542 2688; baseline 0.002 -18"><span class='ocrx_word' id='word_1_422' title='bbox 1935 2611 2410 2688; x_wconf 86' lang='lat' dir='ltr'><strong>participationem</strong></span> <span class='ocrx_word' id='word_1_423' title='bbox 2438 2617 2830 2674; x_wconf 82' lang='lat' dir='ltr'><strong>manducemus</strong></span> <span class='ocrx_word' id='word_1_424' title='bbox 2856 2625 2912 2673; x_wconf 90' lang='lat' dir='ltr'><strong>et</strong></span> <span class='ocrx_word' id='word_1_425' title='bbox 2937 2617 3206 2686; x_wconf 84' lang='lat' dir='ltr'><strong>bibamus,</strong></span> <span class='ocrx_word' id='word_1_426' title='bbox 3254 2627 3315 2675; x_wconf 91' lang='lat' dir='ltr'><strong>ut</strong></span> <span class='ocrx_word' id='word_1_427' title='bbox 3351 2618 3404 2673; x_wconf 92' lang='lat' dir='ltr'><strong>in</strong></span> <span class='ocrx_word' id='word_1_428' title='bbox 3434 2618 3542 2674; x_wconf 84' lang='lat' dir='ltr'><strong>Do-</strong></span> 
     </span>
    </p>
   </div>
   <div class='ocr_carea' id='block_1_56' title="bbox 1938 2707 3543 2784">
    <p class='ocr_par' dir='ltr' id='par_1_56' title="bbox 1938 2707 3543 2784">
     <span class='ocr_line' id='line_1_56' title="bbox 1938 2707 3543 2784; baseline 0.003 -23"><span class='ocrx_word' id='word_1_429' title='bbox 1938 2707 2071 2762; x_wconf 90' lang='lat' dir='ltr'><strong>mini</strong></span> <span class='ocrx_word' id='word_1_430' title='bbox 2110 2723 2340 2778; x_wconf 90' lang='lat' dir='ltr'><strong>corpore</strong></span> <span class='ocrx_word' id='word_1_431' title='bbox 2373 2716 2630 2784; x_wconf 86' lang='lat' dir='ltr'><strong>tanquam</strong></span> <span class='ocrx_word' id='word_1_432' title='bbox 2663 2709 2906 2764; x_wconf 89' lang='lat' dir='ltr'><strong>membra</strong></span> <span class='ocrx_word' id='word_1_433' title='bbox 2955 2719 3290 2776; x_wconf 83' lang='lat' dir='ltr'><strong>tuaneamus,</strong></span> <span class='ocrx_word' id='word_1_434' title='bbox 3322 2718 3383 2766; x_wconf 90' lang='lat' dir='ltr'><strong>ut</strong></span> <span class='ocrx_word' id='word_1_435' title='bbox 3423 2709 3543 2780; x_wconf 85' lang='lat' dir='ltr'><strong>ejus</strong></span> 
     </span>
    </p>
   </div>
   <div class='ocr_carea' id='block_1_57' title="bbox 1937 2797 3544 2874">
    <p class='ocr_par' dir='ltr' id='par_1_57' title="bbox 1937 2797 3544 2874">
     <span class='ocr_line' id='line_1_57' title="bbox 1937 2797 3544 2874; baseline 0.004 -22"><span class='ocrx_word' id='word_1_436' title='bbox 1937 2797 2146 2868; x_wconf 82' lang='lat' dir='ltr'><strong>Spiritu</strong></span> <span class='ocrx_word' id='word_1_437' title='bbox 2163 2809 2494 2872; x_wconf 79' lang='lat' dir='ltr'><strong>vegetamur.</strong></span> <span class='ocrx_word' id='word_1_438' title='bbox 2511 2799 2745 2856; x_wconf 90' lang='lat' dir='ltr'><strong>Sumunt</strong></span> <span class='ocrx_word' id='word_1_439' title='bbox 2765 2815 2896 2874; x_wconf 90' lang='lat' dir='ltr'><strong>ergo</strong></span> <span class='ocrx_word' id='word_1_440' title='bbox 2913 2801 3098 2863; x_wconf 83' lang='lat' dir='ltr'><strong>ﬁdeles</strong></span> <span class='ocrx_word' id='word_1_441' title='bbox 3119 2803 3256 2858; x_wconf 90' lang='lat' dir='ltr'><strong>bene</strong></span> <span class='ocrx_word' id='word_1_442' title='bbox 3271 2807 3326 2862; x_wconf 91' lang='lat' dir='ltr'><strong>et</strong></span> <span class='ocrx_word' id='word_1_443' title='bbox 3338 2801 3544 2858; x_wconf 88' lang='lat' dir='ltr'><strong>veraci-</strong></span> 
     </span>
    </p>
   </div>
   <div class='ocr_carea' id='block_1_58' title="bbox 1939 2893 3541 2974">
    <p class='ocr_par' dir='ltr' id='par_1_58' title="bbox 1939 2893 3541 2974">
     <span class='ocr_line' id='line_1_58' title="bbox 1939 2893 3541 2974; baseline 0.002 -27"><span class='ocrx_word' id='word_1_444' title='bbox 1939 2897 2026 2947; x_wconf 86' lang='lat' dir='ltr'><strong>ter</strong></span> <span class='ocrx_word' id='word_1_445' title='bbox 2039 2907 2238 2964; x_wconf 90' lang='lat' dir='ltr'><strong>corpus</strong></span> <span class='ocrx_word' id='word_1_446' title='bbox 2255 2893 2474 2958; x_wconf 88' lang='lat' dir='ltr'><strong>Christi,</strong></span> <span class='ocrx_word' id='word_1_447' title='bbox 2497 2894 2542 2949; x_wconf 90' lang='lat' dir='ltr'><strong>sl</strong></span> <span class='ocrx_word' id='word_1_448' title='bbox 2559 2908 2756 2964; x_wconf 91' lang='lat' dir='ltr'><strong>corpus</strong></span> <span class='ocrx_word' id='word_1_449' title='bbox 2769 2893 2967 2950; x_wconf 90' lang='lat' dir='ltr'><strong>Christi</strong></span> <span class='ocrx_word' id='word_1_450' title='bbox 2987 2912 3092 2953; x_wconf 89' lang='lat' dir='ltr'><strong>non</strong></span> <span class='ocrx_word' id='word_1_451' title='bbox 3109 2896 3386 2974; x_wconf 87' lang='lat' dir='ltr'><strong>negligant</strong></span> <span class='ocrx_word' id='word_1_452' title='bbox 3397 2910 3541 2962; x_wconf 90' lang='lat' dir='ltr'><strong>esse,</strong></span> 
     </span>
    </p>
   </div>
   <div class='ocr_carea' id='block_1_59' title="bbox 1941 2983 3540 3062">
    <p class='ocr_par' dir='ltr' id='par_1_59' title="bbox 1941 2983 3540 3062">
     <span class='ocr_line' id='line_1_59' title="bbox 1941 2983 3540 3062; baseline 0.002 -23"><span class='ocrx_word' id='word_1_453' title='bbox 1941 2983 2073 3040; x_wconf 88' lang='lat' dir='ltr'><strong>ﬁant</strong></span> <span class='ocrx_word' id='word_1_454' title='bbox 2088 3001 2282 3056; x_wconf 88' lang='lat' dir='ltr'><strong>corpus</strong></span> <span class='ocrx_word' id='word_1_455' title='bbox 2299 2985 2525 3054; x_wconf 90' lang='lat' dir='ltr'><strong>Christi,</strong></span> <span class='ocrx_word' id='word_1_456' title='bbox 2542 2987 2584 3042; x_wconf 87' lang='lat' dir='ltr'><strong>si</strong></span> <span class='ocrx_word' id='word_1_457' title='bbox 2603 2989 2786 3043; x_wconf 86' lang='lat' dir='ltr'><strong>volunt</strong></span> <span class='ocrx_word' id='word_1_458' title='bbox 2802 2989 2985 3044; x_wconf 83' lang='lat' dir='ltr'><strong>vivere</strong></span> <span class='ocrx_word' id='word_1_459' title='bbox 3002 2990 3068 3044; x_wconf 90' lang='lat' dir='ltr'><strong>de</strong></span> <span class='ocrx_word' id='word_1_460' title='bbox 3093 2987 3298 3062; x_wconf 87' lang='lat' dir='ltr'><strong>Spiritu</strong></span> <span class='ocrx_word' id='word_1_461' title='bbox 3315 2989 3540 3044; x_wconf 86' lang='lat' dir='ltr'><strong>Christi.</strong></span> 
     </span>
    </p>
   </div>
   <div class='ocr_carea' id='block_1_60' title="bbox 1941 3070 3544 3150">
    <p class='ocr_par' dir='ltr' id='par_1_60' title="bbox 1941 3070 3544 3150">
     <span class='ocr_line' id='line_1_60' title="bbox 1941 3070 3544 3150; baseline 0.004 -20"><span class='ocrx_word' id='word_1_462' title='bbox 1941 3075 2016 3130; x_wconf 89' lang='lat' dir='ltr'><strong>De</strong></span> <span class='ocrx_word' id='word_1_463' title='bbox 2043 3070 2249 3147; x_wconf 83' lang='lat' dir='ltr'><strong>Spiritu</strong></span> <span class='ocrx_word' id='word_1_464' title='bbox 2277 3075 2480 3133; x_wconf 87' lang='lat' dir='ltr'><strong>Christi</strong></span> <span class='ocrx_word' id='word_1_465' title='bbox 2506 3091 2616 3134; x_wconf 89' lang='lat' dir='ltr'><strong>non</strong></span> <span class='ocrx_word' id='word_1_466' title='bbox 2646 3079 2781 3134; x_wconf 82' lang='lat' dir='ltr'><strong>vivit</strong></span> <span class='ocrx_word' id='word_1_467' title='bbox 2802 3080 2906 3135; x_wconf 87' lang='lat' dir='ltr'><strong>nisi</strong></span> <span class='ocrx_word' id='word_1_468' title='bbox 2937 3095 3136 3150; x_wconf 90' lang='lat' dir='ltr'><strong>corpus</strong></span> <span class='ocrx_word' id='word_1_469' title='bbox 3162 3077 3386 3140; x_wconf 82' lang='lat' dir='ltr'><strong>Christi.</strong></span> <span class='ocrx_word' id='word_1_470' title='bbox 3414 3075 3544 3136; x_wconf 86' lang='lat' dir='ltr'><strong>inde</strong></span> 
     </span>
    </p>
   </div>
   <div class='ocr_carea' id='block_1_61' title="bbox 1940 3167 3542 3244">
    <p class='ocr_par' dir='ltr' id='par_1_61' title="bbox 1940 3167 3542 3244">
     <span class='ocr_line' id='line_1_61' title="bbox 1940 3167 3542 3244; baseline 0.003 -23"><span class='ocrx_word' id='word_1_471' title='bbox 1940 3174 2022 3223; x_wconf 81' lang='lat' dir='ltr'><strong>est</strong></span> <span class='ocrx_word' id='word_1_472' title='bbox 2069 3167 2216 3238; x_wconf 90' lang='lat' dir='ltr'><strong>quod</strong></span> <span class='ocrx_word' id='word_1_473' title='bbox 2269 3183 2547 3240; x_wconf 85' lang='lat' dir='ltr'><strong>exponens</strong></span> <span class='ocrx_word' id='word_1_474' title='bbox 2605 3171 2760 3227; x_wconf 87' lang='lat' dir='ltr'><strong>nobis</strong></span> <span class='ocrx_word' id='word_1_475' title='bbox 2813 3171 3107 3244; x_wconf 82' lang='lat' dir='ltr'><strong>Apostolus</strong></span> <span class='ocrx_word' id='word_1_476' title='bbox 3161 3173 3305 3229; x_wconf 88' lang='lat' dir='ltr'><strong>hunc</strong></span> <span class='ocrx_word' id='word_1_477' title='bbox 3347 3185 3542 3241; x_wconf 88' lang='lat' dir='ltr'><strong>panem</strong></span> 
     </span>
    </p>
   </div>
   <div class='ocr_carea' id='block_1_62' title="bbox 1940 3260 3541 3336">
    <p class='ocr_par' dir='ltr' id='par_1_62' title="bbox 1940 3260 3541 3336">
     <span class='ocr_line' id='line_1_62' title="bbox 1940 3260 3541 3336; baseline 0.001 -22"><span class='ocrx_word' id='word_1_478' title='bbox 1940 3275 2130 3328; x_wconf 90' lang='lat' dir='ltr'><strong>unum,</strong></span> <span class='ocrx_word' id='word_1_479' title='bbox 2163 3277 2328 3316; x_wconf 91' lang='lat' dir='ltr'><strong>unum</strong></span> <span class='ocrx_word' id='word_1_480' title='bbox 2367 3276 2564 3332; x_wconf 88' lang='lat' dir='ltr'><strong>corpus</strong></span> <span class='ocrx_word' id='word_1_481' title='bbox 2593 3260 2794 3318; x_wconf 87' lang='lat' dir='ltr'><strong>Christi</strong></span> <span class='ocrx_word' id='word_1_482' title='bbox 2827 3263 3138 3336; x_wconf 88' lang='lat' dir='ltr'><strong>signiﬁcare</strong></span> <span class='ocrx_word' id='word_1_483' title='bbox 3181 3261 3411 3336; x_wconf 77' lang='lat' dir='ltr'><strong>intelligi</strong></span> <span class='ocrx_word' id='word_1_484' title='bbox 3443 3276 3541 3317; x_wconf 88' lang='lat' dir='ltr'><strong>vo-</strong></span> 
     </span>
    </p>
   </div>
   <div class='ocr_carea' id='block_1_63' title="bbox 236 3341 3542 3430">
    <p class='ocr_par' dir='ltr' id='par_1_63' title="bbox 236 3341 3542 3430">
     <span class='ocr_line' id='line_1_63' title="bbox 236 3341 3542 3430; baseline -0.002 -16"><span class='ocrx_word' id='word_1_485' title='bbox 236 3371 368 3414; x_wconf 68' lang='lat' dir='ltr'><strong>eSSc</strong></span> <span class='ocrx_word' id='word_1_486' title='bbox 399 3355 660 3414; x_wconf 77' lang='lat' dir='ltr'><strong>laturum.</strong></span> <span class='ocrx_word' id='word_1_487' title='bbox 716 3355 1108 3413; x_wconf 80' lang='lat' dir='ltr'><strong>Melchisedech</strong></span> <span class='ocrx_word' id='word_1_488' title='bbox 1163 3373 1295 3430; x_wconf 89' lang='lat' dir='ltr'><strong>ergo</strong></span> <span class='ocrx_word' id='word_1_489' title='bbox 1349 3357 1576 3414; x_wconf 86' lang='lat' dir='ltr'><strong>Genesis</strong></span> <span class='ocrx_word' id='word_1_490' title='bbox 1625 3367 1832 3423; x_wconf 85' lang='lat' dir='ltr'><strong>narrat,</strong></span> <span class='ocrx_word' id='word_1_491' title='bbox 1863 3341 1908 3408; x_wconf 83' lang='lat' dir='ltr'><strong>C</strong></span> <span class='ocrx_word' id='word_1_492' title='bbox 1941 3350 2062 3410; x_wconf 90' lang='lat' dir='ltr'><strong>luit.</strong></span> <span class='ocrx_word' id='word_1_493' title='bbox 2091 3353 2344 3420; x_wconf 79' lang='lat' dir='ltr'><strong>Calicem,</strong></span> <span class='ocrx_word' id='word_1_494' title='bbox 2375 3355 2574 3424; x_wconf 89' lang='lat' dir='ltr'><strong>inquit,</strong></span> <span class='ocrx_word' id='word_1_495' title='bbox 2625 3355 2999 3410; x_wconf 82' lang='lat' dir='ltr'><strong>benedictionis</strong></span> <span class='ocrx_word' id='word_1_496' title='bbox 3049 3353 3137 3408; x_wconf 88' lang='lat' dir='ltr'><strong>cui</strong></span> <span class='ocrx_word' id='word_1_497' title='bbox 3167 3353 3542 3424; x_wconf 83' lang='lat' dir='ltr'><strong>benedicimus,</strong></span> 
     </span>
    </p>
   </div>
   <div class='ocr_carea' id='block_1_64' title="bbox 236 3449 1840 3522">
    <p class='ocr_par' dir='ltr' id='par_1_64' title="bbox 236 3449 1840 3522">
     <span class='ocr_line' id='line_1_64' title="bbox 236 3449 1840 3522; baseline 0.001 -18"><span class='ocrx_word' id='word_1_498' title='bbox 236 3461 442 3522; x_wconf 83' lang='lat' dir='ltr'><strong>panem</strong></span> <span class='ocrx_word' id='word_1_499' title='bbox 487 3458 544 3506; x_wconf 88' lang='lat' dir='ltr'><strong>et</strong></span> <span class='ocrx_word' id='word_1_500' title='bbox 592 3449 778 3504; x_wconf 82' lang='lat' dir='ltr'><strong>vinum</strong></span> <span class='ocrx_word' id='word_1_501' title='bbox 831 3449 1094 3506; x_wconf 84' lang='lat' dir='ltr'><strong>obtulisse</strong></span> <span class='ocrx_word' id='word_1_502' title='bbox 1137 3449 1292 3522; x_wconf 83' lang='lat' dir='ltr'><strong>(Gen.</strong></span> <span class='ocrx_word' id='word_1_503' title='bbox 1356 3449 1487 3522; x_wconf 81' lang='lat' dir='ltr'><strong>xrv).</strong></span> <span class='ocrx_word' id='word_1_504' title='bbox 1541 3449 1840 3520; x_wconf 85' lang='lat' dir='ltr'><strong>Oportebat</strong></span> 
     </span>
    </p>
   </div>
   <div class='ocr_carea' id='block_1_65' title="bbox 237 3541 1840 3615">
    <p class='ocr_par' dir='ltr' id='par_1_65' title="bbox 237 3541 1840 3615">
     <span class='ocr_line' id='line_1_65' title="bbox 237 3541 1840 3615; baseline -0.001 -17"><span class='ocrx_word' id='word_1_505' title='bbox 237 3544 388 3599; x_wconf 83' lang='lat' dir='ltr'><strong>enim</strong></span> <span class='ocrx_word' id='word_1_506' title='bbox 422 3553 484 3600; x_wconf 90' lang='lat' dir='ltr'><strong>ut</strong></span> <span class='ocrx_word' id='word_1_507' title='bbox 513 3544 603 3615; x_wconf 90' lang='lat' dir='ltr'><strong>qui</strong></span> <span class='ocrx_word' id='word_1_508' title='bbox 628 3543 926 3598; x_wconf 88' lang='lat' dir='ltr'><strong>secundum</strong></span> <span class='ocrx_word' id='word_1_509' title='bbox 949 3541 1198 3598; x_wconf 87' lang='lat' dir='ltr'><strong>ordinem</strong></span> <span class='ocrx_word' id='word_1_510' title='bbox 1223 3541 1616 3597; x_wconf 80' lang='lat' dir='ltr'><strong>Melchisedech</strong></span> <span class='ocrx_word' id='word_1_511' title='bbox 1659 3548 1840 3597; x_wconf 76' lang='lat' dir='ltr'><strong>sacer-</strong></span> 
     </span>
    </p>
   </div>
   <div class='ocr_carea' id='block_1_66' title="bbox 238 3629 1841 3704">
    <p class='ocr_par' dir='ltr' id='par_1_66' title="bbox 238 3629 1841 3704">
     <span class='ocr_line' id='line_1_66' title="bbox 238 3629 1841 3704; baseline -0.002 -13"><span class='ocrx_word' id='word_1_512' title='bbox 238 3631 344 3691; x_wconf 83' lang='lat' dir='ltr'><strong>dos</strong></span> <span class='ocrx_word' id='word_1_513' title='bbox 369 3633 548 3692; x_wconf 76' lang='lat' dir='ltr'><strong>iactus</strong></span> <span class='ocrx_word' id='word_1_514' title='bbox 585 3635 764 3690; x_wconf 78' lang='lat' dir='ltr'><strong>fuerat</strong></span> <span class='ocrx_word' id='word_1_515' title='bbox 789 3633 1120 3689; x_wconf 85' lang='lat' dir='ltr'><strong>oblationem</strong></span> <span class='ocrx_word' id='word_1_516' title='bbox 1159 3633 1400 3704; x_wconf 83' lang='lat' dir='ltr'><strong>ejusdem</strong></span> <span class='ocrx_word' id='word_1_517' title='bbox 1429 3629 1701 3704; x_wconf 82' lang='lat' dir='ltr'><strong>pontiﬁcis</strong></span> <span class='ocrx_word' id='word_1_518' title='bbox 1726 3634 1841 3704; x_wconf 88' lang='lat' dir='ltr'><strong>Ipse</strong></span> 
     </span>
    </p>
   </div>
   <div class='ocr_carea' id='block_1_67' title="bbox 236 3721 1842 3799">
    <p class='ocr_par' dir='ltr' id='par_1_67' title="bbox 236 3721 1842 3799">
     <span class='ocr_line' id='line_1_67' title="bbox 236 3721 1842 3799; baseline -0.001 -17"><span class='ocrx_word' id='word_1_519' title='bbox 236 3723 494 3799; x_wconf 80' lang='lat' dir='ltr'><strong>pontifex</strong></span> <span class='ocrx_word' id='word_1_520' title='bbox 544 3721 721 3780; x_wconf 77' lang='lat' dir='ltr'><strong>iactus</strong></span> <span class='ocrx_word' id='word_1_521' title='bbox 749 3724 1081 3791; x_wconf 87' lang='lat' dir='ltr'><strong>imitaretur,</strong></span> <span class='ocrx_word' id='word_1_522' title='bbox 1117 3731 1177 3780; x_wconf 90' lang='lat' dir='ltr'><strong>ut</strong></span> <span class='ocrx_word' id='word_1_523' title='bbox 1217 3724 1499 3796; x_wconf 84' lang='lat' dir='ltr'><strong>Scriptura</strong></span> <span class='ocrx_word' id='word_1_524' title='bbox 1523 3725 1588 3780; x_wconf 92' lang='lat' dir='ltr'><strong>de</strong></span> <span class='ocrx_word' id='word_1_525' title='bbox 1616 3739 1682 3780; x_wconf 86' lang='lat' dir='ltr'><strong>eo</strong></span> <span class='ocrx_word' id='word_1_526' title='bbox 1716 3740 1842 3796; x_wconf 88' lang='lat' dir='ltr'><strong>pro-</strong></span> 
     </span>
    </p>
   </div>
   <div class='ocr_carea' id='block_1_68' title="bbox 239 3812 1840 3889">
    <p class='ocr_par' dir='ltr' id='par_1_68' title="bbox 239 3812 1840 3889">
     <span class='ocr_line' id='line_1_68' title="bbox 239 3812 1840 3889; baseline -0.001 -14"><span class='ocrx_word' id='word_1_527' title='bbox 239 3815 506 3875; x_wconf 77' lang='lat' dir='ltr'><strong>nuntians</strong></span> <span class='ocrx_word' id='word_1_528' title='bbox 532 3812 771 3872; x_wconf 87' lang='lat' dir='ltr'><strong>veridica</strong></span> <span class='ocrx_word' id='word_1_529' title='bbox 801 3832 922 3872; x_wconf 82' lang='lat' dir='ltr'><strong>esse</strong></span> <span class='ocrx_word' id='word_1_530' title='bbox 975 3816 1316 3888; x_wconf 84' lang='lat' dir='ltr'><strong>probaretur,</strong></span> <span class='ocrx_word' id='word_1_531' title='bbox 1348 3817 1474 3889; x_wconf 81' lang='lat' dir='ltr'><strong>quia</strong></span> <span class='ocrx_word' id='word_1_532' title='bbox 1523 3815 1683 3874; x_wconf 73' lang='lat' dir='ltr'><strong>Iesus</strong></span> <span class='ocrx_word' id='word_1_533' title='bbox 1731 3836 1840 3874; x_wconf 90' lang='lat' dir='ltr'><strong>non</strong></span> 
     </span>
    </p>
   </div>
   <div class='ocr_carea' id='block_1_69' title="bbox 236 3907 1846 3984">
    <p class='ocr_par' dir='ltr' id='par_1_69' title="bbox 236 3907 1846 3984">
     <span class='ocr_line' id='line_1_69' title="bbox 236 3907 1846 3984; baseline 0.001 -18"><span class='ocrx_word' id='word_1_534' title='bbox 236 3909 394 3966; x_wconf 80' lang='lat' dir='ltr'><strong>venit</strong></span> <span class='ocrx_word' id='word_1_535' title='bbox 439 3909 652 3966; x_wconf 87' lang='lat' dir='ltr'><strong>solvere</strong></span> <span class='ocrx_word' id='word_1_536' title='bbox 695 3909 901 3980; x_wconf 81' lang='lat' dir='ltr'><strong>legem,</strong></span> <span class='ocrx_word' id='word_1_537' title='bbox 932 3907 1024 3964; x_wconf 86' lang='lat' dir='ltr'><strong>sed</strong></span> <span class='ocrx_word' id='word_1_538' title='bbox 1055 3909 1369 3980; x_wconf 85' lang='lat' dir='ltr'><strong>adimplere,</strong></span> <span class='ocrx_word' id='word_1_539' title='bbox 1419 3911 1563 3966; x_wconf 89' lang='lat' dir='ltr'><strong>sicut</strong></span> <span class='ocrx_word' id='word_1_540' title='bbox 1591 3911 1704 3984; x_wconf 89' lang='lat' dir='ltr'><strong>ipsa</strong></span> <span class='ocrx_word' id='word_1_541' title='bbox 1743 3911 1846 3970; x_wconf 77' lang='lat' dir='ltr'><strong>Ve-</strong></span> 
     </span>
    </p>
   </div>
   <div class='ocr_carea' id='block_1_70' title="bbox 238 4000 1844 4076">
    <p class='ocr_par' dir='ltr' id='par_1_70' title="bbox 238 4000 1844 4076">
     <span class='ocr_line' id='line_1_70' title="bbox 238 4000 1844 4076; baseline -0.001 -18"><span class='ocrx_word' id='word_1_542' title='bbox 238 4001 378 4058; x_wconf 87' lang='lat' dir='ltr'><strong>ritas</strong></span> <span class='ocrx_word' id='word_1_543' title='bbox 426 4008 694 4057; x_wconf 85' lang='lat' dir='ltr'><strong>testatur:</strong></span> <span class='ocrx_word' id='word_1_544' title='bbox 730 4000 1006 4066; x_wconf 82' lang='lat' dir='ltr'><strong>Quonwdo</strong></span> <span class='ocrx_word' id='word_1_545' title='bbox 1052 4015 1255 4056; x_wconf 76' lang='lat' dir='ltr'><strong>necesse</strong></span> <span class='ocrx_word' id='word_1_546' title='bbox 1285 4011 1380 4067; x_wconf 87' lang='lat' dir='ltr'><strong>est,</strong></span> <span class='ocrx_word' id='word_1_547' title='bbox 1411 4001 1605 4072; x_wconf 87' lang='lat' dir='ltr'><strong>inquit,</strong></span> <span class='ocrx_word' id='word_1_548' title='bbox 1637 4001 1844 4076; x_wconf 78' lang='lat' dir='ltr'><strong>impleri</strong></span> 
     </span>
    </p>
   </div>
   <div class='ocr_carea' id='block_1_71' title="bbox 241 4091 1844 4174">
    <p class='ocr_par' dir='ltr' id='par_1_71' title="bbox 241 4091 1844 4174">
     <span class='ocr_line' id='line_1_71' title="bbox 241 4091 1844 4174; baseline -0.004 -22"><span class='ocrx_word' id='word_1_549' title='bbox 241 4095 424 4152; x_wconf 83' lang='lat' dir='ltr'><strong>omnia</strong></span> <span class='ocrx_word' id='word_1_550' title='bbox 451 4111 568 4174; x_wconf 57' lang='lat' dir='ltr'><strong>«(ure</strong></span> <span class='ocrx_word' id='word_1_551' title='bbox 597 4095 792 4166; x_wconf 86' lang='lat' dir='ltr'><strong>scripta</strong></span> <span class='ocrx_word' id='word_1_552' title='bbox 821 4103 944 4148; x_wconf 89' lang='lat' dir='ltr'><strong>sunt</strong></span> <span class='ocrx_word' id='word_1_553' title='bbox 974 4093 1029 4148; x_wconf 86' lang='lat' dir='ltr'><strong>in</strong></span> <span class='ocrx_word' id='word_1_554' title='bbox 1059 4091 1169 4164; x_wconf 83' lang='lat' dir='ltr'><strong>lege</strong></span> <span class='ocrx_word' id='word_1_555' title='bbox 1188 4135 1203 4160; x_wconf 92' lang='lat'><strong>,</strong></span> <span class='ocrx_word' id='word_1_556' title='bbox 1229 4101 1278 4148; x_wconf 90' lang='lat' dir='ltr'><strong>et</strong></span> <span class='ocrx_word' id='word_1_557' title='bbox 1315 4093 1600 4165; x_wconf 83' lang='lat' dir='ltr'><strong>prophetis,</strong></span> <span class='ocrx_word' id='word_1_558' title='bbox 1624 4103 1670 4148; x_wconf 83' lang='lat' dir='ltr'><strong>et</strong></span> <span class='ocrx_word' id='word_1_559' title='bbox 1701 4092 1844 4165; x_wconf 84' lang='lat' dir='ltr'><strong>psal-</strong></span> 
     </span>
    </p>
   </div>
   <div class='ocr_carea' id='block_1_72' title="bbox 241 4181 1845 4257">
    <p class='ocr_par' dir='ltr' id='par_1_72' title="bbox 241 4181 1845 4257">
     <span class='ocr_line' id='line_1_72' title="bbox 241 4181 1845 4257; baseline -0.002 -16"><span class='ocrx_word' id='word_1_560' title='bbox 241 4187 366 4251; x_wconf 82' lang='lat' dir='ltr'><strong>mis,</strong></span> <span class='ocrx_word' id='word_1_561' title='bbox 404 4185 468 4239; x_wconf 86' lang='lat' dir='ltr'><strong>de</strong></span> <span class='ocrx_word' id='word_1_562' title='bbox 493 4186 614 4240; x_wconf 80' lang='lat' dir='ltr'><strong>me?</strong></span> <span class='ocrx_word' id='word_1_563' title='bbox 646 4183 943 4257; x_wconf 88' lang='lat' dir='ltr'><strong>Propterea</strong></span> <span class='ocrx_word' id='word_1_564' title='bbox 975 4185 1172 4255; x_wconf 90' lang='lat' dir='ltr'><strong>quippe</strong></span> <span class='ocrx_word' id='word_1_565' title='bbox 1199 4181 1464 4239; x_wconf 87' lang='lat' dir='ltr'><strong>Dominus</strong></span> <span class='ocrx_word' id='word_1_566' title='bbox 1512 4194 1701 4239; x_wconf 78' lang='lat' dir='ltr'><strong>uoster</strong></span> <span class='ocrx_word' id='word_1_567' title='bbox 1725 4199 1845 4240; x_wconf 82' lang='lat' dir='ltr'><strong>cor-</strong></span> 
     </span>
    </p>
   </div>
   <div class='ocr_carea' id='block_1_73' title="bbox 239 4273 1848 4351">
    <p class='ocr_par' dir='ltr' id='par_1_73' title="bbox 239 4273 1848 4351">
     <span class='ocr_line' id='line_1_73' title="bbox 239 4273 1848 4351; baseline -0.001 -18"><span class='ocrx_word' id='word_1_568' title='bbox 239 4289 348 4351; x_wconf 90' lang='lat' dir='ltr'><strong>pus</strong></span> <span class='ocrx_word' id='word_1_569' title='bbox 392 4283 448 4334; x_wconf 91' lang='lat' dir='ltr'><strong>et</strong></span> <span class='ocrx_word' id='word_1_570' title='bbox 475 4273 792 4350; x_wconf 88' lang='lat' dir='ltr'><strong>sanguinem</strong></span> <span class='ocrx_word' id='word_1_571' title='bbox 824 4293 982 4333; x_wconf 90' lang='lat' dir='ltr'><strong>suum</strong></span> <span class='ocrx_word' id='word_1_572' title='bbox 1014 4277 1070 4330; x_wconf 91' lang='lat' dir='ltr'><strong>in</strong></span> <span class='ocrx_word' id='word_1_573' title='bbox 1118 4277 1197 4332; x_wconf 85' lang='lat' dir='ltr'><strong>eis</strong></span> <span class='ocrx_word' id='word_1_574' title='bbox 1243 4277 1408 4332; x_wconf 87' lang='lat' dir='ltr'><strong>rebus</strong></span> <span class='ocrx_word' id='word_1_575' title='bbox 1449 4277 1848 4332; x_wconf 87' lang='lat' dir='ltr'><strong>commendavit</strong></span> 
     </span>
    </p>
   </div>
   <div class='ocr_carea' id='block_1_74' title="bbox 243 4367 1847 4444">
    <p class='ocr_par' dir='ltr' id='par_1_74' title="bbox 243 4367 1847 4444">
     <span class='ocr_line' id='line_1_74' title="bbox 243 4367 1847 4444; baseline -0.001 -17"><span class='ocrx_word' id='word_1_576' title='bbox 243 4387 368 4444; x_wconf 68' lang='lat' dir='ltr'><strong>quae</strong></span> <span class='ocrx_word' id='word_1_577' title='bbox 402 4370 469 4426; x_wconf 90' lang='lat' dir='ltr'><strong>ad</strong></span> <span class='ocrx_word' id='word_1_578' title='bbox 519 4387 689 4426; x_wconf 91' lang='lat' dir='ltr'><strong>unum</strong></span> <span class='ocrx_word' id='word_1_579' title='bbox 732 4369 934 4442; x_wconf 82' lang='lat' dir='ltr'><strong>aliquid</strong></span> <span class='ocrx_word' id='word_1_580' title='bbox 978 4367 1316 4441; x_wconf 87' lang='lat' dir='ltr'><strong>rediguntur,</strong></span> <span class='ocrx_word' id='word_1_581' title='bbox 1369 4385 1435 4424; x_wconf 82' lang='lat' dir='ltr'><strong>ex</strong></span> <span class='ocrx_word' id='word_1_582' title='bbox 1491 4369 1676 4424; x_wconf 87' lang='lat' dir='ltr'><strong>multis</strong></span> <span class='ocrx_word' id='word_1_583' title='bbox 1731 4369 1847 4425; x_wconf 83' lang='lat' dir='ltr'><strong>sive</strong></span> 
     </span>
    </p>
   </div>
   <div class='ocr_carea' id='block_1_75' title="bbox 243 4461 1846 4541">
    <p class='ocr_par' dir='ltr' id='par_1_75' title="bbox 243 4461 1846 4541">
     <span class='ocr_line' id='line_1_75' title="bbox 243 4461 1846 4541; baseline -0.003 -20"><span class='ocrx_word' id='word_1_584' title='bbox 243 4467 435 4541; x_wconf 79' lang='lat' dir='ltr'><strong>granis</strong></span> <span class='ocrx_word' id='word_1_585' title='bbox 463 4465 575 4520; x_wconf 85' lang='lat' dir='ltr'><strong>sive</strong></span> <span class='ocrx_word' id='word_1_586' title='bbox 601 4465 830 4538; x_wconf 83' lang='lat' dir='ltr'><strong>azymis,</strong></span> <span class='ocrx_word' id='word_1_587' title='bbox 857 4472 916 4518; x_wconf 89' lang='lat' dir='ltr'><strong>ut</strong></span> <span class='ocrx_word' id='word_1_588' title='bbox 941 4471 1252 4518; x_wconf 86' lang='lat' dir='ltr'><strong>sanctorum</strong></span> <span class='ocrx_word' id='word_1_589' title='bbox 1283 4461 1564 4517; x_wconf 87' lang='lat' dir='ltr'><strong>charitatis</strong></span> <span class='ocrx_word' id='word_1_590' title='bbox 1586 4461 1846 4516; x_wconf 73' lang='lat' dir='ltr'><strong>raritatem</strong></span> 
     </span>
    </p>
   </div>
   <div class='ocr_carea' id='block_1_76' title="bbox 244 4555 1848 4632">
    <p class='ocr_par' dir='ltr' id='par_1_76' title="bbox 244 4555 1848 4632">
     <span class='ocr_line' id='line_1_76' title="bbox 244 4555 1848 4632; baseline -0.006 -15"><span class='ocrx_word' id='word_1_591' title='bbox 244 4557 610 4632; x_wconf 81' lang='lat' dir='ltr'><strong>signiﬁcaret,</strong></span> <span class='ocrx_word' id='word_1_592' title='bbox 633 4565 690 4614; x_wconf 90' lang='lat' dir='ltr'><strong>et</strong></span> <span class='ocrx_word' id='word_1_593' title='bbox 727 4555 952 4628; x_wconf 89' lang='lat' dir='ltr'><strong>intelligi</strong></span> <span class='ocrx_word' id='word_1_594' title='bbox 982 4555 1137 4611; x_wconf 85' lang='lat' dir='ltr'><strong>daret</strong></span> <span class='ocrx_word' id='word_1_595' title='bbox 1173 4555 1418 4626; x_wconf 86' lang='lat' dir='ltr'><strong>corporis</strong></span> <span class='ocrx_word' id='word_1_596' title='bbox 1454 4555 1848 4610; x_wconf 45' lang='lat' dir='ltr'><strong>membrorum-</strong></span> 
     </span>
    </p>
   </div>
   <div class='ocr_carea' id='block_1_77' title="bbox 243 4647 1845 4727">
    <p class='ocr_par' dir='ltr' id='par_1_77' title="bbox 243 4647 1845 4727">
     <span class='ocr_line' id='line_1_77' title="bbox 243 4647 1845 4727; baseline -0.004 -20"><span class='ocrx_word' id='word_1_597' title='bbox 243 4668 355 4727; x_wconf 86' lang='lat' dir='ltr'><strong>que</strong></span> <span class='ocrx_word' id='word_1_598' title='bbox 382 4667 602 4708; x_wconf 84' lang='lat' dir='ltr'><strong>suorum</strong></span> <span class='ocrx_word' id='word_1_599' title='bbox 642 4650 930 4716; x_wconf 89' lang='lat' dir='ltr'><strong>unitatem,</strong></span> <span class='ocrx_word' id='word_1_600' title='bbox 963 4651 1108 4721; x_wconf 90' lang='lat' dir='ltr'><strong>quod</strong></span> <span class='ocrx_word' id='word_1_601' title='bbox 1145 4658 1230 4705; x_wconf 88' lang='lat' dir='ltr'><strong>est</strong></span> <span class='ocrx_word' id='word_1_602' title='bbox 1272 4657 1459 4704; x_wconf 78' lang='lat' dir='ltr'><strong>sancta</strong></span> <span class='ocrx_word' id='word_1_603' title='bbox 1499 4647 1740 4703; x_wconf 84' lang='lat' dir='ltr'><strong>Ecclesia</strong></span> <span class='ocrx_word' id='word_1_604' title='bbox 1792 4647 1845 4702; x_wconf 85' lang='lat' dir='ltr'><strong>in</strong></span> 
     </span>
    </p>
   </div>
   <div class='ocr_carea' id='block_1_78' title="bbox 242 4741 1844 4821">
    <p class='ocr_par' dir='ltr' id='par_1_78' title="bbox 242 4741 1844 4821">
     <span class='ocr_line' id='line_1_78' title="bbox 242 4741 1844 4821; baseline -0.002 -18"><span class='ocrx_word' id='word_1_605' title='bbox 242 4747 654 4821; x_wconf 75' lang='lat' dir='ltr'><strong>praedestinatis</strong></span> <span class='ocrx_word' id='word_1_606' title='bbox 681 4755 736 4802; x_wconf 89' lang='lat' dir='ltr'><strong>et</strong></span> <span class='ocrx_word' id='word_1_607' title='bbox 761 4745 971 4801; x_wconf 84' lang='lat' dir='ltr'><strong>vocatis</strong></span> <span class='ocrx_word' id='word_1_608' title='bbox 987 4743 1302 4813; x_wconf 80' lang='lat' dir='ltr'><strong>justiﬁcatls</strong></span> <span class='ocrx_word' id='word_1_609' title='bbox 1329 4751 1490 4814; x_wconf 89' lang='lat' dir='ltr'><strong>atque</strong></span> <span class='ocrx_word' id='word_1_610' title='bbox 1511 4741 1844 4816; x_wconf 86' lang='lat' dir='ltr'><strong>gloriﬁcatis,</strong></span> 
     </span>
    </p>
   </div>
   <div class='ocr_carea' id='block_1_79' title="bbox 245 4834 1846 4912">
    <p class='ocr_par' dir='ltr' id='par_1_79' title="bbox 245 4834 1846 4912">
     <span class='ocr_line' id='line_1_79' title="bbox 245 4834 1846 4912; baseline -0.006 -12"><span class='ocrx_word' id='word_1_611' title='bbox 245 4843 458 4900; x_wconf 85' lang='lat' dir='ltr'><strong>sanctis</strong></span> <span class='ocrx_word' id='word_1_612' title='bbox 508 4852 562 4900; x_wconf 88' lang='lat' dir='ltr'><strong>et</strong></span> <span class='ocrx_word' id='word_1_613' title='bbox 608 4841 856 4899; x_wconf 85' lang='lat' dir='ltr'><strong>ﬁdelibus</strong></span> <span class='ocrx_word' id='word_1_614' title='bbox 911 4839 1028 4912; x_wconf 82' lang='lat' dir='ltr'><strong>ejus</strong></span> <span class='ocrx_word' id='word_1_615' title='bbox 1071 4858 1086 4896; x_wconf 90' lang='lat'><strong>:</strong></span> <span class='ocrx_word' id='word_1_616' title='bbox 1144 4855 1376 4912; x_wconf 89' lang='lat' dir='ltr'><strong>quorum</strong></span> <span class='ocrx_word' id='word_1_617' title='bbox 1445 4837 1682 4910; x_wconf 90' lang='lat' dir='ltr'><strong>primum</strong></span> <span class='ocrx_word' id='word_1_618' title='bbox 1732 4834 1846 4905; x_wconf 89' lang='lat' dir='ltr'><strong>jam</strong></span> 
     </span>
    </p>
   </div>
   <div class='ocr_carea' id='block_1_80' title="bbox 246 4929 1846 5006">
    <p class='ocr_par' dir='ltr' id='par_1_80' title="bbox 246 4929 1846 5006">
     <span class='ocr_line' id='line_1_80' title="bbox 246 4929 1846 5006; baseline -0.006 -12"><span class='ocrx_word' id='word_1_619' title='bbox 246 4931 472 4994; x_wconf 80' lang='lat' dir='ltr'><strong>factum</strong></span> <span class='ocrx_word' id='word_1_620' title='bbox 506 4944 614 5004; x_wconf 90' lang='lat' dir='ltr'><strong>est,</strong></span> <span class='ocrx_word' id='word_1_621' title='bbox 647 4937 698 4992; x_wconf 89' lang='lat' dir='ltr'><strong>id</strong></span> <span class='ocrx_word' id='word_1_622' title='bbox 731 4943 832 5002; x_wconf 90' lang='lat' dir='ltr'><strong>est,</strong></span> <span class='ocrx_word' id='word_1_623' title='bbox 882 4935 937 4990; x_wconf 92' lang='lat' dir='ltr'><strong>in</strong></span> <span class='ocrx_word' id='word_1_624' title='bbox 989 4933 1499 5006; x_wconf 65' lang='lat' dir='ltr'><strong>prmdestinatione;</strong></span> <span class='ocrx_word' id='word_1_625' title='bbox 1551 4929 1846 4988; x_wconf 91' lang='lat' dir='ltr'><strong>secundum</strong></span> 
     </span>
    </p>
   </div>
   <div class='ocr_carea' id='block_1_81' title="bbox 246 5023 1849 5093">
    <p class='ocr_par' dir='ltr' id='par_1_81' title="bbox 246 5023 1849 5093">
     <span class='ocr_line' id='line_1_81' title="bbox 246 5023 1849 5093; baseline -0.005 -8"><span class='ocrx_word' id='word_1_626' title='bbox 246 5036 305 5085; x_wconf 88' lang='lat' dir='ltr'><strong>et</strong></span> <span class='ocrx_word' id='word_1_627' title='bbox 336 5027 559 5084; x_wconf 89' lang='lat' dir='ltr'><strong>tertium</strong></span> <span class='ocrx_word' id='word_1_628' title='bbox 589 5035 645 5084; x_wconf 90' lang='lat' dir='ltr'><strong>et</strong></span> <span class='ocrx_word' id='word_1_629' title='bbox 669 5025 867 5083; x_wconf 77' lang='lat' dir='ltr'><strong>factum</strong></span> <span class='ocrx_word' id='word_1_630' title='bbox 895 5034 998 5093; x_wconf 90' lang='lat' dir='ltr'><strong>est,</strong></span> <span class='ocrx_word' id='word_1_631' title='bbox 1029 5034 1084 5081; x_wconf 93' lang='lat' dir='ltr'><strong>et</strong></span> <span class='ocrx_word' id='word_1_632' title='bbox 1113 5025 1192 5092; x_wconf 88' lang='lat' dir='ltr'><strong>ﬁt,</strong></span> <span class='ocrx_word' id='word_1_633' title='bbox 1220 5031 1274 5082; x_wconf 86' lang='lat' dir='ltr'><strong>et</strong></span> <span class='ocrx_word' id='word_1_634' title='bbox 1305 5025 1416 5091; x_wconf 88' lang='lat' dir='ltr'><strong>ﬁet,</strong></span> <span class='ocrx_word' id='word_1_635' title='bbox 1449 5025 1503 5080; x_wconf 90' lang='lat' dir='ltr'><strong>id</strong></span> <span class='ocrx_word' id='word_1_636' title='bbox 1531 5029 1616 5080; x_wconf 89' lang='lat' dir='ltr'><strong>est</strong></span> <span class='ocrx_word' id='word_1_637' title='bbox 1636 5023 1849 5079; x_wconf 86' lang='lat' dir='ltr'><strong>vocatio</strong></span> 
     </span>
    </p>
   </div>
   <div class='ocr_carea' id='block_1_82' title="bbox 243 5115 1848 5192">
    <p class='ocr_par' dir='ltr' id='par_1_82' title="bbox 243 5115 1848 5192">
     <span class='ocr_line' id='line_1_82' title="bbox 243 5115 1848 5192; baseline -0.004 -15"><span class='ocrx_word' id='word_1_638' title='bbox 243 5128 305 5177; x_wconf 87' lang='lat' dir='ltr'><strong>et</strong></span> <span class='ocrx_word' id='word_1_639' title='bbox 326 5119 676 5192; x_wconf 82' lang='lat' dir='ltr'><strong>justlﬁcatio;</strong></span> <span class='ocrx_word' id='word_1_640' title='bbox 717 5125 971 5190; x_wconf 87' lang='lat' dir='ltr'><strong>quartum</strong></span> <span class='ocrx_word' id='word_1_641' title='bbox 1001 5123 1182 5173; x_wconf 91' lang='lat' dir='ltr'><strong>autem</strong></span> <span class='ocrx_word' id='word_1_642' title='bbox 1215 5115 1270 5174; x_wconf 91' lang='lat' dir='ltr'><strong>in</strong></span> <span class='ocrx_word' id='word_1_643' title='bbox 1300 5133 1360 5172; x_wconf 90' lang='lat' dir='ltr'><strong>re</strong></span> <span class='ocrx_word' id='word_1_644' title='bbox 1394 5116 1633 5173; x_wconf 83' lang='lat' dir='ltr'><strong>futurum</strong></span> <span class='ocrx_word' id='word_1_645' title='bbox 1658 5123 1762 5182; x_wconf 89' lang='lat' dir='ltr'><strong>est,</strong></span> <span class='ocrx_word' id='word_1_646' title='bbox 1795 5115 1848 5171; x_wconf 92' lang='lat' dir='ltr'><strong>id</strong></span> 
     </span>
    </p>
   </div>
   <div class='ocr_carea' id='block_1_83' title="bbox 247 5207 1848 5284">
    <p class='ocr_par' dir='ltr' id='par_1_83' title="bbox 247 5207 1848 5284">
     <span class='ocr_line' id='line_1_83' title="bbox 247 5207 1848 5284; baseline -0.003 -16"><span class='ocrx_word' id='word_1_647' title='bbox 247 5220 340 5268; x_wconf 87' lang='lat' dir='ltr'><strong>est</strong></span> <span class='ocrx_word' id='word_1_648' title='bbox 375 5209 695 5284; x_wconf 86' lang='lat' dir='ltr'><strong>gloriﬁcatio</strong></span> <span class='ocrx_word' id='word_1_649' title='bbox 722 5207 883 5279; x_wconf 84' lang='lat' dir='ltr'><strong>hujus</strong></span> <span class='ocrx_word' id='word_1_650' title='bbox 913 5208 988 5264; x_wconf 90' lang='lat' dir='ltr'><strong>rei</strong></span> <span class='ocrx_word' id='word_1_651' title='bbox 1017 5217 1442 5276; x_wconf 84' lang='lat' dir='ltr'><strong>sacramentum,</strong></span> <span class='ocrx_word' id='word_1_652' title='bbox 1472 5207 1524 5264; x_wconf 90' lang='lat' dir='ltr'><strong>id</strong></span> <span class='ocrx_word' id='word_1_653' title='bbox 1557 5216 1640 5264; x_wconf 83' lang='lat' dir='ltr'><strong>est</strong></span> <span class='ocrx_word' id='word_1_654' title='bbox 1667 5207 1848 5263; x_wconf 90' lang='lat' dir='ltr'><strong>unitas</strong></span> 
     </span>
    </p>
   </div>
   <div class='ocr_carea' id='block_1_84' title="bbox 249 5301 1850 5377">
    <p class='ocr_par' dir='ltr' id='par_1_84' title="bbox 249 5301 1850 5377">
     <span class='ocr_line' id='line_1_84' title="bbox 249 5301 1850 5377; baseline -0.003 -16"><span class='ocrx_word' id='word_1_655' title='bbox 249 5305 501 5377; x_wconf 85' lang='lat' dir='ltr'><strong>corporis</strong></span> <span class='ocrx_word' id='word_1_656' title='bbox 529 5311 583 5360; x_wconf 90' lang='lat' dir='ltr'><strong>et</strong></span> <span class='ocrx_word' id='word_1_657' title='bbox 611 5301 892 5376; x_wconf 88' lang='lat' dir='ltr'><strong>sanguinis</strong></span> <span class='ocrx_word' id='word_1_658' title='bbox 917 5301 1121 5357; x_wconf 87' lang='lat' dir='ltr'><strong>Christi</strong></span> <span class='ocrx_word' id='word_1_659' title='bbox 1145 5301 1210 5358; x_wconf 88' lang='lat' dir='ltr'><strong>de</strong></span> <span class='ocrx_word' id='word_1_660' title='bbox 1238 5317 1423 5358; x_wconf 88' lang='lat' dir='ltr'><strong>mensa</strong></span> <span class='ocrx_word' id='word_1_661' title='bbox 1451 5303 1728 5358; x_wconf 88' lang='lat' dir='ltr'><strong>Dominica</strong></span> <span class='ocrx_word' id='word_1_662' title='bbox 1763 5317 1850 5356; x_wconf 53' lang='lat' dir='ltr'><strong>as‘</strong></span> 
     </span>
    </p>
   </div>
   <div class='ocr_carea' id='block_1_85' title="bbox 249 5393 1845 5466">
    <p class='ocr_par' dir='ltr' id='par_1_85' title="bbox 249 5393 1845 5466">
     <span class='ocr_line' id='line_1_85' title="bbox 249 5393 1845 5466; baseline -0.004 -12"><span class='ocrx_word' id='word_1_663' title='bbox 249 5397 494 5454; x_wconf 85' lang='lat' dir='ltr'><strong>sumitur</strong></span> <span class='ocrx_word' id='word_1_664' title='bbox 518 5395 842 5466; x_wconf 87' lang='lat' dir='ltr'><strong>quibusdam</strong></span> <span class='ocrx_word' id='word_1_665' title='bbox 867 5394 936 5450; x_wconf 88' lang='lat' dir='ltr'><strong>ad</strong></span> <span class='ocrx_word' id='word_1_666' title='bbox 963 5394 1151 5460; x_wconf 86' lang='lat' dir='ltr'><strong>vitam,</strong></span> <span class='ocrx_word' id='word_1_667' title='bbox 1169 5394 1490 5465; x_wconf 88' lang='lat' dir='ltr'><strong>quihusdam</strong></span> <span class='ocrx_word' id='word_1_668' title='bbox 1512 5393 1578 5449; x_wconf 87' lang='lat' dir='ltr'><strong>ad</strong></span> <span class='ocrx_word' id='word_1_669' title='bbox 1601 5393 1845 5457; x_wconf 81' lang='lat' dir='ltr'><strong>exitium,</strong></span> 
     </span>
    </p>
   </div>
   <div class='ocr_carea' id='block_1_86' title="bbox 252 5484 1851 5560">
    <p class='ocr_par' dir='ltr' id='par_1_86' title="bbox 252 5484 1851 5560">
     <span class='ocr_line' id='line_1_86' title="bbox 252 5484 1851 5560; baseline -0.006 -11"><span class='ocrx_word' id='word_1_670' title='bbox 252 5506 346 5549; x_wconf 87' lang='lat' dir='ltr'><strong>res</strong></span> <span class='ocrx_word' id='word_1_671' title='bbox 379 5505 511 5545; x_wconf 86' lang='lat' dir='ltr'><strong>vero</strong></span> <span class='ocrx_word' id='word_1_672' title='bbox 549 5489 666 5560; x_wconf 84' lang='lat' dir='ltr'><strong>ipsa</strong></span> <span class='ocrx_word' id='word_1_673' title='bbox 715 5489 865 5544; x_wconf 90' lang='lat' dir='ltr'><strong>omni</strong></span> <span class='ocrx_word' id='word_1_674' title='bbox 893 5487 1099 5548; x_wconf 88' lang='lat' dir='ltr'><strong>homini</strong></span> <span class='ocrx_word' id='word_1_675' title='bbox 1130 5489 1198 5544; x_wconf 91' lang='lat' dir='ltr'><strong>ad</strong></span> <span class='ocrx_word' id='word_1_676' title='bbox 1235 5487 1426 5553; x_wconf 84' lang='lat' dir='ltr'><strong>vitam,</strong></span> <span class='ocrx_word' id='word_1_677' title='bbox 1455 5484 1585 5542; x_wconf 89' lang='lat' dir='ltr'><strong>nulli</strong></span> <span class='ocrx_word' id='word_1_678' title='bbox 1631 5484 1698 5540; x_wconf 90' lang='lat' dir='ltr'><strong>ad</strong></span> <span class='ocrx_word' id='word_1_679' title='bbox 1736 5487 1851 5540; x_wconf 56' lang='lat' dir='ltr'><strong>exia</strong></span> 
     </span>
    </p>
   </div>
   <div class='ocr_carea' id='block_1_87' title="bbox 248 5577 1849 5653">
    <p class='ocr_par' dir='ltr' id='par_1_87' title="bbox 248 5577 1849 5653">
     <span class='ocr_line' id='line_1_87' title="bbox 248 5577 1849 5653; baseline -0.005 -14"><span class='ocrx_word' id='word_1_680' title='bbox 248 5583 416 5640; x_wconf 84' lang='lat' dir='ltr'><strong>tium.</strong></span> <span class='ocrx_word' id='word_1_681' title='bbox 445 5578 765 5652; x_wconf 86' lang='lat' dir='ltr'><strong>Quicunque</strong></span> <span class='ocrx_word' id='word_1_682' title='bbox 793 5579 938 5634; x_wconf 89' lang='lat' dir='ltr'><strong>enim</strong></span> <span class='ocrx_word' id='word_1_683' title='bbox 983 5580 1101 5650; x_wconf 88' lang='lat' dir='ltr'><strong>ejus</strong></span> <span class='ocrx_word' id='word_1_684' title='bbox 1129 5580 1400 5653; x_wconf 78' lang='lat' dir='ltr'><strong>particeps</strong></span> <span class='ocrx_word' id='word_1_685' title='bbox 1433 5577 1618 5642; x_wconf 82' lang='lat' dir='ltr'><strong>fuerit,</strong></span> <span class='ocrx_word' id='word_1_686' title='bbox 1647 5577 1701 5633; x_wconf 91' lang='lat' dir='ltr'><strong>id</strong></span> <span class='ocrx_word' id='word_1_687' title='bbox 1743 5585 1849 5643; x_wconf 90' lang='lat' dir='ltr'><strong>est,</strong></span> 
     </span>
    </p>
   </div>
   <div class='ocr_carea' id='block_1_88' title="bbox 250 5667 1855 5741">
    <p class='ocr_par' dir='ltr' id='par_1_88' title="bbox 250 5667 1855 5741">
     <span class='ocr_line' id='line_1_88' title="bbox 250 5667 1855 5741; baseline -0.004 -9"><span class='ocrx_word' id='word_1_688' title='bbox 250 5673 480 5732; x_wconf 89' lang='lat' dir='ltr'><strong>Christo</strong></span> <span class='ocrx_word' id='word_1_689' title='bbox 513 5672 676 5741; x_wconf 85' lang='lat' dir='ltr'><strong>capiti</strong></span> <span class='ocrx_word' id='word_1_690' title='bbox 701 5673 1010 5728; x_wconf 89' lang='lat' dir='ltr'><strong>membrum</strong></span> <span class='ocrx_word' id='word_1_691' title='bbox 1039 5673 1338 5729; x_wconf 86' lang='lat' dir='ltr'><strong>associatus</strong></span> <span class='ocrx_word' id='word_1_692' title='bbox 1387 5670 1550 5726; x_wconf 81' lang='lat' dir='ltr'><strong>ﬁlerit</strong></span> <span class='ocrx_word' id='word_1_693' title='bbox 1585 5667 1638 5725; x_wconf 89' lang='lat' dir='ltr'><strong>in</strong></span> <span class='ocrx_word' id='word_1_694' title='bbox 1686 5686 1855 5740; x_wconf 86' lang='lat' dir='ltr'><strong>regno</strong></span> 
     </span>
    </p>
   </div>
   <div class='ocr_carea' id='block_1_89' title="bbox 253 5765 1856 5842">
    <p class='ocr_par' dir='ltr' id='par_1_89' title="bbox 253 5765 1856 5842">
     <span class='ocr_line' id='line_1_89' title="bbox 253 5765 1856 5842; baseline -0.002 -18"><span class='ocrx_word' id='word_1_695' title='bbox 253 5766 493 5832; x_wconf 76' lang='lat' dir='ltr'><strong>cmlcsti,</strong></span> <span class='ocrx_word' id='word_1_696' title='bbox 537 5767 665 5842; x_wconf 89' lang='lat' dir='ltr'><strong>quia</strong></span> <span class='ocrx_word' id='word_1_697' title='bbox 707 5765 855 5822; x_wconf 88' lang='lat' dir='ltr'><strong>aliud</strong></span> <span class='ocrx_word' id='word_1_698' title='bbox 903 5775 987 5822; x_wconf 89' lang='lat' dir='ltr'><strong>est</strong></span> <span class='ocrx_word' id='word_1_699' title='bbox 1033 5774 1454 5832; x_wconf 90' lang='lat' dir='ltr'><strong>sacramentum,</strong></span> <span class='ocrx_word' id='word_1_700' title='bbox 1500 5765 1642 5820; x_wconf 87' lang='lat' dir='ltr'><strong>aliud</strong></span> <span class='ocrx_word' id='word_1_701' title='bbox 1683 5765 1856 5820; x_wconf 87' lang='lat' dir='ltr'><strong>virtus</strong></span> 
     </span>
    </p>
   </div>
   <div class='ocr_carea' id='block_1_90' title="bbox 257 5857 1859 5929">
    <p class='ocr_par' dir='ltr' id='par_1_90' title="bbox 257 5857 1859 5929">
     <span class='ocr_line' id='line_1_90' title="bbox 257 5857 1859 5929; baseline -0.002 -13"><span class='ocrx_word' id='word_1_702' title='bbox 257 5859 608 5923; x_wconf 82' lang='lat' dir='ltr'><strong>sacramenti,</strong></span> <span class='ocrx_word' id='word_1_703' title='bbox 641 5868 1041 5916; x_wconf 87' lang='lat' dir='ltr'><strong>sacramentum</strong></span> <span class='ocrx_word' id='word_1_704' title='bbox 1084 5858 1229 5915; x_wconf 89' lang='lat' dir='ltr'><strong>enim</strong></span> <span class='ocrx_word' id='word_1_705' title='bbox 1265 5873 1359 5912; x_wconf 86' lang='lat' dir='ltr'><strong>ore</strong></span> <span class='ocrx_word' id='word_1_706' title='bbox 1396 5857 1712 5929; x_wconf 88' lang='lat' dir='ltr'><strong>percipitur,</strong></span> <span class='ocrx_word' id='word_1_707' title='bbox 1753 5858 1859 5913; x_wconf 91' lang='lat' dir='ltr'><strong>vir-</strong></span> 
     </span>
    </p>
   </div>
   <div class='ocr_carea' id='block_1_91' title="bbox 258 5948 1860 6016">
    <p class='ocr_par' dir='ltr' id='par_1_91' title="bbox 258 5948 1860 6016">
     <span class='ocr_line' id='line_1_91' title="bbox 258 5948 1860 6016; baseline 0.002 -7"><span class='ocrx_word' id='word_1_708' title='bbox 258 5958 382 6016; x_wconf 79' lang='lat' dir='ltr'><strong>tute</strong></span> <span class='ocrx_word' id='word_1_709' title='bbox 411 5951 740 6015; x_wconf 80' lang='lat' dir='ltr'><strong>sacramenti</strong></span> <span class='ocrx_word' id='word_1_710' title='bbox 770 5950 1000 6011; x_wconf 86' lang='lat' dir='ltr'><strong>interior</strong></span> <span class='ocrx_word' id='word_1_711' title='bbox 1042 5952 1208 6010; x_wconf 87' lang='lat' dir='ltr'><strong>homo</strong></span> <span class='ocrx_word' id='word_1_712' title='bbox 1235 5949 1492 6007; x_wconf 85' lang='lat' dir='ltr'><strong>satiatur.</strong></span> <span class='ocrx_word' id='word_1_713' title='bbox 1533 5948 1860 6012; x_wconf 81' lang='lat' dir='ltr'><strong>Sacramen-</strong></span> 
     </span>
    </p>
   </div>
   <div class='ocr_carea' id='block_1_92' title="bbox 1941 3443 3545 3518">
    <p class='ocr_par' dir='ltr' id='par_1_92' title="bbox 1941 3443 3545 3518">
     <span class='ocr_line' id='line_1_92' title="bbox 1941 3443 3545 3518; baseline 0.001 -18"><span class='ocrx_word' id='word_1_714' title='bbox 1941 3459 2112 3500; x_wconf 90' lang='lat' dir='ltr'><strong>nonne</strong></span> <span class='ocrx_word' id='word_1_715' title='bbox 2149 3447 2556 3499; x_wconf 81' lang='lat' dir='ltr'><strong>communicatio</strong></span> <span class='ocrx_word' id='word_1_716' title='bbox 2604 3447 2876 3516; x_wconf 84' lang='lat' dir='ltr'><strong>sanguinis</strong></span> <span class='ocrx_word' id='word_1_717' title='bbox 2908 3443 3106 3502; x_wconf 81' lang='lat' dir='ltr'><strong>Christi</strong></span> <span class='ocrx_word' id='word_1_718' title='bbox 3151 3445 3272 3507; x_wconf 79' lang='lat' dir='ltr'><strong>est?</strong></span> <span class='ocrx_word' id='word_1_719' title='bbox 3315 3455 3365 3500; x_wconf 89' lang='lat' dir='ltr'><strong>et</strong></span> <span class='ocrx_word' id='word_1_720' title='bbox 3389 3447 3545 3518; x_wconf 74' lang='lat' dir='ltr'><strong>panis</strong></span> 
     </span>
    </p>
   </div>
   <div class='ocr_carea' id='block_1_93' title="bbox 1939 3535 3546 3612">
    <p class='ocr_par' dir='ltr' id='par_1_93' title="bbox 1939 3535 3546 3612">
     <span class='ocr_line' id='line_1_93' title="bbox 1939 3535 3546 3612; baseline 0.001 -20"><span class='ocrx_word' id='word_1_721' title='bbox 1939 3552 2092 3611; x_wconf 85' lang='lat' dir='ltr'><strong>quem</strong></span> <span class='ocrx_word' id='word_1_722' title='bbox 2139 3538 2432 3611; x_wconf 81' lang='lat' dir='ltr'><strong>frangimus</strong></span> <span class='ocrx_word' id='word_1_723' title='bbox 2481 3555 2652 3594; x_wconf 86' lang='lat' dir='ltr'><strong>nonne</strong></span> <span class='ocrx_word' id='word_1_724' title='bbox 2691 3539 3033 3612; x_wconf 81' lang='lat' dir='ltr'><strong>participatio</strong></span> <span class='ocrx_word' id='word_1_725' title='bbox 3065 3539 3301 3611; x_wconf 79' lang='lat' dir='ltr'><strong>corporis</strong></span> <span class='ocrx_word' id='word_1_726' title='bbox 3327 3535 3546 3594; x_wconf 80' lang='lat' dir='ltr'><strong>Domini</strong></span> 
     </span>
    </p>
   </div>
   <div class='ocr_carea' id='block_1_94' title="bbox 1940 3629 3543 3704">
    <p class='ocr_par' dir='ltr' id='par_1_94' title="bbox 1940 3629 3543 3704">
     <span class='ocr_line' id='line_1_94' title="bbox 1940 3629 3543 3704; baseline 0 -18"><span class='ocrx_word' id='word_1_727' title='bbox 1940 3629 2056 3686; x_wconf 81' lang='lat' dir='ltr'><strong>est?</strong></span> <span class='ocrx_word' id='word_1_728' title='bbox 2078 3631 2351 3698; x_wconf 85' lang='lat' dir='ltr'><strong>Quomodo</strong></span> <span class='ocrx_word' id='word_1_729' title='bbox 2374 3645 2511 3686; x_wconf 82' lang='lat' dir='ltr'><strong>unus</strong></span> <span class='ocrx_word' id='word_1_730' title='bbox 2536 3632 2710 3704; x_wconf 86' lang='lat' dir='ltr'><strong>panis,</strong></span> <span class='ocrx_word' id='word_1_731' title='bbox 2745 3647 2908 3688; x_wconf 87' lang='lat' dir='ltr'><strong>unum</strong></span> <span class='ocrx_word' id='word_1_732' title='bbox 2933 3648 3123 3703; x_wconf 87' lang='lat' dir='ltr'><strong>corpus</strong></span> <span class='ocrx_word' id='word_1_733' title='bbox 3149 3629 3305 3686; x_wconf 89' lang='lat' dir='ltr'><strong>multi</strong></span> <span class='ocrx_word' id='word_1_734' title='bbox 3337 3647 3543 3700; x_wconf 79' lang='lat' dir='ltr'><strong>sumus,</strong></span> 
     </span>
    </p>
   </div>
   <div class='ocr_carea' id='block_1_95' title="bbox 1943 3722 3541 3801">
    <p class='ocr_par' dir='ltr' id='par_1_95' title="bbox 1943 3722 3541 3801">
     <span class='ocr_line' id='line_1_95' title="bbox 1943 3722 3541 3801; baseline -0.001 -23"><span class='ocrx_word' id='word_1_735' title='bbox 1943 3739 2222 3796; x_wconf 82' lang='lat' dir='ltr'><strong>omnesque</strong></span> <span class='ocrx_word' id='word_1_736' title='bbox 2271 3723 2334 3777; x_wconf 88' lang='lat' dir='ltr'><strong>de</strong></span> <span class='ocrx_word' id='word_1_737' title='bbox 2374 3741 2478 3778; x_wconf 90' lang='lat' dir='ltr'><strong>uno</strong></span> <span class='ocrx_word' id='word_1_738' title='bbox 2509 3741 2645 3800; x_wconf 85' lang='lat' dir='ltr'><strong>pane</strong></span> <span class='ocrx_word' id='word_1_739' title='bbox 2671 3732 2720 3778; x_wconf 90' lang='lat' dir='ltr'><strong>et</strong></span> <span class='ocrx_word' id='word_1_740' title='bbox 2769 3741 2874 3780; x_wconf 90' lang='lat' dir='ltr'><strong>uno</strong></span> <span class='ocrx_word' id='word_1_741' title='bbox 2925 3722 3090 3782; x_wconf 84' lang='lat' dir='ltr'><strong>calice</strong></span> <span class='ocrx_word' id='word_1_742' title='bbox 3140 3723 3541 3801; x_wconf 81' lang='lat' dir='ltr'><strong>participamus.</strong></span> 
     </span>
    </p>
   </div>
   <div class='ocr_carea' id='block_1_96' title="bbox 1943 3813 3545 3884">
    <p class='ocr_par' dir='ltr' id='par_1_96' title="bbox 1943 3813 3545 3884">
     <span class='ocr_line' id='line_1_96' title="bbox 1943 3813 3545 3884; baseline 0.001 -15"><span class='ocrx_word' id='word_1_743' title='bbox 1943 3813 2054 3869; x_wconf 87' lang='lat' dir='ltr'><strong>Nec</strong></span> <span class='ocrx_word' id='word_1_744' title='bbox 2097 3815 2242 3869; x_wconf 86' lang='lat' dir='ltr'><strong>enim</strong></span> <span class='ocrx_word' id='word_1_745' title='bbox 2279 3814 2331 3868; x_wconf 88' lang='lat' dir='ltr'><strong>in</strong></span> <span class='ocrx_word' id='word_1_746' title='bbox 2385 3815 2746 3870; x_wconf 87' lang='lat' dir='ltr'><strong>sacramentis</strong></span> <span class='ocrx_word' id='word_1_747' title='bbox 2788 3815 2936 3871; x_wconf 92' lang='lat' dir='ltr'><strong>aliud</strong></span> <span class='ocrx_word' id='word_1_748' title='bbox 2991 3815 3174 3875; x_wconf 85' lang='lat' dir='ltr'><strong>oﬁ‘erri</strong></span> <span class='ocrx_word' id='word_1_749' title='bbox 3219 3815 3385 3884; x_wconf 90' lang='lat' dir='ltr'><strong>licet,</strong></span> <span class='ocrx_word' id='word_1_750' title='bbox 3437 3813 3545 3870; x_wconf 89' lang='lat' dir='ltr'><strong>nisi</strong></span> 
     </span>
    </p>
   </div>
   <div class='ocr_carea' id='block_1_97' title="bbox 1944 3899 3544 3976">
    <p class='ocr_par' dir='ltr' id='par_1_97' title="bbox 1944 3899 3544 3976">
     <span class='ocr_line' id='line_1_97' title="bbox 1944 3899 3544 3976; baseline 0 -18"><span class='ocrx_word' id='word_1_751' title='bbox 1944 3899 2088 3976; x_wconf 82' lang='lat' dir='ltr'><strong>quod</strong></span> <span class='ocrx_word' id='word_1_752' title='bbox 2137 3903 2400 3959; x_wconf 88' lang='lat' dir='ltr'><strong>Dominus</strong></span> <span class='ocrx_word' id='word_1_753' title='bbox 2451 3904 2566 3974; x_wconf 89' lang='lat' dir='ltr'><strong>ipse</strong></span> <span class='ocrx_word' id='word_1_754' title='bbox 2605 3905 2908 3971; x_wconf 80' lang='lat' dir='ltr'><strong>constituit,</strong></span> <span class='ocrx_word' id='word_1_755' title='bbox 2941 3912 2996 3960; x_wconf 91' lang='lat' dir='ltr'><strong>et</strong></span> <span class='ocrx_word' id='word_1_756' title='bbox 3033 3920 3132 3960; x_wconf 93' lang='lat' dir='ltr'><strong>suo</strong></span> <span class='ocrx_word' id='word_1_757' title='bbox 3159 3904 3410 3976; x_wconf 82' lang='lat' dir='ltr'><strong>exemplo</strong></span> <span class='ocrx_word' id='word_1_758' title='bbox 3457 3901 3544 3958; x_wconf 81' lang='lat' dir='ltr'><strong>fa-</strong></span> 
     </span>
    </p>
   </div>
   <div class='ocr_carea' id='block_1_98' title="bbox 1945 3993 3545 4064">
    <p class='ocr_par' dir='ltr' id='par_1_98' title="bbox 1945 3993 3545 4064">
     <span class='ocr_line' id='line_1_98' title="bbox 1945 3993 3545 4064; baseline -0.003 -12"><span class='ocrx_word' id='word_1_759' title='bbox 1945 4011 2069 4052; x_wconf 89' lang='lat' dir='ltr'><strong>cere</strong></span> <span class='ocrx_word' id='word_1_760' title='bbox 2124 4009 2224 4051; x_wconf 90' lang='lat' dir='ltr'><strong>nos</strong></span> <span class='ocrx_word' id='word_1_761' title='bbox 2277 3995 2478 4051; x_wconf 88' lang='lat' dir='ltr'><strong>docuit.</strong></span> <span class='ocrx_word' id='word_1_762' title='bbox 2529 3993 2790 4062; x_wconf 83' lang='lat' dir='ltr'><strong>Quoniam</strong></span> <span class='ocrx_word' id='word_1_763' title='bbox 2841 3993 3100 4052; x_wconf 87' lang='lat' dir='ltr'><strong>Dominus</strong></span> <span class='ocrx_word' id='word_1_764' title='bbox 3143 3994 3297 4050; x_wconf 75' lang='lat' dir='ltr'><strong>Iesus</strong></span> <span class='ocrx_word' id='word_1_765' title='bbox 3335 3993 3390 4049; x_wconf 87' lang='lat' dir='ltr'><strong>in</strong></span> <span class='ocrx_word' id='word_1_766' title='bbox 3437 4010 3545 4064; x_wconf 86' lang='lat' dir='ltr'><strong>qua</strong></span> 
     </span>
    </p>
   </div>
   <div class='ocr_carea' id='block_1_99' title="bbox 1945 4086 3545 4165">
    <p class='ocr_par' dir='ltr' id='par_1_99' title="bbox 1945 4086 3545 4165">
     <span class='ocr_line' id='line_1_99' title="bbox 1945 4086 3545 4165; baseline -0.003 -19"><span class='ocrx_word' id='word_1_767' title='bbox 1945 4100 2094 4146; x_wconf 87' lang='lat' dir='ltr'><strong>nocte</strong></span> <span class='ocrx_word' id='word_1_768' title='bbox 2123 4089 2434 4144; x_wconf 82' lang='lat' dir='ltr'><strong>tradebatur</strong></span> <span class='ocrx_word' id='word_1_769' title='bbox 2469 4089 2668 4161; x_wconf 84' lang='lat' dir='ltr'><strong>accepit</strong></span> <span class='ocrx_word' id='word_1_770' title='bbox 2693 4101 2902 4160; x_wconf 85' lang='lat' dir='ltr'><strong>panem,</strong></span> <span class='ocrx_word' id='word_1_771' title='bbox 2935 4097 2984 4143; x_wconf 90' lang='lat' dir='ltr'><strong>et</strong></span> <span class='ocrx_word' id='word_1_772' title='bbox 3009 4088 3208 4165; x_wconf 72' lang='lat' dir='ltr'><strong>gratias</strong></span> <span class='ocrx_word' id='word_1_773' title='bbox 3241 4105 3399 4160; x_wconf 86' lang='lat' dir='ltr'><strong>agens</strong></span> <span class='ocrx_word' id='word_1_774' title='bbox 3435 4086 3545 4158; x_wconf 80' lang='lat' dir='ltr'><strong>fre-</strong></span> 
     </span>
    </p>
   </div>
   <div class='ocr_carea' id='block_1_100' title="bbox 1945 4179 3546 4254">
    <p class='ocr_par' dir='ltr' id='par_1_100' title="bbox 1945 4179 3546 4254">
     <span class='ocr_line' id='line_1_100' title="bbox 1945 4179 3546 4254; baseline -0.001 -19"><span class='ocrx_word' id='word_1_775' title='bbox 1945 4183 2016 4254; x_wconf 85' lang='lat' dir='ltr'><strong>git</strong></span> <span class='ocrx_word' id='word_1_776' title='bbox 2060 4192 2108 4236; x_wconf 87' lang='lat' dir='ltr'><strong>et</strong></span> <span class='ocrx_word' id='word_1_777' title='bbox 2135 4183 2270 4236; x_wconf 76' lang='lat' dir='ltr'><strong>dixit</strong></span> <span class='ocrx_word' id='word_1_778' title='bbox 2296 4201 2315 4238; x_wconf 83' lang='lat'><strong>.&#39;</strong></span> <span class='ocrx_word' id='word_1_779' title='bbox 2345 4181 2462 4236; x_wconf 80' lang='lat' dir='ltr'><strong>Hoc</strong></span> <span class='ocrx_word' id='word_1_780' title='bbox 2507 4191 2581 4236; x_wconf 85' lang='lat' dir='ltr'><strong>est</strong></span> <span class='ocrx_word' id='word_1_781' title='bbox 2613 4197 2802 4252; x_wconf 85' lang='lat' dir='ltr'><strong>corpus</strong></span> <span class='ocrx_word' id='word_1_782' title='bbox 2851 4191 3025 4236; x_wconf 80' lang='lat' dir='ltr'><strong>meum</strong></span> <span class='ocrx_word' id='word_1_783' title='bbox 3071 4181 3212 4254; x_wconf 87' lang='lat' dir='ltr'><strong>quod</strong></span> <span class='ocrx_word' id='word_1_784' title='bbox 3258 4197 3354 4252; x_wconf 86' lang='lat' dir='ltr'><strong>pro</strong></span> <span class='ocrx_word' id='word_1_785' title='bbox 3402 4179 3546 4235; x_wconf 80' lang='lat' dir='ltr'><strong>vobis</strong></span> 
     </span>
    </p>
   </div>
   <div class='ocr_carea' id='block_1_101' title="bbox 1946 4267 3548 4344">
    <p class='ocr_par' dir='ltr' id='par_1_101' title="bbox 1946 4267 3548 4344">
     <span class='ocr_line' id='line_1_101' title="bbox 1946 4267 3548 4344; baseline -0.002 -17"><span class='ocrx_word' id='word_1_786' title='bbox 1946 4273 2208 4339; x_wconf 84' lang='lat' dir='ltr'><strong>traditur;</strong></span> <span class='ocrx_word' id='word_1_787' title='bbox 2232 4270 2347 4344; x_wconf 76' lang='lat' dir='ltr'><strong>bac</strong></span> <span class='ocrx_word' id='word_1_788' title='bbox 2384 4273 2542 4342; x_wconf 78' lang='lat' dir='ltr'><strong>facile</strong></span> <span class='ocrx_word' id='word_1_789' title='bbox 2567 4273 2623 4328; x_wconf 85' lang='lat' dir='ltr'><strong>lu</strong></span> <span class='ocrx_word' id='word_1_790' title='bbox 2651 4286 2820 4326; x_wconf 85' lang='lat' dir='ltr'><strong>meum</strong></span> <span class='ocrx_word' id='word_1_791' title='bbox 2863 4273 3430 4328; x_wconf 80' lang='lat' dir='ltr'><strong>commemorationem.</strong></span> <span class='ocrx_word' id='word_1_792' title='bbox 3461 4267 3548 4326; x_wconf 88' lang='lat' dir='ltr'><strong>Si-</strong></span> 
     </span>
    </p>
   </div>
   <div class='ocr_carea' id='block_1_102' title="bbox 1947 4361 3548 4440">
    <p class='ocr_par' dir='ltr' id='par_1_102' title="bbox 1947 4361 3548 4440">
     <span class='ocr_line' id='line_1_102' title="bbox 1947 4361 3548 4440; baseline -0.001 -20"><span class='ocrx_word' id='word_1_793' title='bbox 1947 4365 2140 4420; x_wconf 83' lang='lat' dir='ltr'><strong>militer</strong></span> <span class='ocrx_word' id='word_1_794' title='bbox 2161 4376 2209 4421; x_wconf 87' lang='lat' dir='ltr'><strong>et</strong></span> <span class='ocrx_word' id='word_1_795' title='bbox 2233 4363 2448 4422; x_wconf 82' lang='lat' dir='ltr'><strong>calicem</strong></span> <span class='ocrx_word' id='word_1_796' title='bbox 2477 4375 2752 4440; x_wconf 83' lang='lat' dir='ltr'><strong>postquam</strong></span> <span class='ocrx_word' id='word_1_797' title='bbox 2781 4367 2998 4421; x_wconf 62' lang='lat' dir='ltr'><strong>coenavit</strong></span> <span class='ocrx_word' id='word_1_798' title='bbox 3015 4366 3208 4420; x_wconf 84' lang='lat' dir='ltr'><strong>.dicens</strong></span> <span class='ocrx_word' id='word_1_799' title='bbox 3233 4380 3249 4419; x_wconf 89' lang='lat'><strong><em>:</em></strong></span> <span class='ocrx_word' id='word_1_800' title='bbox 3277 4361 3380 4418; x_wconf 87' lang='lat' dir='ltr'><strong>Hic</strong></span> <span class='ocrx_word' id='word_1_801' title='bbox 3407 4362 3548 4418; x_wconf 77' lang='lat' dir='ltr'><strong>calix</strong></span> 
     </span>
    </p>
   </div>
   <div class='ocr_carea' id='block_1_103' title="bbox 1951 4457 3549 4534">
    <p class='ocr_par' dir='ltr' id='par_1_103' title="bbox 1951 4457 3549 4534">
     <span class='ocr_line' id='line_1_103' title="bbox 1951 4457 3549 4534; baseline -0.001 -19"><span class='ocrx_word' id='word_1_802' title='bbox 1951 4457 2089 4516; x_wconf 81' lang='lat' dir='ltr'><strong>Noui</strong></span> <span class='ocrx_word' id='word_1_803' title='bbox 2121 4459 2436 4516; x_wconf 85' lang='lat' dir='ltr'><strong>Testamenti</strong></span> <span class='ocrx_word' id='word_1_804' title='bbox 2460 4472 2535 4517; x_wconf 87' lang='lat' dir='ltr'><strong>est</strong></span> <span class='ocrx_word' id='word_1_805' title='bbox 2559 4461 2614 4517; x_wconf 87' lang='lat' dir='ltr'><strong>in</strong></span> <span class='ocrx_word' id='word_1_806' title='bbox 2647 4477 2758 4516; x_wconf 90' lang='lat' dir='ltr'><strong>meo</strong></span> <span class='ocrx_word' id='word_1_807' title='bbox 2787 4463 3068 4534; x_wconf 84' lang='lat' dir='ltr'><strong>sanguine,</strong></span> <span class='ocrx_word' id='word_1_808' title='bbox 3095 4465 3192 4516; x_wconf 84' lang='lat' dir='ltr'><strong>hoc</strong></span> <span class='ocrx_word' id='word_1_809' title='bbox 3234 4461 3392 4533; x_wconf 82' lang='lat' dir='ltr'><strong>facile</strong></span> <span class='ocrx_word' id='word_1_810' title='bbox 3417 4476 3549 4532; x_wconf 80' lang='lat' dir='ltr'><strong>quo-</strong></span> 
     </span>
    </p>
   </div>
   <div class='ocr_carea' id='block_1_104' title="bbox 1948 4555 3549 4628">
    <p class='ocr_par' dir='ltr' id='par_1_104' title="bbox 1948 4555 3549 4628">
     <span class='ocr_line' id='line_1_104' title="bbox 1948 4555 3549 4628; baseline 0.001 -20"><span class='ocrx_word' id='word_1_811' title='bbox 1948 4555 2246 4626; x_wconf 82' lang='lat' dir='ltr'><strong>iiescunque</strong></span> <span class='ocrx_word' id='word_1_812' title='bbox 2303 4555 2513 4626; x_wconf 81' lang='lat' dir='ltr'><strong>bibetis,</strong></span> <span class='ocrx_word' id='word_1_813' title='bbox 2569 4557 2623 4611; x_wconf 89' lang='lat' dir='ltr'><strong>in</strong></span> <span class='ocrx_word' id='word_1_814' title='bbox 2673 4570 2842 4610; x_wconf 88' lang='lat' dir='ltr'><strong>meam</strong></span> <span class='ocrx_word' id='word_1_815' title='bbox 2890 4557 3436 4611; x_wconf 89' lang='lat' dir='ltr'><strong>commemorationem</strong></span> <span class='ocrx_word' id='word_1_816' title='bbox 3483 4555 3549 4628; x_wconf 87' lang='grc'><strong>(1</strong></span> 
     </span>
    </p>
   </div>
   <div class='ocr_carea' id='block_1_105' title="bbox 1950 4643 3548 4718">
    <p class='ocr_par' dir='ltr' id='par_1_105' title="bbox 1950 4643 3548 4718">
     <span class='ocr_line' id='line_1_105' title="bbox 1950 4643 3548 4718; baseline 0 -17"><span class='ocrx_word' id='word_1_817' title='bbox 1950 4645 2073 4702; x_wconf 82' lang='lat' dir='ltr'><strong>Cor.</strong></span> <span class='ocrx_word' id='word_1_818' title='bbox 2131 4647 2240 4717; x_wconf 67' lang='grc' dir='ltr'><strong>χι).</strong></span> <span class='ocrx_word' id='word_1_819' title='bbox 2284 4647 2426 4718; x_wconf 85' lang='lat' dir='ltr'><strong>Ergo</strong></span> <span class='ocrx_word' id='word_1_820' title='bbox 2485 4661 2682 4716; x_wconf 87' lang='lat' dir='ltr'><strong>panem</strong></span> <span class='ocrx_word' id='word_1_821' title='bbox 2735 4643 3197 4708; x_wconf 84' lang='lat' dir='ltr'><strong>iniermentatum,</strong></span> <span class='ocrx_word' id='word_1_822' title='bbox 3259 4653 3315 4701; x_wconf 90' lang='lat' dir='ltr'><strong>et</strong></span> <span class='ocrx_word' id='word_1_823' title='bbox 3361 4645 3548 4701; x_wconf 89' lang='lat' dir='ltr'><strong>vinum</strong></span> 
     </span>
    </p>
   </div>
   <div class='ocr_carea' id='block_1_106' title="bbox 1951 4737 3550 4811">
    <p class='ocr_par' dir='ltr' id='par_1_106' title="bbox 1951 4737 3550 4811">
     <span class='ocr_line' id='line_1_106' title="bbox 1951 4737 3550 4811; baseline -0.001 -14"><span class='ocrx_word' id='word_1_824' title='bbox 1951 4754 2090 4811; x_wconf 83' lang='lat' dir='ltr'><strong>aqua</strong></span> <span class='ocrx_word' id='word_1_825' title='bbox 2131 4741 2352 4795; x_wconf 89' lang='lat' dir='ltr'><strong>mistum</strong></span> <span class='ocrx_word' id='word_1_826' title='bbox 2386 4741 2438 4794; x_wconf 90' lang='lat' dir='ltr'><strong>in</strong></span> <span class='ocrx_word' id='word_1_827' title='bbox 2471 4747 2872 4795; x_wconf 88' lang='lat' dir='ltr'><strong>sacramentum</strong></span> <span class='ocrx_word' id='word_1_828' title='bbox 2903 4737 3147 4809; x_wconf 84' lang='lat' dir='ltr'><strong>corporis</strong></span> <span class='ocrx_word' id='word_1_829' title='bbox 3185 4746 3240 4794; x_wconf 89' lang='lat' dir='ltr'><strong>et</strong></span> <span class='ocrx_word' id='word_1_830' title='bbox 3268 4739 3550 4810; x_wconf 86' lang='lat' dir='ltr'><strong>sanguinis</strong></span> 
     </span>
    </p>
   </div>
   <div class='ocr_carea' id='block_1_107' title="bbox 1951 4829 3550 4902">
    <p class='ocr_par' dir='ltr' id='par_1_107' title="bbox 1951 4829 3550 4902">
     <span class='ocr_line' id='line_1_107' title="bbox 1951 4829 3550 4902; baseline -0.001 -14"><span class='ocrx_word' id='word_1_831' title='bbox 1951 4829 2153 4888; x_wconf 87' lang='lat' dir='ltr'><strong>Christi</strong></span> <span class='ocrx_word' id='word_1_832' title='bbox 2196 4831 2525 4886; x_wconf 86' lang='lat' dir='ltr'><strong>sanctiﬁcari</strong></span> <span class='ocrx_word' id='word_1_833' title='bbox 2551 4839 2788 4902; x_wconf 87' lang='lat' dir='ltr'><strong>oportet,</strong></span> <span class='ocrx_word' id='word_1_834' title='bbox 2817 4831 2943 4902; x_wconf 92' lang='lat' dir='ltr'><strong>quia</strong></span> <span class='ocrx_word' id='word_1_835' title='bbox 2965 4831 3112 4901; x_wconf 88' lang='lat' dir='ltr'><strong>ipsas</strong></span> <span class='ocrx_word' id='word_1_836' title='bbox 3142 4845 3228 4886; x_wconf 89' lang='lat' dir='ltr'><strong>res</strong></span> <span class='ocrx_word' id='word_1_837' title='bbox 3258 4831 3323 4886; x_wconf 91' lang='lat' dir='ltr'><strong>de</strong></span> <span class='ocrx_word' id='word_1_838' title='bbox 3357 4847 3415 4887; x_wconf 89' lang='lat' dir='ltr'><strong>se</strong></span> <span class='ocrx_word' id='word_1_839' title='bbox 3446 4831 3550 4886; x_wconf 92' lang='lat' dir='ltr'><strong>Do-</strong></span> 
     </span>
    </p>
   </div>
   <div class='ocr_carea' id='block_1_108' title="bbox 1953 4923 3550 4996">
    <p class='ocr_par' dir='ltr' id='par_1_108' title="bbox 1953 4923 3550 4996">
     <span class='ocr_line' id='line_1_108' title="bbox 1953 4923 3550 4996; baseline -0.001 -15"><span class='ocrx_word' id='word_1_840' title='bbox 1953 4925 2156 4981; x_wconf 89' lang='lat' dir='ltr'><strong>minum</strong></span> <span class='ocrx_word' id='word_1_841' title='bbox 2194 4923 2474 4978; x_wconf 88' lang='lat' dir='ltr'><strong>testiﬁcari</strong></span> <span class='ocrx_word' id='word_1_842' title='bbox 2502 4923 2854 4996; x_wconf 86' lang='lat' dir='ltr'><strong>Evangelium</strong></span> <span class='ocrx_word' id='word_1_843' title='bbox 2897 4932 3107 4979; x_wconf 89' lang='lat' dir='ltr'><strong>narrat.</strong></span> <span class='ocrx_word' id='word_1_844' title='bbox 3133 4923 3224 4978; x_wconf 86' lang='lat' dir='ltr'><strong>Ait</strong></span> <span class='ocrx_word' id='word_1_845' title='bbox 3247 4925 3391 4978; x_wconf 83' lang='lat' dir='ltr'><strong>enim</strong></span> <span class='ocrx_word' id='word_1_846' title='bbox 3434 4923 3550 4995; x_wconf 83' lang='lat' dir='ltr'><strong>ipse</strong></span> 
     </span>
    </p>
   </div>
   <div class='ocr_carea' id='block_1_109' title="bbox 1952 5013 3548 5090">
    <p class='ocr_par' dir='ltr' id='par_1_109' title="bbox 1952 5013 3548 5090">
     <span class='ocr_line' id='line_1_109' title="bbox 1952 5013 3548 5090; baseline -0.001 -19"><span class='ocrx_word' id='word_1_847' title='bbox 1952 5015 2246 5072; x_wconf 86' lang='lat' dir='ltr'><strong>Dominus:</strong></span> <span class='ocrx_word' id='word_1_848' title='bbox 2269 5015 2383 5088; x_wconf 79' lang='lat' dir='ltr'><strong>Ego</strong></span> <span class='ocrx_word' id='word_1_849' title='bbox 2409 5029 2523 5071; x_wconf 76' lang='lat' dir='ltr'><strong>sum</strong></span> <span class='ocrx_word' id='word_1_850' title='bbox 2551 5017 2704 5089; x_wconf 87' lang='lat' dir='ltr'><strong>panis</strong></span> <span class='ocrx_word' id='word_1_851' title='bbox 2737 5017 2879 5072; x_wconf 79' lang='lat' dir='ltr'><strong>vivus</strong></span> <span class='ocrx_word' id='word_1_852' title='bbox 2902 5015 2994 5090; x_wconf 88' lang='lat' dir='ltr'><strong>qui</strong></span> <span class='ocrx_word' id='word_1_853' title='bbox 3018 5013 3082 5071; x_wconf 79' lang='lat' dir='ltr'><strong>de</strong></span> <span class='ocrx_word' id='word_1_854' title='bbox 3111 5013 3237 5070; x_wconf 68' lang='lat' dir='ltr'><strong>caelo</strong></span> <span class='ocrx_word' id='word_1_855' title='bbox 3265 5015 3548 5070; x_wconf 85' lang='lat' dir='ltr'><strong>descendi:</strong></span> 
     </span>
    </p>
   </div>
   <div class='ocr_carea' id='block_1_110' title="bbox 1953 5108 3544 5183">
    <p class='ocr_par' dir='ltr' id='par_1_110' title="bbox 1953 5108 3544 5183">
     <span class='ocr_line' id='line_1_110' title="bbox 1953 5108 3544 5183; baseline -0.001 -18"><span class='ocrx_word' id='word_1_856' title='bbox 1953 5109 2000 5165; x_wconf 81' lang='lat' dir='ltr'><strong>si</strong></span> <span class='ocrx_word' id='word_1_857' title='bbox 2023 5111 2140 5182; x_wconf 86' lang='lat' dir='ltr'><strong>quis</strong></span> <span class='ocrx_word' id='word_1_858' title='bbox 2169 5108 2563 5164; x_wconf 78' lang='lat' dir='ltr'><strong>ntuuducaverit</strong></span> <span class='ocrx_word' id='word_1_859' title='bbox 2599 5127 2664 5165; x_wconf 79' lang='lat' dir='ltr'><strong>ea:</strong></span> <span class='ocrx_word' id='word_1_860' title='bbox 2705 5111 2801 5166; x_wconf 80' lang='lat' dir='ltr'><strong>hoc</strong></span> <span class='ocrx_word' id='word_1_861' title='bbox 2825 5127 2980 5183; x_wconf 87' lang='lat' dir='ltr'><strong>pane,</strong></span> <span class='ocrx_word' id='word_1_862' title='bbox 3019 5110 3144 5164; x_wconf 82' lang='lat' dir='ltr'><strong>vivet</strong></span> <span class='ocrx_word' id='word_1_863' title='bbox 3173 5108 3227 5162; x_wconf 90' lang='lat' dir='ltr'><strong>in</strong></span> <span class='ocrx_word' id='word_1_864' title='bbox 3253 5119 3504 5164; x_wconf 65' lang='lat' dir='ltr'><strong>aeternum</strong></span> <span class='ocrx_word' id='word_1_865' title='bbox 3525 5152 3544 5180; x_wconf 82' lang='grc'><strong><em>,</em></strong></span> 
     </span>
    </p>
   </div>
   <div class='ocr_carea' id='block_1_111' title="bbox 1956 5189 3548 5282">
    <p class='ocr_par' dir='ltr' id='par_1_111' title="bbox 1956 5189 3548 5282">
     <span class='ocr_line' id='line_1_111' title="bbox 1956 5189 3548 5282; baseline -0.001 -22"><span class='ocrx_word' id='word_1_866' title='bbox 1956 5215 2003 5260; x_wconf 86' lang='lat' dir='ltr'><strong>et</strong></span> <span class='ocrx_word' id='word_1_867' title='bbox 2032 5207 2184 5277; x_wconf 84' lang='lat' dir='ltr'><strong>panis</strong></span> <span class='ocrx_word' id='word_1_868' title='bbox 2215 5221 2367 5282; x_wconf 87' lang='lat' dir='ltr'><strong>quem</strong></span> <span class='ocrx_word' id='word_1_869' title='bbox 2397 5222 2491 5277; x_wconf 88' lang='lat' dir='ltr'><strong>ego</strong></span> <span class='ocrx_word' id='word_1_870' title='bbox 2521 5204 2656 5260; x_wconf 83' lang='lat' dir='ltr'><strong>dabo</strong></span> <span class='ocrx_word' id='word_1_871' title='bbox 2693 5223 2816 5262; x_wconf 86' lang='lat' dir='ltr'><strong>caro</strong></span> <span class='ocrx_word' id='word_1_872' title='bbox 2849 5223 2965 5260; x_wconf 89' lang='lat' dir='ltr'><strong>mea</strong></span> <span class='ocrx_word' id='word_1_873' title='bbox 2992 5213 3067 5259; x_wconf 83' lang='lat' dir='ltr'><strong>est</strong></span> <span class='ocrx_word' id='word_1_874' title='bbox 3107 5220 3202 5276; x_wconf 85' lang='lat' dir='ltr'><strong>pro</strong></span> <span class='ocrx_word' id='word_1_875' title='bbox 3229 5203 3413 5258; x_wconf 85' lang='lat' dir='ltr'><strong>mundi</strong></span> <span class='ocrx_word' id='word_1_876' title='bbox 3443 5189 3548 5258; x_wconf 77' lang='lat' dir='ltr'><strong>vita</strong></span> 
     </span>
    </p>
   </div>
   <div class='ocr_carea' id='block_1_112' title="bbox 1957 5295 3550 5372">
    <p class='ocr_par' dir='ltr' id='par_1_112' title="bbox 1957 5295 3550 5372">
     <span class='ocr_line' id='line_1_112' title="bbox 1957 5295 3550 5372; baseline -0.001 -18"><span class='ocrx_word' id='word_1_877' title='bbox 1957 5297 2138 5371; x_wconf 82' lang='lat' dir='ltr'><strong>(Joan.</strong></span> <span class='ocrx_word' id='word_1_878' title='bbox 2167 5297 2265 5372; x_wconf 80' lang='lat' dir='ltr'><strong>vr).</strong></span> <span class='ocrx_word' id='word_1_879' title='bbox 2295 5300 2360 5354; x_wconf 85' lang='lat' dir='ltr'><strong>Et</strong></span> <span class='ocrx_word' id='word_1_880' title='bbox 2398 5299 2526 5355; x_wconf 87' lang='lat' dir='ltr'><strong>item</strong></span> <span class='ocrx_word' id='word_1_881' title='bbox 2555 5319 2569 5353; x_wconf 88' lang='lat'><strong>:</strong></span> <span class='ocrx_word' id='word_1_882' title='bbox 2600 5299 2714 5369; x_wconf 83' lang='lat' dir='ltr'><strong>Ego</strong></span> <span class='ocrx_word' id='word_1_883' title='bbox 2743 5317 2880 5364; x_wconf 86' lang='lat' dir='ltr'><strong>sum,</strong></span> <span class='ocrx_word' id='word_1_884' title='bbox 2912 5295 3106 5370; x_wconf 88' lang='lat' dir='ltr'><strong>inquit,</strong></span> <span class='ocrx_word' id='word_1_885' title='bbox 3137 5298 3254 5352; x_wconf 76' lang='lat' dir='ltr'><strong>ritis</strong></span> <span class='ocrx_word' id='word_1_886' title='bbox 3279 5315 3420 5358; x_wconf 82' lang='lat' dir='ltr'><strong>vera.</strong></span> <span class='ocrx_word' id='word_1_887' title='bbox 3447 5296 3550 5352; x_wconf 79' lang='lat' dir='ltr'><strong>l’a-</strong></span> 
     </span>
    </p>
   </div>
   <div class='ocr_carea' id='block_1_113' title="bbox 1957 5385 3548 5454">
    <p class='ocr_par' dir='ltr' id='par_1_113' title="bbox 1957 5385 3548 5454">
     <span class='ocr_line' id='line_1_113' title="bbox 1957 5385 3548 5454; baseline -0.001 -10"><span class='ocrx_word' id='word_1_888' title='bbox 1957 5390 2042 5444; x_wconf 90' lang='lat' dir='ltr'><strong>nis</strong></span> <span class='ocrx_word' id='word_1_889' title='bbox 2063 5387 2205 5444; x_wconf 89' lang='lat' dir='ltr'><strong>enim</strong></span> <span class='ocrx_word' id='word_1_890' title='bbox 2239 5389 2335 5444; x_wconf 89' lang='lat' dir='ltr'><strong>Del</strong></span> <span class='ocrx_word' id='word_1_891' title='bbox 2377 5389 2658 5446; x_wconf 89' lang='lat' dir='ltr'><strong>descendit</strong></span> <span class='ocrx_word' id='word_1_892' title='bbox 2685 5389 2750 5444; x_wconf 87' lang='lat' dir='ltr'><strong>de</strong></span> <span class='ocrx_word' id='word_1_893' title='bbox 2780 5385 2949 5454; x_wconf 66' lang='lat' dir='ltr'><strong>caelo,</strong></span> <span class='ocrx_word' id='word_1_894' title='bbox 2977 5396 3032 5442; x_wconf 91' lang='lat' dir='ltr'><strong>et</strong></span> <span class='ocrx_word' id='word_1_895' title='bbox 3061 5387 3152 5442; x_wconf 88' lang='lat' dir='ltr'><strong>dat</strong></span> <span class='ocrx_word' id='word_1_896' title='bbox 3183 5387 3348 5442; x_wconf 89' lang='lat' dir='ltr'><strong>vitam</strong></span> <span class='ocrx_word' id='word_1_897' title='bbox 3387 5405 3548 5443; x_wconf 87' lang='lat' dir='ltr'><strong>mun-</strong></span> 
     </span>
    </p>
   </div>
   <div class='ocr_carea' id='block_1_114' title="bbox 1960 5480 3546 5556">
    <p class='ocr_par' dir='ltr' id='par_1_114' title="bbox 1960 5480 3546 5556">
     <span class='ocr_line' id='line_1_114' title="bbox 1960 5480 3546 5556; baseline -0.003 -16"><span class='ocrx_word' id='word_1_898' title='bbox 1960 5485 2066 5550; x_wconf 92' lang='lat' dir='ltr'><strong>do,</strong></span> <span class='ocrx_word' id='word_1_899' title='bbox 2097 5500 2256 5556; x_wconf 90' lang='lat' dir='ltr'><strong>quem</strong></span> <span class='ocrx_word' id='word_1_900' title='bbox 2299 5483 2462 5538; x_wconf 88' lang='lat' dir='ltr'><strong>Pater</strong></span> <span class='ocrx_word' id='word_1_901' title='bbox 2502 5483 2756 5554; x_wconf 85' lang='lat' dir='ltr'><strong>signavit,</strong></span> <span class='ocrx_word' id='word_1_902' title='bbox 2791 5481 2934 5542; x_wconf 88' lang='lat' dir='ltr'><strong>Deus</strong></span> <span class='ocrx_word' id='word_1_903' title='bbox 2963 5480 3111 5537; x_wconf 89' lang='lat' dir='ltr'><strong>misit</strong></span> <span class='ocrx_word' id='word_1_904' title='bbox 3163 5483 3216 5537; x_wconf 90' lang='lat' dir='ltr'><strong>in</strong></span> <span class='ocrx_word' id='word_1_905' title='bbox 3265 5482 3546 5537; x_wconf 90' lang='lat' dir='ltr'><strong>mundum.</strong></span> 
     </span>
    </p>
   </div>
   <div class='ocr_carea' id='block_1_115' title="bbox 1959 5578 3554 5651">
    <p class='ocr_par' dir='ltr' id='par_1_115' title="bbox 1959 5578 3554 5651">
     <span class='ocr_line' id='line_1_115' title="bbox 1959 5578 3554 5651; baseline 0.001 -15"><span class='ocrx_word' id='word_1_906' title='bbox 1959 5578 2059 5636; x_wconf 86' lang='lat' dir='ltr'><strong>Hic</strong></span> <span class='ocrx_word' id='word_1_907' title='bbox 2087 5589 2170 5636; x_wconf 90' lang='lat' dir='ltr'><strong>est</strong></span> <span class='ocrx_word' id='word_1_908' title='bbox 2199 5581 2356 5651; x_wconf 88' lang='lat' dir='ltr'><strong>panis</strong></span> <span class='ocrx_word' id='word_1_909' title='bbox 2378 5580 2522 5647; x_wconf 66' lang='lat' dir='ltr'><strong>vitae,</strong></span> <span class='ocrx_word' id='word_1_910' title='bbox 2563 5579 2706 5634; x_wconf 91' lang='lat' dir='ltr'><strong>hunc</strong></span> <span class='ocrx_word' id='word_1_911' title='bbox 2735 5579 2828 5649; x_wconf 92' lang='lat' dir='ltr'><strong>qui</strong></span> <span class='ocrx_word' id='word_1_912' title='bbox 2852 5579 3173 5645; x_wconf 87' lang='lat' dir='ltr'><strong>manducat,</strong></span> <span class='ocrx_word' id='word_1_913' title='bbox 3211 5594 3318 5634; x_wconf 88' lang='lat' dir='ltr'><strong>non</strong></span> <span class='ocrx_word' id='word_1_914' title='bbox 3349 5578 3554 5638; x_wconf 73' lang='lat' dir='ltr'><strong>esuriet</strong></span> 
     </span>
    </p>
   </div>
   <div class='ocr_carea' id='block_1_116' title="bbox 1960 5669 3551 5744">
    <p class='ocr_par' dir='ltr' id='par_1_116' title="bbox 1960 5669 3551 5744">
     <span class='ocr_line' id='line_1_116' title="bbox 1960 5669 3551 5744; baseline -0.002 -15"><span class='ocrx_word' id='word_1_915' title='bbox 1960 5671 2012 5729; x_wconf 89' lang='lat' dir='ltr'><strong>in</strong></span> <span class='ocrx_word' id='word_1_916' title='bbox 2041 5681 2327 5730; x_wconf 86' lang='lat' dir='ltr'><strong>aeternum.</strong></span> <span class='ocrx_word' id='word_1_917' title='bbox 2375 5673 2484 5730; x_wconf 89' lang='lat' dir='ltr'><strong>Iste</strong></span> <span class='ocrx_word' id='word_1_918' title='bbox 2509 5671 2665 5744; x_wconf 90' lang='lat' dir='ltr'><strong>panis</strong></span> <span class='ocrx_word' id='word_1_919' title='bbox 2707 5687 2802 5727; x_wconf 91' lang='lat' dir='ltr'><strong>cor</strong></span> <span class='ocrx_word' id='word_1_920' title='bbox 2836 5671 3073 5728; x_wconf 88' lang='lat' dir='ltr'><strong>hominis</strong></span> <span class='ocrx_word' id='word_1_921' title='bbox 3107 5669 3412 5734; x_wconf 87' lang='lat' dir='ltr'><strong>conﬁrmat,</strong></span> <span class='ocrx_word' id='word_1_922' title='bbox 3447 5670 3551 5726; x_wconf 86' lang='lat' dir='ltr'><strong>iste</strong></span> 
     </span>
    </p>
   </div>
   <div class='ocr_carea' id='block_1_117' title="bbox 1959 5765 3610 5839">
    <p class='ocr_par' dir='ltr' id='par_1_117' title="bbox 1959 5765 3610 5839">
     <span class='ocr_line' id='line_1_117' title="bbox 1959 5765 3610 5839; baseline -0.005 -18"><span class='ocrx_word' id='word_1_923' title='bbox 1959 5766 2174 5839; x_wconf 90' lang='lat' dir='ltr'><strong>quidem</strong></span> <span class='ocrx_word' id='word_1_924' title='bbox 2240 5765 2307 5821; x_wconf 92' lang='lat' dir='ltr'><strong>de</strong></span> <span class='ocrx_word' id='word_1_925' title='bbox 2361 5775 2505 5820; x_wconf 90' lang='lat' dir='ltr'><strong>terra</strong></span> <span class='ocrx_word' id='word_1_926' title='bbox 2565 5772 2774 5820; x_wconf 70' lang='lat' dir='ltr'><strong>natura:</strong></span> <span class='ocrx_word' id='word_1_927' title='bbox 2830 5771 3030 5820; x_wconf 64' lang='lat' dir='ltr'><strong>nostra:</strong></span> <span class='ocrx_word' id='word_1_928' title='bbox 3089 5765 3384 5836; x_wconf 86' lang='lat' dir='ltr'><strong>productus</strong></span> <span class='ocrx_word' id='word_1_929' title='bbox 3438 5767 3543 5815; x_wconf 90' lang='lat' dir='ltr'><strong>est.</strong></span> <span class='ocrx_word' id='word_1_930' title='bbox 3605 5823 3610 5838; x_wconf 35' lang='grc' dir='ltr'><em>τ</em></span> 
     </span>
    </p>
   </div>
   <div class='ocr_carea' id='block_1_118' title="bbox 1959 5849 3618 5932">
    <p class='ocr_par' dir='ltr' id='par_1_118' title="bbox 1959 5849 3618 5932">
     <span class='ocr_line' id='line_1_118' title="bbox 1959 5849 3618 5932; baseline -0.006 -16"><span class='ocrx_word' id='word_1_931' title='bbox 1959 5859 2217 5932; x_wconf 86' lang='lat' dir='ltr'><strong>l&#39;studque</strong></span> <span class='ocrx_word' id='word_1_932' title='bbox 2239 5860 2426 5915; x_wconf 80' lang='lat' dir='ltr'><strong>vinum</strong></span> <span class='ocrx_word' id='word_1_933' title='bbox 2457 5857 2696 5916; x_wconf 66' lang='lat' dir='ltr'><strong>laetiﬁcat</strong></span> <span class='ocrx_word' id='word_1_934' title='bbox 2735 5873 2831 5914; x_wconf 85' lang='lat' dir='ltr'><strong>cor</strong></span> <span class='ocrx_word' id='word_1_935' title='bbox 2874 5857 3126 5920; x_wconf 86' lang='lat' dir='ltr'><strong>hominis,</strong></span> <span class='ocrx_word' id='word_1_936' title='bbox 3159 5855 3301 5926; x_wconf 86' lang='lat' dir='ltr'><strong>quod</strong></span> <span class='ocrx_word' id='word_1_937' title='bbox 3341 5867 3408 5908; x_wconf 84' lang='lat' dir='ltr'><strong>ex</strong></span> <span class='ocrx_word' id='word_1_938' title='bbox 3440 5851 3551 5907; x_wconf 78' lang='lat' dir='ltr'><strong>Vite</strong></span> 
     </span>
    </p>
   </div>
   <div class='ocr_carea' id='block_1_119' title="bbox 1959 5944 3553 6030">
    <p class='ocr_par' dir='ltr' id='par_1_119' title="bbox 1959 5944 3553 6030">
     <span class='ocr_line' id='line_1_119' title="bbox 1959 5944 3553 6030; baseline -0.009 -16"><span class='ocrx_word' id='word_1_939' title='bbox 1959 5968 2091 6014; x_wconf 89' lang='lat' dir='ltr'><strong>vera</strong></span> <span class='ocrx_word' id='word_1_940' title='bbox 2119 5952 2404 6030; x_wconf 86' lang='lat' dir='ltr'><strong>processit.</strong></span> <span class='ocrx_word' id='word_1_941' title='bbox 2433 5949 2544 6010; x_wconf 84' lang='lat' dir='ltr'><strong>Nec</strong></span> <span class='ocrx_word' id='word_1_942' title='bbox 2583 5952 2732 6010; x_wconf 88' lang='lat' dir='ltr'><strong>enim</strong></span> <span class='ocrx_word' id='word_1_943' title='bbox 2760 5949 2908 6008; x_wconf 89' lang='lat' dir='ltr'><strong>aliud</strong></span> <span class='ocrx_word' id='word_1_944' title='bbox 2933 5963 3002 6007; x_wconf 80' lang='lat' dir='ltr'><strong>ex</strong></span> <span class='ocrx_word' id='word_1_945' title='bbox 3039 5949 3147 6006; x_wconf 86' lang='lat' dir='ltr'><strong>vite</strong></span> <span class='ocrx_word' id='word_1_946' title='bbox 3174 5961 3336 6020; x_wconf 82' lang='lat' dir='ltr'><strong>quam</strong></span> <span class='ocrx_word' id='word_1_947' title='bbox 3363 5944 3553 6008; x_wconf 80' lang='lat' dir='ltr'><strong>viuum</strong></span> 
     </span>
    </p>
   </div>
  </div>
