3970 6508
456 439 562 498 319

1130 431 1191 487 Β.
1232 428 1487 490 MBAN!
1524 426 1747 487 MAURI
1781 425 2099 489 ARCHIEP.
2142 424 2455 485 MOGUNT.
2496 426 2785 486 OPERUM
2823 417 3005 484 PARS
3038 425 3083 483 1.

427 526 431 530 ἢ
454 550 608 609 nasci
628 554 823 623 potest.
840 546 984 618 Ergo
996 545 1121 616 quia
1142 526 1296 616 panis
1318 543 1561 615 corporis
1589 541 1894 606 conﬁrmat,
1919 541 2041 596 ideo
2065 559 2122 618 Α
2146 539 2280 595 illud
2304 540 2680 597 inaestimabile
2697 549 2754 596 et
2778 539 3090 598 inviolabile
3111 539 3381 598 Dominiel
3403 536 3658 610 corporis
3682 531 3743 597 et

455 646 547 702 ille
571 659 770 714 corpus
817 640 1019 697 Christi
1060 646 1418 710 congruenter
1449 643 1811 706 nuncupatur.
1845 633 2040 689 Vinum

453 745 637 793 autem
676 733 802 804 quia
851 731 1170 804 sanguinem
1211 736 1468 799 operatur
1511 728 1564 781 in
1595 741 1797 793 carne,
1825 727 1946 782 ideo
1973 725 2041 782 ad

391 814 403 827 q
455 830 774 901 sanguinem
820 827 1019 883 Christi
1063 826 1316 882 refertur.
1362 824 1490 881 Haec
1538 832 1720 880 autem
1761 824 1888 880 dum
1917 830 2043 879 sunt

2144 634 2427 704 sanguinis
2453 642 2860 690 sacramentum
2890 643 3159 690 temerare
3182 636 3485 704 praesumit.
3505 634 3606 689 llle
3632 634 3741 690 Do-

2145 725 2351 780 minum
2382 725 2587 792 vendit,
2642 726 2755 796 qui,
2787 725 2906 795 ejus
2957 720 3153 782 timore
3200 734 3363 797 atque
3404 740 3603 781 amore
3640 740 3741 781 ne-

2144 817 2338 889 glecto,
2371 827 2589 875 terrena
2615 834 2713 891 pro
2742 819 2832 875 illo
2863 828 2919 876 et
2959 820 3183 887 caduca,
3216 820 3326 875 imo
3351 820 3523 875 etiam
3554 818 3743 874 crimi-

454 922 689 979 visibilia
734 920 1092 985 sanctiﬁcata,
1136 926 1318 973 tamen
1370 932 1469 988 per
1503 916 1768 986 Spiritum
1795 922 2300 980 sanctumanosa,
2330 914 2555 984 diligere
2605 922 2662 970 et
2702 930 2898 970 curare
2925 914 3287 969 convincitur.
3316 912 3427 970 Sed
3458 914 3517 968 in
3548 928 3736 968 saera-

428 1010 510 1071 'in
542 1022 942 1070 sacramentum
971 1012 1137 1067 divini
1167 1011 1413 1081 corporis
1435 1017 1735 1064 transeunt.
1769 1007 1922 1077 Quod
1947 1024 2044 1064 au-

453 1116 563 1163 tem
605 1122 800 1178 panem
831 1105 1083 1162 sacriﬁcii
1132 1105 1250 1161 sine
1291 1104 1561 1160 fermento
1604 1119 1724 1159 esse
1772 1111 2038 1173 oporteat,

452 1208 688 1256 testatur
726 1201 862 1256 liber
891 1200 1186 1266 Leviticus,
1230 1199 1323 1254 ubi
1354 1207 1811 1255 commemoratur
1860 1198 2044 1253 Domi-

452 1309 581 1348 num
614 1310 712 1364 per
755 1293 973 1365 Moysen
1005 1292 1132 1349 ﬁliis
1158 1292 1323 1348 Israel
1350 1293 1426 1347 ita
1451 1293 1797 1363 praecepisse.
1836 1291 2038 1358 Omnis,

454 1386 650 1460 inquit,
686 1389 881 1444 oblatio
902 1407 1018 1461 quae
1039 1390 1261 1459 offertur
1288 1388 1516 1443 Domino
1552 1388 1743 1459 absque
1788 1388 2042 1458 fermento

452 1482 570 1551 ﬁat,
604 1499 697 1536 nec
738 1482 1026 1553 quidquam
1056 1481 1299 1551 fermenti
1344 1499 1405 1535 ac
1451 1480 1619 1535 mellis
1665 1480 1958 1534 adolebitur
1986 1481 2043 1535 in

452 1573 714 1641 sacri/icio
771 1572 985 1627 Domini
1035 1572 1218 1646 (Leuit.
1268 1571 1409 1643 νηί).
1460 1571 1745 1628 Credimus
1801 1586 1930 1643 ergo
1988 1580 2043 1627 et

450 1682 646 1736 panem
678 1668 827 1723 illum
858 1683 1019 1738 quem
1064 1668 1301 1739 primum
1333 1666 1595 1721 Dominus
1646 1667 1700 1721 in
1742 1681 1898 1721 coma
1926 1681 2043 1737 my-

452 1761 590 1815 stica
640 1762 693 1816 in
720 1762 1039 1833 mysterium
1068 1760 1315 1832 corporis
1349 1761 1433 1815 sui
1476 1759 1837 1822 consecravit,
1875 1757 2042 1813 infer-

446 1862 751 1923 mentatum
785 1869 924 1919 esse,
967 1854 1203 1908 maxime
1254 1869 1379 1909 cum
1434 1852 1489 1907 in
1542 1861 1782 1921 tempore
1827 1852 2040 1920 paschae

2142 1014 2328 1060 mento
2373 1006 2556 1061 vinum
2601 1021 2742 1077 aqua
2788 1007 3007 1062 mistum
3063 1005 3245 1061 otl‘erri
3276 1006 3469 1073 debet,
3505 1005 3639 1076 quia
3685 1005 3737 1060 in

2144 1098 2433 1170 Evangelio
2459 1100 2654 1171 legitur
2679 1101 2823 1171 quod
2851 1115 2975 1156 cum
3005 1100 3306 1170 aperuisset
3328 1114 3474 1154 unus
3504 1097 3737 1152 militum

2143 1191 2329 1247 lancea
2361 1192 2500 1247 latus
2526 1192 2674 1262 Jesu,
2706 1193 2962 1247 continuo
2983 1192 3177 1248 exierit
3219 1192 3439 1263 sanguis
3487 1197 3545 1246 et
3576 1206 3733 1260 aqua.

2142 1283 2236 1340 llle
2263 1287 2407 1340 enim
2449 1287 2667 1356 sanguis
2698 1287 2751 1340 in
2780 1286 3152 1341 remissionem
3177 1284 3329 1341 fusus
3368 1294 3454 1340 est
3485 1293 3741 1355 peceato-

2144 1393 2287 1444 rum,
2315 1394 2456 1448 aqua
2484 1378 2572 1433 illa
2624 1378 2864 1434 salutare
2902 1387 3170 1449 temperat
3198 1377 3452 1449 poculum
3495 1378 3649 1443 haec,
3689 1386 3741 1433 et

2142 1470 2415 1527 lavacrum
2456 1480 2679 1543 praestat
2730 1480 2785 1527 et
2829 1482 3036 1542 potum.
3098 1471 3302 1528 Neuter
3357 1487 3511 1549 ergo‘
3545 1472 3740 1527 horum
3766 1505 3787 1571 ὁ.

2143 1563 2260 1619 sine
2316 1564 2488 1620 altero
2523 1566 2578 1620 in
2625 1564 2900 1622 sacriﬁcio
2947 1566 3106 1621 debet
3152 1565 3359 1632 offerri,
3407 1581 3516 1621 nec
3552 1563 3773 1621 vinun‘

2143 1657 2261 1710 sine
2286 1672 2444 1728 aqua,
2474 1673 2576 1714 nec
2600 1674 2739 1729 aqua
2770 1660 2886 1714 sine
2911 1659 3060 1725 vino,
3084 1658 3211 1728 quia
3251 1666 3307 1713 et
3340 1673 3441 1712 nos
3474 1658 3533 1711 in
3578 1657 3769 1745 Cbri-t

2143 1759 2248 1817 sto,
2279 1760 2336 1807 et
2384 1752 2439 1806 in
2496 1753 2651 1809 nobis
2696 1752 2974 1808 Christum
3022 1767 3244 1806 manere
3297 1758 3541 1820 oportet,
3598 1748 3769 1819 quod,

2140 1845 2378 1899 ostendit
2396 1853 2616 1899 sanctus
2640 1844 2945 1915 Cyprianus
2972 1844 3047 1898 ita
3068 1843 3255 1898 dicens
3290 1858 3303 1896 :
3335 1840 3514 1905 Calix,
3542 1824 3772 1922 inqng

447 1946 652 2001 nullum
679 1947 1003 2003 fermentum
1025 1948 1278 2017 cuiquam
1315 1946 1487 2012 vesci,
1515 1947 1609 2001 sed
1642 1961 1742 2001 nec
1781 1946 1835 1999 in
1878 1945 2040 2000 domo
2069 1947 2117 2009 B
2145 1936 2461 1992 Dominicus
2510 1937 2638 1992 Vino
2687 1938 2880 1991 mistus
2918 1924 3180 2000 lOﬂ‘el'lllT.
3231 1934 3357 2005 quia
3405 1932 3665 1987 Videmus
3690 1932 3741 1985 in

447 2036 651 2093 habere
676 2038 771 2092 ulli
798 2038 1015 2106 licebat,
1049 2040 1280 2094 Domino
1308 2038 1439 2095 illud
1464 2039 1519 2093 in
1550 2038 1667 2110 lege
1690 2039 2039 2109 przecipiente

448 2144 514 2184 ac
548 2130 779 2195 dicente,
814 2133 954 2187 sicut
988 2133 1205 2188 Exodus
1238 2141 1491 2188 testatur.
1525 2130 1708 2187 Primo
1738 2150 1933 2198 mense,
1961 2133 2043 2187 in-

445 2223 585 2293 quit,
614 2225 1010 2294 quartadecima
1036 2226 1122 2280 die
1146 2227 1342 2281 mensis
1373 2227 1442 2280 ad
1466 2243 1754 2298 vesperam,
1805 2226 2040 2281 comede-

445 2315 513 2370 tis
544 2333 733 2387 azyma
766 2334 930 2389 usque
958 2318 1028 2372 ad
1068 2320 1205 2374 diem
1246 2320 1543 2374 vicesimam
1571 2320 1806 2389 ejusdem
1847 2322 2039 2377 mensis

445 2409 513 2462 ad
564 2426 862 2479 vesperam;
900 2418 1095 2481 septem
1133 2410 1314 2465 diebus
1346 2427 1450 2464 non
1494 2411 1787 2465 invenietur
1818 2411 2041 2480 fermen-

445 2508 555 2554 tum
579 2501 635 2554 in
673 2501 913 2556 domibus
934 2503 1149 2567 uestris;
1188 2503 1279 2571 qui
1328 2501 1609 2555 comederit
1648 2500 2038 2571 fermentatum,

443 2590 631 2659 peribit
675 2592 855 2645 anima
906 2608 1004 2646 sua
1049 2591 1114 2646 de
1163 2601 1295 2646 caztu
1326 2589 1536 2659 Israel,
1598 2601 1704 2645 tam
1735 2592 1799 2646 de
1827 2592 2041 2648 aduenis

444 2695 604 2749 quam
644 2680 907 2751 indigenis
956 2690 1108 2737 terra:
1155 2682 1353 2755 (Exod.
1394 2681 1515 2753 xu).
1560 2683 1628 2737 Et
1675 2684 1838 2753 paulo
1878 2695 2036 2754 post:

446 2770 667 2840 Azyma,
698 2771 893 2842 inquit,
922 2774 1202 2830 comedetis
1225 2786 1417 2847 septem
1450 2776 1653 2843 diebus,
1681 2794 1785 2832 non
1815 2794 2038 2849 appare-

444 2860 519 2915 bit
543 2863 685 2932 apud
709 2872 758 2918 te
775 2864 977 2937 aliquid
1006 2867 1395 2936 fermentatum,
1422 2885 1513 2923 nec
1538 2869 1593 2922 in
1619 2870 1817 2923 cunctis
1843 2869 2041 2938 ﬁnibus

396 2946 397 2949 “
445 2956 549 3010 tuis
568 2996 583 3021 ,
613 2965 669 3011 et
697 2957 926 3028 reliqua.
959 2958 1112 3027 Quod
1143 2976 1275 3033 ergo
1304 2977 1480 3032 neque
1506 2961 1561 3016 in
1590 2962 1748 3017 domo
1780 2977 1953 3032 neque
1982 2963 2039 3018 in

446 3044 643 3102 ﬁnibus
685 3050 897 3105 cunctis
935 3064 1125 3105 eorum
1176 3051 1374 3121 populo
1421 3051 1517 3105 Dei
1565 3051 1767 3107 habere
1817 3051 2035 3118 licebat,

445 3136 775 3207 superfluum
823 3147 908 3195 est
950 3140 1204 3195 arbitrari
1253 3142 1307 3195 id
1341 3142 1628 3196 Dominum
1658 3142 1791 3197 foris
1843 3142 2036 3213 exqui-

445 3227 599 3283 sisse.
632 3229 770 3296 Quid
816 3240 998 3287 autem
1055 3231 1185 3287 illud
1223 3233 1509 3305 signiﬁcet,
1563 3234 1705 3303 quod
1743 3233 1798 3288 in
1828 3232 2036 3289 Pascha

2144 2044 2283 2099 aqua
2337 2029 2592 2100 populum
2634 2028 2885 2100 intelligi,
2918 2029 2973 2083 in
2999 2029 3125 2083 vino
3165 2043 3297 2082 vero
3345 2026 3566 2082 ostendi
3616 2039 3739 2079 san-

2144 2121 2362 2192 guinem
2396 2121 2619 2177 Christi.
2654 2121 2880 2189 Quando
2912 2129 3094 2176 autem
3139 2121 3193 2174 in
3223 2119 3396 2175 calice
3443 2134 3590 2189 aqua
3618 2119 3743 2172 vino

2143 2216 2421 2281 miscetur,
2454 2215 2669 2271 Christo
2708 2215 2937 2286 populus
2980 2215 3270 2280 adunatur,
3304 2220 3359 2269 et
3395 2212 3742 2267 credentium

2140 2296 2294 2377 plebs
2329 2307 2381 2363 ei
2424 2307 2482 2362 in
2511 2323 2674 2379 quem
2698 2308 2871 2363 credit
2911 2307 3194 2378 copulatur
3218 2314 3275 2361 et
3305 2305 3581 2377 jungitur.
3613 2304 3743 2370 Qua

2143 2401 2413 2471 copulatio
2442 2410 2498 2457 et
2537 2403 2848 2474 conjunctio
2876 2417 3032 2473 aquae
3075 2411 3132 2456 et
3178 2401 3288 2455 vini
3340 2400 3423 2455 sic
3474 2400 3746 2454 miscetur

2143 2499 2198 2550 in
2226 2497 2393 2552 calice
2421 2496 2655 2563 Domini,
2690 2506 2752 2552 ut
2775 2498 3083 2553 commistio
3128 2498 3219 2552 illa
3266 2499 3335 2553 ab
3360 2498 3602 2553 invicem
3634 2511 3744 2551 non

2142 2589 2315 2659 possit
2356 2590 2622 2660 separari,
2654 2591 2730 2645 ita
2785 2605 2886 2647 nec
2941 2590 3186 2647 Ecclesia
3217 2606 3248 2645 a
3289 2589 3513 2645 Christo
3564 2596 3748 2659 potest

2143 2678 2307 2733 dividi
2333 2687 2388 2735 et
2421 2680 2685 2751 separari,
2715 2692 2819 2737 etc.
2847 2681 3156 2738 Attestante
3176 2682 3321 2738 enim
3345 2681 3584 2749 Joanne,
3600 2696 3742 2752 aqua
3815 2696 3819 2700 '

2141 2771 2323 2860 populi
2351 2780 2506 2840 sunt;
2541 2782 2597 2829 et
2648 2790 2825 2845 neque
2872 2791 3067 2846 aquam
3109 2776 3278 2831 solam
3314 2792 3492 2846 neque
3551 2776 3740 2830 vinum

2144 2864 2337 2929 solum,
2361 2865 2502 2921 sicut
2527 2882 2627 2922 nec
2656 2882 2884 2938 granum
2907 2867 3169 2924 frumenti
3214 2868 3387 2924 solum
3427 2869 3550 2923 sine
3589 2882 3745 2937 aqua

2143 2957 2469 3013 admistione
2496 2967 2553 3013 et
2582 2958 2923 3015 confectione
2968 2960 3023 3014 in
3074 2974 3269 3030 panem
3321 2959 3585 3029 cuiquam
3616 2958 3743 3013 lica

2141 3048 2357 3127 offerre,
2387 3066 2456 3106 ne
2489 3050 2743 3107 videlicet
2774 3053 2899 3109 talis
2946 3053 3148 3108 oblatio
3180 3062 3341 3123 caput
3391 3068 3422 3106 a
3472 3050 3743 3107 membris

2141 3142 2532 3197 sccernendum
2584 3158 2704 3198 esse
2749 3143 3036 3216 signiﬁcet,
3068 3152 3123 3199 et
3165 3144 3251 3199 vel
3298 3143 3583 3199 Christum
3623 3143 3746 3198 sine

2141 3242 2341 3289 nostra:
2384 3235 2773 3305 redemptionis
2825 3252 3009 3292 amore
3054 3236 3294 3308 potuisse
3344 3235 3481 3305 pati,
3509 3234 3601 3290 vel
3640 3249 3743 3289 nos

443 3320 657 3377 comedi
683 3322 909 3377 vetitum
951 3332 1072 3379 erat
1100 3325 1339 3380 ostendit
1382 3325 1695 3396 Apostolus,
1723 3334 1779 3381 et
1821 3326 2038 3396 paschae
2064 3318 2109 3381 C
2142 3324 2259 3379 sine
2310 3324 2452 3380 illius
2501 3326 2753 3396 passione
2802 3326 3024 3392 salvari,
3057 3342 3121 3381 ac
3161 3325 3310 3380 Patri
3337 3324 3539 3381 oll‘erre
3578 3338 3745 3394 posse

442 3422 499 3468 ct
544 3430 859 3484 azymorum
908 3417 1175 3471 rationem
1235 3417 1677 3474 manifestissima
1724 3418 2038 3474 narratione

446 3518 739 3575 exponens.
770 3507 840 3561 Et
867 3510 1026 3575 enim,
1061 3509 1266 3579 inquit,
1301 3507 1513 3564 Pascha
1536 3519 1771 3565 nostrum
1795 3508 2040 3565 immola-

448 3605 530 3650 tus
578 3606 651 3650 est
693 3597 953 3664 Christus,
998 3600 1175 3670 itaque
1220 3597 1511 3670 epulemur,
1548 3616 1653 3654 non
1697 3601 1754 3655 in
1784 3600 2038 3669 fermento

447 3688 667 3743 malitia:
703 3698 753 3744 et
798 3691 1062 3761 nequitiae,
1091 3692 1181 3745 sed
1218 3692 1274 3745 in
1302 3691 1503 3763 azymis
1530 3690 1847 3745 sinceritatis
1871 3700 1920 3745 et
1948 3707 2038 3745 ve-

446 3783 614 3836 ritatis
639 3780 704 3853 (Ι
740 3781 863 3837 Cor.
893 3784 992 3854 x1).
1024 3782 1343 3853 Quicunque
1377 3798 1507 3854 ergo
1545 3784 1613 3838 ad
1642 3797 1885 3838 mensam
1935 3783 2040 3838 Do-

446 3874 580 3928 mini
631 3874 720 3929 ubi
768 3874 905 3948 Agni
965 3876 1301 3932 immaculati
1346 3884 1401 3931 et
1448 3875 1864 3931 incontaminati
1910 3889 2040 3930 caro

446 3972 747 4035 mactatur,
763 3977 820 4023 et
840 3968 932 4024 ubi
960 3971 1268 4025 veneranda
1292 3970 1551 4041 mysteria
1574 3968 1847 4038 passionis
1871 3975 1929 4022 et
1948 3983 2037 4023 re-

448 4060 804 4115 surrectionis
829 4060 949 4131 ejus
975 4076 1008 4114 a
1025 4060 1274 4116 ﬁdelibus
1295 4060 1660 4126 celebrantur,
1697 4060 1889 4128 plenus
1915 4058 2038 4115 dolo

446 4161 608 4222 atque
639 4153 844 4207 malitia
889 4154 1136 4220 accedat,
1164 4163 1221 4210 et
1265 4161 1357 4208 aut
1389 4153 1520 4218 odii,
1553 4162 1645 4207 aut
1676 4153 1914 4218 invidiae,
1942 4161 2038 4209 aut

449 4245 713 4309 avaritiae,
746 4257 841 4300 aut
870 4246 1121 4312 luxuriae,
1144 4247 1356 4302 facibus
1398 4261 1681 4312 accensus,
1702 4261 1898 4315 corpus
1932 4246 2039 4301 Do-

445 4339 578 4394 mini
627 4339 909 4409 percipere
958 4354 1066 4393 non
1121 4338 1336 4405 metuit,
1383 4338 1680 4394 verendum
1724 4346 1809 4393 cst
1849 4352 1917 4391 ne
1945 4336 2038 4391 ubi

444 4432 612 4486 vitam
642 4432 890 4501 accipere
939 4431 1124 4486 debuit
1154 4431 1421 4499 judicium
1477 4429 1843 4485 damnationis
1890 4430 2039 4484 inve-

445 4529 580 4593 niat,
609 4535 666 4583 et
704 4527 877 4599 magis
913 4527 1170 4582 incitetur
1202 4527 1269 4582 ad
1299 4540 1540 4597 pmnam,
1593 4540 1756 4596 quam
1792 4524 2040 4579 retraha-

445 4628 534 4676 tur
563 4623 629 4677 ad
664 4623 896 4678 veniam.
950 4622 1226 4692 Scriptum
1269 4629 1354 4678 est
1397 4622 1544 4677 enim
1574 4620 1639 4675 de
1688 4619 1825 4675 Juda
1853 4618 2039 4689 prodi-

446 4724 582 4779 tore,
631 4716 723 4785 qui
778 4715 1044 4786 malignus
1099 4715 1168 4770 ad
1219 4730 1464 4770 mensam
1509 4713 1722 4769 Domini
1768 4711 2034 4777 accessit,

446 4818 501 4863 et
555 4809 697 4863 sacri
733 4809 966 4863 convivii
1015 4810 1286 4879 particeps
1329 4821 1451 4863 esse
1498 4822 1604 4861 non
1655 4804 1853 4869 timuit,
1893 4803 2038 4873 quod

443 4905 566 4969 post
610 4897 909 4952 huccellam
937 4898 1121 4954 statim
1173 4899 1451 4954 introisset
1504 4897 1557 4951 in
1603 4911 1726 4951 eum
1779 4894 2034 4959 Satanas,

445 4991 813 5060 Dominusque
842 4990 892 5047 ei
919 4990 1163 5045 dixerit:
1213 4990 1365 5058 Quod
1406 4986 1562 5060 facis,
1604 4989 1690 5059 fac
1715 4988 1890 5052 citius,
1942 4985 2034 5057 qui

448 5098 571 5137 mox
614 5083 666 5138 id
698 5082 845 5155 quod
868 5083 1021 5152 prius
1047 5081 1263 5138 latendo
1311 5083 1751 5146 machinabatur,
1778 5078 2035 5135 continuo

447 5174 659 5241 exiens,
714 5175 940 5230 insania:
971 5191 1081 5230 sua:
1120 5174 1466 5231 manifestum
1508 5172 1698 5228 effudit
1729 5171 1903 5233 virus,
1958 5171 2035 5226 ita

448 5277 508 5323 ut
531 5283 654 5322 eum
688 5270 844 5324 turba
893 5269 1059 5324 multa
1098 5270 1289 5342 gladiis
1332 5279 1387 5323 et
1438 5266 1698 5329 fustibus,
1745 5263 1953 5319 facibus
1981 5273 2035 5321 et

448 5361 640 5425 armis,
677 5360 938 5417 instructa
987 5361 1052 5417 ad
1089 5376 1213 5417 eum
1245 5369 1501 5429 tanquam
1537 5358 1605 5412 ad
1654 5356 1917 5410 latronem
1945 5370 2036 5411 ca-

446 5456 702 5528 piendum
738 5457 976 5524 veniret,
1010 5456 1101 5527 qui
1148 5455 1285 5511 mori
1315 5454 1458 5508 ultro
1498 5460 1741 5507 venerat.
1772 5449 1874 5518 Qui
1905 5466 2034 5523 ergo

448 5550 663 5607 insidiis
692 5561 872 5606 mente
923 5550 1175 5616 conditis,
1210 5548 1299 5620 qui
1339 5546 1655 5619 prmcordiis
1706 5545 1886 5615 aliquo
1919 5560 2034 5601 sce-

447 5643 557 5700 lere
604 5643 822 5714 pollutis
872 5643 1255 5716 mysteriornm
1295 5638 1498 5696 Christi
1553 5638 1916 5695 oblationibus
1950 5653 2037 5693 sa-

446 5738 749 5793 crosanctis
776 5735 1104 5809 participare
1130 5749 1235 5788 non
1282 5731 1489 5796 metuit,
1520 5730 1609 5787 ille
1637 5731 1691 5785 in
1729 5728 2035 5799 exemplum

447 5829 598 5885 Judae
627 5829 822 5884 Filium
874 5826 1113 5883 hominis
1156 5825 1347 5893 tradit,
1393 5839 1501 5879 non
1549 5824 1768 5895 quidem
1815 5821 2032 5888 Judzeis,

408 5948 421 5963 ι
447 5923 543 5982 sed
585 5921 1000 5996 peccatoribus,
1046 5919 1307 5978 membris
1357 5916 1609 5976 videlicet
1666 5916 1802 5984 suis,
1839 5914 2036 5987 quibus

2140 3414 2393 3471 conﬁdat.
2427 3414 2615 3486 Neque
2634 3418 2779 3472 enim
2811 3418 2888 3472 illi
2933 3418 3184 3473 audiendi
3226 3425 3351 3472 sunt
3388 3418 3480 3486 qui
3534 3432 3740 3487 aquam

2141 3507 2259 3562 sine
2286 3506 2412 3562 vino
2435 3508 2490 3562 in
2519 3508 2688 3563 calice
2708 3508 2961 3575 offerunt,
3000 3518 3189 3565 contra
3236 3523 3373 3580 quos
3398 3508 3568 3563 etiam
3615 3524 3743 3579 par-

2144 3607 2254 3654 tem
2275 3598 2497 3670 capituli
2525 3600 2593 3655 de
2640 3599 2776 3655 libro
2805 3601 3049 3671 prmdicti
3078 3600 3337 3672 martyris
3361 3598 3653 3669 Cypriani,
3684 3600 3740 3654 in

2142 3705 2251 3760 quo
2278 3690 2345 3745 de
2376 3699 2719 3746 sacramento
2740 3691 2928 3747 calicis
2954 3691 3196 3761 disputat
3225 3705 3512 3763 ponamus.
3553 3689 3739 3746 Solvi-

2143 3792 2233 3839 tur
2257 3784 2458 3854 quippe
2487 3783 2562 3839 ibi
2601 3784 2831 3854 quaestio
2862 3785 2916 3839 in
2952 3799 3060 3854 qua
3091 3783 3356 3854 quaeritur
3382 3791 3570 3838 utrum
3595 3783 3744 3839 calix

2143 3876 2457 3931 Dominicus
2496 3891 2695 3946 aquam
2729 3877 2919 3943 solam,
2966 3882 3060 3932 aut
3101 3891 3221 3932 eam
3262 3875 3316 3929 in
3343 3875 3475 3929 vino
3516 3875 3742 3930 mistam

2143 3969 2335 4024 debeat
2358 3968 2597 4024 habere?
2633 3967 2761 4025 Post
2786 3969 3110 4040 principium
3136 3983 3267 4039 ergo
3299 3966 3548 4037 epistolae
3592 3967 3743 4022 idem

2142 4067 2350 4129 martyr
2370 4057 2483 4127 jam
2529 4058 2740 4115 solvere
2775 4058 3038 4127 incipiens
3088 4057 3434 4129 praepositam
3474 4056 3740 4128 quaestio-

2141 4168 2288 4219 nem,
2337 4153 2410 4207 ita
2440 4152 2681 4222 loquitur
2706 4168 2720 4206 :
2765 4152 3088 4209 Admonitos
3116 4161 3297 4206 autem
3322 4166 3424 4206 nos
3448 4150 3617 4214 scias,
3652 4149 3736 4203 in-

2141 4248 2281 4317 quit,
2304 4256 2364 4299 ut
2393 4245 2448 4301 in
2490 4245 2660 4301 calice
2689 4244 2963 4301 offerenda
2992 4245 3271 4301 Dominica
3301 4244 3523 4300 traditio
3552 4258 3741 4299 serve-

2144 4349 2252 4405 tur,
2292 4355 2470 4409 neque
2520 4341 2665 4395 enim
2704 4340 2853 4396 aliud
2881 4340 2979 4395 ﬁat
3017 4357 3048 4395 a
3073 4341 3231 4397 nobis
3254 4356 3418 4412 quam
3462 4342 3612 4410 quod
3640 4356 3740 4412 pro

2142 4434 2299 4490 nobis
2326 4433 2587 4489 Dominus
2618 4435 2771 4505 prior
2812 4434 2961 4500 fecit,
2986 4441 3046 4489 ut
3080 4434 3220 4490 calix
3255 4434 3345 4504 qui
3396 4434 3451 4488 in
3493 4448 3741 4490 comme-

2141 4529 2501 4585 morationem
2526 4529 2642 4598 ejus
2666 4529 2895 4585 oﬁ'ertur
2914 4530 3107 4585 mistus
3133 4529 3261 4583 vino
3287 4527 3569 4584 offeratur.
3599 4528 3739 4584 Nam

2143 4627 2277 4683 dicit
2314 4626 2564 4683 Christus
2595 4645 2610 4682 :
2640 4626 2755 4697 Ego
2780 4644 2898 4682 sum
2932 4627 3050 4681 uitis
3097 4643 3236 4681 vera.
3265 4623 3498 4695 Sanguis
3534 4624 3739 4680 Christi

2145 4733 2253 4775 non
2282 4734 2421 4788 aqua
2465 4726 2549 4774 est
2579 4719 2788 4789 utique,
2818 4718 2912 4773 sed
2940 4718 3154 4784 vinum;
3210 4730 3312 4772 nec
3359 4722 3541 4786 potest
3565 4716 3737 4771 videri

2146 4811 2365 4882 sanguis
2386 4810 2502 4879 ejus
2524 4826 2632 4880 quo
2662 4809 2927 4881 redempti
2941 4818 2996 4865 et
3003 4808 3287 4878 justiﬁcati
3316 4822 3526 4872 sumus,
3544 4821 3669 4862 esse
3684 4807 3735 4861 in

2145 4905 2333 4969 calice,
2351 4905 2569 4975 quando
2604 4905 2792 4959 vinum
2818 4903 2959 4959 desit
2987 4903 3143 4959 calici
3160 4918 3269 4973 quo
3284 4900 3487 4957 Christi
3511 4900 3736 4972 sanguis

2143 4997 2467 5065 ostenditur,
2495 4998 2586 5068 qni
2610 4996 3013 5068 Seripturarum
3034 4995 3275 5050 omnium
3299 5002 3651 5050 sacramento
3676 5007 3739 5048 ac

2146 5092 2457 5149 testimonio
2506 5091 2851 5162 praedicetur.
2881 5089 3190 5145 Invenimus
3236 5088 3382 5142 enim
3430 5086 3486 5142 in
3532 5086 3738 5142 Genesi

2142 5188 2289 5244 circa
2321 5192 2718 5241 sacramentum
2753 5182 2867 5239 Noe
2917 5184 3021 5237 hoc
3067 5183 3209 5238 idem
3254 5181 3630 5252 praecum-isse,
3682 5189 3738 5237 et

2142 5280 2371 5351 ﬁguram
2402 5277 2696 5332 Dominicae
2722 5273 2993 5346 passionis
3020 5272 3131 5327 illic
3156 5271 3454 5338 exstitisse,
3478 5273 3626 5343 quod
3655 5273 3738 5327 vi-

2141 5386 2270 5425 num
2307 5368 2462 5433 bibit,
2496 5366 2642 5438 quod
2674 5365 2976 5421 inebriatus
3002 5371 3108 5428 est,
3137 5363 3281 5433 quod
3318 5363 3372 5418 in
3412 5363 3579 5419 domo
3634 5379 3733 5419 sua

2139 5461 2375 5518 nudatus
2403 5468 2503 5527 est,
2536 5458 2678 5530 quod
2710 5456 2812 5513 fuit
2839 5456 3159 5511 recumbens
3184 5457 3384 5522 nudus,
3413 5462 3471 5512 et
3513 5458 3731 5526 patien~

2142 5556 2287 5612 tibus
2334 5554 2656 5619 femoribus,
2685 5549 2830 5622 quod
2877 5548 3095 5605 nuditas
3140 5548 3231 5603 illa
3265 5549 3441 5619 patris
3487 5566 3519 5604 a
3551 5550 3733 5605 medio

2142 5648 2252 5704 ﬁlio
2280 5647 2481 5702 nudata
2506 5653 2617 5710 est,
2647 5658 2680 5698 a
2705 5640 2909 5711 majore
2936 5655 3065 5697 vero
3110 5648 3165 5695 et
3210 5640 3422 5694 minore
3453 5647 3728 5703 contecta,

2138 5754 2195 5800 et
2221 5750 2433 5803 caetera,
2468 5754 2589 5808 quae
2618 5752 2724 5792 non
2766 5744 2851 5790 est
2889 5747 3110 5789 necesse
3144 5747 3287 5787 nunc
3324 5731 3572 5801 exsequi,
3603 5731 3731 5801 quia

2140 5850 2264 5893 cum
2295 5831 2430 5888 satis
2449 5830 2520 5886 sit
2549 5830 2652 5885 hoc
2676 5828 2849 5886 solum
2870 5824 3179 5897 complecti,
3207 5824 3353 5894 quod
3396 5822 3512 5879 Noe
3540 5831 3731 5895 typum
3802 5831 3812 5839 '

2137 5930 2334 5986 futura:
2357 5924 2604 5984 veritatis
2628 5921 2997 5988 ostendamus,
3025 5934 3134 5976 non
3177 5931 3373 5989 aquam
3410 5914 3509 5973 sed
3535 5916 3727 5971 vinum

3922 560 3925 631 4
