3970 6466
176 167 365 201 ““”.*κ

1036 436 1124 496 DE
1161 436 1609 498 CLERICORUM
1643 436 2153 511 INSTITUTIONE,
2193 438 2345 497 ETG.
2389 470 2462 483 —-
2496 439 2627 498 LIB.
2665 438 2708 498 I.

3390 426 3515 498 δεῖ

327 562 437 628 erit,
467 566 525 616 et
549 560 629 616 sic
649 559 941 631 imaginem
966 558 1262 619 Dominicze
1287 565 1559 634 passionis
1588 579 1808 634 expres-
1832 563 1888 624 Α
1909 575 2102 616 menus
2124 560 2407 627 remansit,
2460 566 2620 616 exeat
2653 559 2837 626 foras;
2884 566 2941 614 et
2970 557 3096 615 inde
3135 557 3327 627 missa,
3369 556 3509 630 quia

315 654 373 711 it.
400 651 535 725 Item
566 651 623 707 in
644 651 925 707 sacerdote
952 651 1370 722 Melchisedech,
1410 656 1514 712 hoc
1541 656 1810 713 Dominici

321 744 557 801 ramenti
604 742 1004 813 praetiguratum
1049 744 1296 801 videmus
1344 747 1687 818 mysterium,
1730 763 1814 804 se-

336 840 457 895 clum
483 836 627 908 quod
659 836 939 908 Scriptura
965 837 1151 894 divina
1180 847 1431 908 testatur,
1460 849 1516 897 et
1536 842 1669 898 dicit
1697 860 1710 896 :
1744 840 1813 896 Et

314 931 604 987 lchisedech
647 948 739 986 rea:
781 931 963 988 Solem
1009 931 1228 1003 protulit
1277 950 1465 1005 panem
1512 943 1561 989 et
1600 935 1810 1001 vinum;

212 1065 229 1095 ι
286 1025 324 1079 it
347 1034 521 1078 autem
545 1023 790 1078 sacerdos
820 1022 918 1078 Dei
939 1026 1152 1089 summi,
1183 1033 1231 1080 et
1262 1025 1522 1082 benedixit
1545 1028 1812 1082 Abraham

214 1114 393 1188 (Gen.
426 1115 562 1189 xrv).
590 1115 743 1183 Quod
766 1124 944 1170 autem
971 1115 1368 1173 Melchisedech
1395 1127 1582 1190 typum
1611 1120 1813 1176 Christi
1860 1152 1863 1155 -

212 1218 483 1280 portaret,
519 1209 761 1266 declarat
795 1209 852 1263 in
897 1209 1128 1265 Psalmis
1171 1208 1405 1281 Spiritus
1470 1220 1691 1269 sanctus
1743 1230 1813 1269 ex

214 1317 457 1373 persona
508 1300 690 1357 Patris
720 1302 788 1357 ad
835 1301 1004 1356 ﬁlium
1046 1302 1232 1358 dicens
1290 1321 1304 1357 :
1355 1304 1488 1358 Ante
1535 1303 1813 1374 luciferum

213 1396 376 1466 genui
405 1405 473 1460 te,
516 1405 573 1449 tu
600 1411 654 1450 es
682 1394 927 1449 sacerdos
970 1395 1026 1449 in
1078 1403 1330 1450 internum
1356 1397 1641 1451 secundum
1672 1397 1817 1451 ordi-

214 1502 341 1540 nem
366 1484 745 1540 Melchisedech
771 1483 946 1557 (Psal.
976 1484 1108 1557 οη).
1141 1486 1337 1541 Dicunt
1363 1486 1550 1556 aliqui,
1578 1485 1683 1541 nisi
1717 1486 1816 1541 ali-

215 1592 332 1646 quo
385 1575 759 1631 intercedente
808 1586 1073 1648 peccato,
1124 1575 1525 1632 Eucharistiam
1575 1577 1816 1648 quotidie

214 1666 611 1736 accipiendam.
642 1665 799 1722 Hunc
850 1668 995 1722 enim
1025 1682 1219 1738 panem
1259 1667 1502 1738 quotidie
1545 1668 1664 1723 dari
1714 1683 1814 1723 no-

212 1760 307 1817 bis
358 1758 612 1832 (iubente
652 1760 913 1832 Domino)
966 1762 1303 1831 postulamus
1349 1762 1591 1817 dicentes
1635 1778 1647 1814 :
1700 1757 1816 1814 Pa-

214 1868 343 1908 nem
388 1862 627 1907 nostrum
682 1853 1048 1924 quotidianum
1095 1852 1165 1906 da
1211 1853 1359 1907 nobis
1388 1852 1541 1907 hodie
1587 1850 1812 1923 (Matth.

1915 654 2268 711 sacramentis
2298 654 2485 709 altaris
2519 655 2784 711 interesse
2806 668 2916 710 non
2938 662 3188 725 possunt,
3219 654 3313 726 qui
3359 670 3500 710 non-

1916 744 2042 801 dum
2077 744 2380 817 regenerati
2410 755 2721 801 noscuntur.
2773 744 2935 802 Missa
2982 753 3162 802 autem
3199 754 3285 802 est
3305 745 3503 818 legatio

1914 835 2057 891 inter
2086 836 2256 892 Deum
2286 844 2342 892 et
2368 837 2636 905 homines,
2668 837 2821 909 cujus
2855 839 3143 912 legationis
3180 837 3357 896 oﬁicio
3382 839 3506 894 fun-

1915 931 2063 1004 gitur
2096 932 2374 999 sacerdos,
2428 949 2552 989 cum
2578 933 2760 1005 populi
2790 943 2916 990 vota
2946 948 3045 1005 per
3080 949 3273 1006 preces
3303 943 3359 990 et
3383 949 3506 1005 sup-

1913 1025 2234 1096 plicationes
2262 1027 2331 1081 ad
2354 1024 2527 1082 Deum
2558 1026 2733 1083 offert.
2768 1027 2837 1083 Et
2860 1028 2997 1083 bene
3022 1029 3126 1083 hoc
3158 1036 3399 1098 tempore
3420 1042 3504 1083 sa-

1915 1117 2111 1173 criﬁcii
2137 1117 2218 1183 ﬁt,
2247 1119 2466 1188 quando
2490 1116 2634 1174 illius
2660 1120 2933 1190 passionis
2960 1120 3225 1177 memoria
3262 1120 3505 1175 celebra-

1917 1218 2004 1264 tur
2029 1208 2231 1265 Christi
2274 1209 2547 1276 videlicet,
2600 1210 2915 1266 mediatoris
2961 1211 3057 1266 Dei
3099 1219 3155 1267 et
3203 1212 3506 1276 hominum,

1914 1302 2008 1374 qui
2042 1302 2394 1372 semetipsum
2419 1301 2613 1358 obtulit
2633 1301 2783 1356 Patri
2810 1317 2909 1372 pro
2938 1302 3112 1358 nobis.
3146 1301 3303 1358 Hunc
3329 1310 3506 1358 autem

1916 1408 2126 1448 morem
2145 1392 2397 1448 sacriﬁcii
2413 1393 2649 1463 primum
2674 1392 2935 1469 Dominus
2966 1402 3155 1448 noster
3174 1392 3332 1448 Jesus
3353 1393 3509 1448 Chri-

1916 1491 2034 1539 stus
2081 1493 2136 1539 et
2201 1485 2460 1555 magister
2515 1485 2778 1551 instituit,
2836 1487 3053 1557 quando
3111 1487 3512 1547 commendavit

1915 1574 2187 1645 Apostolis
2215 1575 2327 1629 suis
2350 1590 2546 1645 corpus
2563 1583 2618 1631 et
2643 1575 2958 1647 sanguinem
2990 1593 3168 1643 suum,
3190 1577 3497 1648 priusquam

1919 1667 2246 1733 traderetur,
2262 1668 2403 1722 sicut
2418 1668 2617 1739 legitur
2635 1668 2690 1722 in
2706 1668 2999 1740 Evangelio
3023 1688 3036 1724 :
3054 1671 3287 1742 Accepit,
3313 1670 3509 1741 inquit,

1918 1774 2105 1829 panem
2118 1756 2155 1811 Ι
2157 1775 2275 1813 esus
2292 1767 2343 1814 et
2363 1759 2667 1814 benedicens
2680 1759 2834 1831 fregit
2853 1770 2901 1815 et
2917 1760 3059 1815 dedit
3082 1763 3175 1827 eis,
3194 1771 3244 1816 et
3257 1762 3331 1817 ait
3360 1775 3378 1814 :
3408 1761 3514 1818 Suv

1917 1850 2061 1915 mite,
2090 1849 2188 1903 hoc
2202 1861 2275 1904 est
2306 1866 2494 1921 corpus
2509 1867 2702 1905 meum.
2756 1850 2825 1905 Et
2848 1861 3061 1924 accepto
3093 1853 3259 1909 calice
3306 1856 3507 1925 gratias

212 1961 275 2001 vr
294 1944 313 2017 )
334 1986 351 2012 ,
382 1946 527 2016 quod
553 1945 768 2015 quidem
808 1944 1156 2011 benedicunt,
1185 1945 1233 2000 si
1260 1945 1365 2001 hoc
1392 1960 1516 2000 cum
1559 1943 1817 2015 religione
1844 1931 1893 1992 Β
1918 1956 2078 2012 agens
2106 1940 2248 1994 dedit
2269 1941 2345 1995 eis
2387 1940 2604 2013 (Matth.
2642 1940 2814 2014 xxvr),
2863 1952 2920 1997 et
2942 1943 3199 1999 biberunt
3222 1960 3411 2001 omnes
3439 1960 3509 2001 ex

212 2046 280 2093 et
317 2038 606 2093 devotione
626 2045 681 2092 et
707 2037 1009 2093 humilitate
1034 2036 1359 2106 suscipiunt,
1388 2052 1459 2091 ne
1498 2035 1712 2091 ﬁdendo
1749 2035 1817 2090 de

134 2130 135 2135 “
208 2124 460 2196 justitia,
490 2128 716 2199 superba
742 2127 1163 2199 praesumptione
1206 2127 1261 2182 id
1283 2127 1504 2183 faciant.
1546 2116 1821 2182 Caeterum

214 2218 271 2275 si
313 2218 443 2274 talia
486 2229 611 2275 sunt
638 2219 885 2284 crimina,
920 2235 1040 2290 quae
1072 2220 1226 2289 quasi
1257 2227 1531 2275 mortuum
1559 2219 1627 2272 ab
1659 2218 1818 2274 altari

214 2318 561 2377 removeam,
592 2311 745 2381 prius
787 2311 992 2384 agenda
1016 2310 1334 2380 paenitentia
1359 2318 1465 2376 est,
1497 2326 1562 2365 ac
1588 2311 1667 2366 sic
1692 2310 1816 2365 inde

215 2401 566 2460 salutiferum
630 2404 1089 2460 medicamentum
1156 2403 1452 2472 suscipere.
1506 2402 1610 2468 Qui
1670 2403 1816 2457 enim

214 2493 636 2549 manducaverit
678 2494 919 2567 indigne,
974 2495 1240 2566 judicium
1269 2495 1371 2551 sibi
1418 2495 1712 2550 manducat
1760 2502 1817 2550 et

213 2582 377 2637 bibit.
421 2584 535 2641 Hoc
563 2585 709 2641 enim
748 2586 965 2657 indigne
989 2587 1237 2657 accipere
1266 2595 1366 2651 est,
1398 2587 1443 2643 si
1470 2603 1535 2642 eo
1574 2596 1816 2657 tempore

213 2674 347 2744 quis
368 2677 620 2747 accipiat,
656 2692 768 2748 quo
789 2678 951 2733 debet
980 2695 1009 2735 a
1042 2694 1231 2733 mensa
1261 2678 1529 2734 Dominici
1570 2680 1815 2750 corporis

211 2770 489 2837 separari,
516 2786 585 2824 ne
607 2771 734 2825 dum
762 2769 903 2826 forte
930 2772 1020 2826 diu
1047 2771 1366 2827 absentatus
1409 2773 1533 2842 quis
1561 2773 1816 2842 prohibe-

213 2866 333 2924 tur,
376 2874 407 2913 a
456 2857 662 2916 Christi
706 2876 934 2931 corpore
988 2872 1291 2932 separetur.
1349 2863 1693 2919 Manifestum
1731 2870 1815 2919 est

209 2950 365 3004 enim
406 2966 503 3008 eos
550 2951 755 3019 vivere,
791 2954 883 3024 qui
911 2970 1108 3024 corpus
1148 2954 1264 3025 ejus
1319 2956 1611 3027 attingunt,
1669 2957 1814 3012 unde

210 3042 521 3101 tirnendum
551 3054 658 3112 est,
688 3062 759 3102 ne
786 3048 912 3103 dum
938 3048 1028 3103 diu
1058 3050 1180 3119 quis
1215 3059 1504 3121 separatur
1534 3066 1566 3105 a
1608 3049 1814 3107 Christi

206 3151 465 3207 corpore,
515 3139 726 3196 alienus
764 3150 1046 3198 remaneat
1083 3158 1114 3196 a
1166 3142 1361 3208 salute,
1394 3144 1514 3214 ipso
1560 3143 1808 3199 dicente:

206 3225 345 3281 Nisi
372 3231 723 3299 ,comederitis
759 3250 972 3288 carnem
1011 3232 1142 3289 Filii
1189 3235 1445 3301 hominis,
1484 3244 1532 3289 et
1582 3234 1812 3289 biberitis

1919 2030 2028 2097 illo,
2054 2041 2108 2088 et
2132 2033 2362 2104 reliqua.
2401 2032 2535 2089 Cum
2558 2034 2931 2091 benedictione
2957 2036 3101 2091 enim
3129 2045 3186 2092 et
3213 2038 3508 2108 gratiarum

1917 2123 2130 2178 actione
2150 2125 2386 2194 primum
2415 2124 2678 2180 Dominus
2707 2128 2955 2196 corporis
2983 2136 3068 2183 est
3113 2130 3393 2198 sanguinis
3424 2133 3508 2185 sui

1918 2221 2265 2269 sacramenta
2295 2214 2586 2281 dedicavit,
2618 2224 2673 2271 et
2696 2217 2957 2287 apostolis
2982 2218 3225 2285 tradidit,
3248 2220 3391 2289 quod
3420 2236 3511 2276 er

1918 2305 2044 2361 inde
2075 2307 2302 2377 apostoli
2326 2308 2524 2363 imitati
2568 2307 2746 2365 fecere
2789 2317 2845 2365 et
2896 2326 3243 2368 successores
3270 2330 3397 2369 suos
3428 2314 3510 2368 lae

1918 2413 2043 2454 cere
2070 2398 2392 2464 docuerunt,
2443 2402 2587 2471 quod
2624 2410 2679 2457 et
2703 2418 2847 2458 nunc
2867 2419 2967 2473 per
2984 2411 3154 2459 totum
3183 2406 3371 2462 orbem
3399 2416 3507 2462 tero

1918 2508 2102 2547 rarum
2129 2493 2456 2564 generaliter
2486 2502 2597 2549 tota
2619 2496 2850 2550 custodit
2898 2496 3158 2551 Ecclesia.
3204 2497 3310 2553 Sed
3361 2501 3509 2555 enim

1917 2584 1973 2640 in
2022 2585 2178 2640 initio
2214 2601 2333 2642 mos
2362 2586 2467 2641 iste
2506 2588 2761 2642 cantandi
2819 2603 2927 2643 non
2957 2598 3097 2655 erat,
3148 2591 3241 2659 qui
3272 2607 3415 2646 nunc
3452 2594 3509 2648 in

1916 2675 2159 2732 Ecclesia
2190 2685 2318 2731 ante
2347 2677 2673 2733 sacriﬁcium
2704 2677 3034 2745 celebratur,
3059 2679 3154 2735 sed
3179 2687 3359 2736 tamen
3376 2682 3510 2753 Epi-

1918 2768 2065 2824 stolas
2095 2767 2247 2824 Pauli
2292 2769 2686 2837 recitabantur,
2733 2781 2789 2825 et
2835 2780 3083 2826 sanctum
3132 2773 3507 2845 Evangelium.

1917 2860 2245 2917 Ctelestinus
2277 2871 2482 2928 autem,
2513 2861 2654 2916 XLV
2681 2863 2968 2934 episcopus
3000 2873 3122 2934 post
3149 2864 3372 2920 Petrum
3402 2866 3512 2921 Ro-

1916 2969 2094 3010 manae
2140 2954 2418 3021 Ecclesiae,
2452 2955 2682 3011 traditur
2712 2956 2921 3025 primus
2944 2958 3199 3013 statuisse
3229 2967 3286 3012 ut
3314 2958 3511 3030 psalmi

1919 3047 2022 3103 150
2062 3056 2191 3103 ante
2216 3048 2543 3104 sacriﬁcium
2588 3049 2949 3119 psallerentur
3004 3052 3399 3123 antiphonatim
3442 3069 3511 3109 ex

1916 3137 2185 3193 omnibus.
2226 3137 2423 3193 Fertur
2453 3140 2616 3195 etiam
2642 3150 2697 3195 et
2743 3140 2901 3212 longe
2951 3151 3078 3197 ante
3108 3143 3509 3215 Thelesphorus

1915 3227 2061 3298 Papa
2105 3229 2159 3283 id
2198 3238 2283 3285 est
2308 3228 2380 3284 IX
2408 3242 2530 3300 post
2574 3231 2816 3299 Petrum,
2846 3234 3218 3302 constituisse,
3274 3244 3334 3289 ut
3383 3245 3511 3313 ante

203 3320 336 3392 ejus
381 3325 726 3393 sanguinem,
786 3342 892 3380 ηοη
936 3325 1190 3380 habebitis
1240 3335 1442 3396 partem
1494 3344 1715 3393 mecum,
1764 3334 1813 3381 ει
1840 3305 1887 3370 C
1917 3319 2243 3375 sacriﬁcium
2266 3321 2502 3391 hymnus
2534 3322 2719 3377 Gloria
2754 3325 2808 3378 in
2835 3324 3052 3379 εωεειεὶδ
3075 3325 3185 3379 Deo
3214 3326 3510 3392 diceretur,

202 3411 377 3465 vitam
433 3413 489 3467 in
546 3414 687 3469 vobis
720 3414 1026 3489 (Joan.v1).
1077 3416 1182 3484 Qui
1234 3417 1379 3472 enim
1422 3418 1536 3488 jam
1582 3431 1814 3488 peccare

198 3501 444 3572 quievit,
471 3507 875 3562 communicare
900 3523 1009 3563 non
1050 3508 1280 3565 desinat.

775 3618 1005 3674 CAPUT
1041 3619 1260 3674 XXXII.

788 3688 863 3743 De
892 3691 1057 3759 ofﬁcio
1085 3692 1281 3745 missw.

275 3775 359 3830 De
392 3778 751 3833 sacramentis
783 3778 864 3849 (ut
909 3780 1052 3851 reor)
1103 3782 1237 3837 satis
1274 3783 1524 3853 superius
1550 3785 1809 3853 diximus,

196 3880 356 3921 nunc
387 3866 453 3921 de
474 3865 650 3921 oflicio
678 3869 877 3934 missae,
917 3886 1025 3941 quo
1048 3871 1162 3941 ipsa
1190 3883 1533 3929 sacramenta
1563 3878 1807 3947 corporis

196 3964 255 4011 et
290 3956 576 4026 sanguinis
605 3956 803 4014 Christi
834 3960 1214 4031 conﬁciuntur,
1239 3964 1365 4033 quia
1385 3965 1519 4020 ordo
1542 3966 1803 4035 postulat,

196 4047 451 4101 breviter
490 4047 752 4104 dicamus.
803 4048 1114 4107 Oﬁiciorum
1170 4064 1351 4110 autem
1401 4056 1635 4125 plurima
1685 4057 1810 4113 licet

200 4138 323 4193 sint
346 4153 570 4209 genera,
596 4148 777 4197 tamen
805 4142 935 4198 illud
954 4145 1223 4216 praecipue
1236 4148 1381 4217 quod
1402 4148 1458 4202 in
1474 4149 1646 4205 sacris
1674 4150 1810 4205 divi-

201 4230 409 4299 nisque
426 4231 589 4287 rebus
615 4234 869 4301 habetur,
912 4235 1072 4291 ofﬁcii
1102 4238 1325 4293 nomine
1346 4239 1660 4294 censebitur
1687 4254 1809 4296 esse

200 4324 652 4394 nuncupandum,
684 4327 811 4396 quia
855 4336 1059 4398 quanto
1089 4329 1204 4399 ipsa
1249 4346 1336 4385 res
1363 4331 1586 4401 majoris
1634 4333 1805 4403 digni-

204 4414 343 4469 tatis
368 4423 470 4479 est,
502 4424 652 4471 tanto
675 4420 1004 4489 paratiorem
1027 4429 1083 4476 et
1109 4423 1497 4493 promptiorem
1519 4424 1675 4478 istius
1704 4424 1802 4478 mi-

203 4507 424 4561 nisterii
452 4510 644 4577 quaerit
668 4510 941 4567 effectum.
996 4511 1241 4568 Ollicium
1282 4528 1463 4570 autem
1499 4515 1697 4571 dicitur
1735 4516 1804 4570 ab

202 4595 514 4665 elIiciendo,
551 4602 705 4670 quasi
730 4601 983 4670 elﬁcium,
1011 4614 1233 4675 pr0pter
1259 4606 1508 4661 decorem
1537 4607 1803 4662 sermonis

202 4703 318 4742 una
345 4698 552 4744 mutata
583 4691 783 4748 littera.
840 4693 1179 4749 Sacriﬁcium
1228 4696 1454 4763 dictum,
1517 4697 1673 4766 quasi
1712 4713 1801 4751 sa-
1827 4677 1881 4737 D

203 4795 365 4834 crum
408 4779 627 4846 factum,
678 4784 827 4854 quod
872 4801 1034 4856 prece
1068 4787 1295 4857 mystica
1350 4799 1705 4843 consecratur
1748 4790 1803 4844 in

205 4873 534 4928 memoriam
550 4875 847 4932 Deminicaz
867 4878 1158 4947 passionis,
1182 4882 1326 4935 unde
1346 4881 1449 4935 hoc
1475 4895 1538 4936 eo
1553 4878 1803 4950 jubente,

207 4963 265 5017 in
296 4978 494 5035 corpus
532 4966 731 5022 Christi
783 4977 837 5023 et
869 4972 1187 5042 sanguinem
1241 4972 1451 5027 Domini
1494 4975 1637 5043 quod
1676 4975 1802 5029 dum

207 5054 281 5110 sit
312 5070 378 5111 ex
408 5055 673 5114 fructibus
698 5067 856 5115 terrm
888 5062 1279 5128 sanctiﬁcatur,
1302 5073 1357 5118 et
1395 5063 1454 5118 ﬁt
1489 5080 1802 5121 sacramen-

207 5155 349 5214 tum,
379 5160 639 5219 operante
676 5152 1018 5208 invisibiliter
1058 5152 1261 5224 Spiritu
1289 5156 1382 5210 Dei
1415 5175 1426 5209 :
1457 5156 1613 5226 cujus
1646 5157 1803 5229 panis

206 5248 266 5295 et
294 5240 480 5296 ealicis
536 5253 938 5300 sacramentum
977 5246 1148 5302 Graeci
1174 5247 1590 5315 Eucharistiam,
1632 5252 1803 5324 εὐχα-

206 5341 436 5411 ριστίαν,
468 5338 674 5405 dicunt,
703 5341 847 5410 quod
880 5340 1069 5397 Latine
1094 5342 1236 5397 bona
1266 5343 1441 5413 gratia
1469 5344 1803 5413 interpreta—

208 5437 320 5483 tur.
353 5430 422 5485 Et
444 5431 574 5499 quid
600 5432 789 5488 melius
818 5448 1048 5503 corpore
1074 5443 1129 5489 et
1148 5435 1411 5505 sanguine
1432 5434 1671 5489 Christi?
1705 5434 1806 5490 Sa-

208 5531 550 5578 cramentum
572 5523 733 5579 estin
754 5524 941 5594 'aliqua
978 5526 1363 5593 celebratione,
1397 5541 1520 5581 cum
1546 5540 1606 5581 re
1649 5534 1801 5596 gesta

210 5613 287 5668 ita
320 5612 404 5680 ﬁt,
434 5621 493 5667 ut
517 5613 720 5686 aliquid
750 5615 1055 5687 signiﬁcare
1070 5616 1423 5688 intelligatur,
1450 5618 1593 5687 quod
1615 5626 1800 5673 sancte

211 5703 587 5774 accipiendum
613 5714 715 5761 est.
1800 5704 1803 5707 ⁷

288 5793 449 5849 Missa
486 5805 570 5851 est
603 5805 846 5869 tempore
871 5797 1144 5865 sacriﬁcii,
1176 5799 1393 5869 quando
1424 5800 1799 5856 catechumeni

212 5884 363 5944 foras
386 5888 695 5956 mittuntur,
727 5888 993 5948 clamante
1022 5890 1206 5948 Levita
1235 5906 1248 5947 :
1285 5890 1343 5949 Si
1388 5893 1511 5963 quis
1538 5894 1797 5972 catechu-

1918 3413 2061 3484 quod
2093 3420 2273 3468 tamen
2291 3413 2453 3469 modo
2478 3429 2586 3469 non
2615 3412 2832 3485 semper
2858 3416 3057 3486 agitur,
3097 3416 3191 3471 sed
3222 3417 3278 3470 in
3318 3417 3519 3473 diebus”

1914 3512 2127 3559 tantum
2182 3504 2504 3571 Dominicis,
2536 3514 2593 3560 et
2618 3505 2674 3560 in
2730 3514 3040 3561 sanctorum
3100 3508 3506 3576 festivitatibus,

1915 3597 2058 3668 quod
2094 3595 2470 3669 Symmachus,
2499 3614 2638 3669 papa
2690 3598 2804 3653 LVI
2840 3608 2962 3670 post
3001 3600 3244 3668 Petrum,
3277 3602 3351 3657 ita
3388 3602 3508 3658 ﬁeri

1915 3689 2211 3744 mandavit.
2267 3688 2469 3745 Verum
2531 3690 2656 3759 quia
2702 3690 2767 3745 de
2820 3691 3076 3747 sacriﬁcii
3134 3694 3507 3751 celebratione

1915 3795 2218 3835 sermonem
2275 3779 2459 3835 facere
2518 3780 2930 3851 incipiebamus,
3003 3768 3299 3838 secundum
3340 3800 3507 3854 quam

1915 3871 2346 3927 convenientiam
2374 3869 2553 3927 omnis
2582 3869 2717 3925 ordo
2755 3869 2845 3925 ille
2876 3870 3159 3927 institutus
3186 3872 3279 3939 sit,
3317 3887 3503 3943 perse-

1914 3977 2163 4033 quamur.

2479 4053 2709 4112 CAPUT
2747 4054 2981 4113 XXXIII.

2454 4147 2532 4203 De
2560 4148 2743 4202 ordine
2768 4148 2963 4204 missae.

1980 4239 2222 4295 Primum
2270 4247 2449 4295 autem
2484 4239 2543 4294 in
2590 4239 2956 4295 celebratione
3001 4240 3184 4297 missae
3218 4238 3286 4296 ad
3330 4242 3501 4299 intro-

1910 4330 2045 4385 itum
2069 4331 2369 4387 sacerdotis
2393 4331 2462 4387 ad
2488 4331 2660 4386 altare
2682 4332 2983 4401 antiphona
3003 4342 3258 4388 cantatur
3281 4349 3311 4387 a
3334 4334 3501 4403 clero,

1910 4429 1968 4476 ut
2008 4422 2258 4476 audiatur
2292 4422 2502 4477 sonitus
2555 4422 2773 4491 quando
2805 4423 3106 4495 ingreditur
3133 4426 3500 4482 sanctuarium

1908 4513 1962 4569 in
1989 4524 2279 4586 conspectu
2314 4515 2551 4581 Domini,
2571 4516 2712 4571 sicut
2738 4516 2793 4570 in
2825 4516 3007 4571 Veteri
3035 4517 3384 4573 Testamento
3404 4535 3504 4589 per

1909 4605 2395 4661 tintinnabulorum
2444 4605 2683 4661 sonitum
2705 4607 2985 4675 ingressus
3013 4606 3250 4660 innotuit
3279 4608 3501 4675 pontiﬁ-

1909 4694 2007 4749 cis.
2066 4692 2211 4749 Bene
2240 4709 2371 4763 ergo
2420 4695 2476 4748 in
2509 4695 2760 4764 ingressu
2789 4694 3089 4750 sacerdotis
3125 4697 3504 4767 concrepanti-

1908 4786 2010 4839 bus
2046 4786 2229 4840 choris
2268 4786 2486 4840 auditur
2523 4785 2821 4842 modulatio
2848 4786 3045 4842 divina:
3083 4787 3278 4855 laudis,
3304 4797 3365 4843 ut
3392 4788 3500 4845 Βο-

1908 4877 2121 4932 minicte
2180 4876 2564 4933 celebrationis
2623 4879 2884 4949 mysteria
2965 4879 3339 4936 ministrorum
3409 4882 3498 4951 pie

1908 4970 2571 5041 praecedatconsonantia,
2601 4979 2656 5027 et
2681 4972 2928 5043 corporis
2955 4981 3011 5028 et
3036 4972 3313 5043 sanguinis
3341 4970 3501 5027 Chri-

1909 5061 1978 5116 sti
2005 5061 2313 5117 venerabile
2338 5072 2741 5119 sacramentum
2783 5064 3069 5120 antecedat
3096 5065 3271 5135 digna:
3318 5062 3497 5120 laudis

1909 5155 2260 5211 sacriﬁcium.
2299 5154 2541 5227 Namque
2566 5158 2768 5213 chorus
2795 5164 2881 5212 est
2923 5156 3213 5212 multitudo
3238 5156 3295 5212 in
3325 5157 3500 5213 sacris

1907 5250 2168 5318 collecta;
2211 5259 2267 5305 et
2301 5250 2478 5306 dictus
2505 5251 2722 5318 chorus,
2773 5251 2918 5320 quod
2954 5251 3010 5304 in
3033 5249 3207 5318 ,initio
3260 5251 3318 5306 in
3374 5267 3496 5307 mo-

1907 5344 2035 5399 dum
2064 5358 2279 5400 corome
2316 5344 2525 5399 circum
2548 5359 2672 5400 aras
2698 5350 2926 5406 starent,
2977 5350 3033 5398 et
3072 5342 3148 5399 ita
3178 5343 3493 5412 psallerent.

1909 5434 2062 5492 Unde
2114 5442 2169 5490 et
2219 5434 2633 5491 Ecclesiasticus
2658 5434 2793 5490 liber
2825 5432 3015 5490 scribit
3046 5442 3279 5491 stantem
3317 5450 3500 5492 samar-

1907 5527 2089 5583 dotem
2115 5535 2244 5582 ante
2284 5542 2457 5593 aram,
2503 5534 2559 5582 et
2584 5527 2641 5581 in
2686 5525 2917 5581 circuitu
2945 5540 3203 5582 coronam
3242 5526 3492 5583 fratrum.

1903 5615 2009 5670 Alii
2032 5616 2257 5671 chorum
2288 5617 2543 5671 dixerunt
2583 5631 2614 5670 a
2653 5616 2959 5683 concordia,
2992 5631 3112 5687 quae
3142 5617 3195 5672 in
3226 5617 3494 5674 charitate

1904 5709 2189 5775 consistat,
2223 5708 2337 5764 sive
2366 5708 2432 5764 de
2461 5706 2803 5764 concinentia
2820 5707 2959 5764 soni.
2987 5706 3121 5765 Cum
3143 5717 3323 5765 autem
3352 5722 3491 5765 unus

1903 5799 2073 5866 canit,
2121 5795 2309 5854 Graece
2338 5796 2590 5853 monodia
2615 5795 2857 5869 μονωδία,
2891 5797 3083 5855 Latine
3113 5798 3384 5863 sicinium,
3407 5796 3462 5852 di

1906 5893 2081 5965 citur;
2137 5900 2345 5952 etcum
2388 5893 2494 5955 duo
2522 5900 2746 5971 canunt,
2785 5893 3048 5953 bicinium
3098 5893 3328 5963 dicitur;
3364 5904 3491 5952 cum
