3970 6464
459 391 582 452 ω.

375 461 382 465 υ
477 455 482 468 t

1100 379 1164 446 Β,
1204 377 1464 472 RABANI
1499 375 1722 438 MAURI
1756 371 2049 432 ARCHIEP

2152 367 2434 429 lOGUNT.
2471 363 2760 438 013ΕῆοΜ
2793 361 2974 422 PARS
3007 363 3049 418 l.

3629 359 3742 417 324

461 479 642 568 autaut
687 501 863 570 multi,
905 499 1106 558 chorus
1141 506 1386 556 vocatur.
1437 495 1742 565 Antiphona
1791 497 2039 568 ἀντίφωνη
2067 495 2120 555 Α
2143 501 2270 542 nem
2317 485 2532 542 Domini
2563 500 2670 540 non
2708 497 2831 570 cum
2879 477 3286 570 linteaminibus
3330 476 3596 548 positum,
3647 479 3746 534 sed

459 603 672 668 Graece,
726 615 833 658 vox
862 597 1160 668 reciproca,
1189 610 1257 654 ex
1285 579 1494 648 (luohus
1521 583 1728 646 scilicet
1753 583 1939 644 choris
1969 583 2045 640 al-

461 691 718 754 ternatim
745 687 1118 761 psallentibus,
1151 683 1366 742 dicitur.
1399 671 1529 737 Post
1553 674 1833 738 introitum
1861 688 2044 734 autem

463 783 760 842 sacerdotis
785 769 852 836 ad
887 771 1058 836 altare
1102 773 1303 834 litanias
1333 781 1566 846 aguntur
1598 788 1630 828 a
1663 770 1830 838 clero,
1859 779 1918 826 ut
1945 785 2039 844 ge-

462 876 660 932 neralis
687 873 864 930 oratio
889 859 1182 942 praeveniat
1206 862 1493 940 specialem
1527 855 1825 921 sacerdotis
1857 881 1872 917 :
1914 857 2042 918 sub-

461 968 703 1038 sequitur
731 974 912 1024 autem
929 961 1104 1022 oratio
1129 958 1451 1028 sacerdotis,
1473 968 1528 1016 et
1557 957 1783 1034 paciﬁca
1807 957 2044 1028 primum

462 1059 785 1116 salutatione
839 1051 1096 1128 p0pulnm
1141 1053 1386 1109 salutans
1425 1044 1576 1122 pacis
1630 1061 1949 1119 responsum
1977 1039 2046 1100 ab

461 1149 552 1208 ille
587 1149 840 1220 accipiat,
863 1155 926 1202 ut
943 1162 1072 1203 vera
1101 1137 1390 1202 concordia
1413 1149 1470 1201 et
1489 1137 1771 1197 charitatis
1797 1151 1931 1208 pura
1954 1133 2047 1191 de-

457 1243 605 1302 votio
633 1239 846 1298 facilius
871 1238 1142 1311 postulata
1171 1233 1427 1308 impetret
1456 1223 1524 1288 ab
1557 1248 1622 1288 eo
1649 1231 1740 1304 qui
1768 1227 1930 1285 corda
1962 1243 2048 1283 as-

461 1334 592 1406 picit
617 1342 676 1389 et
719 1333 931 1388 interna
965 1328 1248 1402 dijudicat.
1303 1320 1456 1382 Tunc
1495 1325 1666 1380 lector
1704 1318 1834 1396 legit
1861 1313 2049 1376 lectio:-

461 1443 586 1484 nem
610 1425 949 1490 canonicam,
988 1431 1048 1478 ut
1093 1421 1306 1486 animus
1327 1419 1634 1476 auditorum
1656 1434 1755 1490 per
1791 1415 1934 1471 hanc
1966 1413 2048 1468 in-

459 1527 700 1574 structus
748 1519 816 1573 ad
863 1527 1060 1574 caetera
1105 1513 1369 1571 lntensior
1421 1519 1689 1586 assurgat.
1741 1507 1874 1564 Post
1906 1510 2048 1564 hanc

459 1625 588 1683 ergo
617 1617 808 1666 cantor
834 1607 965 1665 dicit
1000 1607 1405 1682 responsorium
1433 1621 1448 1662 :
1474 1605 1543 1660 ad
1575 1601 2048 1680 compunctionem

455 1711 736 1772 provocet,
777 1709 832 1756 et
871 1696 1024 1756 lenos
1072 1700 1284 1756 animos
1323 1691 1659 1753 audientium
1707 1693 1890 1772 faciat.
1941 1689 2048 1748 Re-

456 1791 798 1862 sponsorium
826 1806 956 1863 ergo
992 1783 1118 1847 inde
1155 1787 1372 1855 dicitur,
1403 1787 1567 1860 quod,
1595 1781 1701 1842 alio
1745 1775 2044 1851 desinente,

2143 585 2387 646 seorsum
2414 569 2712 633 involutum
2750 567 3002 628 inveniri.
3036 561 3324 626 Ponuntur
3343 580 3564 641 quoque
3613 577 3746 626 tunc

2141 685 2270 727 vasa
2298 679 2490 727 sancta
2524 664 2542 742 (
2568 667 2713 740 quod
2737 667 2880 722 calix
2909 673 2992 722 est
3013 673 3069 720 et
3089 663 3310 736 patenti)
3349 673 3515 736 super
3539 665 3745 731 altare,

2143 771 2263 834 qua:
2307 761 2705 832 quodammodo
2729 750 2996 814 Dominici
3037 755 3270 828 sepulcri
3297 761 3484 828 typum
3511 751 3744 822 habent,

2143 853 2270 925 quia
2302 854 2442 909 sicut
2485 853 2614 908 tunc
2664 857 2863 924 corpus
2892 844 3096 905 Christi
3150 847 3490 904 aromatibus
3516 858 3750 904 unctum

2144 933 2198 1002 in
2256 947 2504 1017 sepulcro
2555 954 2696 1000 novo
2731 957 2832 1016 per
2854 943 3068 1014 piorum
3117 938 3351 998 officium
3381 933 3750 1008 condebatur,

2144 1037 2220 1092 ita
2249 1038 2410 1093 modo
2452 1037 2508 1091 in
2544 1029 2784 1092 Ecclesia
2825 1027 3117 1108 mysticum
3177 1047 3378 1106 corpus
3424 1031 3579 1090 illius
3627 1045 3751 1090 cum

2145 1130 2436 1202 unguentis
2467 1140 2637 1186 sacrae
2665 1121 2930 1184 orationis
2957 1121 3236 1184 conditum
3282 1127 3338 1183 in
3382 1129 3562 1184 sacris
3605 1127 3756 1183 vasis

2147 1219 2216 1277 ad
2239 1221 2647 1292 percipiendum
2676 1219 2927 1276 ﬁdelibus
2965 1234 3066 1291 per
3114 1217 3457 1276 sacerdotum
3508 1219 3754 1276 cilicium

2147 1311 2579 1370 administratur.
2627 1312 2819 1368 Postea
2865 1317 3118 1366 cantatur
3163 1311 3329 1366 missa
3354 1321 3387 1366 a
3432 1309 3752 1376 sacerdote,

2147 1407 2240 1480 qui
2287 1411 2574 1480 postquam
2624 1405 2866 1477 loquitur
2915 1401 2984 1459 ad
3035 1401 3291 1476 populum
3329 1398 3396 1460 de
3440 1405 3758 1460 cientium

2147 1503 2328 1562 cordis
2367 1503 2434 1557 ad
2468 1501 2660 1566 Deum,
2692 1499 3120 1570 exhortanturque
3147 1512 3242 1555 eos
3267 1501 3334 1556 ad
3355 1499 3569 1571 gratias
3595 1513 3758 1569 agen-

2149 1591 2246 1652 das
2302 1593 2547 1660 Domino,
2580 1591 2828 1648 laudibus
2855 1599 2918 1647 os
2971 1589 3178 1662 implet,
3218 1599 3484 1662 regnique
3515 1595 3578 1645 ut
3639 1591 3755 1660 ipse

2148 1689 2488 1759 omnipotens
2518 1685 2662 1742 Deus
2709 1683 2893 1750 Pater,
2921 1683 3008 1740 cui
3038 1681 3351 1739 deserviunt
3374 1683 3640 1739 caelestes
3660 1697 3756 1752 po-

2152 1791 2394 1850 testates,
2423 1797 2522 1840 sua
2546 1779 2718 1853 gratia
2755 1776 2969 1836 illo‘rutn
2994 1779 3221 1836 vocibus
3241 1774 3432 1848 jubeat
3473 1776 3754 1834 humanas

454 1883 508 1940 id
543 1885 682 1940 alter
709 1880 1054 1956 respondeat.
1079 1873 1224 1940 Inter
1259 1857 1603 1950 responsoria
1641 1887 1698 1935 et
1719 1872 2044 1956 antiphonas
2073 1857 2123 1933 Β
2151 1877 2424 1934 associare
2473 1874 2874 1940 confessiones;
2911 1879 3074 1944 quam
3117 1873 3562 1943 deprecationem
3621 1877 3750 1927 mox

452 1974 558 2030 hoc
579 1971 777 2039 differt,
810 1971 953 2046 quod
985 1973 1039 2030 in
1067 1971 1427 2044 responsoriis
1457 1985 1597 2026 unus
1624 1961 1773 2028 dicat
1798 1981 2040 2035 versum,

453 2067 509 2122 in
538 2069 848 2139 antiphonis
892 2075 1076 2124 autem
1101 2067 1372 2126 alternent
1409 2066 1658 2124 versibus
1684 2057 1858 2121 chori.
1894 2055 2046 2120 Anti-

453 2161 664 2232 phonas
692 2159 886 2228 Graeci,
931 2161 1277 2232 reSponsoria
1312 2173 1442 2216 vero
1462 2157 1584 2214 Itali
1611 2151 1900 2214 traduntur
1934 2152 2058 2236 pri-y

456 2268 601 2306 mum
651 2251 940 2308 invenisse.
993 2251 1417 2321 Responsorium
1473 2251 1617 2306 enim
1646 2251 1789 2306 istud
1825 2249 2046 2322 quidam

453 2336 674 2414 gradale
699 2351 918 2409 vocant,
945 2358 1011 2398 eo
1051 2343 1196 2416 quod
1215 2341 1370 2412 juxta
1406 2342 1608 2414 gradus
1637 2335 1829 2414 pulpiti
1853 2350 2046 2398 canta-

455 2445 563 2490 tur.
593 2429 724 2491 Post
743 2436 1152 2508 responsorium
1196 2446 1452 2492 cantatur
1480 2427 1717 2500 alleluia,
1749 2433 1958 2490 scilicet
1987 2441 2050 2488 ut

455 2527 526 2582 ad
551 2525 796 2582 caelestia
823 2537 1002 2582 mente
1022 2525 1278 2598 populum
1307 2519 1571 2590 sublevet,
1626 2537 1681 2580 et
1714 2521 1780 2580 ad
1809 2521 2050 2580 divinam

455 2615 971 2698 contemplationem
1012 2616 1205 2691 erigat.
1233 2609 1460 2672 Alleluia
1483 2616 1628 2671 enim
1671 2609 1902 2671 duorum
1926 2630 2048 2670 vcr-

457 2707 651 2766 borum
678 2706 1060 2782 interpretatio
1086 2717 1191 2776 est,
1217 2706 1320 2766 hoc
1347 2718 1430 2766 est
1452 2709 1572 2768 laus
1603 2705 1719 2775 Dei,
1749 2716 1802 2764 et
1828 2719 1911 2764 est
1937 2703 2048 2762 He-

457 2794 683 2854 brmum.
733 2795 790 2855 Ia
836 2797 982 2854 enim
1010 2799 1075 2855 de
1105 2795 1290 2855 decem
1323 2793 1631 2854 nominibus
1683 2795 1880 2870 quibus
1907 2796 2051 2870 apud

456 2887 710 2948 Hebraeos
741 2890 883 2947 Deus
907 2899 1134 2948 vocatur
1167 2905 1336 2948 unum
1363 2899 1468 2947 est.
1521 2881 1784 2946 Similiter
1809 2899 1865 2954 et
1891 2905 2051 2944 amen

456 2979 744 3038 Hebraeum
775 2989 880 3047 est,
913 2979 1056 3052 quod
1079 2979 1147 3036 ad
1177 2997 1394 3038 omnem
1418 2980 1718 3038 sacerdotis
1745 2977 2049 3042 orationem

458 3088 554 3128 seu
602 3073 1039 3128 benedictionem
1075 3071 1370 3145 respondet
1395 3073 1624 3146 populus
1677 3067 1932 3130 ﬁdelium.
1965 3066 2051 3126 ln-

456 3162 747 3236 terpretari
794 3181 1009 3237 quoque
1040 3173 1219 3238 potest
1260 3181 1417 3222 amen
1462 3162 1518 3219 in
1566 3161 1840 3231 Latinum,
1882 3179 2046 3228 vere,

455 3226 573 3314 sive
607 3226 857 3325 ﬁdeliter,
898 3226 990 3314 seu
1014 3226 1127 3313 ﬁ’at.
1153 3255 1482 3330 Hieronymo
1510 3266 1648 3313 teste
1677 3226 1728 3312 in
1757 3226 2044 3325 Psalterio,
2075 3226 2122 3299 ο

455 3347 548 3405 ubi
570 3349 646 3404 ait
673 3365 686 3404 :
713 3345 860 3416 Fiat,
890 3349 1004 3420 ﬁat,
1034 3351 1089 3406 in
1115 3347 1384 3404 Hebraico
1417 3345 1634 3421 legitur,
1659 3345 1845 3418 Amen,
1872 3366 2046 3404 amen.

455 3433 587 3496 Haec
631 3441 738 3496 duo
773 3447 952 3496 tamen
989 3441 1172 3504 verba,
1205 3439 1257 3496 id
1283 3449 1388 3507 est,
1422 3457 1582 3496 amen
1610 3450 1666 3496 et
1689 3435 1926 3508 alleluia,
1949 3456 2051 3498 nec

457 3529 682 3598 Graecis,
730 3548 830 3588 nec
876 3532 1104 3598 Latinis,
1144 3547 1244 3588 nec
1289 3529 1568 3600 Barbaris,
1609 3529 1736 3588 licet
1791 3533 1848 3586 in
1895 3548 2050 3587 suam

457 3624 698 3696 linguam
751 3625 969 3681 omnino
1001 3623 1318 3693 transferre,
1364 3623 1449 3682 vel
1494 3623 1598 3682 alia
1625 3626 1810 3698 lingua
1841 3643 2051 3684 annun-

460 3712 618 3772 tiare.
675 3713 812 3772 Nam
859 3715 1107 3788 quamvis
1134 3715 1480 3788 interpretari
1529 3727 1782 3792 possunt,
1829 3727 2052 3791 propter

457 3805 786 3888 sanctiorem
815 3815 994 3862 tamen
1039 3805 1440 3875 auctoritatem,
1485 3817 1701 3864 servata
1723 3817 1806 3866 est
1835 3807 1904 3864 ab
1927 3824 2051 3880 apo-

457 3897 612 3954 stolis
669 3897 722 3952 in
779 3893 864 3952 his
915 3896 1146 3968 propria:
1189 3895 1385 3969 lingua:
1450 3897 1768 3970 antiquitas.
1815 3892 2050 3954 Tantum

459 3989 605 4045 enim
653 4003 811 4043 sacra
841 3997 966 4043 sunt
994 3989 1234 4056 nomina,
1263 3997 1324 4050 ut
1347 3990 1511 4048 etiam
1546 3989 1784 4046 Joannes
1807 3983 1863 4044 in
1899 3985 2050 4061 Apo-

460 4079 665 4150 calypsi
717 4077 918 4132 referat
970 4075 1175 4148 Spiritu
1225 4079 1505 4136 revelante
1555 4096 1612 4135 se
1647 4081 1846 4136 vidisse
1873 4089 1927 4135 et
1957 4097 2052 4135 au-

463 4171 608 4253 disse
630 4185 817 4226 vocem
840 4169 1076 4226 etelestis
1096 4171 1390 4238 exercitus,
1411 4179 1666 4242 tanquam
1681 4189 1868 4228 vocem
1885 4189 2052 4245 aqua-

463 4276 586 4316 rum
634 4257 950 4327 multarum,
981 4269 1038 4314 et
1069 4261 1367 4316 tonitruum
1399 4259 1700 4318 validorum
1732 4261 2050 4332 dicentium,

464 4363 622 4408 amen
644 4360 700 4406 et
719 4349 930 4406 alleluia
954 4351 1136 4426 (Apoc.
1162 4351 1299 4427 xix),
1317 4368 1379 4407 ac
1404 4369 1502 4423 per
1524 4353 1627 4409 hoc
1656 4355 1734 4410 sic
1753 4366 1966 4426 oportet
1995 4357 2049 4413 in

406 4471 417 4478 -
461 4443 626 4502 terris
658 4451 887 4514 utraque
912 4443 1039 4508 dici,
1069 4443 1210 4498 sicut
1246 4443 1297 4497 in
1329 4444 1465 4500 caelo
1493 4454 1767 4501 resonant.
1791 4445 1994 4502 Deinde
2019 4465 2052 4504 a

463 4538 692 4597 diacono
723 4553 842 4592 eum
895 4553 1106 4592 summa
1151 4539 1474 4593 auctoritate
1507 4539 1561 4594 in
1611 4539 1832 4596 auribus
1871 4540 2050 4612 p0puli

463 4629 726 4687 recitatur
751 4627 1120 4700 Evangelium,
1149 4636 1209 4683 ut
1240 4627 1406 4700 ipsius
1441 4629 1636 4685 ibidem
1661 4631 1912 4688 audiatur
1949 4633 2049 4688 d0-

463 4724 658 4788 ctrina,
687 4721 752 4776 ad
781 4735 939 4791 quem
967 4719 1140 4775 fervet
1171 4721 1402 4777 intentio
1422 4731 1554 4788 tota,
1573 4724 1851 4798 ipsiusque
1879 4725 2052 4782 virtus

463 4813 794 4885 intelligatur
851 4829 950 4884 per
1002 4811 1373 4886 Evangelium,
1435 4815 1588 4886 cujus
1636 4828 1762 4874 tunc
1807 4821 2052 4890 corporis

464 4912 872 4986 sacrosanctum
904 4903 1208 4959 celebratur
1240 4907 1580 4977 mysterium.
1626 4905 1730 4963 Per
1756 4907 1859 4965 hoc
1903 4910 2052 4964 obla-

466 4995 643 5052 tiones
666 4995 970 5052 offeruntur
998 5013 1028 5050 a
1058 4996 1276 5068 populo,
1331 5007 1388 5053 et
1409 4997 1746 5055 offertorium
1802 5009 2053 5056 cantatur

465 5077 499 5144 a
541 5087 710 5156 clero,
742 5088 886 5159 quod
941 5104 1008 5144 ex
1059 5089 1175 5158 ipsa
1219 5105 1380 5145 causa
1428 5091 1748 5146 vocabulum
1805 5089 2051 5161 sumpsit,

467 5181 621 5264 quasi
645 5179 985 5238 oll‘erentium
1017 5179 1329 5250 canticum;
1363 5182 1678 5238 immittitur
1705 5199 1874 5255 usque
1893 5199 2056 5256 super

469 5271 642 5329 altare
682 5275 982 5345 corporalis
1025 5273 1269 5346 pallium,
1321 5272 1462 5346 quod
1513 5275 1780 5348 signiﬁcat
1831 5277 2054 5332 linteum

466 5382 580 5449 quo
619 5380 816 5436 corpus
865 5365 1167 5424 Salvatoris
1215 5365 1612 5435 involvebatur,
1645 5367 1790 5440 quod
1840 5383 1908 5422 ex
1944 5363 2056 5426 Iino

469 5475 606 5532 puro
642 5467 850 5516 textum
894 5477 1014 5520 esse
1039 5457 1217 5532 debet,
1243 5471 1298 5518 et
1324 5477 1429 5516 non
1461 5477 1528 5516 ex
1553 5461 1726 5516 serico
1750 5457 1835 5515 vel
1856 5478 2058 5534 purpu-

471 5541 558 5620 ra,
597 5567 779 5624 neque
804 5569 872 5609 ex
913 5569 1092 5626 panno
1124 5555 1316 5622 tincto,
1371 5552 1512 5609 sicut
1561 5569 1588 5606 a
1632 5551 1894 5608 Silvestro
1921 5569 2059 5624 papa

471 5645 780 5706 institutum
807 5647 1132 5714 invenimus,
1157 5647 1283 5718 quia
1313 5646 1367 5701 in
1392 5643 1690 5716 Evangelio
1717 5642 1915 5716 legitur
1942 5643 2056 5700 sin-

475 5740 614 5796 done
637 5743 834 5800 munda
867 5741 1161 5800 involutum
1189 5755 1311 5795 esse
1337 5757 1373 5806 _a
1402 5735 1602 5810 Ioseph
1634 5753 1834 5810 corpus
1863 5736 2055 5794 Salva-

469 5831 632 5926 ἰρι-15,
683 5841 740 5892 et
781 5831 1057 5890 sudarium
1088 5830 1298 5902 capitis
1352 5828 1467 5902 ejus
1511 5836 1634 5902 post
1696 5819 2056 5887 resurrectio-

2149 1968 2503 2044 subsequitur
2538 1965 2658 2021 laus
2684 1983 2751 2028 ex
2787 1965 3046 2037 angelicis
3098 1973 3153 2024 et
3191 1965 3449 2021 humanis
3492 1965 3754 2020 cantibus

2148 2055 2416 2114 cornfecta.
2449 2055 2700 2124 Sanctus,
2750 2052 2998 2124 Sanctus,
3039 2055 3268 2112 Sanctus
3294 2055 3560 2112 Dominus
3607 2053 3752 2112 Deus

2149 2144 2400 2213 Sabaoth,
2455 2143 2596 2222 pleni
2635 2155 2756 2204 sunt
2805 2147 2918 2203 caeli
2961 2157 3008 2204 et
3057 2157 3194 2204 terra
3227 2140 3398 2220 gleria
3456 2152 3576 2216 tua,
3636 2155 3748 2206 etc.

2149 2245 2352 2301 Dehinc
2375 2242 2490 2316 jam
2535 2241 2876 2300 consecratio
2909 2236 3154 2312 corporis
3203 2245 3258 2296 et
3299 2230 3584 2312 sanguinis
3647 2239 3754 2296 Do—

2149 2337 2281 2394 mini
2336 2330 2508 2407 fithet
2553 2334 2866 2406 deprecatio
2913 2331 3090 2388 valida
3114 2331 3182 2388 ad
3217 2327 3409 2398 Deum,
3457 2328 3608 2388 inter
3634 2348 3756 2403 qnze

2148 2440 2204 2488 et
2240 2425 2522 2484 Dominica
2562 2427 2738 2483 oratio
2777 2421 3114 2484 decantatur.
3173 2419 3468 2496 Postquam
3499 2425 3654 2480 enim
3687 2423 3756 2480 ad

2151 2521 2659 2592 communicandum
2684 2527 2740 2574 et
2765 2519 2832 2574 ad
2858 2509 3264 2594 percipiendum
3287 2525 3486 2590 corpus
3515 2533 3757 2590 perven-

2151 2623 2264 2672 tum
2314 2610 2496 2684 l'uerit,
2551 2616 2706 2686 pacis
2746 2613 2991 2670 osculum
3042 2613 3144 2669 sibi
3199 2607 3438 2668 invicem
3495 2614 3754 2678 tradunt,

2152 2716 2479 2762 cantantes:
2505 2704 2684 2778 Agnus
2709 2699 2830 2772 Dei,
2863 2706 2952 2778 qui
2985 2703 3124 2761 tollis
3157 2711 3372 2778 peccata
3401 2701 3616 2766 mundi.
3649 2703 3755 2756 mi-

2152 2819 2322 2858 serere
2344 2801 2514 2866 nobis,
2531 2797 2839 2870 ut,paciﬁci
2858 2806 3257 2853 sacramentum
3279 2789 3671 2868 percipientes,
3700 2797 3755 2850 in

2153 2892 2388 2950 filiorum
2419 2892 2515 2950 Dei
2539 2909 2767 2950 numero
2801 2889 3065 2965 (remissis
3091 2887 3302 2944 delictis
3330 2887 3612 2958 omnibus)
3643 2898 3758 2943 me-

2154 2998 2382 3058 reantur
2407 2985 2674 3064 copulari.
2723 2983 2858 3042 Post
2901 2984 3336 3040 communionem
3367 2997 3519 3060 ergo,
3559 2989 3758 3054 etpost

2154 3077 2397 3152 ejusdem
2422 3079 2658 3135 nominis
2713 3077 3008 3143 canticum,
3040 3073 3164 3130 data
3193 3068 3575 3133 benedictione
3598 3089 3628 3126 a
3667 3090 3757 3127 sa-

2154 3174 2378 3230 cerdote
2433 3173 2500 3230 ad
2538 3171 2770 3244 plebem,
2802 3170 3062 3226 diaconus
3114 3159 3375 3240 praedicat
3417 3167 3606 3222 missa:
3631 3161 3751 3224 ofﬁ-

2153 3262 2298 3324 cium
2334 3281 2454 3322 esse
2491 3272 2797 3334 peractum,
2831 3263 2964 3318 dans
2992 3257 3268 3318 licentiam
3291 3254 3548 3316 abeundi.
3589 3257 3757 3317 Istum

2153 3373 2284 3432 ergo
2322 3351 2569 3414 ordinem
2611 3353 2679 3410 ab
2727 3351 3011 3424 apostolis,
3061 3356 3115 3406 et
3175 3353 3244 3406 ab
3282 3341 3602 3422 apostolicis
3626 3344 3759 3404 viris

2151 3443 2413 3504 traditum
2445 3441 2698 3501 Romana
2723 3447 2868 3498 tenet
2895 3436 3162 3508 Ecclesia,
3204 3445 3259 3494 et
3279 3454 3378 3514 per
3413 3443 3594 3494 totum
3624 3453 3759 3511 pene

2151 3539 2522 3603 Occidentem,
2575 3549 2764 3591 omnes
2804 3527 3060 3588 Ecclesiae
3107 3529 3353 3586 eamdem
3401 3529 3754 3584 traditionem

2153 3641 2390 3690 servant.
2422 3630 2530 3687 Sed
2557 3630 2684 3700 quia
2721 3627 2788 3683 de
2807 3626 3088 3683 ordinibus
3117 3625 3314 3689 sacris,
3355 3632 3411 3678 et
3431 3623 3499 3677 de
3520 3631 3760 3692 quatuor

2153 3725 2530 3794 sacramentis,
2563 3737 2664 3778 nec
2687 3737 2794 3776 non
2824 3727 2880 3775 et
2921 3719 2986 3776 de
3015 3717 3192 3774 ofﬁcio
3217 3717 3399 3772 missae
3433 3730 3757 3770 sermonem

2152 3817 2561 3892 explicavimus,
2613 3811 2741 3869 huic
2781 3810 2922 3866 libro
2970 3809 3262 3866 terminum
3300 3806 3392 3862 hic
3443 3805 3758 3878 ponendum

2153 3926 2274 3970 esse
2312 3923 2598 3964 censemus
2629 3923 2642 3958 :
2668 3903 2721 3958 in
2763 3896 3136 3972 sequentibus,
3196 3897 3263 3954 de
3302 3897 3519 3954 caeteris
3563 3893 3759 3951 ofﬁciis

2153 4011 2316 4072 atque
2351 3993 2822 4054 observationibus
2851 3992 2922 4066 (si
2953 3989 3216 4049 Dominus
3265 3985 3543 4062 annuerit)
3599 3985 3761 4062 plura

2154 4091 2398 4150 relaturi.

2715 4182 2930 4237 Addilio
2951 4178 3015 4239 de
3052 4176 3232 4236 missa.

2222 4275 2564 4342 Anastasius,
2607 4275 2828 4330 natione
2871 4273 3166 4337 Romanus,
3199 4286 3267 4327 ex
3309 4277 3463 4340 patre
3515 4259 3758 4323 Slaximo

2154 4367 2236 4442 (ut
2259 4367 2452 4440 legitur
2479 4369 2533 4421 in
2560 4367 2724 4440 gestis
2754 4363 3195 4436 episcopalibus),
3221 4360 3507 4417 constituit
3538 4369 3597 4413 ut
3625 4376 3760 4430 quo-

2156 4465 2474 4532 tiescunque
2509 4470 2694 4516 sancta
2729 4459 3094 4516 recitarentur
3137 4449 3448 4526 Evangelia,
3495 4454 3758 4508 sacerdo-

2157 4563 2239 4610 tes
2290 4561 2345 4608 et
2385 4553 2655 4622 reliquum
2679 4551 2870 4622 vulgus
2901 4565 3008 4604 non
3056 4549 3329 4614 sederent,
3376 4543 3470 4601 sed
3520 4555 3750 4599 starent.

2158 4643 2360 4699 Deinde
2386 4641 2686 4698 orationem
2717 4657 2815 4710 pro
2855 4641 2968 4696 suis
2990 4639 3224 4710 propriis
3259 4634 3470 4692 delictis
3499 4646 3554 4690 et
3583 4633 3756 4706 plebis

2159 4734 2500 4798 remissione,
2543 4743 2603 4786 ut
2637 4732 2829 4803 dignus
2877 4730 2947 4786 sit
2980 4730 3239 4786 accedere
3285 4727 3350 4781 ad
3378 4725 3576 4790 altare,
3608 4737 3665 4777 et
3691 4723 3755 4776 ad

2159 4835 2364 4882 tactum
2391 4826 2718 4890 oblatarum,
2749 4840 2816 4880 ne
2872 4805 2967 4878 ﬁat
2996 4824 3072 4878 illi
3119 4823 3264 4896 quod
3289 4821 3493 4876 factum
3539 4829 3624 4873 est
3658 4817 3757 4871 Be-

2159 4919 2428 4975 thsamitis
2455 4919 2546 4988 qui
2573 4929 2773 4974 temere
2786 4933 2969 4973 arcam
2994 4915 3205 4972 Domini
3226 4913 3520 4986 tangebam
3543 4911 3594 4985 (Ι
3625 4909 3752 4980 Reg.

2157 5013 2233 5080 v).
2275 5011 2556 5082 Susceptis
2598 5009 2968 5066 oblationibus
3024 5008 3318 5066 revertitur
3377 5005 3644 5062 sacerdos
3687 5001 3753 5058 ad

2156 5101 2346 5180 altare,
2397 5111 2452 5158 et
2491 5102 2636 5158 lavat
2692 5117 2890 5159 manus
2936 5117 3082 5167 suas,
3127 5110 3184 5156 et
3215 5099 3450 5170 extergit
3501 5097 3574 5152 ab
3627 5106 3753 5151 actu

2157 5193 2526 5270 communium
2557 5209 2814 5249 manuum
2839 5201 3000 5264 atque
3032 5201 3254 5258 terreno
3282 5205 3443 5262 pane,
3493 5185 3752 5246 sacerdos

2155 5285 2285 5340 facit
2305 5285 2372 5340 de
2400 5285 2582 5342 oblata
2609 5285 2742 5342 duas
2775 5300 2967 5342 cruces
2992 5283 3151 5354 juxta
3181 5276 3428 5350 calicem,
3473 5291 3536 5336 ut
3563 5281 3752 5336 doceat

2155 5378 2432 5435 Christum
2463 5379 2766 5450 depositum
2796 5393 2918 5437 esse
2942 5377 3009 5436 de
3056 5393 3238 5445 cruce,
3276 5391 3376 5447 pro
3396 5375 3612 5437 duobus
3653 5389 3748 5444 po-

2156 5467 2298 5540 pulis
2351 5479 2407 5526 et
2441 5469 2781 5526 cruciﬁxum.
2813 5467 3056 5525 Elevatio
3081 5469 3382 5526 sacerdotis
3429 5475 3488 5524 et
3536 5463 3753 5522 diaconi

2157 5555 2404 5630 corporis
2443 5569 2498 5615 et
2549 5560 2828 5633 sanguinis
2856 5557 3097 5632 “Christi,
3133 5557 3492 5616 elevationem
3522 5557 3644 5629 ejus
3683 5553 3752 5611 ad

2156 5666 2378 5706 crucem
2432 5650 2667 5706 insinuat
2704 5667 2804 5722 pro
2831 5652 2999 5708 totius
3054 5652 3240 5706 mundi
3279 5651 3474 5710 salute.
3529 5647 3752 5704 Pannus

2157 5751 2417 5798 extensus
2453 5759 2616 5820 super
2657 5743 2848 5812 altare,
2877 5759 3076 5815 corpus
3111 5739 3322 5800 Domini
3348 5749 3617 5800 monstrat
3650 5755 3749 5796 ex—

2162 5844 2373 5894 tensum
2427 5836 2482 5892 in
2535 5853 2720 5908 cruce,
2771 5847 2826 5894 et
2864 5852 3026 5912 super
3083 5854 3148 5894 eo
3195 5851 3392 5909 corpus
3432 5844 3490 5893 et
3523 5830 3751 5908 sanguis
3797 5829 3811 5842 ’
