3970 6466
1079 365 1168 425 DE
1205 365 1649 426 CLERICORUM
1684 365 2190 438 INSTITUTIONE,
2233 369 2472 428 ETC.—
2507 370 2638 428 LIB.
2674 365 2719 429 Ι.

3435 373 3540 434 528

261 483 481 542 Domini
510 487 911 544 consecratum,
941 481 1085 549 quod
1121 496 1219 536 nos
1261 480 1674 545 manducamus,
1714 493 1856 549 aqua
1881 486 1936 546 Α
1960 483 2032 540 cit
2064 498 2274 552 pacem,
2322 491 2382 539 ut
2429 483 2747 538 ostendatur
2797 483 2942 553 quod
2981 491 3084 541 nos
3125 484 3371 542 membra
3425 489 3549 558 ejus

261 587 321 636 et
366 577 551 630 vinum
580 575 633 628 in
662 573 830 628 calice
875 580 1183 627 monstrant
1227 582 1589 634 sacramenta,
1641 584 1762 640 quae
1795 571 1862 625 de

264 668 441 726 latere
492 664 706 720 Domini
744 664 797 718 in
820 679 982 719 cruce
1009 663 1301 728 ﬂuxerunt,
1332 663 1530 733 quibus
1559 677 1660 716 nos
1689 660 1862 730 petati

265 777 478 818 sumus.
513 757 782 813 Immissio
829 756 983 826 panis
1021 757 1075 811 in
1104 756 1312 822 vinum,
1347 755 1498 812 varie
1524 753 1664 824 apud
1694 768 1854 824 quos-

266 854 393 909 dam
430 852 663 906 habetur
706 859 760 904 et
796 849 992 921 agitur.
1038 848 1156 902 itali
1189 863 1403 919 quoque
1429 847 1604 918 primo
1643 845 1863 900 mittunt

265 950 337 1004 de
377 955 565 1002 sancto
617 960 756 1014 pane
792 944 847 998 in
876 943 1124 1006 calicem,
1159 949 1214 995 et
1261 950 1449 1011 postea
1492 940 1678 994 dicunt
1709 955 1722 991 :
1755 952 1860 1007 pan;

268 1041 504 1106 Domini,
540 1040 706 1109 aliqui
746 1055 875 1094 vero
918 1045 1201 1093 reservant
1254 1037 1643 1092 immissionem
1690 1048 1860 1104 usque

268 1137 397 1191 dum
427 1150 528 1204 pas
553 1134 826 1187 celebrata
857 1133 927 1186 sit
964 1141 1020 1186 et
1049 1132 1239 1186 fractio
1263 1131 1438 1200 panis.
1473 1128 1704 1183 Romani
1731 1141 1861 1182 vero

266 1243 391 1282 eum
433 1227 618 1280 dicunt
645 1222 768 1278 Pas:
790 1223 1000 1278 Domini
1029 1226 1095 1278 sit
1150 1239 1356 1293 semper
1390 1222 1678 1286 vobiscum,
1729 1219 1858 1275 mite

214 1307 232 1365 ³(
269 1329 390 1376 tunt
439 1335 636 1389 corpus
688 1317 901 1373 Domini
959 1318 1014 1372 in
1056 1317 1284 1373 calicem
1315 1316 1509 1372 oblata:
1557 1312 1854 1385 particulis.

264 1413 448 1482 Ipsum
484 1427 682 1483 corpus
720 1412 876 1468 nobis
925 1420 1051 1465 ante
1100 1412 1286 1468 oculos
1321 1411 1559 1466 ostendit
1587 1407 1729 1479 quod
1757 1423 1857 1477 pro

267 1505 426 1559 nobis
466 1514 552 1559 est
581 1505 924 1559 cruciﬁxum.
955 1506 1080 1560 Ideo
1130 1519 1260 1560 vero
1285 1505 1457 1576 tangit
1497 1514 1730 1574 quatuor
1779 1503 1858 1556 la-

268 1607 384 1654 tera
428 1599 636 1664 calicis,
686 1600 812 1668 quia
872 1615 969 1668 per
1028 1598 1160 1654 illud
1200 1600 1499 1654 humanum
1543 1611 1713 1668 genus
1759 1609 1857 1664 per

265 1701 502 1760 quatuor
539 1690 758 1747 climata
805 1691 991 1745 mundi
1041 1691 1108 1745 ad
1129 1691 1395 1745 unitatem
1420 1689 1581 1744 unius
1608 1686 1856 1757 corporis

265 1779 546 1852 conjungit
575 1791 631 1837 et
656 1782 722 1836 ad
745 1797 933 1851 pacem
965 1781 1225 1836 Ecclesia:
1251 1781 1529 1836 catholica:
1552 1788 1606 1834 et
1634 1787 1844 1850 apostoc

1971 591 2181 642 sumus,
2233 576 2326 645 qui
2380 592 2477 646 pro
2517 576 2673 633 nobis
2705 576 2998 632 cruciﬁxus
3027 585 3109 634 est
3139 583 3194 634 ει
3229 584 3548 649 resurrexit,

1964 668 2107 722 facta
2136 683 2268 738 pace
2302 669 2557 723 sacerdos
2590 677 2808 739 rumpat
2837 668 3070 723 oblatam
3100 685 3168 725 ex
3196 669 3366 727 latere
3418 675 3548 728 dex-

1963 770 2048 815 tro
2078 777 2184 815 una
2234 760 2497 830 particula
2541 761 2730 818 relicta
2771 769 2934 832 super
2983 762 3164 826 altari,
3217 773 3272 818 et
3315 765 3553 835 reliquas

1963 853 2265 908 oblationes
2316 864 2497 922 ponat.
2521 855 2575 908 in
2611 863 2860 924 patenam
2886 863 3104 912 tenente
3141 874 3260 913 eam
3298 859 3545 916 diacono.

1961 945 2068 1002 Per
2097 946 2415 1015 particulam
2441 947 2636 1002 oblata:
2667 949 2922 1004 immissae
2948 951 3002 1004 in
3041 951 3268 1007 calicem
3310 955 3550 1009 ostendit

1961 1039 2164 1097 Christi
2197 1056 2415 1112 corpus,
2441 1042 2582 1112 quod
2603 1043 2717 1113 jam
2742 1048 3042 1100 resurrexit
3070 1062 3100 1101 a
3147 1049 3394 1104 mortuis.
3447 1049 3554 1104 Per

1961 1144 2263 1190 comestam
2311 1153 2342 1190 a
2371 1138 2656 1192 sacerdote
2684 1148 2740 1193 et
2769 1141 2987 1210 populo,
3033 1141 3175 1211 quod
3205 1151 3328 1213 post
3369 1159 3552 1200 resur.

1963 1231 2258 1286 rectionem
2299 1232 2471 1286 adhuc
2515 1247 2640 1287 cum
2670 1233 2952 1303 discipulis
2982 1233 3268 1292 ambulans
3297 1238 3351 1292 in
3381 1246 3544 1303 terra,

1961 1331 2015 1378 et
2044 1324 2283 1394 seipsum
2306 1324 2507 1378 victum
2530 1326 2798 1395 praebens.
2849 1326 2954 1381 Per
2989 1326 3234 1382 relictam
3267 1327 3323 1380 in
3370 1327 3548 1392 altari,

1961 1417 2200 1472 insinuat
2262 1432 2385 1471 eum
2423 1418 2608 1488 jacere
2636 1418 2690 1472 in
2732 1418 3000 1487 sepulcro,
3045 1427 3151 1474 eta
3185 1419 3466 1490 discipulis
3495 1420 3548 1472 in

1959 1508 2212 1580 passione
2251 1509 2590 1564 derelictum.
2637 1509 2909 1578 Quzeritur
2938 1510 2992 1564 in
3025 1521 3131 1579 quo
3180 1511 3298 1564 loco
3330 1509 3551 1566 inchoa-

1962 1608 2050 1654 tur
2068 1600 2302 1655 ol’licium
2326 1601 2529 1666 missae,
2557 1609 2613 1657 et
2637 1602 2680 1655 si
2715 1601 2854 1656 forte
2885 1599 2951 1656 ad
2978 1609 3149 1656 totum
3178 1599 3412 1656 olilcium
3443 1615 3550 1655 non

1958 1693 2278 1758 occurrerit,
2341 1693 2430 1746 ubi
2460 1703 2789 1762 praesentare
2816 1695 3011 1750 debeat
3033 1695 3087 1747 in
3116 1694 3272 1748 initio
3324 1694 3503 1747 missae
3531 1694 3554 1746 ?

1959 1785 2126 1841 Nobis
2164 1785 2378 1840 videtur
2427 1787 2650 1841 missam
2703 1788 2886 1841 vocari
2941 1788 3008 1842 ab
3039 1803 3105 1843 eo
3140 1787 3278 1852 loco,
3339 1786 3427 1840 ubi
3470 1786 3553 1841 in-

265 1873 383 1928 iicze
425 1875 697 1945 producit,
727 1873 927 1930 talibus
969 1890 1204 1944 namque
1234 1875 1415 1928 verbis
1461 1874 1629 1927 mittit
1669 1873 1722 1926 in
1767 1888 1856 1925 ca-
1961 1878 2091 1947 cipit
2113 1878 2367 1932 sacerdos
2397 1877 2726 1933 sacriﬁcium
2774 1877 2885 1933 Deo
2913 1878 3109 1933 on‘crre
3133 1893 3306 1947 usque
3329 1875 3397 1933 ad
3420 1876 3550 1930 ulti-

264 1965 424 2021 licem
483 1983 680 2037 corpus
708 1967 920 2024 Domini
965 1986 978 2021 κ
1024 1966 1149 2022 Fiat
1187 1968 1476 2022 commistio
1531 1967 1763 2036 corporis
1809 1976 1857 2020 et

263 2059 543 2128 sanguinis
574 2059 780 2113 Domini
809 2060 1181 2131 accipientibus
1199 2060 1346 2116 nobis
1375 2059 1443 2114 ad
1473 2057 1694 2112 salutem
1721 2075 1860 2112 men-

263 2151 337 2205 tis
387 2160 435 2204 et
464 2151 695 2222 corporis
727 2150 781 2204 in
807 2152 963 2206 vitam
1013 2160 1300 2218 internum;
1358 2160 1486 2206 tunc
1516 2149 1748 2220 populus
1773 2149 1851 2204 l'a-

1963 1985 2110 2025 mam
2165 1969 2602 2026 benedictionem
2659 1986 2766 2043 qua
2805 1970 3078 2028 clamante
3106 1970 3319 2040 Levita,
3373 1967 3506 2028 dicit
3535 1985 3548 2000 ο

1963 2061 2066 2128 Ite,
2095 2061 2254 2118 missa
2287 2070 2383 2117 est.

1427 2408 1732 2490 LIBER
1807 2407 2369 2489 SECUNDUS.

785 2642 1018 2699 CAPUT
1051 2641 1341 2700 PRIMUM.

335 2737 414 2793 De
441 2737 620 2809 oﬁiciis
658 2743 704 2790 et
735 2735 1060 2789 orationibus
1097 2737 1470 2792 canonicarum
1508 2739 1779 2795 horarum.

337 2831 582 2890 Oﬂieium
611 2847 742 2902 ergo
777 2832 974 2896 misste,
1007 2832 1150 2901 quod
1183 2833 1235 2886 in
1265 2834 1530 2902 superiori
1560 2835 1700 2890 libro
1731 2853 1858 2892 con-

271 2927 567 2991 texuimus,
623 2924 858 2978 maxima
896 2938 961 2978 ex
999 2932 1153 2992 parte
1202 2923 1268 2978 ad
1303 2924 1476 2978 solum
1506 2927 1742 2995 pertinet
1771 2944 1856 2982 sa-

267 3019 567 3085 cerdotem,
596 3018 683 3073 cui
715 3017 1054 3072 sacriﬁcandi
1085 3018 1209 3073 data
1236 3017 1454 3073 licentia
1486 3028 1588 3085 est,
1616 3027 1670 3074 et
1696 3036 1857 3075 vene.

264 3113 440 3168 randa
464 3111 724 3182 mysteria
768 3125 1111 3165 consecrare.
1148 3111 1253 3166 Sed
1301 3112 1427 3182 quia
1462 3114 1603 3168 istud
1635 3131 1732 3185 pro
1759 3131 1854 3170 sua

1957 2667 2062 2721 qua
2090 2649 2143 2723 (Ι
2174 2650 2355 2706 Thess.
2391 2649 2469 2724 v).
2497 2649 2826 2705 Benedicere
2852 2649 2998 2705 enim
3030 2649 3200 2704 Deum
3231 2657 3315 2704 est
3356 2649 3409 2705 in
3435 2665 3555 2705 om-

1956 2746 2011 2799 ni
2046 2753 2311 2814 tempore,
2349 2759 2566 2814 semper
2604 2743 2755 2798 illum
2798 2744 2958 2814 digna
2989 2744 3404 2799 conversatione
3438 2745 3552 2798 lau-

1956 2839 2120 2905 dare;
2157 2846 2211 2894 et
2234 2838 2350 2893 sine
2374 2837 2776 2893 intermissione
2805 2853 2983 2903 orare,
3013 2845 3096 2892 est
3126 2835 3306 2891 omnia
3343 2838 3397 2890 ln
3439 2838 3553 2908 glo-

1959 2929 2096 2984 riam
2135 2931 2230 2984 Dci
2269 2945 2451 3001 agerc,
2506 2930 2645 2985 sicut
2693 2929 2825 2984 dicit
2881 2929 3023 2984 idem
3070 2929 3356 2999 Apostolus
3390 2944 3402 2982 :
3437 2927 3555 2982 Sive

1958 3022 2093 3076 enim
2122 3021 2485 3086 manaueatis,
2523 3022 2628 3076 sive
2670 3021 2864 3087 bibitis,
2894 3021 2999 3075 sive
3026 3020 3174 3074 aliud
3203 3021 3327 3090 quid
3352 3018 3551 3089 facitis,

1960 3116 2135 3170 omnia
2176 3115 2230 3171 in
2273 3117 2496 3187 gloriam
2546 3116 2638 3170 Dei
2669 3115 2830 3186 facite
2864 3115 2914 3186 (1
2943 3113 3066 3168 Cor.
3100 3114 3179 3185 Χ).
3212 3112 3552 3184 Sttpradlctm

266 3202 572 3257 reverentia
602 3209 658 3255 et
690 3201 952 3272 dignitate
984 3202 1158 3271 primo
1193 3204 1311 3258 loco
1355 3206 1590 3275 positum
1638 3215 1740 3274 est,
1792 3208 1858 3263 de
1887 3212 1931 3276 C
1963 3209 2104 3263 enim
2124 3211 2269 3264 hora:
2291 3211 2413 3265 ideo
2437 3211 2746 3281 specialiter
2769 3211 2834 3263 ad
2850 3209 3111 3264 orandum
3131 3208 3379 3262 discretae
3403 3212 3550 3272 sunt,

266 3293 484 3348 czrteris
513 3292 706 3346 oliiciis
743 3293 1067 3347 diurnalium
1098 3295 1213 3349 sive
1260 3297 1660 3352 nocturnaiium
1695 3300 1859 3353 hora‘

263 3401 412 3451 rum,
469 3386 664 3456 quibus
702 3386 866 3440 certis
905 3387 1201 3455 spatiorum
1259 3389 1504 3443 terminis
1552 3406 1742 3459 preces
1806 3397 1860 3444 et

263 3477 547 3532 orationes
596 3476 927 3547 generaliter
959 3478 1074 3530 sine
1101 3476 1403 3530 diii'erentia
1456 3480 1724 3534 universae
1756 3481 1861 3536 Do-

264 3576 418 3630 mino
447 3576 644 3629 oli‘erre
672 3575 827 3628 decet
866 3574 1141 3636 Ecclesiae,
1187 3585 1586 3643 consequenter
1623 3591 1860 3648 expona-

263 3685 413 3724 mus.
467 3669 660 3724 Oratio
709 3671 855 3723 enim
905 3668 1095 3738 petitio
1141 3669 1355 3737 dicitur,
1407 3687 1531 3726 nam
1577 3689 1735 3732 orare
1780 3684 1861 3732 est

261 3771 478 3831 petere,
550 3761 688 3814 sicut
756 3775 981 3814 exorare
1025 3761 1335 3830 impetrare.
1391 3763 1617 3819 Constat
1677 3777 1856 3824 autem

261 3850 450 3905 oratio
501 3849 619 3904 loco
671 3859 723 3905 et
756 3859 1016 3920 tempore.
1061 3849 1224 3917 Loco,
1282 3856 1535 3924 quoniam
1568 3858 1766 3928 ubique
1805 3869 1860 3914 et

262 3943 324 3996 in
353 3941 573 4010 publico
600 3942 712 3995 sive
761 3943 814 3994 in
855 3942 1045 4010 plateis
1088 3959 1240 3997 more
1266 3944 1664 4001 Pharismornm
1703 3965 1859 4006 orare

264 4051 298 4090 a
349 4036 566 4089 Christo
615 4037 983 4105 prohibemur,
1038 4038 1131 4090 sed
1198 4040 1290 4092 nhi
1341 4046 1720 4110 opportunitas
1766 4045 1861 4100 dc-

263 4127 433 4191 derit,
470 4136 562 4180 aut
591 4129 887 4182 necessitas
911 4128 1305 4196 importaverit.
1346 4131 1530 4200 Neque
1559 4136 1702 4187 enim
1733 4136 1858 4191 huic

263 4217 400 4272 illud
431 4219 671 4288 Apostoli
709 4220 1045 4274 contrarium
1079 4230 1181 4285 est,
1223 4224 1361 4290 quod
1404 4225 1534 4278 dicit
1572 4225 1636 4279 ad
1678 4227 1858 4282 Timo-

264 4309 457 4366 theum
506 4311 792 4365 scribens:
836 4311 990 4376 Volo,
1039 4313 1237 4382 inquit,
1281 4315 1417 4366 viros
1443 4332 1596 4368 orare
1635 4318 1686 4368 in
1717 4321 1857 4372 onmi

264 4399 402 4464 loco,
433 4398 655 4454 levantes
673 4419 831 4470 puras
855 4420 1042 4456 manus
1068 4405 1179 4457 sine
1203 4407 1283 4456 ira
1310 4415 1354 4457 et
1383 4405 1776 4475 disceptatione,
1805 4419 1859 4463 ct

265 4491 478 4561 reliqua
514 4491 564 4563 (1
591 4493 726 4546 Tim.
760 4494 843 4564 ιι).
877 4496 942 4548 Et
997 4512 1172 4565 neque
1201 4497 1331 4550 illud
1374 4497 1672 4554 Psalmistze
1714 4503 1857 4570 quod

1961 3309 2017 3355 ut
2050 3302 2094 3357 si
2124 3301 2262 3357 forte
2290 3302 2471 3372 aliquo
2503 3318 2666 3372 opere
2697 3300 2961 3355 fuerimus
2997 3301 3223 3363 detenti,
3258 3300 3431 3368 ipsum
3456 3309 3554 3353 nos

1962 3395 2028 3448 ad
2059 3394 2289 3449 oliicium
2323 3405 2535 3464 tempus
2559 3396 2865 3449 admoneat.
2900 3396 3029 3460 Qua:
3055 3403 3295 3461 tempora
3325 3391 3378 3445 in
3407 3390 3555 3445 Scri-

1961 3486 2137 3554 ptnris
2164 3486 2361 3540 divinis
2393 3487 2692 3556 prmstituta
2729 3485 3095 3540 inveniuntur.
3125 3484 3258 3538 Nam
3289 3485 3341 3538 in
3374 3484 3556 3538 Veteri

1963 3575 2312 3632 Testamento
2349 3587 2674 3649 praeceptum
2730 3586 2813 3632 est
2860 3577 3121 3646 quotidie,
3184 3585 3346 3629 mane
3381 3581 3435 3629 et
3467 3589 3560 3629 ve-

1963 3677 2138 3739 Spere,
2189 3669 2420 3727 Domino
2470 3672 2687 3726 adolere
2729 3671 3039 3725 incensum.
3070 3669 3137 3724 Et
3169 3667 3340 3723 David
3368 3667 3501 3723 dicit
3535 3681 3551 3722 :

1970 3762 2213 3834 Vespere,
2259 3780 2434 3828 mane,
2460 3773 2508 3817 et
2530 3763 2764 3827 meridie,
2801 3763 3026 3816 narrabo
3051 3772 3098 3816 et
3128 3761 3472 3826 annuntiabo,
3510 3769 3557 3814 et

1963 3858 2206 3911 exaudiet
2259 3873 2431 3911 vorent
2469 3871 2638 3909 nteant
2679 3855 2850 3927 (Psal.
2884 3856 2994 3925 cx).
3031 3856 3094 3908 Et
3142 3856 3270 3908 item
3311 3872 3322 3907 :
3356 3853 3557 3924 Septies

1959 3949 2014 4001 in
2063 3949 2147 4000 die
2191 3946 2400 4001 laudent
2434 3947 2547 4000 diri
2573 3948 2684 4000 tibi.
2729 3946 2836 4001 Sed
2868 3956 2922 4001 et
2957 3955 3178 4002 sanctus
3203 3944 3390 4000 Daniel
3426 3959 3554 4015 pro-

1960 4039 2125 4109 pheta
2169 4039 2349 4105 tcrtia,
2380 4047 2435 4093 et
2485 4048 2660 4105 sexta,
2692 4047 2746 4093 et
2773 4053 2935 4103 nona,
2970 4037 3102 4091 hora
3145 4036 3248 4091 diei
3278 4037 3343 4091 ad
3370 4037 3558 4106 depred

1963 4136 2194 4187 candum
2223 4133 2508 4188 Domimnn
2535 4135 2776 4189 ascendit
2800 4135 2851 4188 in
2877 4133 3130 4188 solarium
3155 4146 3331 4195 suum,
3358 4122 3557 4199 expan-

1963 4227 2038 4282 sis
2075 4229 2326 4283 manibus
2365 4230 2433 4282 ad
2486 4230 2683 4285 cmlum
2722 4229 2893 4284 Deum
2925 4229 3247 4298 deprecatur
3267 4241 3367 4297 pro
3417 4238 3473 4278 se
3502 4231 3558 4276 et

1962 4334 2061 4388 pro
2102 4321 2298 4391 populo
2318 4321 2503 4376 Israel.

2611 4413 2840 4470 CAPUT
2879 4413 2940 4468 Ii.

2401 4508 2472 4563 De
2499 4510 2774 4580 matutina
2788 4507 3126 4560 celebratione

265 4585 403 4639 dicit
435 4584 532 4637 :ln
561 4586 701 4638 omni
721 4586 834 4639 loco
858 4588 1232 4643 dominationis
1257 4593 1392 4662 ejus,
1416 4596 1647 4658 benedic,
1680 4598 1857 4649 anima

2037 4599 2278 4654 Primum
2309 4619 2436 4673 ergo
2469 4603 2532 4656 de.
2575 4604 2962 4655 malutinornm
3017 4600 3340 4666 antiquitate
3392 4596 3559 4650 David

264 4695 406 4743 mea,
453 4677 738 4731 Dominum
771 4677 941 4748 (l’sal.
969 4683 1084 4749 cn).
1122 4683 1226 4735 Sed
1266 4684 1379 4737 haec
1418 4686 1484 4738 ad
1519 4687 1728 4739 interna
1781 4704 1864 4740 re-

265 4779 540 4840 spectant,
591 4771 785 4839 quibus
813 4786 1028 4841 semper
1080 4773 1246 4826 Deum
1274 4791 1433 4828 orare
1464 4786 1517 4831 et
1543 4777 1863 4834 benedicere

262 4869 503 4929 oportet.
533 4860 626 4915 liie
673 4877 803 4932 ergo
852 4862 903 4915 in
942 4865 1088 4916 omni
1113 4865 1232 4918 loco
1263 4875 1386 4920 orat
1418 4866 1608 4932 Deum,
1644 4871 1734 4938 qui
1767 4886 1864 4940 per

263 4952 559 5007 charitatis
581 4953 756 5008 cilicia
784 4963 838 5008 et
883 4957 1019 5009 bona
1064 4974 1226 5028 opera
1273 4962 1472 5030 ubique
1512 4980 1706 5018 manus
1741 4981 1863 5018 cor-

264 5040 354 5094 dis
393 5042 622 5096 mundas
661 5044 875 5099 elevare
914 5048 980 5100 ad
1013 5049 1176 5103 Deum
1209 5053 1424 5122 satagit.
1475 5053 1738 5125 Tempore
1767 5073 1863 5112 au-

265 5140 403 5198 tem,
462 5135 719 5203 quoniam
754 5139 1050 5194 canonicos
1091 5141 1254 5195 horas
1287 5144 1353 5196 ad
1382 5148 1644 5200 orandum
1677 5164 1706 5201 a
1755 5149 1861 5202 Pa-

265 5226 446 5282 tribus
493 5229 816 5284 constitutas
869 5232 1204 5288 incessanter
1234 5247 1416 5291 servat
1443 5238 1700 5304 Ecclesia,
1728 5259 1863 5311 quas

264 5319 426 5388 quasi
455 5336 554 5390 pro
589 5322 774 5377 debito
800 5326 1061 5380 exorandi
1083 5326 1262 5381 cilicio
1285 5338 1494 5383 statuas
1523 5330 1667 5384 nullo
1701 5335 1861 5388 modo

265 5412 549 5482 negligere
584 5413 666 5469 fas
693 5426 794 5479 est,
826 5427 884 5471 ut
907 5421 1247 5488 suntprima,
1283 5422 1460 5488 tertia,
1493 5434 1664 5488 sexta,
1695 5441 1856 5492 nona,

262 5520 518 5574 vespera,
549 5516 605 5562 et
639 5517 846 5563 caeteras
877 5527 996 5578 qua:
1035 5511 1284 5567 similiter
1312 5516 1694 5569 observantur.
1752 5517 1862 5573 Nec

264 5599 417 5653 enim
471 5601 601 5654 illud
653 5603 794 5657 hanc
853 5599 1292 5661 constitutionem
1351 5609 1653 5676 confundit,
1718 5611 1861 5681 quod

263 5692 560 5750 Psalmista
592 5698 721 5752 dicit
754 5714 767 5752 :
797 5697 1114 5756 Benedicam
1156 5703 1433 5760 Dominum
1473 5707 1528 5760 in
1570 5707 1711 5761 omni
1733 5718 1860 5761 tem-

265 5802 418 5855 pore,
459 5804 666 5860 semper
693 5790 812 5846 laus
843 5794 959 5864 ejus
992 5794 1048 5848 in
1075 5813 1164 5850 ore
1183 5814 1296 5851 meo
1325 5798 1494 5869 (Psal.
1539 5800 1754 5869 xxxrlt).
1796 5801 1861 5855 Et

270 5875 567 5946 Apostolus
603 5900 617 5937 :
650 5881 773 5941 Sine
800 5885 1206 5956 intermissione,
1238 5889 1434 5960 inquit,
1467 5901 1631 5962 orate,
1668 5899 1723 5948 et
1743 5891 1866 5948 reli-

1965 4695 2224 4762 propheta
2254 4703 2479 4746 testatus
2509 4701 2590 4747 est
2616 4694 2832 4746 dicens:
2868 4691 3025 4753 Dens,
3060 4689 3197 4741 Dens
3223 4705 3388 4751 mens,
3419 4687 3486 4739 ad
3511 4697 3560 4739 te

1965 4786 2029 4838 de
2053 4786 2166 4838 luce
2197 4786 2349 4854 vigilo
2377 4784 2548 4853 (I’sal.
2594 4787 2702 4854 cx).
2740 4785 2803 4838 Et.
2843 4785 2965 4838 item
2995 4803 3005 4836 :
3039 4783 3102 4836 In
3149 4783 3420 4835 nmtntinis
3453 4798 3558 4833 me-

1966 4877 2174 4929 ditabor
2197 4878 2250 4930 in
2280 4887 2347 4929 te.
2383 4877 2448 4929 Et.
2476 4877 2601 4930 item
2636 4895 2648 4930 :
2689 4873 3060 4930 Pra’rcncrunl
3103 4873 3237 4926 oculi
3273 4877 3373 4926 mei
3414 4873 3482 4924 ad
3511 4881 3558 4924 le

1966 4970 2220 5034 diluculo,
2275 4979 2331 5023 ut
2385 4970 2665 5023 meditarer
2708 4970 2911 5040 eloquia
2949 4979 3057 5022 tua.
3095 4967 3338 5023 Dilncuio
3378 4977 3558 5019 autem

1966 5062 2193 5132 proinde
2239 5071 2450 5126 oratur,
2504 5072 2560 5115 ut
2615 5062 2943 5117 i'csm'rectio
2985 5061 3187 5115 Christi
3231 5060 3555 5114 celebretur.

1965 5155 2020 5208 In
2063 5155 2245 5225 vigilia
2278 5170 2408 5224 ergo
2437 5155 2701 5208 matutina
2730 5155 2992 5209 Dominus
3018 5153 3180 5207 Israel
3225 5152 3429 5206 ducens
3462 5166 3559 5222 per

1964 5266 2118 5305 mare
2155 5250 2420 5315 Rubrum,
2478 5250 2818 5304 Pharaonem
2866 5258 2918 5301 et
2942 5248 3225 5318 Egyptios
3255 5247 3307 5300 in
3341 5247 3454 5316 ipso
3478 5245 3558 5299 di-

1966 5342 2190 5404 mersit;
2230 5351 2283 5394 et
2340 5342 2605 5395 matutina
2648 5341 2779 5395 hora
2836 5339 3088 5395 Christus
3116 5357 3143 5392 a
3173 5350 3347 5394 morte
3378 5354 3559 5392 resur-

1965 5449 2114 5504 gens,
2142 5432 2396 5502 populum
2427 5447 2582 5486 suum
2630 5432 2868 5497 salvans,
2907 5431 3176 5487 diabolum
3207 5444 3263 5486 et
3298 5430 3559 5486 satellites

1963 5527 2082 5598 ejus
2135 5537 2342 5582 aeterna
2385 5529 2698 5598 captivitate
2745 5527 3043 5582 damnavit.
3106 5525 3365 5581 Matutina
3412 5525 3558 5580 enim

1964 5618 2084 5673 luce
2133 5619 2404 5687 radiante,
2457 5619 2716 5675 Dominus
2737 5629 2791 5675 et
2827 5617 3077 5674 Salvator
3100 5628 3285 5674 noster
3327 5619 3394 5671 ab
3423 5616 3560 5671 infe-

1967 5712 2042 5766 ris
2071 5712 2389 5775 resnrrexit,
2421 5712 2638 5780 quando
2662 5712 2828 5784 cmpit
2849 5713 2982 5766 oriri
3009 5711 3257 5766 ﬁdelibus
3286 5709 3401 5774 lux,
3438 5719 3559 5777 qua}

1968 5800 2234 5855 moriente
2274 5799 2493 5856 Christo
2521 5803 2798 5856 occiderat
2818 5803 3214 5874 peccatoribus.
3275 5798 3555 5868 Siquidem

1971 5904 2025 5950 et
2048 5895 2237 5951 eodem
2267 5905 2508 5967 tempore
2533 5896 2744 5955 cunctis
2770 5911 2893 5967 spes
2923 5896 3119 5953 futurae
3142 5895 3569 5971 resurrectionis
