3970 6466
430 363 537 422 327

1109 358 1171 414 Β.
1209 354 1465 413 RABANI
1500 352 1727 412 MAURI
1758 350 2082 410 ARCHIEP.
2122 348 2436 409 MOCUNT.
2477 347 2763 406 OPERUM
2806 346 2986 403 PARS
3023 346 3066 402 l.

3599 347 3715 403 528

421 476 686 542 creditur,
744 488 868 529 cum
901 470 1034 542 justi
1094 478 1151 525 et
1216 468 1406 527 omnes
1460 470 1528 525 ab
1554 466 1673 524 ‘hac
1725 467 2006 540 temporali
2033 472 2085 534 Α
2110 466 2263 537 regio
2287 481 2352 521 ac
2373 463 2692 521 sacerdotali
2717 462 2932 518 functus
2950 459 3151 526 oﬂicio,
3171 459 3397 515 dicens:
3430 457 3718 530 Dii-ﬁgatur

422 576 616 632 morte,
670 564 827 636 quasi
877 578 911 618 a
961 576 1157 632 sopore
1207 562 1381 619 somni
1446 569 1793 631 resurgentes
1839 560 2008 633 evigi-
2044 611 2059 617 -

424 659 633 716 labunt.

1045 747 1272 805 CAPUT
1308 746 1396 803 III.

870 840 951 896 De
985 842 1150 913 ojﬁcio
1177 842 1362 912 prima:
1390 841 1554 897 horta.

496 937 689 993 Primaa
721 944 903 990 autem
927 934 1075 989 horae
1111 933 1407 991 celebratio
1436 933 1662 1005 proinde
1688 932 1770 1000 ﬁt,
1795 932 1923 1003 quia
1956 932 2013 987 in

424 1039 545 1085 ortu
580 1028 688 1085 diei
717 1028 935 1100 quando
972 1027 1052 1083 sol
1087 1027 1156 1083 ab
1196 1028 1480 1084 occidente
1505 1028 1738 1098 primum
1767 1033 2011 1098 apparet,

426 1128 640 1191 oportet
666 1128 728 1175 ut
756 1118 935 1175 Solem
975 1118 1200 1189 iustitiae
1238 1120 1369 1175 oriri
1398 1119 1751 1189 postulamus,
1780 1128 1839 1174 ut
1863 1119 1919 1174 in
1952 1118 2016 1172 il-

427 1212 532 1268 lius
562 1212 766 1267 lumine
799 1210 1140 1267 ambulantes
1172 1218 1520 1282 peccatorum
1551 1210 1801 1266 tenebras
1839 1218 1894 1265 et
1934 1209 2014 1264 la-

428 1319 599 1375 queos
619 1303 812 1358 mortis
831 1303 1145 1358 evadamus.
1165 1301 1327 1357 Juxta
1351 1303 1480 1357 illud
1501 1302 1641 1372 quod
1664 1303 1779 1373 ipsa
1803 1302 2018 1357 Veritas

429 1411 531 1450 nos
575 1394 849 1458 admonet,
879 1392 1065 1449 dicens
1090 1410 1104 1446 :
1133 1392 1410 1447 Ambulate
1448 1393 1573 1447 dum
1605 1393 1773 1447 lucem
1797 1394 2015 1456 habetis,

432 1505 494 1541 ne
526 1486 660 1554 forte
691 1486 914 1540 tenebrae
964 1502 1053 1541 vos
1102 1485 1540 1556 comprehendant
1570 1484 1753 1555 (Joan.
1802 1486 1923 1555 xu).
1955 1484 2023 1538 Et

432 1579 562 1633 item
590 1596 601 1631 :
638 1576 744 1643 Qui
763 1575 997 1631 ambulat
1016 1577 1073 1629 in
1098 1576 1204 1642 die,
1241 1592 1343 1630 non
1364 1574 1580 1645 o/fendit
1613 1573 1796 1647 (Joan.
1830 1575 1908 1645 Χ).

1038 1688 1266 1745 CAPUT
1316 1687 1405 1742 ιν.

807 1782 888 1838 De
916 1782 1086 1837 tertia:
1110 1782 1254 1836 hora:
1282 1780 1649 1835 celebratione.

503 1874 699 1931 Tertia:
744 1875 893 1930 horae
931 1872 1166 1928 otiieium
1210 1872 1330 1927 ideo
1371 1872 1450 1937 ﬁt,
1502 1872 1628 1941 quia
1678 1871 1838 1926 tertia
1886 1870 2020 1925 hora
2047 1849 2096 1909 Β

431 1966 632 2023 Christi
656 1966 837 2036 passio
860 1965 1044 2034 coepit,
1076 1980 1198 2020 cum
1219 1979 1317 2034 per
1340 1963 1649 2018 Judmorum
1676 1964 1886 2034 linguas
1908 1962 2022 2033 jam

434 2066 565 2113 tunc
594 2058 855 2113 Dominus
880 2057 1177 2114 cruciﬁxus
1208 2065 1313 2119 est,
1342 2063 1397 2109 et
1424 2063 1547 2125 post
1571 2054 2021 2109 resurrectionem

432 2148 551 2219 ejus
579 2150 635 2203 in
660 2150 744 2204 die
774 2149 1142 2212 Pentecostes,
1177 2148 1334 2203 tertia
1362 2148 1517 2212 hora,
1546 2147 1782 2218 Spiritus
1804 2156 2024 2203 sanctus

433 2256 596 2311 super
639 2240 909 2311 apostolos
953 2240 1250 2295 descendit.
1300 2238 1410 2294 Suo
1450 2239 1637 2309 utique
1680 2238 1799 2294 loco
1827 2248 1883 2294 et
1926 2255 2025 2293 nu-

434 2349 585 2389 mero
610 2334 678 2388 ad
702 2332 1078 2403 probationem
1104 2330 1428 2386 venerabilis
1457 2329 1756 2394 Trinitatis,
1789 2329 2025 2399 Spiritus

432 2425 745 2483 Paracletus
774 2424 1055 2479 descendit
1097 2424 1166 2478 ad
1211 2432 1405 2488 terras,
1434 2421 1757 2491 impleturus
1794 2422 2023 2493 gratiam

431 2532 599 2588 quam
619 2514 867 2571 Christus
904 2514 1172 2584 promisit.

1054 2625 1280 2682 CAPUT
1319 2624 1384 2679 ν.

907 2697 980 2754 De
1010 2699 1173 2769 officio
1208 2707 1370 2752 sexta:
1396 2697 1558 2753 Itone.

503 2790 671 2850 Sexta
696 2801 878 2847 autem
908 2791 1043 2847 hora
1072 2790 1322 2846 Christus
1350 2791 1402 2845 in
1428 2805 1580 2845 aram
1616 2789 1795 2845 amcis
1833 2805 2025 2847 ascen-

430 2884 531 2949 dit,
560 2893 769 2940 aalerno
816 2883 965 2937 Patri
999 2883 1235 2952 seipsum
1263 2880 1511 2948 oﬁ‘erens,
1557 2890 1617 2936 ut
1655 2898 1752 2938 nos
1796 2898 1827 2937 a
1872 2890 2025 2954 pote-

432 2983 574 3031 state
601 2976 807 3031 inimici
849 2983 904 3029 et
938 2990 970 3028 a
1012 2983 1272 3045 perpetua
1314 2983 1487 3029 morte
1532 2975 1819 3039 liberaret;
1860 2986 2024 3046 atque

433 3067 556 3124 ideo
582 3069 833 3123 convenit
860 3077 921 3123 ut
955 3084 1020 3123 ea
1045 3084 1145 3123 nos
1171 3070 1304 3123 hora
1329 3077 1545 3123 orantes
1578 3077 1635 3124 et
1668 3068 2024 3139 deprecantes

431 3158 488 3213 in
527 3158 779 3222 laudibus
813 3158 931 3229 ejus
976 3160 1244 3232 inveniat,
1288 3175 1395 3229 qua
1441 3161 1556 3230 ipse
1596 3176 1695 3216 nos
1730 3175 1829 3233 per
1868 3176 2021 3217 suam

430 3252 740 3323 passionem
762 3252 832 3308 ad
856 3251 1025 3306 vitam
1049 3261 1309 3307 aeternam
1339 3252 1683 3308 restauravit.
1977 3305 1989 3321 ,
2049 3221 2096 3286 C

2086 3382 2089 3383 ν
2128 3353 2275 3423 quod
2320 3351 2549 3421 legitur:
2586 3349 2925 3404 Dormierunt
2978 3366 3222 3404 somnum
3271 3365 3448 3415 suum,
3492 3358 3541 3402 et
3600 3346 3733 3402 nihil

1051 3364 1280 3421 CAPUT
1312 3364 1401 3421 Vl.

900 3436 979 3492 De
1004 3438 1167 3508 ofﬁcio
1195 3453 1348 3492 nona:
1370 3437 1533 3492 bone.

502 3530 655 3588 Nona
680 3530 867 3601 utique
892 3531 1027 3587 liora
1051 3530 1177 3601 inde
1199 3538 1573 3596 consecratur,
1601 3530 1729 3601 quia
1755 3530 1811 3585 in
1830 3545 1896 3586 ea
1917 3532 2025 3585 Do-

432 3624 613 3680 minus
635 3640 736 3696 pro
765 3624 999 3679 inimicis
1027 3625 1307 3695 postulans
1347 3625 1401 3679 in
1434 3640 1628 3679 manus
1656 3624 1834 3679 Patris
1868 3624 2026 3694 spiri-

434 3726 550 3773 tum
607 3718 1039 3785 commendavit,
1092 3734 1203 3788 qua
1252 3718 1505 3775 videlicet
1553 3719 1738 3774 ﬁdeles
1785 3734 2026 3788 quosque

435 3818 650 3881 oportet
666 3819 730 3889 {ut
760 3825 820 3866 se
844 3810 955 3865 Deo
979 3810 1357 3866 commendent
1383 3826 1508 3866 cum
1537 3811 1729 3865 devota
1756 3811 2020 3877 oratione,

431 3914 538 3969 qua
564 3907 728 3970 caput
753 3917 911 3957 suum
936 3910 1270 3972 cognoscunt
1297 3902 1569 3973 propriam
1610 3902 1846 3955 animam
1879 3900 2025 3956 Patri

430 4011 531 4053 suo
555 3998 985 4063 commendasse,
1016 4005 1076 4051 ut
1111 3999 1166 4052 in
1190 3996 1307 4066 ejus
1336 4014 1531 4068 corpus
1560 3997 1869 4064 coadunati,
1899 4012 2024 4052 cum

432 4086 550 4157 ipso
572 4103 801 4157 regnum
828 4088 1038 4158 possint
1065 4088 1270 4143 intrare
1290 4097 1630 4160 perpetuum.
1658 4089 1881 4159 Hocque
1902 4103 2024 4144 con-

433 4176 766 4232 sideratione
808 4178 1030 4247 dignum
1064 4187 1166 4243 est,
1204 4179 1348 4249 quod
1389 4194 1486 4249 per
1522 4188 1719 4234 cuncta
1747 4180 1863 4234 btec
1890 4187 2022 4234 tem-

427 4282 623 4337 porum
670 4269 846 4338 spatia
898 4268 1168 4323 temarius
1219 4282 1476 4324 numerus
1520 4268 1653 4324 satis
1698 4270 2021 4327 venerabilis

430 4361 648 4426 emicat,
682 4374 783 4414 nos
809 4359 1106 4414 admonens
1136 4367 1193 4412 ut
1222 4368 1344 4430 post
1370 4360 1533 4414 trium
1565 4360 1819 4415 horarum
1847 4361 2021 4415 curri-

429 4453 549 4509 cula
603 4455 1027 4523 unumquodque
1072 4454 1267 4509 horum
1307 4450 1606 4509 ciliciorum
1661 4462 1981 4525 peragentes
2005 4494 2020 4520 ,

2112 558 2281 612 oratio
2308 573 2423 611 mea
2451 557 2586 610 sicut
2626 555 2894 609 incensum
2931 554 2985 608 in
3022 561 3299 622 conspectu
3336 562 3462 618 tuo;
3491 550 3717 605 elevatio

2110 665 2364 704 manuum
2409 663 2645 703 mearum
2692 647 3013 716 sacriﬁcium
3051 645 3420 716 vespertinum.
3462 644 3519 699 ln
3564 644 3722 700 Novo

2112 756 2324 812 quoque
2352 740 2700 796 Testamento
2723 753 2789 794 eo
2822 746 3064 808 tempore
3091 735 3354 791 Dominus
3379 744 3436 792 et
3461 734 3723 790 Salvator

2006 864 2009 871 η
2113 842 2299 889 noster
2324 831 2665 889 coenantibus
2693 829 2955 902 apostolis
2983 829 3307 900 mysterium
3345 827 3428 883 sui
3470 826 3724 897 corporis

2114 935 2169 982 et
2195 926 2472 997 sanguinis
2517 925 2574 979 in
2618 923 2773 979 initio
2809 922 3055 988 tradidit,
3086 929 3147 975 ut
3183 928 3397 991 tempus
3424 919 3616 990 ipsum
3647 935 3731 975 sa-

2115 1015 2306 1073 criﬁcii
2331 1030 2617 1085 vesperum
2652 1014 2968 1070 ostenderet
3000 1011 3207 1068 saeculi.
3238 1009 3480 1067 Proinde
3516 1011 3577 1067 in
3624 1011 3725 1067 ho-

2117 1124 2304 1165 norem
2350 1124 2415 1163 ac
2442 1107 2759 1163 memoriam
2799 1113 3075 1161 tantorum
3132 1111 3619 1160 sacramentorum
3676 1104 3729 1159 in

2119 1203 2204 1258 bis
2233 1202 2563 1272 temporibus
2584 1202 2775 1257 adesse
2803 1214 2904 1255 nos
2931 1199 3088 1255 decet
3122 1198 3219 1253 Dei
3243 1198 3641 1269 eonspectibus
3678 1207 3731 1251 et

2118 1310 2431 1367 personare,
2463 1296 2518 1350 in
2548 1295 2665 1366 ejus
2691 1292 2926 1349 cultibus
2955 1292 3260 1348 orationum
3298 1300 3624 1346 nostrarum
3654 1291 3731 1345 illi

2123 1385 2449 1443 sacriﬁcium
2475 1384 2789 1450 oﬁ'erentes,
2815 1391 2979 1454 atque
2999 1383 3054 1437 in
3079 1380 3197 1452 ejus
3231 1381 3489 1437 laudibus
3516 1382 3734 1453 pariter

2122 1478 2473 1535 exsultantes.
2530 1478 2827 1548 Vesperum
2878 1486 3062 1532 autem
3106 1470 3421 1532 nominatur
3456 1491 3492 1529 a
3550 1476 3735 1530 sidere

2126 1572 2268 1643 quod
2296 1570 2501 1642 Vesper
2523 1578 2772 1637 vocatur,
2800 1579 2856 1626 et
2886 1570 3168 1626 decidente
3204 1569 3318 1625 sole
3357 1568 3637 1632 exoritur,
3669 1570 3736 1621 de

2124 1678 2232 1734 quo
2258 1664 2519 1733 propheta
2547 1664 2679 1719 dicit
2707 1679 2722 1717 :
2755 1662 2826 1716 Et
2871 1678 3141 1733 uesperum
3180 1677 3338 1732 super
3370 1660 3519 1730 ﬁlios
3555 1660 3731 1713 Itami—

2126 1772 2252 1811 num
2279 1755 2565 1826 producere
2588 1756 2717 1827 facit
2749 1754 2895 1827 (Job.
2924 1753 3181 1827 xxxvm).

2721 1866 2950 1923 CAPUT
2991 1866 3118 1923 Vill.

2687 1959 2765 2015 De
2794 1960 3149 2032 campletorio.

2196 2054 2273 2110 De
2300 2054 2581 2126 completis
2623 2061 2804 2109 autem
2834 2053 3171 2110 celebrandis
3205 2054 3372 2108 etiam
3403 2055 3459 2110 in
3502 2053 3731 2110 Patrum

2126 2146 2431 2202 invenimus
2454 2145 2735 2217 exemplis,
2771 2145 2939 2200 David
2964 2145 3226 2217 propheta
3260 2146 3478 2201 dicente
3505 2163 3519 2198 :
3557 2146 3617 2200 Si
3645 2164 3734 2200 as-

2126 2240 2345 2294 cendero
2374 2241 2430 2294 in
2455 2238 2644 2293 lectum
2675 2239 2828 2293 strati
2873 2238 2994 2304 mei,
3025 2239 3071 2292 si
3104 2238 3295 2293 dedero
3330 2256 3580 2294 somnum
3604 2258 3732 2295 ocu-

2124 2330 2190 2386 lis
2211 2333 2362 2398 meis,
2393 2339 2442 2385 et
2468 2330 2729 2402 palpebris
2751 2332 2878 2384 meis
2905 2330 3350 2397 dormitationem,
3374 2342 3469 2386 aut
3497 2336 3735 2403 requiem

2127 2422 2465 2495 temporibus,
2486 2425 2648 2478 donec
2669 2424 2929 2478 inveniam
2954 2422 3123 2477 locum
3149 2423 3396 2488 Domino,
3413 2424 3736 2479 tabernacu-

2126 2519 2234 2573 lum
2269 2517 2379 2573 Deo
2406 2517 2571 2572 Iacob
2599 2514 2771 2588 (Psal.
2789 2511 2997 2587 cxxxt).
3016 2515 3147 2583 Quis
3162 2531 3268 2570 non
3283 2524 3501 2587 stupcat
3518 2526 3733 2572 tantam

2126 2611 2183 2667 in
2218 2626 2404 2667 amore
2432 2610 2529 2665 Dei
2575 2609 2918 2665 devotionem
2958 2608 3146 2675 animi,
3196 2608 3252 2662 ni
3299 2623 3556 2664 somnum
3604 2612 3730 2676 sibi,

2125 2705 2245 2761 sine
2274 2718 2383 2773 quo
2419 2703 2604 2773 utique
2652 2717 2881 2772 corpora
2936 2701 3173 2756 humana
3202 2699 3482 2766 deﬁciunt,
3509 2702 3735 2771 penitus

2125 2795 2489 2859 interdixerit,
2519 2795 2691 2849 donec
2729 2793 2906 2848 locum
2927 2807 2993 2847 ac
3012 2792 3274 2863 templum
3296 2791 3535 2848 Domino
3564 2792 3736 2848 fabri-

2126 2888 2360 2942 candum
2402 2885 2456 2938 in
2503 2893 2725 2952 pectore
2768 2898 2866 2939 suo
2897 2899 2992 2939 rex
3040 2891 3094 2938 et
3127 2883 3391 2954 propheta
3427 2885 3735 2954 reperiret?

2126 2980 2256 3049 Quae
2289 2995 2376 3035 res
2401 2995 2501 3035 nos
2528 2979 2689 3034 debet
2721 2977 2937 3034 fortiter
2975 2978 3291 3045 admonere,
3320 2988 3382 3033 ut
3419 2980 3469 3034 si
3512 2979 3621 3048 ipsi
3654 2976 3735 3034 lo-

2125 3089 2221 3129 cus
2252 3072 2465 3128 Domini
2492 3086 2613 3129 esse
2640 3072 2912 3138 volumus,
2954 3082 3009 3127 et
3040 3072 3453 3127 tabernaculum
3489 3070 3634 3139 ejus,
3667 3086 3735 3125 ac

2127 3165 2386 3235 templum
2440 3165 2686 3235 cupimus
2741 3164 2959 3230 haberi,
3010 3164 3065 3219 in
3118 3172 3383 3235 quantum
3434 3179 3734 3234 possumus

2128 3259 2376 3331 exempla
2418 3266 2727 3314 sanctorum
2765 3257 3064 3323 imitemur,
3107 3272 3177 3311 ne
3210 3257 3277 3311 de
3316 3256 3474 3310 nobis
3514 3256 3735 3310 dicatur

2127 3446 2457 3509 invenerunt,
2487 3451 2543 3498 et
2571 3442 2798 3513 reliqua.
2827 3442 2983 3497 Circa
3024 3442 3369 3498 undecimam
3411 3450 3600 3497 autem
3635 3442 3733 3497 bo-

2128 3554 2267 3604 ram,
2299 3538 2352 3593 id
2375 3545 2458 3591 est
2484 3537 2539 3590 in
2566 3537 2674 3592 ﬁne
2703 3536 2830 3601 diei,
2862 3536 3077 3605 quando
3119 3535 3283 3605 hujus
3312 3532 3477 3589 ollicii
3516 3543 3734 3604 tempus

2128 3640 2228 3693 est,
2266 3629 2537 3684 credimus
2569 3628 2868 3683 Salvatoris
2912 3643 3107 3697 corpus
3132 3627 3371 3698 positum
3404 3641 3529 3682 esse
3556 3626 3616 3680 in
3647 3640 3733 3680 se-

2126 3722 2334 3795 pulcro,
2360 3738 2424 3778 ac
2451 3721 2674 3793 perinde
2701 3721 2860 3776 istius
2881 3735 3097 3791 quoque
3122 3735 3317 3776 cursus
3340 3719 3605 3775 solemnis
3632 3718 3730 3774 de-

2128 3816 2221 3870 bet
2259 3830 2379 3870 esse
2419 3814 2743 3881 celebratio;
2778 3823 2942 3882 atque
2974 3826 3303 3885 magnopere
3327 3811 3607 3886 postulare
3636 3812 3734 3866 de-

2126 3906 2340 3972 bemus,
2364 3914 2424 3960 ut
2449 3906 2565 3975 ipse
2599 3905 2689 3974 qui
2721 3904 2823 3959 hac
2850 3905 2985 3958 hora
3015 3904 3251 3973 quietem
3282 3902 3518 3973 sepulcri
3549 3903 3730 3958 intra-

2127 4001 2207 4055 vit
2250 3998 2404 4055 nobis
2447 4006 2705 4054 aeternam
2755 3998 3001 4070 requiem
3042 3997 3099 4051 in
3132 3995 3288 4053 caelis
3315 3996 3621 4053 concedere
3648 3996 3730 4050 di-

2129 4101 2357 4165 gnetur.

2741 4182 2970 4239 CAPUT
3007 4181 3099 4238 IX.

2379 4276 2456 4331 De
2482 4258 2739 4331 nocturna
2770 4275 3069 4345 vigiliarum
3106 4272 3467 4328 celebratione.

2200 4368 2276 4423 De
2326 4367 2631 4437 vigiliarum
2681 4381 2895 4437 quoque
2926 4364 3323 4419 nocturnalium
3352 4362 3726 4419 celebratione

2128 4464 2348 4533 antiqua
2394 4471 2480 4518 est
2509 4462 2795 4527 institutio,
2847 4462 3154 4533 vigiliarum
3193 4460 3408 4515 devotio
3453 4459 3724 4514 familiare

428 4550 675 4599 sanctam
730 4541 1053 4597 Trinitatem
1121 4543 1293 4598 sacris
1356 4542 1603 4599 laudibus
1662 4544 2016 4600 celebremus.

2128 4557 2324 4611 bonum
2352 4564 2437 4611 est
2466 4555 2717 4611 omnibus
2746 4554 2967 4610 sanctis.
3006 4554 3173 4608 Isaias
3200 4566 3417 4622 quoque
3453 4552 3727 4606 exclamat

426 4634 631 4689 llorum
690 4650 905 4705 quoque
949 4633 1247 4690 olliciorum
1298 4643 1499 4689 statuta
1553 4637 1868 4692 observasse
1912 4637 2013 4706 ipsi

425 4725 657 4795 apostoli
678 4725 950 4796 leguntur,
982 4727 1122 4781 sicut
1152 4727 1205 4781 in
1231 4726 1456 4782 Actibus
1485 4729 1850 4799 apostolorum
1880 4729 2014 4799 legi-

426 4825 537 4884 tur,
564 4818 707 4888 quod
735 4818 928 4873 Petrus
962 4836 1070 4889 qua
1101 4821 1187 4875 die
1217 4822 1478 4877 visionem
1514 4825 2014 4879 communicationis

424 4912 479 4967 in
527 4911 618 4967 illo
648 4911 864 4967 vasculo
888 4923 1141 4983 expertus
1175 4922 1274 4979 est,
1305 4924 1457 4970 sexta
1497 4932 1593 4972 ora
1618 4918 1808 4973 orandi
1840 4920 2014 4989 gratia

424 5006 730 5063 ascenderit
755 5005 892 5078 (Act.
921 5004 999 5078 x).
1028 5005 1095 5061 Et
1115 5006 1245 5061 item
1272 5025 1283 5060 :
1318 5008 1528 5077 Petrus,
1562 5011 1755 5080 inquit,
1783 5020 1830 5064 et
1851 5010 2015 5064 Joan-

425 5112 515 5151 nes
544 5097 889 5153 ascendebant
936 5096 993 5150 in
1040 5096 1288 5168 templum
1324 5100 1392 5154 ad
1420 5101 1604 5155 horam
1634 5100 1886 5155 orationis
1912 5116 2010 5154 no-

426 5205 549 5244 nam
580 5190 716 5250 (Act.
745 5190 849 5262 nt).

1023 5281 1252 5342 CAPUT
1292 5285 1402 5341 Vll.

810 5374 891 5432 De
928 5380 1216 5449 vespertina
1250 5379 1613 5435 celebratione.

499 5466 877 5539 Vespertinum
917 5468 1153 5525 ollicium
1195 5472 1251 5526 in
1289 5472 1497 5526 diurnae
1522 5471 1655 5527 lucis
1683 5487 1881 5528 occasu
1906 5481 2008 5539 est,

427 5560 583 5630 cujus
614 5576 680 5616 ex
708 5560 889 5616 Veteri
920 5558 1268 5619 Testamento
1303 5564 1560 5620 solemnis
1585 5573 1669 5620 est
1696 5566 2008 5622 celebratio.

426 5655 669 5726 Denique
693 5655 798 5712 hoc
824 5667 1065 5728 tempore
1101 5665 1344 5713 veterum
1377 5658 1643 5714 sacriﬁcia
1667 5660 1849 5714 offerri
1879 5661 2012 5715 ado-

426 5744 636 5819 lerique
684 5747 878 5805 altario
914 5758 1157 5805 aromata
1185 5759 1241 5806 et
1269 5752 1429 5807 thura
1465 5752 1627 5825 (sicut
1663 5769 1825 5824 supra
1869 5753 2012 5809 dixi-

427 5838 570 5913 mus)
601 5854 719 5900 mos
758 5849 897 5911 erat,
925 5840 1077 5913 cujus
1113 5841 1190 5899 rei
1221 5843 1376 5901 testis
1414 5851 1497 5901 est
1534 5844 1877 5918 hymnidicus
1901 5844 2012 5919 ille,

2124 4650 2193 4705 ad
2222 4650 2391 4704 Deum
2439 4648 2626 4704 dicens
2657 4666 2670 4702 :
2704 4647 2780 4701 De
2812 4655 2959 4702 nocte
2998 4645 3176 4716 vigilat
3217 4645 3436 4715 spiritus
3476 4661 3626 4699 meus
3656 4646 3724 4697 ad

2125 4753 2195 4809 te,
2219 4742 2463 4807 Domine,
2489 4742 2613 4813 quia
2637 4740 2730 4795 lua:
2751 4750 3008 4811 praecepta
3040 4749 3132 4792 tua
3163 4748 3285 4792 sunt
3314 4754 3473 4809 super
3499 4748 3720 4791 terram.

2123 4835 2258 4891 item
2302 4834 2469 4890 David
2513 4843 2565 4889 et
2601 4833 2752 4903 regio
2779 4840 2835 4888 et
2859 4831 3177 4902 prophetico
3202 4828 3580 4886 sanctiﬁcatus
3625 4844 3724 4882 un-

2126 4938 2322 5001 guento
2352 4930 2426 4985 ita
2453 4928 2598 4984 canit
2627 4944 2639 4980 :
2676 4926 2852 4981 Media
2895 4935 3043 4980 nocte
3069 4925 3342 4995 surgebam
3368 4924 3439 4977 ad
3465 4924 3723 4992 conﬁten-

2124 5022 2250 5075 dum
2296 5022 2410 5086 tibi,
2459 5036 2614 5091 super
2644 5019 2850 5089 judicia
2872 5018 3097 5088 justitia:
3145 5026 3250 5071 tua:
3296 5015 3469 5087 (Psal.
3499 5016 3717 5086 cxvm).

2120 5112 2273 5167 Hanc
2312 5128 2546 5182 namque
2596 5120 2838 5181 tempore
2879 5118 3121 5164 vastator
3162 5109 3383 5181 angelus
3414 5110 3717 5173 transiens,

2118 5203 2477 5275 primogenita
2507 5202 2887 5275 Algyptiorum
2908 5203 3192 5274 percussit.
3220 5201 3373 5258 Unde
3395 5210 3453 5258 et
3481 5217 3583 5257 nos
3610 5202 3721 5256 cvi-

2118 5295 2288 5367 gilare
2333 5302 2566 5365 oportet,
2605 5309 2673 5349 ne
2703 5294 2943 5364 periculo
2989 5292 3371 5365 :Egyptiorum
3413 5293 3719 5348 admiscea-

2118 5404 2259 5444 mur.
2318 5388 2535 5443 Eisdem
2587 5388 2751 5442 etiam
2814 5387 2965 5442 boris
3013 5395 3303 5442 venturum
3354 5402 3412 5443 se
3471 5403 3599 5443 esse
3658 5386 3715 5440 in

2118 5477 2411 5549 Evangelia
2446 5476 2697 5533 Salvator
2725 5475 2978 5543 astruxit,
3008 5476 3152 5533 unde
3192 5485 3247 5533 et
3283 5477 3351 5533 ad
3377 5476 3717 5548 vigilandum

2118 5570 2396 5625 auditores
2431 5584 2558 5625 suos
2602 5568 2867 5634 excitans,
2893 5568 3067 5623 dixit:
3096 5567 3248 5623 Beati
3283 5568 3417 5622 servi
3446 5567 3552 5632 illi,
3578 5583 3715 5638 quos

2118 5680 2234 5717 cum
2268 5663 2462 5718 venerit
2495 5661 2752 5716 Dominus
2778 5661 3028 5715 invenerit
3065 5656 3337 5731 vigilantes
3386 5657 3537 5729 (Luc.
3584 5657 3708 5713 xui.

2125 5751 2349 5823 Vigilate
2377 5769 2519 5823 ergo,
2562 5752 2765 5807 nescitis
2793 5754 2930 5807 enim
2975 5750 3187 5822 quando
3216 5750 3480 5820 Dominus
3512 5749 3706 5813 ueniat,

2115 5862 2255 5916 sero,
2287 5863 2359 5901 an
2404 5846 2588 5920 media.
2627 5857 2795 5914 nocte,
2838 5864 2899 5902 ac
2946 5843 3074 5917 galli
3115 5852 3292 5914 cantu,
3332 5861 3400 5902 an
3435 5859 3614 5910 mane,
3642 5854 3709 5897 ne
