3970 6454
270 419 383 476 329

269 549 391 588 cum
421 537 613 591 venerit
646 538 874 597 inveniat
918 560 1006 600 vos
1044 549 1359 611 dormientes
1388 556 1582 630 (Marc.
1616 562 1759 634 xm).
1792 565 1861 622 Et

268 642 339 682 ne
371 628 501 685 solis
535 633 792 701 apostolis
834 636 966 694 illud
1003 655 1333 716 praeceptum
1370 628 1487 708 esse
1520 628 1854 726 crederetur,

269 736 397 776 mox
439 722 755 794 subiunxit:
786 728 940 796 Quod
965 746 1159 805 autem,
1189 739 1382 811 inquit,
1408 746 1548 801 vobis
1572 749 1707 814 dico,
1741 722 1857 806 om;

269 812 424 868 nibus
455 814 597 882 dico,
626 818 852 890 vigilate.
895 821 1169 895 Siquidem
1201 848 1304 889 nec
1339 837 1520 893 verbis
1560 812 1734 896 solum
1763 843 1859 899 do-

267 904 383 958 cuit
416 905 645 977 vigilias,
689 913 785 969 sed
822 915 987 972 etiam
1016 922 1359 983 conﬁrmavit
1395 934 1664 1004 exemplo,
1701 952 1857 991 nam-

264 1012 373 1067 que
408 1006 642 1056 testatur
669 1003 1014 1076 Evangelium
1057 1016 1182 1085 quia
1221 1030 1333 1075 erat
1359 1021 1519 1080 Jesus
1545 1003 1856 1098 pernoctans

262 1090 323 1143 in
351 1091 587 1147 oratione
627 1094 744 1150 Dei.
786 1097 985 1158 Paulus
1012 1120 1228 1177 quoque
1257 1119 1314 1166 et
1349 1112 1491 1172 Silas
1523 1090 1579 1172 in
1611 1123 1857 1177 custodia

263 1179 493 1249 publica
512 1182 659 1239 circa
695 1189 932 1246 medium
980 1198 1157 1277 noctis
1184 1212 1422 1270 orantes,
1451 1207 1709 1278 hymnum
1739 1212 1857 1285 (au-

264 1273 541 1332 dientibus
584 1281 816 1355 cunctis)
855 1284 1021 1342 vincti
1061 1274 1263 1348 dixisse
1307 1273 1680 1357 memorantur
1713 1273 1851 1377 (Ᾰει.

261 1366 404 1439 11x),
444 1369 537 1426 ubi
568 1379 873 1434 terraamotu
906 1390 1126 1451 repente
1149 1384 1313 1455 facto,
1344 1399 1401 1445 et
1435 1396 1715 1453 concussis
1740 1415 1856 1454 car-

260 1459 406 1515 ceris
448 1460 833 1535 fundamentis,
883 1480 938 1526 et
967 1471 1148 1541 januae
1184 1490 1376 1548 sponte
1408 1493 1628 1554 apertae,
1662 1497 1716 1545 et
1737 1506 1853 1546 om-

260 1550 414 1606 nium
462 1554 675 1610 vincula
726 1568 853 1615 sunt
896 1563 1089 1620 soluta.
1140 1567 1293 1626 Unde
1335 1550 1548 1644 oportet
1583 1550 1668 1635 his
1704 1581 1852 1638 boris

257 1645 526 1715 psallendi
562 1652 862 1725 orandique
902 1656 1266 1729 frequentiam
1310 1682 1411 1724 nos
1440 1670 1495 1724 in
1523 1673 1724 1740 sanctis
1748 1676 1849 1732 ba-

256 1734 391 1791 bere
416 1735 626 1807 olliciis,
656 1740 928 1816 ﬁnemque
953 1758 1221 1820 nostrum,
1250 1755 1335 1810 vel
1373 1758 1421 1812 si
1447 1761 1725 1818 advenerit
1750 1766 1851 1821 sub

257 1829 354 1883 tali
395 1839 519 1888 actu
560 1844 875 1906 exspectare
922 1856 1161 1901 securos.
1215 1847 1314 1904 Est
1361 1860 1540 1908 autem
1576 1856 1849 1925 quoddam

1098 433 1187 491 DE
1225 434 1671 503 CLERICORUM
1705 446 2216 525 INSTITUTIONE,
2253 458 2407 517 ETC.
2429 494 2503 506 —
2532 466 2662 526 LIB.
2698 468 2764 527 II.

3437 492 3545 548 330

1884 569 1937 632 Α
1962 567 2037 622 nit
2066 566 2237 641 (Psal.
2279 574 2357 647 v).
2396 576 2532 635 Nam
2576 586 2793 642 assidue
2833 596 2890 643 et
2932 600 3200 651 instanter
3236 615 3396 659 orare
3432 605 3549 677 ipsa

1961 656 2178 717 Veritas
2201 678 2302 720 nos
2330 666 2535 738 docuit,
2573 688 2696 729 cum
2726 677 2861 734 dixit
2890 699 2903 734 :
2945 680 3114 740 Petite
3142 698 3191 742 et
3223 690 3437 750 dabitur
3450 656 3552 753 rvo-

1960 750 2059 818 bis,
2090 756 2308 824 quwrite
2334 769 2383 813 et
2423 761 2709 833 invenietis,
2742 769 2945 840 pulsate
2982 785 3031 830 et
3071 782 3334 851 aperietur
3372 789 3550 859 vobis;

1960 843 2129 897 omnis
2157 847 2295 900 enim
2321 852 2412 921 qui
2437 856 2562 923 petit
2602 861 2808 931 accipit,
2840 874 2886 917 et
2920 869 3010 937 qui
3035 843 3226 941 qu'a’rit
3260 877 3474 951 invenit,
3501 893 3552 941 et

1959 932 2191 1002 pulsanti
2236 943 2496 1009 aperietur
2538 946 2752 1019 (Matth.
2798 932 3021 1028 vn).'Et
3046 932 3118 1017 ἰιι
3157 932 3551 1042 exemploﬂali:

1961 1038 2068 1093 quo
2100 1031 2346 1087 eamdem
2387 1050 2503 1091 rem
2532 1041 2705 1111 magis
2726 1047 2994 1117 suaderet,
3016 1031 3333 1122 parabolam
3359 1063 3427 1119 de
3451 1066 3549 1122 ho-

1957 1118 2104 1175 mine
2141 1121 2196 1178 in
2245 1127 2480 1183 medium
2507 1135 2710 1202 posuit,
2755 1140 2847 1207 qui
2893 1145 3127 1203 amicum
3154 1164 3311 1208 suum
3340 1155 3395 1210 in
3420 1173 3551 1216 con-

1958 1207 2097 1264 clavi
2124 1214 2360 1283 positum
2390 1219 2457 1275 de
2486 1223 2662 1280 tribus
2698 1230 2928 1297 panibus
2954 1239 3268 1310 postulavit,
3312 1255 3366 1301 et
3391 1253 3550 1320 panis

1956 1306 2011 1353 et
2038 1298 2251 1372 lapidis,
2278 1308 2446 1378 piscis
2469 1322 2525 1369 et
2545 1322 2833 1389 serpentis,
2861 1298 3039 1383 ovi-et
3069 1298 3371 1404 scorpionis
3391 1298 3549 1398 lcom-

1954 1394 2295 1461 parationem
2324 1401 2549 1474 faciens,
2580 1412 2873 1471 novissime
2904 1419 2978 1475 ita
3017 1428 3381 1487 narrationem
3420 1452 3548 1491 con-

1955 1484 2132 1543 clusit.
2171 1489 2231 1546 Si
2250 1511 2370 1567 ergo
2394 1516 2503 1567 vos,
2524 1502 2720 1575 inquit,
2738 1526 2857 1564 cum
2886 1515 3001 1570 sitis
3041 1520 3186 1588 mali,
3220 1529 3382 1582 nostis
3412 1530 3547 1588 bona

1953 1577 2080 1633 data
2104 1582 2232 1639 dare
2256 1586 2384 1655 ﬁliis
2409 1595 2612 1661 vestris,
2658 1612 2855 1669 quanto
2893 1610 3061 1680 magis
3100 1611 3265 1670 Pater
3292 1630 3455 1678 vester
3482 1624 3547 1679 de

1953 1671 2078 1726 cmlo
2109 1675 2255 1731 dabit
2281 1682 2522 1750 spiritum
2557 1688 2747 1745 bonum
2776 1671 3065 1765 petentibus
3094 1721 3149 1760 se
3175 1671 3385 1782 (Ibidi):

2560 1778 2789 1839 CAPUT
2825 1787 2937 1845 XII.

2228 1861 2303 1919 De
2326 1869 2714 1942 quadripartita
2742 1883 2910 1949 specie
2936 1890 3253 1948 orationum.

2338 1924 2350 1937 ι
2517 1924 2542 1942 r
2620 1924 2712 1931 ν-ννν
2743 1924 2907 1949 *νυν-ν
2936 1924 2984 1939 νι
2998 1924 3253 1948 uuuuuus.

253 1934 429 1989 genus
455 1924 854 1996 δωτθῑίοονυῐη,
887 1933 1185 2003 superﬂuas
1209 1939 1636 2001 existimantium
1662 1964 1848 2006 sacras
1876 1936 1924 1997 Β
2022 1946 2338 2011 Orationum
2376 1974 2508 2031 ergo
2541 1968 2778 2034 speciem
2814 1972 3106 2045 Apostolus
3146 1988 3540 2059 quadrimum

606 2016 829 2059 Qnirilﬂl;
853 2036 1015 2059 Ληριιο
1044 2024 1408 2059 ἷηΓΙηΙΛΙιιΛΑΛη
1464 2036 1695 2059 ᾹΞΑΑμι--
1722 2040 1827 2059 3””,
1949 2039 2051 2059 ..-ιέ
2070 2057 2082 2059 μ
2144 2058 2149 2059 ,
2207 2044 2240 2059 ιι
2282 2048 2314 2059 ,ο
2398 2051 2408 2059 ι
2505 2055 2538 2059 --

251 2008 492 2079 vigilias,
525 2023 581 2069 et
606 2016 829 2087 spiritali
853 2036 1015 2091 opere
1044 2024 1427 2095 infructuosas,
1460 2036 1699 2094 dicentes
1716 2040 1844 2112 jura

249 2106 513 2160 temerari
548 2107 747 2177 divina,
782 2128 906 2167 cum
954 2115 1096 2173 Deus
1138 2132 1351 2179 noctem
1402 2124 1595 2183 fecerit
1644 2130 1713 2185 ad
1757 2148 1844 2190 re-

245 2193 451 2262 quiem,
487 2198 627 2255 sicut
667 2201 811 2259 diem
847 2205 914 2262 ad
940 2206 1200 2268 laborem.
1240 2214 1343 2283 Qui
1385 2218 1627 2276 haeretici
1651 2220 1840 2282 Graeco

244 2298 499 2343 sermone
542 2301 817 2366 nystages,
858 2313 1148 2377 νυσταγεῖς,
1196 2305 1300 2365 hoc
1340 2318 1427 2365 est
1470 2314 1836 2384 somnicolosi,

242 2386 526 2435 vocantur.
558 2382 665 2440 Iste
689 2396 874 2444 autem
915 2402 997 2449 est
1038 2398 1337 2457 catholicus
1371 2403 1503 2459 ordo
1533 2406 1834 2464 divinarum

240 2468 685 2542 celebrationum,
720 2481 813 2551 qui
845 2483 913 2539 ab
942 2488 1195 2546 universa
1239 2491 1482 2552 Ecclesia
1518 2495 1719 2556 Christi
1747 2503 1833 2557 in-

238 2565 700 2624 commutabiliter
730 2583 998 2632 servatur.

869 2665 1098 2725 CAPUT
1133 2671 1199 2727 X.

555 2747 636 2804 De
663 2756 867 2810 caateris
896 2756 1139 2830 legitimis
1162 2770 1505 2827 orationibus.

308 2828 446 2890 Sunt
473 2845 527 2894 et
558 2841 677 2898 alia:
702 2828 976 2905 orationes
996 2852 1265 2924 legitimas,
1295 2877 1415 2932 quae
1445 2863 1562 2921 sine
1590 2866 1698 2923 ulla
1734 2871 1828 2927 ad-

229 2926 530 2985 monitione
575 2933 858 3005 debentur,
903 2954 963 2997 ut
998 2952 1082 2999 est
1117 2947 1206 3002 illa
1249 2926 1411 3020 qu—am
1443 2955 1673 3015 dicimus
1701 2970 1827 3017 ante

228 3012 595 3086 inceptionem
622 3025 851 3097 alicujus
891 3035 1090 3103 operis,
1119 3036 1333 3096 Domini
1370 3044 1698 3115 adjutorium
1723 3066 1826 3121 po-

226 3107 512 3167 stulantes.
550 3114 660 3172 Nec
689 3120 833 3175 enim
860 3123 1013 3180 decet
1039 3125 1405 3187 Christianum
1433 3107 1652 3207 aliquod
1688 3107 1825 3211 opus

223 3213 327 3253 sua
352 3210 769 3278 praesumptione
794 3213 1052 3286 incipere,
1078 3230 1368 3293 antequam
1396 3229 1611 3283 studeat
1638 3229 1823 3287 Domi-

224 3305 359 3345 num
387 3294 439 3348 in
472 3298 731 3356 auxilium
759 3305 1045 3376 advocare,
1076 3315 1201 3382 quia
1230 3316 1344 3385 ipse
1373 3317 1511 3372 dixit
1537 3336 1553 3373 :
1587 3318 1713 3377 Sine
1740 3339 1822 3378 me
1850 3316 1899 3378 C

222 3380 360 3433 nihil
382 3393 596 3452 potestis
618 3389 791 3458 facere
822 3394 1005 3468 (Joan.
1040 3380 1154 3474 xv).
1187 3380 1475 3464 Humiliter
1500 3425 1629 3482 ergo
1654 3412 1817 3469 advo-

220 3482 378 3530 catus
408 3479 663 3551 dignatur
698 3503 798 3545 nos
838 3490 1116 3563 adjuvare,
1148 3498 1288 3554 sicut
1316 3500 1383 3556 de
1412 3502 1528 3573 ipso
1558 3479 1815 3576 scriptum

218 3573 347 3621 est:
383 3568 652 3628 lnvocabit
699 3596 799 3647 me,
848 3581 1055 3653 inquit,
1097 3596 1146 3642 et
1196 3606 1288 3660 ego
1337 3593 1617 3649 exaudiam
1653 3614 1768 3651 eum
1794 3614 1814 3652 :

214 3675 339 3713 cum
362 3679 477 3731 ipso
514 3684 632 3722 sum
670 3672 727 3726 in
756 3673 1112 3746 tribulatione,
1137 3683 1355 3752 eripiam
1390 3703 1510 3741 eum
1535 3697 1584 3743 et
1608 3688 1812 3760 gloriﬁ-

214 3751 347 3806 cabo
377 3771 519 3823 eum,
552 3767 607 3814 et
636 3762 843 3834 reliqua
890 3766 1060 3839 (Psal.
1114 3751 1224 3845 xc).
1268 3775 1375 3832 Sed
1403 3786 1457 3833 et
1487 3751 1666 3836 cibuin
1702 3751 1814 3838 non

210 3846 368 3916 prius
398 3863 616 3907 sumere
642 3853 769 3910 licet
791 3874 953 3928 quam
987 3862 1303 3936 interposita
1331 3872 1599 3941 oratione,
1628 3878 1812 3946 priora

210 3938 359 3993 enim
403 3941 651 4000 habenda
696 3959 822 4005 sunt
852 3954 1074 4023 spiritus
1102 3958 1381 4032 refrigeria
1412 3981 1575 4035 quam
1607 3972 1810 4039 carnis,

210 4031 341 4101 quia
375 4035 559 4103 priora
601 4050 729 4096 sunt
770 4044 1011 4101 coelestia
1050 4066 1214 4120 quam
1247 4031 1498 4113 terrena.
1547 4060 1810 4121 Similiter

208 4130 398 4179 autem
428 4135 483 4181 et
516 4139 640 4199 post
666 4133 845 4189 cibum
871 4153 1031 4195 orare
1060 4147 1333 4213 convenit,
1365 4158 1425 4203 ut
1457 4150 1681 4210 Domino
1708 4172 1808 4226 pro

207 4214 327 4268 suis
370 4215 526 4274 donis
553 4223 741 4288 gratiae
780 4227 1104 4299 referantur,
1148 4243 1209 4289 ut
1256 4238 1388 4293 illud
1425 4242 1481 4296 in
1509 4244 1613 4301 hoc
1654 4264 1805 4303 com-

202 4303 424 4372 pleatur
450 4308 748 4370 Psalmistae
774 4320 916 4386 quod
943 4322 1076 4377 dicit
1105 4343 1116 4377 :
1147 4326 1320 4382 Edent
1344 4348 1619 4404 pauperes,
1646 4349 1694 4393 et
1720 4357 1807 4394 sa-

204 4398 566 4469 turabuntur,
616 4416 666 4460 et
707 4407 999 4469 laudabunt
1049 4398 1354 4475 Dominum
1394 4398 1484 4495 qui
1538 4430 1805 4500 requirunt

201 4508 323 4548 eum
355 4492 527 4568 (Psal.
553 4502 690 4575 xxr).

825 4600 1052 4659 CAPUT
1092 4606 1181 4661 XI.

573 4687 652 4743 De
680 4691 1032 4761 peculiaribus
1066 4703 1410 4760 orationibus.

269 4769 583 4833 Peculiares
602 4790 784 4837 autem
805 4787 1077 4845 orationes
1098 4807 1233 4862 pure
1255 4795 1568 4867 frequenter
1590 4803 1790 4874 facere,

188 4870 249 4915 et
275 4862 476 4920 bonum
506 4878 561 4924 et
600 4871 866 4932 laudabile
911 4890 1015 4947 est,
1067 4885 1194 4954 quia
1235 4862 1527 4947 muliorum
1566 4894 1790 4953 Patrum

189 4958 445 5028 exempla
488 4962 544 5016 id
572 4981 671 5022 nos
701 4967 882 5028 facere
912 4977 1160 5045 suadent,
1196 4981 1312 5053 ipse
1339 4985 1598 5046 Dominus
1625 4993 1789 5049 etiam

189 5061 295 5102 suo
325 5053 639 5123 magisterio
669 5061 773 5118 hoc
803 5065 999 5125 docere
1032 5088 1132 5129 nos
1161 5075 1412 5147 dignatus
1438 5093 1521 5139 est
1557 5085 1743 5143 dicens
1768 5106 1781 5143 :

192 5136 273 5191 Tu
307 5151 481 5198 autem
516 5164 634 5203 cum
661 5158 890 5212 oraveris
935 5161 1075 5218 intra
1100 5166 1157 5220 in
1183 5169 1500 5240 cubiculum,
1527 5186 1576 5230 et
1606 5178 1785 5234 clauso

187 5231 327 5284 ostio
354 5250 448 5288 ora
476 5234 692 5296 Patrem
729 5257 898 5316 tuum,
938 5258 985 5306 'et
1024 5250 1187 5311 Pater
1221 5269 1341 5317 tuus
1369 5266 1458 5334 qui
1494 5269 1627 5323 videt
1652 5281 1701 5326 te
1730 5274 1786 5328 in

186 5321 497 5382 abscondito
526 5334 703 5389 reddet
732 5338 823 5392 tibi
852 5342 1066 5413 (Matth.
1098 5349 1195 5420 v1).
1232 5352 1337 5408 Sed
1375 5321 1431 5410 et
1464 5321 1567 5414 hoc
1590 5321 1697 5417 non

184 5411 430 5473 clamosa
450 5436 586 5479 voce
610 5411 918 5487 faciendum
940 5443 1043 5503 est,
1070 5441 1166 5495 sed
1186 5457 1309 5498 cum
1337 5446 1636 5507 intentione
1661 5469 1782 5509 cor-

184 5507 275 5564 dis
321 5518 380 5565 et
424 5520 837 5585 compunctione
879 5523 1259 5601 lacrymarum,
1299 5539 1422 5609 quia
1475 5541 1578 5599 hoc
1620 5547 1779 5603 modo

183 5614 290 5656 nos
312 5605 559 5662 exaudiri
583 5625 613 5664 a
634 5609 866 5670 Domino
893 5620 1187 5693 credimus,
1218 5628 1429 5687 dicente
1448 5631 1732 5693 Psalmista
1760 5658 1773 5694 :

186 5689 479 5753 Exaudivit
521 5699 780 5760 Dominus
825 5724 1001 5765 vocem
1062 5689 1215 5784 ﬂetus
1274 5723 1414 5789 mei,
1460 5732 1515 5781 et
1570 5730 1775 5801 reliqua

186 5783 364 5857 (Psal.
393 5789 491 5861 vi).
527 5792 597 5848 Et
620 5794 789 5855 item:
823 5783 1158 5873 Sacriﬁcium
1198 5809 1307 5866 Deo
1341 5783 1552 5886 spiritus

185 5878 402 5937 balatus
423 5898 437 5911 ’
467 5900 558 5938 cor
580 5892 858 5947 contritum
884 5904 932 5949 et
957 5897 1291 5956 humiliatum
1329 5878 1470 5963 Deus
1506 5927 1607 5967 non
1629 5932 1772 5984 sper-

588 5982 864 6052 Pnaon.
899 5989 1093 6059 CVII.

2862 2039 2881 2045 _
3162 2039 3181 2055 _
3197 2039 3212 2040 ρ
3226 2039 3309 2044 --__
3321 2039 3430 2059 τυ-
3444 2039 3540 2053 η...

1949 2039 2161 2099 ratione
2190 2044 2456 2117 distinxit,
2487 2055 2672 2114 dicens
2703 2079 2716 2115 :
2744 2062 3009 2135 Deprecor
3032 2074 3208 2147 itaque
3236 2083 3403 2150 primo
3428 2103 3541 2142 om-

2824 2129 2834 2135 .
3236 2129 3399 2150 Γ--..η
3429 2129 3539 2142 -.τ

1946 2129 2092 2183 nium
2113 2133 2232 2201 ﬁeri
2253 2138 2657 2215 obsecrationes,
2681 2156 2963 2227 orationes,
2985 2168 3386 2242 postulationes,
3415 2194 3541 2248 gra-

1946 2219 2134 2248 s.’.........
2193 2229 2355 2248 __._-___
2472 2234 2515 2248 ιι
2553 2236 2611 2248 η..

1943 2219 2137 2276 tiarum
2184 2229 2415 2286 actiones
2466 2234 2515 2307 (1
2552 2236 2685 2295 Tim.
2730 2250 2873 2320 vm),
2902 2219 3023 2321 quae
3052 2273 3160 2314 non
3191 2219 3445 2323 inaniter:
3468 2272 3538 2328 ab

1939 2307 2197 2379 Apostolo
2226 2318 2302 2375 ita
2347 2320 2514 2381 fuisse
2555 2329 2726 2389 divisa
2774 2307 3000 2400 minime
3033 2347 3385 2413 dubitandum
3429 2370 3533 2417 est.

1938 2398 2057 2458 Non
2086 2407 2229 2463 enim
2258 2416 2585 2477 credendum
2617 2434 2700 2482 est
2737 2430 2939 2503 aliquid
2966 2444 3278 2503 transitorie
3322 2466 3387 2507 ac
3416 2453 3536 2510 sine

1938 2497 2150 2557 ratione
2177 2502 2441 2575 Spiritum
2468 2526 2717 2577 sanctum
2746 2497 2845 2594 per
2870 2528 3188 2601 Apostolum
3216 2544 3530 2616 protulisse,

1938 2591 2144 2616 “,4,”
2180 2599 2260 2616 μί.
2326 2603 2358 2616 .,
2467 2607 2478 2616 .
2540 2610 2555 2616 -
2820 2614 2824 2616 ›

1929 2871 2166 2931 quatuor
2196 2875 2405 2941 species
2454 2879 2523 2935 ab
2569 2871 2897 2961 unoquoque
2933 2908 3126 2954 orante
3171 2903 3280 2959 sint
3319 2910 3528 2978 pariter

1929 2964 2289 3033 assumendae,
2344 2984 2413 3025 an
2464 2973 2602 3033 alius
2650 2983 2868 3051 quidem
2912 2992 3340 3069 obsecrationes,
3387 3006 3526 3065 alius

1927 3052 2223 3124 orationes,
2259 3059 2398 3119 alius
2425 3080 2557 3125 vero
2589 3077 3000 3150 postulationes,
3045 3087 3291 3162 aliusque
3320 3100 3524 3169 gratia-

1927 3157 2047 3198 rum
2079 3149 2320 3210 actiones
2359 3157 2471 3216 Deo
2517 3163 2712 3224 debeat
2753 3149 3030 3234 exhibere.
3071 3180 3177 3239 Sed
3201 3149 3521 3248 mensuram

1926 3234 2135 3292 scilicet
2162 3244 2337 3301 aetatis
2366 3263 2499 3317 suae,
2530 3254 2585 3309 in
2616 3273 2724 3328 qua
2748 3276 3085 3337 unaquaeque
3122 3288 3277 3332 mens
3300 3295 3401 3348 per
3438 3282 3524 3338 in-

2639 3327 2649 3328 ,
2873 3327 2893 3333 _
2994 3327 3013 3337 _
3189 3327 3273 3332 __-
3300 3327 3391 3348 τ--

1929 3327 2223 3387 tentionem
2294 3339 2541 3409 proficit,
2597 3355 2651 3401 et
2709 3350 3029 3412 industriam
3080 3378 3522 3443 unumquemque

1918 3428 2132 3485 oportet
2150 3422 2447 3485 intendere.
2475 3431 2890 3499 Obsecrationes
2911 3445 3096 3519 itaque
3117 3462 3244 3509 sunt
3266 3422 3518 3530 implojra-

1917 3505 2096 3564 tiones
2123 3526 2218 3569 seu
2249 3518 2543 3587 petitiones
2577 3541 2675 3595 pro
2703 3535 2960 3603 peccatis,
3005 3505 3212 3610 lquibus
3255 3505 3516 3621 velrprae-

2706 3600 2721 3601 ί
2946 3600 2954 3603 ,
3032 3600 3050 3610 _
3383 3600 3494 3621 τ-..

1916 3600 2159 3658 sentibus
2186 3607 2273 3662 vel
2306 3615 2597 3680 praeteritis
2652 3622 2904 3681 admissis
2964 3629 3080 3686 suis
3142 3640 3516 3713 unusquisque

1916 3704 2269 3761 compunctus
2316 3704 2531 3760 veniam
2595 3709 2937 3780 deprecatur.
3001 3719 3288 3783 Orationes
3343 3743 3470 3789 sunt
3493 3777 3510 3801 ,

1913 3783 2108 3850 quibus
2148 3788 2350 3859 aliquid
2399 3794 2678 3857 oll‘erimus
2727 3820 2822 3860 seu
2869 3807 3131 3869 vovemus
3172 3816 3305 3884 Deo,
3356 3826 3509 3881 verbi

1912 3880 2089 3948 gratia
2126 3902 2139 3936 ε
2172 3882 2425 3957 Oramus,
2457 3908 2580 3949 cum
2623 3902 3000 3962 renuntiantes
3040 3908 3167 3965 huic
3206 3916 3407 3972 mundo
3454 3928 3511 3975 et
3542 3940 3551 3951 ε

1912 3972 2142 4040 actibus,
2195 3985 2359 4049 atque
2402 3991 2797 4047 conversationi
2849 3999 3134 4057 mundanae
3179 4009 3507 4075 spondemus

1910 4077 2010 4118 nos
2041 4072 2188 4122 tanta
2216 4068 2513 4133 intentione
2549 4081 2728 4137 cordis
2757 4082 2989 4145 Domino
3016 4094 3333 4155 servituros.
3365 4101 3505 4158 Ora-

1908 4172 2052 4224 mus,
2092 4175 2215 4215 cum
2242 4167 2608 4233 promittimus
2636 4190 2734 4229 nos
2755 4178 3104 4245 purissimam
3130 4191 3375 4259 corporis
3405 4210 3501 4251 ca-

1907 4250 2170 4321 stitatem,
2194 4271 2290 4312 seu
2314 4258 2645 4319 immobilem
2671 4267 2990 4336 patientiam
3015 4250 3355 4338 exhibituros
3381 4300 3503 4342 esse

1904 4356 2187 4416 perpetuo,
2230 4350 2312 4405 vel
2341 4367 2463 4410 cum
2502 4356 2567 4411 de
2595 4360 2758 4416 corde
2784 4372 2974 4420 nostro
3002 4368 3212 4427 radices
3239 4373 3352 4441 irae,
3384 4378 3499 4435 sive

1906 4439 2140 4498 tristitiae
2185 4456 2414 4504 mortem
2462 4456 2741 4523 operantis
2794 4476 3054 4520 vovemus
3108 4483 3208 4524 nos
3254 4471 3498 4534 funditus

1906 4544 2115 4589 eruere.
2150 4535 2332 4593 Tertio
2355 4540 2473 4597 loco
2494 4555 2771 4612 ponuntur
2795 4552 3200 4624 postulationes,
3231 4577 3365 4630 quas
3394 4583 3494 4636 pro

1820 4676 1878 4736 Β
1905 4622 2025 4680 aliis
2054 4642 2288 4699 quoque,
2319 4632 2446 4687 dum
2478 4650 2663 4691 sumus
2695 4639 2748 4692 in
2790 4639 3007 4699 fervore
3026 4622 3248 4715 spiritus
3281 4622 3492 4713 consti-

1902 4718 2021 4782 tuti,
2064 4719 2299 4778 solemus
2337 4726 2613 4795 emittere,
2664 4732 2749 4786 vel
2778 4735 2959 4793 charis
3008 4740 3216 4799 scilicet
3261 4751 3486 4821 nostris,

1895 4810 1980 4864 vel
2004 4827 2105 4881 pro
2134 4816 2299 4870 totius
2328 4820 2512 4873 mundi
2540 4837 2672 4891 pace
2698 4839 3001 4898 poscentes,
3033 4843 3092 4887 ut
3136 4836 3305 4907 ipsius
3344 4810 3489 4913 Apo;

1894 4902 2016 4956 stoli
2063 4906 2246 4962 verbis
2290 4909 2537 4980 eloquar,
2570 4930 2693 4971 cum
2732 4935 2831 4989 pro
2859 4925 3111 4983 omnibus
3154 4930 3484 5008 hominibus,

1891 5007 1990 5062 pro
2019 4996 2235 5067 regibus
2278 5008 2334 5055 et
2371 5017 2470 5071 pro
2510 5005 2594 5060 bis
2630 5010 2721 5078 qui
2749 5010 2805 5065 in
2833 5016 3164 5075 sublimitate
3194 5032 3321 5078 sunt
3356 4996 3486 5100 sup;

1890 5085 2173 5155 plicanius.
2216 5090 2422 5161 Quarto
2469 5099 2664 5157 deinde
2709 5102 2848 5173 loco,
2900 5112 3191 5180 gratiarum
3238 5085 3481 5182 actiones

1890 5191 2180 5250 ponuntur,
2210 5201 2344 5256 quas
2385 5206 2541 5248 mens
2575 5196 2660 5250 vel
2703 5214 2825 5253 cum
2862 5207 3134 5271 praeterita
3169 5210 3264 5267 Dei
3289 5218 3481 5275 recolit

1799 5318 1815 5333 ,
1887 5267 2172 5339 beneﬁcia,
2202 5276 2287 5331 vel
2320 5292 2443 5334 cum
2471 5287 2759 5351 praesentia
2790 5267 3185 5365 complectitur,
3226 5317 3320 5359 seu
3350 5321 3475 5363 cum

1887 5358 1943 5414 in
1990 5361 2231 5421 futurum
2277 5385 2398 5439 quae
2443 5382 2498 5429 et
2535 5386 2735 5445 quanta
2774 5358 3159 5452 praeparaverit
3203 5391 3346 5452 Deus
3386 5400 3474 5456 bis

1885 5452 1977 5521 qui
2018 5455 2242 5529 diligunt
2272 5475 2396 5517 eum
2432 5467 2711 5535 prospicit,
2752 5485 2851 5540 per
2893 5470 3187 5537 ineffabiles
3217 5452 3475 5550 excessus

1886 5542 2114 5602 Domino
2160 5549 2343 5607 refert.
2383 5553 2497 5622 Qua
2536 5557 2832 5618 intentione
2862 5581 3247 5642 nonnunquam
3277 5594 3472 5648 preces

1884 5637 2164 5696 uberiores
2189 5645 2365 5699 emitti
2400 5648 2599 5715 solent,
2629 5653 2755 5708 dum
2792 5656 2881 5712 illa
2910 5675 3029 5730 qua:
3056 5637 3227 5734 posita
3258 5683 3386 5729 sunt
3410 5677 3471 5733 in

1881 5733 2065 5792 futuro
2098 5739 2341 5809 praemia,
2388 5740 2693 5809 purissimis
2735 5747 2906 5804 oculis
2947 5733 3224 5825 intuendo,
3265 5765 3466 5831 gratias

1881 5841 2005 5882 cum
2045 5828 2311 5887 immenso
2350 5832 2545 5901 gaudio
2578 5835 2805 5905 spiritus
2835 5850 3019 5898 noster
3055 5845 3341 5920 instigatur
3372 5853 3458 5910 in-

1876 5917 2121 5977 fundere.

2945 6026 3017 6090 11
