3970 6470
452 492 552 551 531

1040 601 1267 662 CAPUT
1302 596 1437 658 Xlll.

525 699 797 767 Quomoao
828 698 893 752 ea:
919 698 999 750 his
1031 696 1297 766 speciebus
1330 684 1655 767 compunctio
1682 701 1948 746 nascatur.

521 791 601 847 Ex
626 792 711 847 his
739 805 954 861 quoque
981 798 1211 861 quatuor
1251 789 1531 860 speciebus
1577 787 1750 844 solent
1784 784 2026 841 occasio-

452 892 547 938 n‘es
585 874 1036 951 supplicationum
1080 880 1357 952 pinguium
1386 879 1652 951 generari.
1694 876 1827 932 Nam
1865 885 1919 932 et
1958 874 2025 931 de

448 972 838 1030 obsecrationis
862 971 1063 1044 specie,
1088 986 1207 1042 quae
1236 970 1301 1025 de
1330 970 1742 1041 compunetione
1783 967 2026 1022 nascitur

446 1071 814 1134 peccatorum,
856 1060 1004 1117 etde
1046 1061 1308 1116 orationis
1342 1068 1507 1125 statu,
1555 1075 1673 1129 qua:
1720 1060 1786 1115 de
1832 1050 2026 1114 ﬁducia

446 1157 778 1213 oblationum
825 1162 882 1211 et
921 1153 1383 1210 consummatione
1424 1151 1729 1207 futurorum
1764 1166 1861 1222 pro
1898 1165 2027 1206 con-

446 1249 685 1305 scientiae
714 1240 933 1319 proﬂuit
954 1246 1209 1317 puritate,
1236 1252 1291 1300 et
1324 1244 1390 1298 de
1430 1243 1791 1316 postulatione
1814 1258 1934 1313 quae
1958 1241 2025 1297 de

446 1341 730 1397 charitatis
757 1336 948 1395 ardore
980 1337 1242 1409 procedit,
1279 1346 1335 1392 et
1375 1338 1439 1392 de
1465 1327 1759 1409 gratiarum
1791 1337 2021 1401 actione,

446 1446 569 1502 qua:
604 1430 992 1486 beneﬁciorum
1035 1444 1101 1485 ac
1146 1429 1529 1501 magnitudinis
1572 1445 1635 1484 ac
1668 1430 1884 1500 pietatis
1910 1427 2027 1498 ejus

447 1522 878 1579 consideratione
916 1529 1226 1592 generatur,
1268 1519 1693 1577 ferventissimas
1733 1521 2027 1593 saepissime

446 1612 692 1669 vovimus
719 1628 909 1685 preces
946 1613 1265 1686 ignotasque
1305 1612 1543 1684 prodire.
1589 1613 1668 1669 Ita
1718 1622 1774 1669 et
1813 1622 2026 1669 constat

445 1721 634 1761 omnes
654 1707 753 1760 has
777 1721 911 1776 quas
942 1705 1288 1776 praediximus
1333 1706 1540 1776 species
1568 1705 1818 1761 omnibus
1847 1705 2022 1760 homi-

445 1797 601 1852 nibus
630 1796 791 1852 utiles
819 1811 884 1851 ac
918 1797 1255 1852 necessarias
1295 1796 1546 1863 inveniri,
1593 1805 1655 1850 ut
1702 1796 1756 1851 in
1803 1811 1909 1852 uno
1934 1811 2025 1852 eo-

444 1894 672 1961 demque
700 1891 833 1956 viro,
866 1906 1011 1946 nunc
1030 1891 1246 1961 quidem
1273 1891 1729 1960 obsecrationum,
1756 1909 1897 1948 nunc
1925 1908 2022 1949 au-

1087 488 1147 545 B.
1188 481 1443 544 RABANI
1475 478 1693 545 MAURI
1731 472 2049 541 ARCHIEP.
2090 469 2399 538 MOGUNT.
2439 468 2727 539 OPERUM
2764 468 2944 538 PARS
2982 480 3024 537 l.

2051 602 2104 662 Α
2128 597 2258 662 rari,
2282 588 2364 651 sic
2388 594 2479 653 ubi
2526 594 2643 653 haec
2687 607 2902 654 aeternae
2939 590 3306 653 damnationis
3345 591 3583 649 obnoxia
3632 607 3729 647 co-

3613 472 3726 535 332

2128 689 2332 761 gnovit,
2368 686 2598 760 cognitis
2644 689 2752 757 his,
2801 688 3088 745 conﬁtetur
3139 701 3405 743 errorem.
3436 683 3729 742 Confessio

2127 782 2310 836 autem
2338 783 2563 848 erroris,
2592 770 2856 852 professio
2881 788 2965 836 est
3004 777 3305 834 desinendi.
3353 768 3729 831 Desinendum

2127 891 2254 948 ergo
2274 884 2358 931 est
2379 892 2410 931 a
2438 875 2677 946 peccatis
2701 891 2715 941 ;
2749 874 2874 931 dum
2900 868 3166 930 confessio
3190 882 3293 937 est,
3319 864 3593 925 confessio
3623 881 3731 923 au-

2125 976 2234 1023 tem
2282 966 2571 1034 antecedit,
2622 968 2868 1024 remissio
2917 965 3177 1037 sequitur.
3229 961 3495 1019 Caeterum
3540 969 3731 1015 autem

2125 1068 2282 1117 extra
2302 1060 2445 1115 viam
2470 1069 2555 1116 est
2578 1062 2671 1132 qui
2693 1059 2970 1133 peccatum
2994 1057 3290 1131 cognoscit,
3316 1070 3417 1110 nec
3442 1044 3731 1125 cognitum

2126 1151 2433 1217 conﬁtetur,
2478 1151 2544 1206 de
2588 1167 2694 1222 quo
2741 1151 2995 1206 instruxit
3022 1166 3123 1204 nos
3166 1147 3457 1203 Psalmista
3487 1145 3726 1201 dicens:

2127 1240 2318 1296 Revela
2342 1242 2570 1297 Domino
2613 1243 2748 1296 viam
2781 1251 2951 1306 tuam,
2984 1250 3089 1297 etc.
3135 1238 3309 1312 (Psal.
3334 1237 3548 1309 χχχιιι).
3586 1234 3733 1295 Nam

2126 1333 2269 1388 idem
2291 1341 2346 1387 et
2371 1347 2430 1388 se
2451 1328 2643 1387 fecisse
2671 1340 2901 1388 testatur
2929 1332 3114 1387 dicens
3140 1350 3154 1385 :
3178 1322 3307 1385 Dixi
3325 1342 3344 1381 :
3368 1325 3735 1401 pronuntiabo

2127 1424 2401 1478 adversum
2430 1439 2509 1477 me
2530 1423 2819 1493 iujustitias
2842 1438 2983 1476 meas
3010 1420 3257 1487 Domino,
3286 1427 3393 1476 etc.
3433 1417 3734 1489 Apostolus

2126 1532 2255 1573 vero
2282 1515 2512 1573 Jacobus
2560 1515 2705 1572 idem
2751 1530 2850 1572 nos
2880 1514 3059 1571 facere
3110 1512 3449 1580 exhortatur,
3497 1512 3733 1567 dicens:

2127 1604 2460 1677 Conﬁtemini
2500 1602 2813 1661 alterutrum
2854 1616 3068 1677 peccata
3104 1617 3299 1671 vestra,
3341 1613 3388 1659 et
3432 1613 3585 1657 orate
3632 1619 3736 1673 pro

2126 1703 2364 1767 invicem,
2391 1706 2498 1757 etc.
2522 1700 2663 1773 (Jac.
2689 1698 2764 1775 γ).
2793 1699 2981 1772 Itaque
3003 1694 3421 1771 exomologesis,
3444 1695 3736 1770 prosterni

2126 1800 2182 1849 et
2208 1788 2409 1848 humile
2446 1792 2680 1848 faciendi
2729 1792 3038 1848 hominibus
3075 1784 3359 1864 disciplina
3399 1796 3504 1854 est,
3539 1782 3735 1842 habitu

2127 1886 2218 1941 vili
2274 1894 2435 1956 atque
2480 1885 2624 1940 victu
2681 1880 2914 1957 gracili,
2978 1899 3137 1941 sacco
3183 1890 3239 1940 et
3289 1883 3478 1939 cinere
3533 1894 3737 1950 corpus

444 1992 550 2039 tem
581 1985 908 2052 orationum,
958 2001 1101 2040 nunc
1140 1982 1586 2055 postulationum,
1634 1995 1689 2042 et
1728 2004 1870 2043 nunc
1896 2003 2023 2059 ςτε-
2051 1968 2099 2029 Β
2127 1980 2431 2042 incurvare,
2492 1991 2555 2032 ac
2605 1976 2856 2033 sordibus
2908 1978 3223 2045 obscurare,
3286 1976 3534 2032 animum
3590 1987 3735 2029 mo:-

443 2077 639 2130 tiarum
663 2078 933 2131 actionum
952 2091 1118 2147 puros
1141 2092 1205 2132 ac
1227 2077 1658 2134 ferventissimos
1683 2078 2029 2151 supplicatio-

440 2166 526 2219 nis
550 2166 786 2220 variatos
813 2166 1025 2221 emittat
1055 2166 1300 2223 affectus.
1331 2167 1515 2224 Prima
1541 2169 1609 2223 ad
1646 2168 1767 2224 illos
1792 2170 2030 2239 peculia-

441 2256 556 2309 rius
579 2256 789 2310 videtur
830 2256 1125 2327 pertinere,
1167 2259 1259 2328 qui
1303 2254 1479 2318 adhuc
1520 2259 1772 2314 vitiorum
1809 2276 2030 2318 suorum

441 2347 644 2403 aculeis
667 2363 731 2402 ac
763 2350 1024 2404 memoria
1072 2341 1469 2408 remordentur.
1521 2351 1769 2408 Secunda
1812 2354 1877 2408 ad
1909 2354 2031 2413 illos

441 2441 531 2509 qui
571 2440 624 2494 in
653 2438 895 2509 profectu
920 2439 1030 2509 jam
1062 2442 1289 2510 spiritali
1323 2443 1563 2514 appetitu
1604 2445 1862 2500 virtutum
1892 2462 2029 2516 qua-

441 2535 564 2589 dam
588 2535 785 2591 mentis
809 2535 1141 2590 sublimitate
1165 2532 1486 2591 consistunt.
1519 2532 1697 2590 Tertia
1725 2538 1790 2591 ad
1818 2554 1911 2593 eos
1937 2539 2030 2610 qui

440 2624 825 2695 perfectionem
847 2632 1093 2680 votorum
1118 2640 1338 2680 suorum
1365 2625 1620 2699 operibus
1649 2626 2027 2700 adimplentes,

440 2714 779 2772 intercedere
810 2728 909 2787 pro
948 2716 1068 2772 aliis
1107 2733 1321 2788 quoque
1348 2716 1781 2775 consideratione
1826 2720 2029 2792 fragili-

439 2808 569 2863 tatis
613 2822 802 2863 eorum
852 2807 1132 2865 charitatis
1181 2811 1355 2866 studio
1393 2822 1777 2883 provocantur.
1823 2813 2029 2882 Quarta

440 2898 507 2952 ad
533 2896 655 2953 illos
677 2897 791 2968 qui,
815 2896 929 2967 jam
958 2898 1157 2968 poenali
1188 2902 1534 2956 conscrentia:
1567 2903 1719 2972 spina
1756 2904 1820 2958 de
1847 2904 2026 2958 cordi-

441 2989 542 3043 bus
578 2987 752 3058 pulsa,
782 2988 1082 3061 singulares
1119 2988 1233 3059 jam
1280 2988 1678 3048 muniﬁcentias
1722 2992 1934 3050 Domini
1964 3009 2030 3050 ac

440 3077 838 3144 miserationes,
885 3090 1022 3148 quas
1061 3079 1147 3133 vel
1188 3080 1243 3134 in
1290 3081 1565 3150 praeterito
1608 3080 1815 3149 tribuit,
1858 3081 1941 3136 vel
1973 3084 2026 3138 in

439 3168 692 3239 pmsenti
720 3168 967 3239 largitur,
995 3167 1080 3224 vel
1106 3178 1374 3239 praeparat
1404 3170 1459 3224 in
1487 3166 1689 3236 futuro,
1720 3179 1897 3225 mente
1930 3188 2027 3242 pu-

440 3259 655 3314 rissima
690 3265 1071 3323 retractantes,
1109 3257 1176 3311 ad
1207 3256 1356 3313 illam
1400 3256 1646 3331 ignitam,
1692 3269 1746 3314 et
1784 3276 1902 3329 qum
1931 3275 2026 3317 ore

439 3353 719 3408 hominum
739 3366 843 3408 nec
868 3348 1250 3421 comprehendi
1287 3366 1386 3407 nec
1414 3314 1641 3423 Exprimi
1670 3314 1868 3424 potest,
1898 3369 2024 3409 ora-
2052 3314 2097 3383 Ο

441 3445 641 3526 tionem
667 3442 1066 3499 ferventissimo
1109 3443 1272 3499 corde
1300 3455 1601 3515 raptantur.
1631 3444 2025 3517 Nonnunquam

442 3545 621 3591 tamen
670 3550 823 3591 mens
864 3551 983 3607 quae
1014 3537 1071 3591 in
1103 3534 1253 3591 illum
1287 3553 1472 3593 verum
1522 3536 1776 3609 puritatis
1817 3540 2029 3612 prolicit

441 3624 714 3692 aﬁ‘eetum,
754 3635 914 3696 atque
967 3627 1025 3681 in
1074 3640 1139 3683 eo
1176 3630 1404 3699 cmperit
1441 3629 1691 3695 radieari,
1733 3629 1870 3685 solet
1912 3632 2029 3687 inec

440 3720 619 3775 omnia
648 3716 808 3773 simul
843 3716 1152 3790 pariterque
1178 3722 1512 3793 concipiens,
1543 3732 1705 3793 atque
1728 3724 1780 3778 in
1809 3725 2029 3779 modum

440 3810 714 3880 cujusdam
742 3811 1300 3882 incomprehensibilis
1321 3830 1384 3868 ac
1415 3815 1777 3884 rapacissinue
1799 3814 2029 3871 ﬂamma:

439 3912 636 3959 cuncta
663 3903 1012 3974 pervolitans,
1045 3905 1392 3961 ineﬁ‘abilitcr
1426 3909 1493 3963 ad
1531 3908 1701 3963 Deum
1734 3910 1982 3965 emittere
2010 3929 2024 3966 :

440 4001 589 4048 tanta
621 3993 828 4049 scilicet
854 3994 911 4048 in
939 3992 1083 4050 illius
1117 3997 1263 4052 hora:
1310 4009 1583 4055 momento
1612 4003 1942 4074 concipiens,
1974 4011 2029 4060 et

439 4085 728 4142 eﬁ‘abiliter
774 4086 830 4140 in
868 4086 1255 4156 supplicatione
1295 4090 1646 4161 profundcns,
1677 4104 1879 4163 quanta
1918 4112 2027 4153 non

441 4177 617 4231 dicam
666 4189 764 4230 ore
809 4188 1143 4246 percurrere,
1181 4179 1274 4233 sed
1316 4195 1384 4235 ne
1427 4180 1545 4252 ipsa
1595 4182 1813 4253 quidem
1850 4194 2028 4241 mente

442 4269 621 4327 valeat
650 4269 756 4327 alio
784 4277 1023 4343 tempore
1056 4273 1353 4328 recordari.

1025 4380 1252 4438 CAPUT
1288 4383 1428 4441 XIV.

712 4450 791 4507 De
815 4452 1180 4524 exomofogesi,
1208 4454 1263 4507 id
1292 4463 1387 4521 est,
1418 4455 1757 4527 confessione.

512 4544 916 4616 Exomologesis
942 4545 1294 4618 ἐξομολὸγῆσις
1339 4546 1528 4605 Grmco
1578 4550 1841 4608 vocabulo
1893 4553 2027 4609 dici-

440 4649 549 4706 tur,
576 4640 720 4711 quod
745 4638 935 4695 Latine
968 4637 1236 4695 confessio
1278 4640 1681 4712 interpretatur.
1727 4642 1892 4715 Cujus
1924 4663 2023 4703 no—

437 4732 602 4788 minis
625 4730 821 4801 duplex
864 4731 1186 4801 signiﬁcatio
1215 4745 1335 4800 cst;
1374 4743 1463 4787 aut
1501 4736 1642 4791 enim
1673 4738 1727 4791 in
1760 4737 1918 4795 laude
1948 4740 2032 4794 in-

440 4822 704 4895 telligitur
730 4820 1018 4885 confessio,
1045 4823 1184 4876 sicut
1205 4832 1289 4877 est
1312 4842 1325 4877 :
1345 4822 1609 4894 Conﬁteor
1641 4828 1756 4893 tibi,
1787 4829 2036 4904 Domine,

442 4910 814 4969 Pateremiiet
874 4920 1051 4976 teme,
1106 4921 1198 4967 aut
1247 4912 1608 4972 denudatione
1655 4929 2032 4989 peccatorum,

440 5022 563 5062 cum
586 5005 815 5074 quisque
842 5003 954 5059 Deo
976 5004 1265 5061 conﬁtetur
1291 5024 1385 5063 sua
1422 5019 1644 5080 peccata
1669 5014 1736 5067 ab
1762 5028 1827 5068 eo
1856 5014 2034 5068 indul—

440 5098 636 5168 genda,
680 5094 835 5164 cujus
874 5095 1193 5152 indeﬁciens
1239 5110 1321 5155 est
1362 5104 1756 5158 misericordia.
1803 5103 1882 5159 Ex
1931 5106 2034 5162 hoc

438 5189 606 5260 igitur
651 5188 842 5245 Graeco
889 5190 1147 5247 vocabulo
1188 5194 1509 5264 exprimitur
1552 5204 1608 5251 et
1656 5194 2031 5267 frequentatur

439 5280 847 5353 exornologesis,
882 5284 1027 5354 quod
1051 5284 1305 5341 delictum
1354 5298 1597 5342 nostrum
1644 5288 1872 5345 Domino
1901 5307 2027 5346 con-

440 5373 675 5437 ﬁtemur,
705 5388 813 5428 non
833 5374 1048 5445 quidem
1082 5386 1142 5432 ut
1162 5379 1369 5449 ignaro,
1396 5378 1547 5448 cujus
1575 5378 1869 5452 cognitioni
1897 5380 2031 5437 nihil

439 5463 712 5519 occultum
741 5475 844 5521 est.
875 5466 1026 5523 Unde
1050 5483 1149 5538 per
1169 5469 1488 5537 sapientiam
1515 5469 1713 5524 dicitur
1735 5489 1748 5524 :
1770 5469 1873 5536 Qui
1903 5472 2025 5526 abs-

442 5557 617 5611 condit
639 5557 836 5615 scelera
860 5576 955 5615 sua
982 5576 1086 5614 non
1110 5560 1385 5629 dirigetur,
1423 5560 1512 5630 qui
1559 5571 1730 5617 autem
1760 5564 2026 5635 confessus

439 5649 621 5719 fuerit,
673 5661 721 5708 et
769 5651 1036 5723 reliquerit
1082 5668 1142 5704 ea
1166 5689 1181 5716 ,
1234 5652 1646 5707 misericordiam
1690 5667 2030 5727 consequetur

442 5735 622 5809 (Prov.
666 5741 883 5813 nvm).
921 5739 1202 5795 Confessio
1249 5748 1333 5795 est
1382 5742 1460 5795 rei
1501 5743 1709 5800 scilicet
1745 5745 1862 5815 ejus
1908 5762 2029 5817 qua:

440 5829 719 5899 ignoratur
743 5830 997 5903 praefessa
1028 5832 1279 5903 cognitio.
1312 5833 1452 5889 Utile
1481 5837 1624 5891 enim
1651 5852 1716 5893 ac
1728 5837 2027 5907 jucundum

438 5923 723 5994 quisquam
752 5939 870 5979 esse
899 5923 1295 5981 existimaverat
1346 5944 1554 6001 rapere,
1600 5930 1918 5999 adulterari,
1947 5929 2030 5985 fu-

2130 2067 2345 2124 roribus
2368 2067 2617 2140 dejicere,
2654 2066 2747 2123 illa
2775 2084 2895 2140 qua:
2932 2068 3178 2140 peccavit
3211 2066 3357 2125 tristi
3401 2064 3739 2125 tractatione

2128 2170 2361 2218 mutare.

2724 2244 2954 2308 CAPUT
3003 2251 3121 2308 XV.

2768 2344 2846 2398 De
2870 2344 3090 2400 litaniis.

2198 2436 2423 2496 Litaniae
2467 2450 2649 2496 autem
2678 2434 2918 2499 λιτανείαι
2962 2439 3151 2496 Grzrco
3193 2436 3413 2495 nomine
3455 2434 3742 2510 appellan-

2131 2538 2239 2597 tur,
2270 2549 2388 2603 quae
2432 2533 2625 2591 Latine
2660 2537 2915 2591 dicuntur
2957 2532 3283 2603 rogationes.
3336 2528 3484 2586 Inter
3513 2530 3741 2586 litanias

2129 2635 2260 2680 vero
2286 2632 2342 2678 et
2368 2626 2768 2697 exomologesin
2792 2627 2898 2681 hoc
2923 2619 3121 2690 dill‘ert,
3153 2621 3297 2692 quod
3336 2621 3739 2691 exomologesis

2129 2726 2198 2768 ex
2222 2715 2335 2770 sola
2363 2717 2701 2773 confessione
2730 2726 3077 2788 peccatorum
3106 2717 3302 2789 agitur,
3353 2715 3562 2769 litanias
3601 2730 3739 2770 vero

2129 2822 2250 2879 qum
2275 2808 2587 2864 indicuntur
2614 2817 2835 2881 propter
2861 2809 3157 2880 rogandum
3190 2804 3499 2871 Dominum,
3527 2816 3585 2861 et
3624 2805 3735 2860 imo

2126 2900 2446 2968 petrandam
2500 2899 2736 2969 aliquam
2788 2900 2907 2970 ejus
2950 2896 3398 2953 misericordiam.
3449 2894 3740 2966 Supplica-

2132 2990 2293 3046 tionis
2329 3004 2527 3046 nomen
2559 2988 2956 3060 quodammodo
2998 3003 3142 3043 nunc
3167 3003 3234 3043 ex
3267 2985 3573 3059 gentilitate
3603 2985 3735 3039 reti-

2127 3087 2307 3133 netur.
2338 3078 2474 3133 Nam
2517 3078 2689 3147 ferire,
2734 3087 2827 3135 aut
2853 3080 3108 3151 legitimae
3130 3086 3288 3133 erant
3313 3077 3457 3148 apud
3490 3092 3608 3143 eos,
3640 3087 3742 3130 aut

2128 3169 2363 3225 indictae.
2404 3166 2627 3226 lndictae
2667 3180 2849 3226 autem
2876 3171 3003 3241 quia
3030 3176 3319 3241 paupertas
3354 3168 3583 3238 antiqua
3622 3164 3737 3220 Ro-

2130 3280 2417 3321 manorum
2467 3281 2533 3321 ex
2579 3264 2869 3322 collatione
2922 3263 3287 3328 sacriﬁcabat,
3336 3268 3431 3315 aut
3482 3259 3624 3315 certi
3670 3259 3741 3313 de

2127 3358 2287 3413 bonis
2340 3360 2740 3413 damnatorum.
2806 3356 2958 3412 Unde
3008 3353 3270 3425 supplicia
3314 3348 3575 3409 dicuntur
3611 3365 3739 3419 sup—

2125 3448 2473 3521 plicationes,
2503 3466 2625 3521 quae
2667 3448 2872 3504 ﬁebant
2899 3447 2966 3503 de
3004 3445 3164 3502 bonis
3192 3459 3259 3499 ex
3291 3456 3586 3514 passorum
3613 3455 3741 3511 sup-

2125 3541 2310 3615 plicio.
2365 3542 2549 3601 Sacra:
2595 3543 2745 3598 enim
2796 3555 2884 3596 res
2932 3539 2997 3595 de
3052 3538 3216 3594 rebus
3266 3533 3737 3591 exsecrandorum

2127 3636 2347 3693 ﬁebant.

2722 3718 2951 3781 CAPUT
2989 3719 3127 3778 XVI.

2408 3817 2487 3873 De
2514 3817 2822 3872 discretione
2850 3814 3104 3871 orationis
3131 3808 3442 3866 Dominica.

2197 3909 2354 3980 Apud
2402 3907 2789 3979 evangelistam
2837 3905 3147 3961 Matthaeum
3197 3911 3401 3973 septem
3438 3898 3739 3971 petitiones

2128 4000 2411 4057 Dominica
2458 4001 2737 4057 continere
2782 4000 2996 4054 videtur
3039 3996 3236 4064 oratio,
3285 4012 3518 4067 quarum
3560 3995 3739 4049 tribus

2129 4102 2330 4149 acterna
2357 4101 2678 4163 poscuntur,
2714 4090 2935 4160 reliquis
2966 4098 3198 4161 quatuor
3227 4086 3572 4158 temporalia,
3614 4102 3738 4158 quae

2129 4194 2309 4238 tamen
2334 4191 2553 4254 propter
2590 4191 2793 4239 aeterna
2834 4182 3214 4252 consequenda
3241 4188 3367 4235 sunt
3401 4180 3735 4236 neceSsaria.

2128 4275 2262 4330 Nam
2288 4276 2432 4345 quod
2454 4274 2725 4329 dicimus:
2774 4272 3145 4341 Sanciiﬁcetur
3188 4286 3377 4326 nomen
3422 4271 3738 4337 tuum,-ad-

2131 4368 2303 4422 ueniat
2336 4383 2549 4437 regnum
2574 4377 2742 4433 tuum,
2769 4365 2864 4435 ﬁat
2891 4366 3129 4420 voluntas
3161 4374 3253 4419 tua
3278 4365 3413 4418 sicut
3441 4365 3499 4418 in
3525 4362 3656 4417 casio
3685 4371 3737 4418 et

2128 4461 2184 4514 in
2205 4469 2364 4524 terra,
2408 4457 2550 4527 quod
2585 4473 2692 4512 non
2718 4457 2950 4513 absurde
2978 4458 3194 4527 quidem
3240 4456 3649 4519 intellexerunt,
3677 4456 3733 4510 in

2131 4551 2323 4622 spiritu
2354 4560 2406 4605 et
2435 4565 2662 4619 corpore
2688 4550 2911 4605 omnino
2952 4549 3070 4605 sine
3118 4549 3223 4604 ﬁne
3261 4548 3552 4603 retinenda
3582 4553 3729 4613 sunt,

2136 4658 2255 4711 qua:
2282 4641 2372 4696 hic
2395 4641 2609 4710 quidem
2634 4641 2978 4708 inchoantur,
3006 4648 3061 4694 et
3085 4647 3570 4711 quantumcunque
3609 4655 3732 4710 pro-

2143 4735 2355 4789 ﬁcimus
2401 4741 2664 4804 augentur
2708 4731 2765 4786 in
2808 4732 2995 4798 nobis,
3045 4732 3281 4804 perfecte
3325 4745 3456 4787 vero
3513 4734 3570 4787 in
3627 4734 3731 4787 alia

2140 4828 2272 4893 vita,
2320 4829 2463 4898 quod
2516 4824 2840 4895 sperandum
2889 4834 3001 4891 est,
3032 4838 3246 4895 semper
3285 4826 3727 4895 possidebuntur.

2140 4921 2293 4989 Quod
2337 4936 2468 4976 vero
2521 4919 2784 4974 dicimus:
2837 4916 3039 4972 Panem
3085 4928 3317 4972 nostrum
3359 4918 3726 4990 quotidianum

2137 5019 2207 5071 da
2236 5016 2382 5070 nobis
2408 5014 2582 5079 hodie,
2611 5021 2659 5067 et
2708 5012 2910 5065 dimitte
2962 5010 3109 5064 nobis
3141 5009 3315 5063 debita
3354 5021 3561 5073 nostra,
3594 5011 3727 5063 sicut

2134 5120 2183 5164 et
2215 5123 2307 5162 nos
2354 5106 2666 5161 dimittimus
2713 5104 3031 5159 debitoribus
3078 5103 3288 5169 nostris,
3336 5112 3385 5156 et
3434 5118 3501 5156 ne
3528 5101 3725 5172 inferas

2133 5218 2225 5257 nos
2248 5202 2303 5255 in
2333 5199 2688 5265 tentationem,
2720 5197 2810 5251 sed
2852 5196 3014 5251 libera
3057 5208 3150 5250 nos
3193 5215 3224 5249 a
3260 5195 3419 5262 malo,
3450 5199 3579 5265 quis
3621 5212 3725 5250 non

2130 5290 2313 5345 videat
2353 5288 2419 5343 ad
2460 5288 2742 5359 prmsentis
2767 5287 2891 5341 vitae
2936 5286 3284 5358 indigentiam
3314 5284 3638 5356 pertinere?
3670 5283 3724 5340 in

2129 5380 2220 5437 illa
2264 5381 2449 5450 utique
2492 5380 2600 5433 vita
2648 5385 2867 5441 aeterna,
2914 5376 3005 5431 ubi
3053 5390 3151 5431 nos
3194 5390 3479 5445 speramus
3513 5388 3725 5445 semper

2130 5473 2360 5539 futuros,
2393 5481 2447 5526 et
2471 5470 2707 5527 nominis
2732 5469 2828 5525 Del
2864 5466 3239 5535 sanctiﬁcatio,
3271 5475 3326 5522 et
3356 5482 3580 5538 regnum
3609 5465 3723 5535 ejus

2131 5571 2185 5619 et
2207 5562 2457 5617 voluntas
2477 5559 2594 5630 ejus
2616 5562 2671 5615 in
2695 5569 2880 5617 nostro
2907 5561 3100 5631 spiritu
3132 5564 3187 5615 et
3223 5572 3456 5629 corpore
3485 5558 3723 5628 perfecte

2130 5667 2294 5727 atque
2334 5653 2711 5710 immortaliter
2743 5648 3157 5722 permanebunt.
3191 5644 3354 5707 Panis
3389 5666 3520 5706 vero
3546 5650 3721 5721 quoti-

2132 5747 2323 5802 dianus
2351 5746 2471 5801 ideo
2499 5746 2692 5813 dictus,
2724 5743 2848 5815 quia
2889 5742 2979 5800 hic
3009 5753 3093 5801 est
3117 5744 3459 5801 necessarius
3488 5751 3720 5814 quantus

2132 5840 2326 5894 anima:
2370 5839 2626 5911 carnique
2671 5839 2987 5898 tribuendus
3030 5849 3137 5906 est,
3188 5840 3302 5895 sive
3343 5838 3718 5912 spiritualiter,

2132 5933 2246 5987 sive
2268 5931 2639 6003 corporaliter,
2664 5934 2777 5991 sive
2810 5943 3040 6009 utroque
3060 5932 3392 6004 intelligatur
3416 5930 3599 5988 modo.
3626 5928 3718 6011 ῌὶς
