3970 6480
252 434 363 494 833

1039 428 1134 493 DE
1167 425 1616 491 CWGORUM
1653 423 2158 493 lNSTlTU'l‘lONE,
2196 425 2350 485 ETG.
2399 450 2461 465 α·-
2497 425 2624 482 LlB.
2664 425 2730 481 ll.

3415 425 3522 484 εει

248 556 338 606 est
362 547 529 602 etiam
567 558 731 616 quam
768 542 1042 615 poscimus
1091 540 1365 607 remissio,
1405 538 1501 597 ubi
1544 546 1632 593 est
1658 535 1835 592 omnis
1862 535 2082 609 Aenim
2123 542 2540 605 prosternuntur
2581 534 2734 599 vitia,
2777 533 3092 589 bumiliatur
3129 548 3275 600 caro,
3325 535 3524 596 diaboli

249 636 569 696 commissis
596 641 964 707 peccatorum.
1010 632 1113 688 Hic
1142 631 1468 689 tentationes
1504 643 1626 699 quae
1653 642 1755 682 nos
1775 625 1845 680 ad

249 730 588 803 peccandum
613 728 698 783 vel
738 726 985 783 alliciunt
1016 725 1104 781 vel
1137 724 1439 798 impellunt,
1480 721 1570 779 hic
1610 720 1845 789 denique

253 822 459 879 malum
485 822 627 877 unde
653 820 902 891 cupimus
945 818 1185 882 liberari,
1218 817 1330 876 illic
1376 826 1559 875 autem
1584 814 1717 871 nihil
1744 814 1846 869 ho-

254 930 376 977 rum
405 923 507 970 est.
543 912 886 984 Evangelista
912 926 1043 968 vero
1076 909 1251 967 Lucas
1274 910 1331 965 in
1348 908 1613 967 °oratione
1656 905 1841 961 Domi-

253 1006 378 1063 nica
402 1005 691 1076 petitiones
718 1019 830 1061 non
868 1011 1098 1073 septem,
1146 1003 1241 1061 sed
1267 1001 1507 1071 quinque
1532 997 1845 1068 complexus

252 1104 359 1160 est,
406 1110 510 1153 nec
552 1093 623 1151 ab
658 1094 778 1164 ipso
819 1093 1006 1163 utique
1054 1092 1403 1162 discrepavit,
1440 1090 1535 1147 sed
1572 1087 1843 1160 quomodo

254 1187 364 1243 ista
382 1194 588 1256 septem
609 1191 737 1243 sunt
756 1183 1123 1255 intelligenda,
1144 1176 1259 1253 ipse
1280 1197 1378 1238 sua
1404 1179 1669 1237 brevitate
1695 1194 1843 1234 com-

254 1279 485 1334 monuit.
515 1276 721 1333 Nomen
749 1277 947 1346 quippe
975 1276 1069 1330 Dei
1120 1272 1489 1330 sanctiﬁcatur
1528 1272 1587 1326 in
1628 1271 1842 1341 spiritu,

255 1371 356 1427 Dei
379 1378 562 1426 autem
592 1384 819 1441 regnum
840 1369 895 1425 in
925 1368 1104 1424 carnis
1130 1366 1528 1423 resurrectione
1551 1374 1843 1423 venturum

254 1473 361 1521 est.
413 1461 714 1521 Ostendens
743 1476 872 1532 ergo
912 1461 1089 1521 Lucas
1118 1461 1332 1519 tertiam
1360 1459 1678 1530 petitionem
1714 1458 1845 1515 dua-

256 1572 380 1613 rum
426 1556 767 1625 superiorum
815 1568 936 1610 esse
982 1552 1380 1623 quodammodo
1444 1550 1840 1621 repetitionem.

256 1645 433 1716 magis
459 1656 581 1702 eam
620 1645 996 1716 pramittendo
1022 1644 1149 1701 fecit
1193 1644 1460 1714 intelligi;
1514 1642 1708 1711 deinde
1732 1651 1843 1701 tres

255 1740 396 1796 alias
442 1738 686 1810 adjungit
727 1740 797 1795 de
843 1753 983 1810 pane
1025 1737 1367 1809 quotidiano,
1411 1736 1480 1792 de
1527 1734 1845 1791 remissione

256 1840 626 1901 peccatorum,
652 1832 719 1888 de
744 1832 1045 1887 tentatione
1072 1828 1311 1887 vitanda.
1339 1829 1411 1885 At
1436 1843 1566 1883 vero
1587 1827 1732 1898 quod
1754 1825 1845 1882 ille

1945 636 2277 685 tcutamenta
2306 629 2614 686 vincuntur.

2493 739 2720 797 CAPUT
2762 738 2943 797 XVIII.

2191 809 2331 876 Quid
2356 811 2582 866 sitinter
2611 808 2879 881 jejunium
2904 821 2952 866 et
2978 812 3274 869 stationem.

2012 901 2284 973 Jejunium
2308 912 2391 959 est
2413 911 2467 959 et
2491 904 2823 977 parcimonia
2866 907 3066 974 victus,
3098 908 3530 981 abstinentiaque

1943 993 2210 1060 ciborum,
2260 994 2347 1049 cui
2397 1011 2594 1051 nomen
2624 996 2852 1054 inditum
2880 1005 2965 1054 est
3005 1014 3073 1054 ex
3101 1000 3336 1069 quadam
3376 1009 3534 1071 parte

1942 1085 2211 1141 viscerum
2240 1087 2385 1142 tenui
2428 1102 2642 1159 semper
2668 1098 2725 1145 et
2768 1105 2958 1158 vacua,
3010 1094 3153 1163 quod
3202 1093 3357 1165 vulgo
3394 1093 3534 1165 jeju-

1943 1193 2072 1233 num
2096 1189 2339 1236 vocatur.
2373 1171 2527 1236 Unde
2548 1176 2757 1251 jejunio
2798 1198 2996 1239 nomen
3038 1184 3360 1252 derivatum,
3389 1185 3535 1257 quod

1942 1269 2029 1326 sui
2082 1270 2263 1327 inedia
2323 1272 2531 1329 viscera
2591 1289 2763 1329 vacua
2815 1283 2871 1329 et
2937 1276 3213 1333 exinanita
3272 1278 3531 1349 existant.

1941 1362 2214 1432 Jejunium
2255 1372 2440 1419 autem
2482 1370 2537 1419 et
2578 1365 2742 1420 statio
2789 1360 3007 1421 dicitur.
3055 1364 3232 1422 Statio
3262 1376 3441 1423 autem
3469 1369 3537 1424 de

1942 1454 2165 1511 militari
2193 1455 2437 1528 exemplo
2462 1471 2660 1512 nomen
2708 1455 2936 1525 accepit,
2979 1472 3078 1527 pro
3105 1472 3171 1513 eo
3219 1458 3364 1531 quod
3390 1458 3537 1514 nulla

1942 1545 2131 1603 laetitia
2155 1546 2450 1603 obveniens
2474 1548 2667 1603 castris
2687 1548 2979 1603 stationem
2998 1547 3227 1604 militum
3257 1540 3534 1605 rescindit.

1943 1636 2079 1692 Nam
2108 1638 2295 1693 laetitia
2318 1638 2560 1707 liberius,
2594 1639 2837 1696 tristitia
2860 1639 3142 1695 sollicitius
3197 1641 3542 1696 administrat

1944 1730 2303 1801 disciplinam.
2354 1730 2678 1788 Discernunt
2732 1740 2917 1788 autem
2968 1732 3187 1806 quidam
3220 1732 3363 1789 inter
3399 1732 3540 1806 jejuo

1944 1823 2097 1879 nium
2127 1833 2182 1879 et
2206 1825 2518 1881 stationem.
2558 1825 2695 1881 Nam
2734 1825 3002 1903 jejunium
3042 1825 3415 1882 indifferenter
3441 1842 3537 1882 cu-

256 1922 537 1978 in’ultimo
571 1922 786 1992 posuit:
844 1919 949 1977 Sed
994 1919 1160 1976 libera
1216 1935 1310 1979 nos
1338 1938 1371 1975 α
1405 1919 1565 1985 malo,
1616 1919 1717 1974 iste
1742 1933 1850 1977 non
1879 1908 1926 1970 Β
1947 1912 2169 1985 juslibet
2197 1917 2304 1973 diei
2335 1926 2418 1973 est
2448 1917 2798 1984 abstinentia,
2826 1933 2934 1973 non
2961 1932 3060 1990 per
3100 1917 3295 1989 legem,
3326 1917 3421 1973 sed
3448 1932 3538 1975 se—

256 2015 465 2087 posuit,
497 2022 558 2070 ut
587 2014 1003 2086 intelligeremus
1039 2013 1109 2068 ad
1154 2012 1285 2069 illud
1334 2013 1582 2083 superius
1611 2010 1755 2081 quod
1781 2011 1850 2067 de

258 2108 563 2164 tentatione
584 2108 782 2162 dictum
801 2115 885 2163 eat
909 2105 1201 2176 pertinere.
1231 2104 1356 2163 ideo
1395 2106 1592 2175 quippe
1620 2104 1716 2169 ait,
1758 2101 1848 2156 sed

254 2199 449 2268 libera,
502 2216 610 2257 non
663 2201 739 2256 ait
779 2208 829 2255 et
875 2198 1061 2265 libera,
1092 2208 1350 2269 tanquam
1376 2198 1698 2269 petitionem
1726 2211 1848 2251 esse

258 2292 663 2358 demonstrans,
689 2292 801 2349 noli
842 2292 969 2359 hoc,
1000 2292 1098 2349 sed
1127 2293 1253 2358 hoc,
1293 2300 1354 2347 ut
1391 2290 1528 2347 sciat
1557 2290 1849 2359 unusquis—

256 2400 368 2455 que
397 2385 450 2441 iu
478 2398 543 2439 eo
570 2399 631 2440 se
684 2383 904 2439 liberari
949 2400 981 2439 a
1015 2383 1179 2450 malo,
1231 2398 1341 2453 quo
1388 2399 1495 2441 non
1541 2380 1772 2437 infertur
1795 2381 1852 2436 in

259 2476 635 2533 testationem.
666 2475 793 2531 llaec
818 2488 947 2546 ergo
973 2475 1170 2541 oratio,
1213 2474 1341 2532 licet
1366 2489 1583 2533 omnem
1603 2474 1853 2528 videatur

259 2565 614 2637 perfectionis
670 2566 1059 2636 plenitudinem
1116 2566 1399 2622 continere
1425 2598 1441 2630 ο
1496 2572 1680 2636 utpote
1732 2578 1854 2633 quae

260 2659 432 2731 ipsius
456 2658 668 2717 Domini
700 2659 1024 2715 auctoritate
1049 2659 1135 2715 vel
1164 2658 1377 2714 initiata
1413 2659 1485 2714 sit
1512 2656 1598 2713 vel
1626 2664 1851 2723 statuta,

258 2751 510 2821 provehit
534 2759 713 2806 tamen
744 2751 1071 2807 domesticos
1101 2764 1230 2807 suos
1269 2751 1337 2809 ad
1365 2750 1518 2806 illum
1543 2749 1848 2821 praecelsis-

261 2855 380 2894 rem
419 2856 578 2911 quem
618 2841 867 2911 superius
895 2845 1442 2898 commemoravimus
1470 2850 1694 2908 statum,
1726 2857 1853 2897 eos-

268 2946 377 3001 que
402 2931 467 2985 ad
497 2930 645 2987 illam
689 2932 902 3003 igneam
946 2947 1011 2988 ac
1037 2933 1324 3005 perpaucis
1352 2933 1626 3005 cognitam
1651 2932 1737 2989 vel
1762 2948 1855 2988 ex-

260 3030 498 3093 pertam,
528 3022 636 3077 imo
685 3022 768 3095 (ut
808 3023 961 3093 prius
1002 3023 1268 3095 dixeram)
1298 3023 1622 3079 ineil‘abilem
1653 3024 1857 3078 oratio-

262 3126 391 3167 nem
420 3112 590 3183 gradu
617 3113 975 3171 eminentiora
1009 3115 1278 3185 perducit,
1309 3128 1470 3185 quem
1511 3121 1710 3171 statum
1746 3114 1856 3169 Do-

263 3203 448 3260 minus
494 3219 709 3276 quoque
756 3212 942 3274 noster
986 3206 1203 3263 illorum
1246 3206 1699 3278 supplicationum
1741 3206 1857 3263 l‘or-

264 3296 435 3362 mula,
465 3265 727 3366 quasue]
761 3268 912 3355 solus
950 3298 1007 3354 in
1037 3308 1222 3355 monte
1248 3265 1531 3365 secedens,
1575 3298 1661 3353 vel
1690 3299 1855 3354 tacite
1882 3265 1928 3331 α

262 3386 469 3443 fudisse
499 3389 841 3457 describitur,
872 3389 1124 3446 similiter
1164 3389 1435 3462 ﬁguravit,
1478 3406 1601 3451 eum
1643 3391 1699 3451 in
1725 3406 1854 3448 ora-

264 3477 433 3535 tionis
454 3480 646 3550 agonia
683 3482 1011 3537 coustitutus
1038 3482 1200 3537 etiam
1227 3490 1411 3550 guttas
1448 3482 1728 3553 sanguinis
1751 3482 1856 3541 ini-

264 3571 500 3627 mitabili
528 3572 844 3629 intentionis
882 3572 1122 3644 profudit
1146 3575 1414 3644 exemplo.
1442 3574 1547 3642 Qui
1575 3576 1719 3631 enim
1748 3576 1863 3631 vult

262 3664 572 3721 orationem
594 3678 749 3721 suam
775 3666 842 3722 ad
868 3666 1155 3722 Dominum
1178 3667 1379 3736 volare,
1417 3667 1582 3724 faciat
1610 3668 1686 3723 illi
1724 3668 1861 3725 duas

264 3757 409 3825 alas,
455 3757 722 3828 jejunium
746 3767 802 3814 et
831 3759 1247 3830 ebemosynam,
1276 3768 1335 3815 et
1367 3760 1627 3817 ascendet
1670 3760 1863 3817 celeri—

262 3861 376 3919 ter,
409 3859 467 3908 et
489 3853 827 3909 exaudietur.
852 3854 1123 3925 Jejunium
1155 3869 1289 3926 ergo
1314 3870 1437 3910 cum
1463 3855 1713 3911 oratione
1743 3869 1863 3909 om-

264 3959 397 4000 nem
425 3944 683 4001 virtutem
712 3946 917 4001 inimici
946 3958 1192 4017 superat,
1218 3954 1275 4002 et
1300 3955 1551 4003 eunctam
1594 3947 1866 4018 protervi-

266 4044 439 4093 tatem
467 4036 586 4107 ejus
614 4039 853 4109 expellit,
899 4042 1045 4112 quod
1088 4043 1327 4099 ostendit
1370 4043 1427 4097 in
1455 4042 1736 4112 evangelio
1761 4041 1867 4097 Do-

267 4134 494 4199 minus;
521 4146 646 4190 cum
684 4134 912 4205 apostoli
951 4137 1233 4205 conquesti
1282 4136 1499 4192 fuerant
1542 4136 1686 4208 quod
1710 4136 1865 4193 luna-

266 4225 440 4283 ticum
466 4238 662 4282 curare
701 4238 808 4281 non
852 4235 1124 4297 poterant,
1168 4228 1242 4282 ita
1288 4228 1583 4298 respondet
1617 4227 1716 4284 eis.
1746 4226 1865 4282 Hoc

270 4326 451 4373 autem
499 4332 659 4388 genus
706 4330 810 4372 non
836 4318 1077 4387 ejiciatur
1108 4320 1209 4374 nisi
1256 4334 1348 4390 per
1367 4321 1657 4380 orationem
1703 4330 1751 4375 ct
1775 4320 1864 4391 je-

261 4411 485 4482 junium
516 4409 733 4482 (Matth.
760 4410 916 4481 xvii).
948 4411 1336 4485 Eleemosynas
1356 4421 1537 4468 autem
1563 4414 1867 4468 orationem

271 4500 564 4555 conﬁrmat
612 4492 867 4570 adjuvare
911 4501 1050 4569 liber
1104 4503 1275 4558 Actus
1319 4504 1708 4574 apostolorum,
1744 4518 1868 4557 cum

1928 2010 2188 2066 .cundum
2210 2010 2487 2081 propriam
2512 2010 2863 2066 voluntatem.
2895 2008 3069 2065 Statio
3095 2008 3401 2065 observatio
3429 2017 3541 2063 sta-

1953 2113 2191 2161 tutorum
2217 2105 2427 2159 dierum
2474 2103 2560 2160 vel
2589 2111 2929 2173 temporum:
2971 2101 3202 2168 dierum,
3247 2110 3308 2157 ut
3333 2110 3541 2173 quarta:

1951 2196 2103 2253 feria:
2131 2203 2188 2251 et
2228 2204 2394 2251 sextae
2435 2194 2587 2250 ierim
2617 2193 2882 2265 jejunium
2916 2208 2984 2249 ex
3027 2202 3211 2250 vetere
3252 2191 3371 2264 lege
3396 2208 3541 2264 prte-

1949 2297 2189 2359 ceptum,
2217 2288 2285 2343 de
2309 2302 2415 2357 qua
2460 2286 2693 2342 statione
2722 2287 2778 2342 in
2806 2285 3100 2358 Evangelio
3125 2285 3260 2341 dixit
3286 2284 3374 2339 ille
3400 2303 3414 2338 :
3444 2284 3539 2340 Je—
3612 2343 3618 2350 ,

1943 2381 2084 2453 iuno
2104 2380 2181 2435 bis
2210 2381 2266 2434 in
2299 2379 2516 2437 sabbato
2555 2377 2706 2450 (Luc.
2733 2377 2911 2452 xvut),
2937 2378 2993 2434 id
3033 2386 3137 2445 est,
3170 2378 3224 2434 in
3251 2384 3445 2448 quarta
3488 2383 3545 2431 et

1950 2481 2108 2530 sexta
2138 2472 2393 2537 sabbati;
2445 2478 2750 2542 temporum
2800 2477 2983 2526 autem
3011 2484 3133 2542 qua:
3158 2467 3419 2545 legalibus
3452 2475 3546 2523 aut

1949 2566 2287 2638 propheticis
2348 2565 2780 2621 institutionibus
2838 2563 3144 2621 terminatis
3213 2561 3545 2633 temporibus

1952 2670 2158 2719 statuta
2200 2668 2347 2727 sunt,
2382 2668 2443 2715 et
2482 2658 2749 2729 jejunium
2796 2658 2998 2729 quarti,
3041 2655 3307 2728 jejunium
3348 2653 3544 2725 quinti,

1950 2751 2216 2824 jejunium
2242 2752 2481 2822 septimi,
2529 2760 2585 2807 et
2617 2749 2884 2822 jejunium
2913 2750 3145 2817 decimi;
3187 2749 3273 2806 vel
3320 2749 3462 2804 sicut
3490 2747 3549 2803 in

1954 2844 2249 2916 Evangelio
2269 2843 2387 2898 dies
2407 2844 2485 2900 illi
2514 2844 2568 2898 in
2593 2843 2790 2912 quibus
2816 2841 3030 2898 ablatus
3050 2848 3136 2896 est
3162 2854 3434 2912 sponsus;
3463 2837 3548 2894 vel

1955 2939 2097 2997 sicut
2115 2939 2427 2995 observatio
2447 2938 2903 3009 Quadragesimte,
2926 2951 3046 3007 quae
3066 2935 3119 2989 in
3141 2935 3396 2991 universo
3413 2932 3551 2989 orbe

1955 3029 2298 3086 institutione
2352 3029 2651 3100 apostolica
2687 3028 3010 3085 observatur
3058 3027 3209 3083 circa
3256 3023 3552 3083 conﬁnium

1957 3122 2256 3181 Dominicis
2278 3122 2567 3194 passionis.

2558 3213 2785 3273 CAPUT
2814 3212 2957 3271 XIX.

1958 3307 2043 3367 De
2066 3307 2274 3379 jejunio
2303 3307 2501 3379 quarti,
2539 3307 2741 3380 quinti,
2788 3305 2993 3379 septimi
3027 3313 3079 3360 et
3107 3303 3297 3360 decimi
3335 3302 3547 3360 mensis.

2032 3394 2304 3465 Jejunium
2331 3411 2462 3468 ergo
2486 3396 2667 3467 quarti
2691 3402 2776 3452 est
2812 3396 2869 3451 in
2898 3408 3085 3463 mense
3126 3393 3289 3461 iulio,
3318 3394 3552 3466 septima

1964 3490 2177 3547 decima
2236 3488 2325 3544 die
2368 3488 2571 3545 mensis
2623 3485 2864 3557 ejusdem
2897 3525 2914 3555 ,
2959 3487 3175 3558 quando
3220 3485 3554 3543 descendens

1964 3581 2177 3654 Moyses
2201 3582 2269 3638 de
2289 3590 2473 3639 monte
2494 3581 2705 3639 tabulas
2730 3580 2864 3654 legis
2892 3579 3156 3653 confregit
3179 3597 3194 3649 ;
3224 3580 3280 3636 in
3296 3594 3365 3637 eo
3387 3579 3557 3641 etiam

1966 3676 2053 3732 die
2078 3674 2574 3733 Nabuchodonosor
2595 3676 2746 3733 urbis
2768 3673 3068 3735 Jerusalem
3104 3675 3341 3745 primum
3368 3688 3555 3730 muros

1964 3767 2251 3822 destruxit.
2284 3767 2410 3823 Dies
2447 3765 2639 3839 jejunii
2672 3766 2846 3836 quinti
2889 3767 2945 3823 in
2971 3780 3157 3825 mense
3180 3764 3424 3835 Augusto
3449 3772 3554 3829 est,

1965 3861 2183 3930 quando
2208 3874 2308 3931 pro
2350 3858 2780 3929 speculatoribus
2816 3858 2883 3913 ad
2904 3865 3108 3914 terram
3150 3864 3396 3912 sanctam
3423 3856 3557 3912 mis-

1966 3953 2064 4018 sis,
2094 3951 2288 4010 seditio
2315 3951 2372 4006 in
2404 3951 2599 4007 castris
2640 3949 2991 4007 Hebraeorum
3031 3956 3222 4004 exorta
3252 3957 3357 4014 est,
3387 3955 3443 4003 et
3471 3945 3558 4002 fa-

1967 4054 2116 4101 ctum
2143 4052 2226 4100 est
2254 4052 2314 4098 ut
2333 4058 2432 4115 per
2455 4044 2729 4100 desertum
2758 4041 3119 4113 quadraginta
3147 4055 3319 4097 annos
3345 4039 3559 4096 discur-

1968 4144 2155 4194 rerent
2193 4135 2484 4202 laboriose,
2511 4143 2568 4192 et
2611 4135 2665 4190 in
2696 4124 2854 4190 annis
2892 4133 3253 4205 quadraginta
3293 4132 3349 4188 in
3374 4146 3562 4189 eremo

1969 4244 2162 4286 omnes
2188 4229 2451 4299 perirent.
2501 4226 2783 4299 Siquidem
2825 4236 2881 4283 et
2924 4227 2978 4282 in
3009 4242 3074 4282 eo
3101 4239 3284 4281 mense
3309 4240 3342 4280 a
3374 4222 3560 4279 Nabu-

1970 4322 2329 4387 chodonosor,
2378 4329 2434 4376 et
2484 4319 2651 4376 multo
2680 4327 2803 4391 post
2849 4327 3088 4390 tempore
3114 4334 3145 4373 a
3174 4318 3390 4373 Caesare
3439 4315 3563 4372 Tito

1970 4415 2231 4484 templum
2257 4428 2507 4470 eversum
2555 4422 2639 4469 est
2687 4422 2851 4483 atque
2885 4425 3227 4477 succensum,
3283 4418 3339 4465 et
3382 4409 3437 4463 in
3460 4423 3560 4478 op-

1971 4506 2251 4576 probrium
2284 4505 2462 4577 gentis
2498 4505 2723 4576 perdita:
2762 4510 3066 4558 exaratum.
3099 4502 3223 4556 Dies
3258 4498 3451 4569 jejunii
3479 4515 3566 4556 se-

270 4598 467 4645 narrat
484 4591 735 4661 angelum
761 4590 1017 4647 Cornelio
1043 4594 1345 4647 centurioni
1372 4594 1445 4648 ita
1467 4594 1669 4648 dixisse
1692 4610 1709 4648 i
1731 4592 1866 4646 Cor—
1893 4632 1947 4693 Β
1972 4599 2149 4669 ptimi,
2181 4600 2235 4652 in
2261 4599 2493 4669 septimo
2522 4612 2708 4653 mense
2735 4604 2840 4661 est,
2865 4595 2959 4664 qui
2990 4594 3290 4664 appellatur
3318 4591 3566 4663 Septem-

271 4683 404 4749 πώ,
445 4685 705 4740 orationes
726 4694 831 4740 tute
859 4695 907 4740 et
942 4685 1280 4757 eleemosgnm
1306 4697 1411 4743 tum
1440 4689 1787 4743 ascenderunt
1811 4688 1868 4742 in
1893 4683 1939 4693 ”
1973 4692 2105 4754 bris,
2131 4692 2186 4745 in
2209 4706 2318 4760 quo
2344 4690 2557 4745 occisus
2576 4696 2660 4744 est
2687 4687 2893 4753 Golias,
2915 4694 2966 4740 et
2993 4685 3186 4755 reliqui
3212 4685 3484 4755 quierant
3509 4686 3566 4742 in

273 4788 605 4845 conspectum
636 4775 848 4830 Domini
895 4777 1034 4849 (Act.
1062 4776 1136 4849 χ).
1187 4777 1294 4833 Sed
1348 4779 1499 4849 prius
1525 4779 1594 4832 de
1640 4776 1867 4847 jejunio,

271 4871 465 4936 postea
518 4867 585 4920 de
632 4866 988 4938 eleemosynis
1019 4868 1280 4923 dicemus.
1327 4869 1460 4936 Quis
1511 4868 1655 4923 enim
1690 4868 1869 4939 parci-

272 4959 517 5015 moniam
548 4973 656 5014 non
699 4960 900 5027 laudet,
930 4962 1021 5032 qui
1071 4963 1262 5017 recolit
1311 4963 1471 5034 primi
1526 4963 1762 5018 hominis
1791 4962 1870 5017 la-

270 5063 436 5123 psum
462 5062 559 5120 per
585 5050 719 5120 gulae
758 5052 1054 5122 appetitum
1095 5054 1399 5108 accidisse?
1445 5065 1569 5124 quis
1610 5050 1873 5122 jejunium

274 5158 389 5198 non
412 5143 690 5213 pimdicet,
725 5145 818 5214 qui
843 5144 995 5199 novit
1033 5146 1428 5216 protoplastum
1467 5153 1749 5215 parentem
1786 5157 1884 5198 no-

275 5242 459 5290 strum
488 5249 587 5305 per
609 5246 765 5290 esum
792 5235 1019 5303 victum,
1050 5245 1107 5291 et
1136 5234 1473 5293 Salvatorem
1502 5234 1881 5307 perjeiunium

276 5326 557 5383 diabolum
582 5326 821 5385 Vicissei

875 5462 1102 5522 CAPUT
1145 5454 1307 5524 XVII.

906 5576 986 5634 Ds
1015 5578 1250 5650 jejunio.

359 5702 631 5783 Munium
659 5722 750 5769 res
774 5712 858 5769 est
896 5718 1109 5780 sancta,
1154 5724 1290 5785 cpus
1330 5711 1573 5777 cmleste,
1600 5708 1767 5782 ianua
1795 5722 1881 5764 re-

281 5802 402 5874 gni,
432 5800 607 5859 forma
641 5802 830 5859 futuri.
858 5802 1011 5873 Quod
1051 5801 1143 5875 qui
1171 5808 1359 5859 sancte
1386 5803 1516 5873 agit,
1565 5801 1677 5859 Deo
1694 5800 1877 5874 jungi—

283 5898 400 5965 tur,
432 5894 700 5953 alienatur
754 5897 975 5965 mundo,
1030 5894 1289 5968 spiritalis
1339 5895 1585 5952 ellicitur.
1642 5896 1747 5951 Per
1774 5896 1878 5952 huc

1974 4782 2276 4838 Jerusalem
2308 4781 2579 4836 interiecti
2603 4788 2748 4846 sunt,
2774 4778 2929 4849 juxta
2959 4778 3104 4848 quod
3142 4777 3382 4849 loquitur
3408 4777 3563 4835 Jere-

1979 4878 2116 4933 mias
2140 4875 2354 4949 (Jerem.
2377 4874 2585 4948 xxxvi).
2618 4875 2744 4930 Dies
2756 4873 2949 4947 jejunii
2975 4873 3170 4929 decimi
3198 4873 3356 4931 estin
3382 4885 3568 4927 mense

1980 4972 2210 5037 decimo,
2243 4970 2335 5040 qui
2382 4970 2522 5041 apud
2549 4984 2649 5024 nos
2705 4976 2932 5025 vocatur
2978 4966 3299 5031 December,
3350 4962 3567 5034 quando

1984 5068 2353 5132 ceguoverunt
2401 5061 2581 5116 cuncti
2618 5059 2899 5131 Babylonii
2949 5058 3093 5129 capti
3146 5055 3337 5126 quinto
3381 5067 3571 5109 mense

1988 5155 2246 5226 templum
2272 5152 2440 5209 fuisse
2467 5154 2822 5219 destructum,
2849 5162 2904 5208 et
2924 5150 3167 5206 iecerunt
3190 5146 3463 5217 planctum
3488 5156 3571 5201 at-

1985 5266 2091 5321 que
2113 5247 2399 5320 jejunium.
2429 5245 2558 5301 Hine
2584 5245 2931 5300 beatissimus
2956 5242 3315 5310 llicronymus
3338 5238 3393 5294 in
3417 5253 3568 5294 com-

1983 5341 2269 5399 mentariis
2302 5339 2579 5399 Zacharias
2617 5337 2854 5406 scripsit.
2917 5333 3025 5389 Sed
3051 5332 3179 5403 Quia
3208 5332 3323 5391 limo
3365 5328 3573 5402 jejunis

1985 5433 2162 5505 magis
2190 5433 2246 5487 in
2267 5430 2451 5488 Veteri
2480 5429 2828 5485 Testamento
2854 5438 3017 5494 quam
3043 5423 3101 5478 in
3120 5421 3272 5481 Novo
3299 5420 3572 5478 celebrata

1981 5534 2131 5589 sunt,
2155 5536 2227 5580 ne
2249 5522 2467 5594 penitus
2493 5521 2583 5577 illa
2629 5516 3040 5591 praetermisisse
3085 5515 3396 5573 videremur
3423 5511 3576 5586 (quia

1982 5621 2038 5677 in
2064 5620 2329 5691 propheta
2370 5615 2633 5673 Zacharia
2666 5620 3091 5669 commemorata
3136 5608 3284 5682 sunt)
3332 5604 3574 5664 breviter

1982 5714 2385 5780 adnotavimus,
2414 5711 2483 5766 ad
2512 5708 2644 5765 Novi
2668 5706 3001 5765 Testamenti
3019 5704 3224 5778 jCjunia
3252 5698 3571 5774 sumenda

1976 5814 2342 5866 transeunteS.
2404 5856 2411 5861 .
