3970 6492
1076 537 1303 596 CAPUT
1358 537 1475 593 XX.

852 632 931 687 De
958 631 1402 703 quadragesimali
1430 630 1661 701 jejunio.

538 721 783 779 Primum
803 721 950 779 enim
962 720 1228 792 jejunium
1260 723 1696 793 Quadragesima:
1716 729 1822 788 est,
1853 721 1997 791 quod
2019 738 2051 778 a

1118 425 1180 480 Β.
1222 423 1477 482 RABANI
1513 420 1735 480 mum
1766 416 2085 480 ARCHlEP.
2122 414 2447 484 MOGUNT.‘
2472 427 2757 487 OPERUM
2792 427 2974 487 PARS
3006 431 3049 487 ι.

3639 434 3753 494 336

2086 541 2137 601 Α
2160 534 2261 605 ﬁlii
2281 539 2459 608 sponsi
2485 537 2660 609 lugere
2697 538 2932 610 quandiu
2958 553 3078 592 eum
3101 536 3211 592 illis
3249 547 3324 593 est
3348 541 3615 610 sponsus?
3642 538 3756 597 Ve-

2153 627 2294 681 nient
2325 638 2500 682 autem
2521 630 2631 683 dies
2651 646 2771 683 eum
2800 629 3069 699 auferetur
3097 630 3162 684 ab
3177 631 3253 687 eis
3275 636 3521 701 sponsus,
3543 639 3594 685 et
3623 643 3757 691 tunc

2142 717 2461 787 jejunobunt
2502 720 2696 792 (Mare.
2717 719 2803 790 ιι).
2830 720 3026 775 Dicunt
3053 722 3197 776 enim
3222 732 3347 793 post
3385 724 3756 781 resurrectio-

460 817 737 873 veteribus
762 814 914 871 libris
940 818 1110 885 coepit
1146 816 1213 870 ex
1237 813 1443 885 jejunio
1488 814 1687 885 Moysis
1718 821 1774 869 et
1817 813 1968 879 Eliae,
1997 821 2054 868 et
2151 826 2274 865 nem
2292 811 2503 867 Domini
2525 813 3000 884 quadragintaillis
3019 813 3209 869 diebus
3228 815 3425 882 quibus
3443 830 3570 870 cum
3590 812 3757 872 disci-

461 925 529 965 ει
558 907 869 979 Evangelio,
901 907 1027 977 quia
1058 907 1282 962 totidem
1333 906 1525 962 diebus
1550 905 1811 961 Dominus
1834 902 2047 974 jejuna-

458 1000 554 1063 vit,
583 1000 964 1055 demonstrans
989 997 1337 1069 Evangelium
1375 1012 1485 1051 non
1537 995 1822 1051 dissentire
1853 1011 1885 1048 a
1932 995 2049 1065 lege

456 1099 515 1147 et
537 1091 839 1162 prophetis.
874 1089 935 1145 In
979 1104 1211 1161 persona
1239 1088 1437 1159 quippe
1485 1086 1653 1157 Moysi
1684 1086 1790 1152 lex,
1836 1086 1891 1139 in
1920 1101 2046 1155 per-

454 1198 588 1239 sona
612 1182 745 1239 Elia:
766 1183 1043 1254 prOpheta:
1070 1181 1431 1252 accipiuntur,
1458 1180 1602 1234 inter
1624 1193 1760 1249 quos
1781 1178 1837 1232 in
1867 1186 2047 1232 monte

452 1277 703 1334 Christus
731 1278 1001 1350 gloriosus
1029 1275 1301 1347 apparuit,
1336 1281 1395 1328 ut
1440 1272 1742 1329 evidentius
1779 1270 2048 1327 emineret

451 1370 597 1441 quod
634 1371 702 1426 de
729 1369 821 1424 illo
858 1369 991 1425 dicit
1023 1367 1349 1438 Apostolus:
1379 1365 1750 1421 Testimonium
1787 1364 1982 1419 habens
2012 1380 2045 1417 a

450 1461 562 1533 lege
587 1469 637 1517 et
673 1461 959 1532 prophetis.
1000 1460 1061 1515 In
1089 1476 1195 1530 qua
1236 1474 1365 1531 ergo
1389 1466 1544 1530 parte
1575 1457 1704 1513 anni
1747 1471 2045 1527 congruen-

448 1546 581 1609 tius
610 1554 921 1609 observatio
968 1552 1402 1623 Quadragesimae
1457 1549 1898 1613 constitueretur,
1940 1546 2043 1602 nisi

451 1644 683 1701 conﬁnis
711 1654 873 1716 atque
920 1646 1171 1716 contigua
1222 1645 1514 1700 Dominicae
1564 1641 1854 1715 passionis,
1917 1643 2042 1712 quia
2090 1724 2091 1727 η

447 1734 504 1790 in
525 1751 590 1792 ea
611 1737 946 1808 signiﬁcatur
966 1738 1083 1792 haec
1112 1738 1223 1791 vita
1254 1736 1563 1791 laboriosa?
1589 1734 1686 1790 Cui
1713 1735 1878 1788 etiam
1908 1749 2043 1802 opus

449 1834 539 1882 est
568 1827 922 1894 continentia,
954 1836 1017 1882 ut
1059 1828 1128 1881 ab
1180 1827 1349 1896 ipsius
1379 1827 1562 1881 mundi
1595 1824 1864 1880 illecebris
1896 1824 2037 1895 jeju-

2148 903 2288 971 pulis
2303 914 2487 974 postea
2507 904 2706 975 legitur
2719 913 3090 972 conversatus,
3105 922 3213 962 non
3226 916 3477 977 oportere
3488 925 3594 965 nec
3606 908 3751 980 jeju-

2149 1010 2280 1050 nare
2304 1011 2406 1051 nec
2446 997 2629 1066 lugere
2655 1015 2668 1051 :
2695 998 2825 1069 quia
2864 998 2920 1053 in
2949 999 3134 1054 laetitia
3160 1015 3363 1055 sumus.
3392 1000 3593 1057 Postea
3623 1018 3751 1059 vero

2148 1101 2311 1155 quam
2333 1097 2544 1159 tempus
2568 1090 2696 1144 illud
2719 1091 2983 1160 expletur,
2998 1107 3106 1162 quo
3127 1091 3376 1148 Christus
3396 1095 3660 1150 advolans
3683 1097 3752 1151 ad

2148 1177 2336 1246 caelos,
2364 1181 2649 1249 praesentia
2682 1183 2949 1253 corporali
2980 1183 3219 1249 recessit,
3247 1195 3376 1239 tunc
3396 1185 3753 1242 indicendum

2148 1284 2266 1323 esse
2292 1268 2581 1340 jejunium,
2627 1281 2687 1327 ut
2724 1290 2821 1343 per
2856 1275 3034 1329 cordis
3078 1275 3437 1331 humilitatem
3470 1285 3525 1330 et
3574 1279 3750 1333 absti-

2147 1362 2386 1416 nentiam
2412 1365 2612 1430 carnis,
2641 1381 2951 1421 mereamur
2973 1381 3003 1421 e
3032 1368 3184 1423 caelis
3214 1370 3544 1439 promissum
3575 1371 3753 1427 susci-

2144 1469 2275 1524 pere
2305 1453 2567 1525 Spiritum
2606 1469 2874 1515 sanetum.
2903 1460 3010 1516 Sed
3060 1462 3201 1518 sicut
3240 1464 3493 1530 diximus,
3523 1465 3670 1521 bene
3696 1475 3753 1522 et

2146 1546 2465 1616 regulariter
2491 1550 2595 1605 hoc
2618 1560 2742 1620 post
2769 1551 3125 1609 Pentecosten
3167 1570 3198 1608 a
3242 1553 3495 1610 Patribus
3542 1557 3752 1611 consti-

2145 1642 2321 1690 tutum
2347 1646 2430 1692 est
2453 1638 2734 1704 inchoare,
2763 1648 2824 1695 ut
2851 1643 3046 1713 gaudia
3072 1643 3328 1713 promissi
3359 1642 3605 1715 Spiritus
3622 1662 3749 1701 san-

2145 1729 2217 1782 cti
2238 1730 2575 1787 exsultantes
2602 1732 2657 1787 in
2699 1732 2949 1789 laudibus
2980 1735 3074 1789 Dei
3112 1736 3403 1792 adventum
3435 1738 3619 1806 ipsius
3654 1754 3751 1794 ex-

2088 1828 2091 1831 ί
2144 1831 2470 1892 spectemus,
2524 1834 2581 1881 et
2621 1834 2751 1882 tunc
2803 1843 2900 1898 per
2928 1828 3046 1898 ejus
3090 1830 3321 1901 gratiam
3377 1830 3653 1895 innovati,
3683 1848 3750 1888 ac

442 1933 655 1986 nemus,
682 1919 929 1974 viventes
954 1918 1009 1973 in
1037 1918 1150 1974 sola
1179 1934 1400 1983 manna,
1441 1917 1493 1972 id
1517 1924 1600 1971 est
1641 1916 1696 1970 in
1726 1916 2037 1971 coelestibus
2063 1903 2113 1965 Β
2141 1914 2279 1969 coelo
2333 1917 2599 1985 spirituali
2655 1917 2994 1986 inﬂammati,
3039 1920 3383 1977 abstinentia:
3430 1931 3488 1977 et
3532 1922 3749 1994 jejunio

442 2009 921 2080 spiritualibusque
948 2009 1254 2079 praeceptis.
1288 2007 1523 2063 Numero
1574 2014 1755 2061 autem
1796 2007 2034 2076 quadra-

445 2101 672 2171 genario
701 2100 813 2155 vita
839 2101 943 2155 ista
964 2110 1254 2171 propterea
1294 2099 1581 2169 ﬁguratur,
1610 2099 1737 2168 quia
1778 2099 2033 2156 denarius

439 2199 525 2245 est
566 2188 830 2261 perfectio
870 2190 1221 2246 beatitudinis
1273 2197 1494 2245 nostra}.
1543 2188 1802 2245 Creatura
1850 2198 2032 2245 autem

438 2281 749 2352 septenario
778 2281 1062 2354 ﬁguratur,
1094 2297 1215 2351 quae
1244 2281 1483 2336 adhaeret
1524 2279 1795 2347 Creatori,
1842 2279 1897 2333 in
1925 2294 2033 2349 quo

439 2372 748 2428 declaratur
775 2372 954 2428 unitas
988 2372 1271 2428 Trinitatis
1295 2387 1394 2443 per
1431 2372 1745 2426 universum
1772 2371 2034 2426 mundum

437 2465 817 2534 temporaliter
838 2465 1178 2523 annuntiata.
1231 2465 1299 2519 Et
1323 2465 1451 2535 quia
1503 2464 1738 2520 mundus
1799 2473 2033 2534 quatuor

436 2555 617 2610 ventis
644 2554 1001 2623 describitur;
1027 2565 1083 2612 et
1123 2573 1155 2610 a
1190 2566 1424 2627 quatuor
1461 2557 1743 2614 elementis
1781 2558 2029 2629 erigitur,

434 2654 491 2700 et
522 2660 553 2699 a
574 2653 810 2715 quatuor
833 2647 962 2703 anni
985 2656 1292 2719 temporum
1321 2648 1530 2704 vicibus
1553 2649 1817 2714 variatur,
1846 2649 2032 2704 decem

432 2745 628 2809 quater
672 2738 835 2795 ducta
876 2740 930 2794 in
986 2740 1346 2812 quadraginta
1394 2750 1871 2797 consummantur:
1925 2757 2032 2812 quo

428 2845 657 2887 numero
694 2833 1000 2889 ostenditur
1027 2835 1097 2889 ab
1138 2835 1287 2890 omni
1322 2843 1628 2906 temporum
1675 2836 2032 2892 delectatione

430 2924 813 2981 abstinendum
842 2935 899 2981 et
917 2924 1273 2997 jejunandum
1297 2944 1437 2993 esse,
1479 2935 1534 2983 et
1572 2933 1721 2983 caste
1749 2927 2032 2983 contineri-

429 3028 623 3090 terque
640 3022 949 3088 vivendum,
972 3023 1101 3079 licet
1121 3033 1177 3079 et
1197 3023 1340 3079 aliud
1362 3023 1691 3078 sacramenti
1712 3024 2031 3094 mysterium

429 3110 753 3181 exprimitur
781 3111 837 3165 in
880 3112 1007 3178 hoc,
1037 3113 1182 3182 quod
1207 3112 1570 3183 quadraginta
1618 3112 1810 3168 diebus
1839 3112 2029 3168 eadem

423 3201 632 3273 jejunia
661 3203 1025 3260 celebrantur.
1081 3205 1226 3276 Lege
1250 3206 1396 3261 enim
1425 3205 1659 3261 Mosaica
1702 3206 2028 3278 generaliter

424 3293 681 3349 universo
705 3294 904 3365 populo
931 3302 1016 3351 est
1034 3305 1386 3367 praeceptum,
1415 3297 1655 3353 decimas
1681 3306 1735 3352 et
1754 3298 2024 3368 primitias

423 3384 624 3442 efferre
654 3385 884 3442 Domino
928 3386 1059 3444 Deo.
1104 3388 1290 3459 Itaque
1337 3405 1463 3444 cum
1495 3389 1552 3444 in
1600 3390 1703 3445 hac
1747 3389 2022 3446 sententia

424 3476 695 3546 principia
749 3478 1086 3549 voluptatum
1144 3480 1745 3551 consummationesque
1794 3495 2022 3550 operum

423 3572 737 3621 nostrorum
790 3568 997 3624 referre
1029 3569 1099 3625 ad
1141 3569 1239 3625 Dei
1283 3570 1512 3639 gratiam
1555 3570 1933 3636 admonemur,
1965 3571 2023 3625 in

426 3656 811 3725 supputatione
846 3652 1026 3714 tamen
1056 3659 1488 3730 quadragesimae
1530 3676 1742 3715 summa
1792 3661 1897 3716 ista
1940 3661 2019 3717 le-

422 3745 632 3814 galium
657 3745 993 3802 decimarum
1015 3747 1283 3819 expletur.
1315 3748 1513 3804 Totum
1550 3750 1694 3805 enim
1721 3750 1850 3804 anni
1881 3758 2020 3805 tem-

419 3854 524 3908 pus
554 3840 776 3912 triginta
818 3855 915 3896 sex
942 3842 1151 3898 dierum
1185 3858 1413 3898 numero
1434 3843 1758 3906 decimatur,
1801 3842 2019 3899 subtra-

420 3935 525 3990 ctis
547 3935 692 3990 enim
714 3952 746 3991 e
776 3935 1197 4007 Quadragesima
1224 3935 1414 3991 diebus
1460 3936 1773 4002 Dominicis,
1824 3936 2020 4006 quibus

417 4024 627 4096 jejunia
664 4025 1028 4093 resolvuntur,
1061 4027 1147 4082 his
1176 4027 1368 4083 diebus
1403 4028 1560 4098 quasi
1589 4042 1688 4098 pro
1720 4028 1890 4083 totius
1919 4043 2015 4082 an-

422 4116 478 4169 ni
527 4115 754 4171 decimis
801 4117 867 4172 ad
918 4117 1202 4174 ecclesiam
1252 4120 1650 4185 concurrimus,
1690 4127 2016 4188 actuumque

420 4215 735 4263 nostrorum
760 4209 1130 4277 operationem
1177 4209 1287 4265 Deo
1323 4211 1378 4265 in
1401 4210 1632 4265 hostiam
1675 4209 2015 4279 jubilationis

418 4299 717 4365 offerimus,
766 4300 921 4371 cujus
960 4302 1178 4372 quidem
1228 4301 1666 4374 Quadragesima:
1690 4302 1806 4373 lege
1851 4302 2015 4375 (sicut

419 4391 498 4445 ait
551 4399 737 4446 noster
761 4390 1071 4465 Cassianus)
1108 4394 1309 4464 quique
1351 4393 1575 4464 perfecti
1623 4405 1749 4450 sunt
1776 4396 2010 4465 quodam

416 4482 581 4538 modo
601 4499 709 4539 non
738 4493 1011 4551 tenentur,
1035 4500 1135 4541 nec
1163 4485 1345 4557 exigui
1371 4486 1532 4556 hujus
1558 4488 1787 4542 canonis
1828 4487 2009 4558 subje-

415 4575 597 4631 otioue
625 4576 865 4630 contenti
907 4571 1050 4631 sunt.
1083 4576 1254 4643 Quem
1299 4579 1600 4647 prmsertim
1646 4578 1752 4633 illis
1788 4579 1881 4648 qui
1909 4594 2008 4649 per

415 4677 589 4725 totum
622 4670 749 4725 anni
773 4672 1009 4740 spatium
1039 4671 1247 4727 deliciis
1283 4686 1347 4725 ac
1388 4673 1617 4743 negotiis
1659 4673 2007 4729 saecularibus

410 4760 765 4829 implicantur
805 4761 1157 4817 ecclesiarum
1183 4763 1453 4832 principes
1481 4772 1805 4830 statuerunt,
1834 4773 1892 4819 ut
1919 4766 2003 4821 vel

413 4848 521 4907 hoc
550 4849 709 4920 legali
730 4851 963 4920 quodam
986 4851 1144 4906 modo
1167 4852 1373 4906 dierum
1399 4854 1523 4908 vita:
1547 4869 1677 4921 suat,
1704 4870 1841 4925 quos
1864 4864 2007 4911 totos

411 4945 570 5015 quasi
598 4944 807 5000 fructus
828 4946 1093 5016 quosdam
1137 4946 1351 5001 fuerant
1398 4948 1660 5012 voraturi,
1690 4947 1834 5002 velut
1862 4947 2008 5002 decis

414 5050 535 5091 mas
563 5036 795 5092 Domino
816 5036 1146 5093 dedicarem.

1003 5127 1228 5185 CAPUT
1267 5128 1406 5184 XXI.

884 5219 959 5275 De
972 5220 1176 5290 jejunio
1207 5217 1559 5275 Pentecosles.

487 5308 795 5367 Secundum
816 5308 1079 5381 jejunium
1110 5318 1215 5376 est,
1251 5310 1393 5379 quod
1422 5310 1576 5380 juxta
1603 5325 1840 5367 canones
1879 5321 2003 5384 post

408 5399 765 5458 Pentecosten
806 5401 909 5458 alia
955 5402 1041 5457 die
1088 5402 1396 5467 inchoatur,
1441 5403 1736 5457 secundum
1771 5405 1916 5474 quod
1945 5412 2001 5461 et

407 5491 618 5565 Moyses
644 5495 754 5550 ait:
807 5493 877 5549 In
906 5495 1056 5548 initio
1084 5494 1277 5547 mensis
1325 5492 1591 5548 ordinarie
1628 5493 1834 5562 facietis
1857 5496 1997 5551 vobis

406 5588 759 5645 hebdomadas
788 5597 982 5658 septem
1008 5584 1205 5657 (Exod.
1256 5586 1465 5657 xxxrv).
1516 5586 1633 5643 Hoc
1654 5585 1917 5657 jejunium
1963 5606 1993 5645 a

406 5679 678 5751 plerisque
703 5695 772 5735 ex
798 5676 1118 5732 auctoritate
1140 5674 1416 5744 Evangelii
1434 5685 1556 5747 post
1576 5677 1788 5734 Domini
1809 5695 1997 5737 ascen-

404 5773 613 5828 sionem
667 5770 1003 5840 completur,
1057 5772 1424 5828 testimonium
1477 5772 1606 5828 illud
1653 5772 1994 5831 Dominicum

406 5863 761 5921 historialiter
786 5862 1112 5935 accipientes
1141 5864 1232 5921 ubi
1271 5865 1436 5923 dicit:
1488 5864 1744 5937 Nunquid
1773 5874 1993 5935 possunt

2135 2020 2355 2076 operam
2399 2008 2607 2064 demus.
2661 2009 2829 2080 Cujus
2858 2012 2935 2066 rei
2986 2012 3321 2068 concordant
3359 2014 3527 2069 verba
3558 2014 3745 2080 Luca,

2135 2098 2332 2167 quibus
2384 2099 2674 2155 Dominum
2726 2117 3079 2159 ascensurum
3131 2105 3186 2159 in
3240 2103 3407 2161 oculos
3460 2106 3749 2177 discipulis

2133 2195 2454 2263 praecepisse
2483 2195 2744 2251 narravit.
2783 2195 2886 2251 Vos
2912 2208 3106 2265 autem,
3139 2200 3335 2270 inquit,
3379 2202 3553 2256 sedete
3595 2203 3653 2255 in
3672 2204 3749 2257 ci—

2134 2286 2343 2340 vitatem
2397 2288 2735 2359 quoadusque
2781 2289 3077 2344 induamini
3107 2292 3296 2346 virtute
3322 2308 3388 2347 ea:
3430 2293 3543 2348 alto
3587 2293 3742 2366 (Luc.

2134 2374 2308 2445 xxiv).
2363 2370 2565 2433 Tamen
2619 2378 2666 2433 si
2710 2378 2802 2449 qui
2851 2366 3242 2437 monachorum
3289 2383 3376 2437 vel
3404 2383 3742 2441 clericorum

2128 2469 2375 2540 jejunare
2397 2472 2639 2542 cupiunt,
2667 2489 2777 2528 non
2830 2483 2956 2529 sunt
3002 2476 3349 2545 prohibendi,
3380 2478 3513 2548 quia
3544 2488 3602 2534 et
3625 2479 3742 2535 An-

2135 2561 2334 2627 tonius,
2358 2568 2414 2616 et
2438 2560 2654 2630 Paulus,
2681 2572 2738 2618 et
2762 2566 2944 2620 caeteri
2976 2565 3166 2622 Patres
3192 2568 3404 2638 antiqui
3430 2569 3518 2625 his
3547 2571 3742 2626 diebus

2133 2649 2190 2703 in
2211 2666 2397 2707 eremo
2419 2652 2676 2722 leguntur
2700 2657 3050 2724 abstinuisse,
3075 2672 3178 2713 nec
3202 2658 3429 2715 solvisse
3455 2660 3742 2717 abstinen-

2136 2740 2287 2809 tiam,
2316 2743 2424 2799 nisi
2447 2752 2654 2800 tantum
2680 2746 2964 2804 Dominico
2987 2748 3092 2804 die.

2725 2856 2952 2914 CAPUT
2989 2857 3153 2917 XXII.

2133 2943 2213 3000 De
2235 2946 2445 3017 jejunio
2490 2956 2611 3002 ante
2640 2947 2963 3021 nativitatem
2997 2948 3226 3014 Domini,
3259 2951 3404 3021 quod
3425 2952 3487 3021 ﬁt
3511 2953 3565 3007 in
3594 2971 3738 3009 nono

2664 3028 2714 3072 et
2752 3018 2952 3074 decimo
2991 3036 3186 3075 mense.

2204 3108 2449 3165 Tertium
2483 3108 2748 3181 jejunium
2776 3120 2861 3166 est
2886 3112 3029 3180 quod
3059 3119 3274 3167 constat
3303 3113 3358 3167 in
3400 3129 3599 3172 mense
3627 3117 3738 3174 No—

2131 3202 2399 3268 vembrio,
2427 3201 2570 3272 quod
2613 3202 2793 3256 divina
2832 3203 3155 3259 auctoritate
3184 3204 3490 3261 institutum
3514 3207 3606 3262 vel
3634 3210 3740 3264 ini-

2051 3267 2099 3332 (ἶ
2131 3295 2325 3350 tiatum
2388 3267 2638 3352 Je-remiae
2705 3297 2983 3368 prophetae
3035 3299 3342 3354 testimonio
3388 3301 3732 3368 declaratur,

2128 3387 2343 3443 dicente
2366 3386 2434 3442 ad
2459 3403 2583 3443 eum
2612 3387 2841 3443 Domino
2867 3403 2882 3442 :
2918 3387 3063 3443 Tolle
3086 3388 3321 3444 volumen
3347 3390 3490 3457 libri,
3519 3401 3568 3445 et
3597 3394 3738 3446 seri-

2128 3479 2213 3533 bes
2235 3480 2290 3532 in
2326 3496 2386 3533 eo
2409 3480 2587 3533 omnia
2610 3480 2764 3533 verba
2790 3496 2908 3549 qua:
2954 3478 3160 3534 locutus
3187 3496 3305 3535 sum
3334 3480 3426 3535 tibi
3467 3483 3734 3544 adversus

2126 3569 2299 3624 Israel
2329 3579 2377 3624 et
2398 3570 2615 3635 Judam,
2645 3579 2692 3624 et
2714 3570 2965 3626 adversus
2989 3588 3192 3627 omnem
3216 3583 3454 3644 gentem;
3500 3576 3547 3629 si
3588 3575 3737 3644 forte

2126 3670 2412 3715 revertatur
2439 3661 2793 3732 unusquisque
2830 3679 2864 3715 a
2903 3664 2985 3716 via
3026 3680 3122 3718 sua
3166 3666 3414 3735 pessima,
3460 3669 3735 3736 propitius

2106 3769 2213 3806 ero
2242 3752 2508 3823 iniquitati
2533 3769 2733 3807 eorum.
2798 3752 3009 3808 Vocavit
3049 3771 3170 3825 ergo
3201 3755 3457 3810 Jeremias
3504 3755 3734 3812 Bartsch

2122 3844 2293 3914 ﬁlium
2343 3844 2550 3913 Nerite,
2606 3858 2653 3902 et
2713 3846 2919 3917 scripsit
2972 3845 3183 3901 Baruch
3230 3863 3294 3902 ea:
3342 3863 3431 3901 ore
3471 3847 3735 3904 Ieremia

2102 3951 2299 3990 omnes
2321 3952 2584 3991 sermones
2625 3935 2862 4000 Domini,
2888 3953 3017 4007 quos
3060 3935 3265 3991 locutus
3314 3946 3389 3991 est
3417 3936 3488 3991 ad
3512 3954 3641 3991 eum
3670 3940 3733 3993 in

2101 4027 2381 4083 volumine
2406 4027 2547 4083 libri.
2591 4027 2660 4082 Et
2689 4028 2933 4099 prwcepit
2963 4026 3225 4083 Jeremias
3252 4028 3465 4082 Baruch
3491 4029 3685 4085 dicens
3708 4045 3732 4083 :

2100 4118 2403 4191 Ingredere
2424 4128 2474 4175 et
2522 4119 2631 4190 lege
2676 4120 2740 4173 de
2765 4117 3023 4173 volumine
3053 4119 3194 4190 quod
3234 4119 3487 4189 scripsisti
3531 4137 3601 4174 ea:
3634 4139 3733 4177 ore

2117 4226 2257 4277 meo,
2288 4210 2441 4265 verba
2470 4210 2685 4264 Domini
2730 4211 2973 4265 audiente
2997 4210 3191 4281 populo
3217 4210 3273 4265 in
3298 4211 3451 4265 domo
3494 4211 3730 4268 Domini

2116 4302 2171 4356 in
2199 4302 2284 4357 die
2298 4302 2497 4374 jejunii
2521 4302 2680 4374 leges,
2706 4303 2751 4356 si
2770 4301 2906 4372 forte
2926 4301 3081 4355 cadat
3102 4302 3273 4356 oratio
3301 4319 3479 4356 eorum
3506 4304 3561 4356 in
3582 4321 3727 4360 con-

2113 4404 2346 4466 spectum
2370 4395 2603 4461 Domini,
2650 4404 2697 4448 et
2729 4402 3017 4449 revertatur
3055 4393 3406 4464 unusquisque
3445 4412 3476 4447 a
3502 4395 3588 4448 uia
3616 4413 3727 4451 sua

2112 4485 2277 4553 mala,
2298 4487 2547 4557 quoniam
2576 4502 2798 4556 magnus
2829 4485 2978 4554 [uror
3002 4494 3047 4539 et
3078 4486 3392 4555 indignatio,
3420 4502 3580 4557 quam
3631 4489 3722 4541 lo—

2111 4587 2263 4633 eutus
2283 4588 2357 4631 est
2388 4576 2646 4631 Dominus
2689 4578 2965 4631 adversum
3012 4575 3261 4647 populum
3289 4576 3444 4629 hunc.
3488 4576 3559 4630 Et
3586 4577 3722 4645 fecit

2111 4669 2324 4725 Barueh
2352 4668 2494 4738 filius
2519 4668 2698 4723 Neria!
2719 4668 2877 4737 juxta
2906 4667 3081 4720 omnia
3121 4683 3239 4737 qua:
3263 4677 3581 4743 praeceperat
3612 4670 3720 4725 Je-

2113 4763 2304 4816 remias
2328 4762 2600 4832 propheta,
2629 4759 2800 4830 legens
2822 4775 2887 4813 ex
2906 4757 3162 4813 volumine
3183 4775 3442 4814 sermones
3462 4760 3520 4813 in
3546 4760 3719 4817 domo

2109 4851 2341 4906 Domini.
2372 4850 2444 4904 Et
2482 4850 2679 4919 factum
2706 4859 2783 4903 est
2808 4850 2860 4903 in
2889 4865 3062 4903 mense
3093 4863 3248 4914 nono,
3290 4849 3718 4919 prwdieaverant

2099 4943 2369 5013 jejunium
2394 4943 2451 4995 in
2486 4950 2760 5012 conspectu
2784 4940 2998 4995 Domini
3028 4942 3169 4995 omni
3214 4940 3406 5012 populo
3445 4942 3503 4995 in
3542 4943 3719 4999 Jeru-

2109 5032 2272 5087 salem
2303 5031 2518 5106 (Jerem.
2550 5031 2758 5106 xxxvi).
2808 5030 2922 5087 Hac
2964 5046 3095 5103 ergo
3141 5033 3464 5088 auctoritate
3501 5034 3716 5091 divine

2108 5122 2404 5193 Scripturae
2449 5122 2691 5178 Ecclesia
2739 5137 2947 5178 morem
2974 5123 3232 5189 obtinuit,
3285 5134 3341 5179 et
3388 5125 3715 5185 universale

2097 5212 2365 5284 jejunium
2407 5214 2510 5268 hac
2556 5213 2936 5268 observatione
2984 5212 3261 5268 celebrat:
3313 5215 3459 5284 quod
3510 5225 3709 5273 tamen

2099 5302 2362 5374 jejunium
2386 5304 2651 5373 incipiens
2670 5303 2726 5357 in
2747 5319 2894 5359 nono
2916 5318 3103 5359 mense
3124 5306 3177 5359 in
3203 5305 3472 5360 decimum
3504 5316 3712 5364 exten-

2104 5396 2270 5463 ditur,
2303 5396 2358 5451 id
2391 5403 2494 5462 est,
2531 5410 2702 5464 usque
2731 5396 2801 5450 ad
2844 5394 2986 5449 diem
3026 5396 3223 5451 natalis
3249 5397 3461 5452 Domini
3484 5400 3710 5468 pertin-

2102 5490 2200 5562 git.
2225 5488 2475 5561 Congrua
2502 5491 2684 5560 itaque
2711 5489 3063 5559 dispositione
3085 5506 3115 5545 a
3138 5491 3414 5560 magistris
3435 5490 3711 5551 Ecclesia

2098 5586 2204 5642 hoc
2224 5585 2344 5642 loco
2373 5585 2638 5656 jejunium
2677 5588 3146 5658 quadragesimale
3183 5585 3304 5643 ﬁeri
3331 5588 3705 5645 constitutum

2098 5685 2203 5741 est,
2228 5684 2289 5731 ut
2316 5682 2442 5731 ante
2461 5676 2606 5732 diem
2632 5678 2831 5733 natalis
2853 5676 3069 5733 Domini
3087 5677 3296 5749 jejunio
3321 5685 3379 5734 et
3409 5678 3705 5735 abstinen-

2098 5772 2173 5826 tia
2218 5768 2579 5837 nosmetipsos
2626 5768 2953 5840 castigemus
2985 5808 3001 5836 ,
3056 5776 3323 5839 quatenus
3376 5769 3699 5827 venientem

2098 5862 2516 5932 Redemptorem
2568 5862 2727 5932 digna
2780 5863 3193 5920 conversatione
3241 5863 3521 5935 suscipere
3558 5877 3701 5935 pos.
