3970 6452
272 446 382 506 337

1056 442 1145 499 DE
1181 442 1628 503 CLERICORUM
1666 445 2174 518 INSTITUTIONE,
2219 453 2371 511 ETC.
2411 486 2481 497 —
2518 457 2645 515 LIB.
2685 458 2749 513 II.

3428 461 3538 519 5'58

266 567 459 631 simus,
491 564 633 619 sicut
659 570 782 618 ante
807 572 1019 632 tempus
1041 562 1458 617 resurrectionis
1485 562 1603 632 eius
1635 577 1857 619 carnem
1882 562 1938 625 Α
1961 567 2195 639 legerunt
2219 574 2272 627 in
2314 575 2574 631 volumine
2623 577 2750 649 legis
2771 577 2984 636 Domini
3009 580 3109 635 Dei
3150 582 3233 635 sui
3269 589 3453 652 quater
3486 580 3542 635 in

265 666 511 713 nostram
541 653 844 725 atlligimus,
887 661 947 707 ut
989 653 1402 709 resurrectionis
1447 655 1695 725 gratiam,
1737 669 1856 724 quae

263 768 365 823 per
391 751 566 822 ipsum
599 749 678 816 ﬁt,
700 749 955 819 consequi
977 764 1301 804 mereamur.
1334 748 1441 804 Sed
1461 749 1574 805 haec
1599 750 1664 804 de
1687 749 1858 805 tribus

264 843 693 916 quadragesimis
721 842 864 897 dicta
887 840 1173 898 solliciant.

835 932 1063 990 CAPUT
1101 933 1289 990 XXIII.

644 1030 722 1085 De
759 1032 960 1086 cwteris
988 1030 1231 1102 legitimis
1243 1031 1491 1102 jejuniis.

336 1125 542 1179 Praeter
566 1123 683 1178 haec
704 1130 882 1177 autem
914 1131 968 1177 et
996 1122 1237 1193 legitima
1262 1132 1504 1194 tempora
1525 1121 1851 1191 ieiuniorum

268 1230 414 1287 sunt,
450 1222 590 1275 sicut
636 1228 720 1275 est
772 1219 949 1275 omnis
1003 1227 1153 1274 sexta
1200 1217 1369 1285 feria,
1416 1219 1469 1272 in
1496 1234 1601 1289 qua
1632 1227 1852 1289 propter

267 1317 576 1388 passionem
604 1311 815 1368 Domini
866 1326 896 1364 a
945 1308 1191 1363 ﬁdelibus
1214 1308 1512 1378 ieiunatur,
1542 1316 1597 1363 et
1639 1309 1848 1363 sabbati

266 1407 406 1469 dies,
438 1404 529 1474 qui
561 1419 591 1457 a
620 1402 893 1473 plerisque
916 1408 1138 1470 propter
1157 1399 1300 1467 quod
1330 1399 1383 1453 in
1408 1413 1474 1453 eo
1497 1397 1743 1453 Christus
1759 1398 1847 1468 ja-

266 1500 379 1556 cuit
405 1499 460 1552 in
510 1493 990 1566 sepulcroieiunio
1021 1500 1368 1548 consecratus
1411 1492 1663 1557 habetur,
1710 1492 1852 1547 sicut

264 1591 320 1647 in
349 1589 581 1644 decretis
609 1584 907 1642 Innocentii
939 1599 1089 1654 papae
1116 1583 1470 1639 constitutum
1501 1581 1806 1636 invenimus
1830 1622 1845 1648 ,

263 1682 474 1737 scilicet
517 1696 583 1735 ne
621 1677 824 1733 Iudaeis
849 1676 1170 1732 exsultando
1195 1677 1499 1745 praabeatur
1521 1677 1663 1744 quod
1689 1675 1847 1731 Chri-

262 1786 382 1834 stus
411 1775 627 1832 sustulit
668 1772 966 1828 moriendo.
1001 1770 1136 1826 Nam
1165 1772 1351 1841 utique
1380 1778 1595 1825 constat
1630 1779 1847 1842 aposto-

260 1868 345 1926 los
386 1869 553 1924 biduo
579 1869 684 1923 isto
730 1874 785 1921 et
828 1866 880 1919 in
923 1878 1159 1919 maerore
1187 1862 1371 1925 fuisse,
1408 1873 1462 1918 et
1482 1872 1703 1934 propter
1726 1880 1844 1920 me-

1963 659 2067 725 die,
2122 673 2169 715 et
2215 674 2401 735 quater
2436 668 2492 721 in
2535 676 2684 723 nocte
2724 670 3124 741 conﬁtebantur,
3164 681 3212 725 et
3243 670 3538 725 adorabunt

1957 748 2241 807 Dominum
2268 754 2437 811 Deum
2460 774 2634 837 suum.
2679 758 2944 828 Quartum
2989 776 3121 817 vero
3144 769 3228 817 est
3270 760 3541 832 jejunium

1842 913 1851 916 4
1955 843 2165 898 sabbati
2192 846 2248 900 in
2279 847 2488 904 decimo
2516 865 2701 907 mense
2732 860 2858 907 ante
2888 853 3031 908 diem
3059 851 3259 908 natalis
3287 851 3539 920 Domini,

1955 936 2172 1005 quando
2194 940 2409 994 venturi
2458 939 2753 998 Salvatoris
2799 944 3032 1001 salubris
3060 944 3117 999 in
3148 943 3323 999 sacris
3348 942 3541 999 lectio-

1953 1027 2112 1083 nibus
2139 1030 2464 1099 prmdicatur
2492 1032 2774 1100 adventus,
2804 1043 2866 1090 ut
2891 1033 3079 1090 ﬁdeles
3095 1034 3296 1105 quique
3323 1034 3429 1089 hac
3455 1046 3543 1088 re-

1953 1119 2152 1191 ligione
2178 1122 2447 1189 instructi,
2480 1132 2536 1180 et
2582 1127 2940 1182 medicamine
2984 1135 3298 1182 sanctarum
3343 1124 3547 1180 oratio-

1952 1226 2081 1265 num
2116 1211 2273 1266 simul
2297 1228 2419 1267 cum
2445 1229 2602 1269 sacro
2624 1214 2833 1285 jejunio
2855 1215 3163 1273 confirmati
3194 1213 3538 1270 nativitatem

1951 1299 2329 1371 Redemptoris
2370 1303 2479 1358 laeti
2529 1313 2866 1376 exspectent.
2916 1306 3058 1361 Ante
3106 1307 3223 1361 hmo
3287 1304 3544 1361 videlicet

1951 1403 2182 1465 quatuor
2204 1397 2427 1452 sabbata
2449 1399 2502 1452 in
2527 1400 2715 1454 eadem
2740 1400 3078 1455 hebdomada
3103 1415 3320 1470 semper
3345 1406 3541 1470 quarta

1950 1494 2005 1539 et
2033 1494 2183 1541 sexta
2220 1486 2353 1545 feria
2389 1488 2626 1558 legitima
2652 1489 2857 1560 ieiunia
2893 1489 3009 1544 ﬁeri
3045 1498 3100 1544 et
3133 1504 3309 1543 canon
3337 1488 3542 1543 oratio-

1950 1593 2081 1632 num
2113 1586 2167 1632 et
2200 1579 2493 1635 lectionum
2530 1581 2585 1635 in
2615 1582 2820 1637 eisdem
2847 1581 3000 1637 feriis
3037 1582 3105 1636 ad
3135 1582 3426 1637 missarum
3456 1595 3576 1665 so-~

1948 1670 2158 1725 lemnia.
2196 1672 2524 1727 constitutus
2569 1672 2795 1739 indicat,
2837 1681 2893 1728 et
2936 1672 3184 1742 exempla
3226 1672 3541 1743 praeceden-
3579 1718 3591 1738 ί

1950 1761 2082 1815 tium
2114 1762 2333 1816 Patrum
2365 1762 2706 1818 conﬁrmant.
2740 1763 2937 1819 Sacras
2964 1772 3146 1818 autem
3166 1764 3541 1820 ordinationes

1949 1854 2034 1909 his
2068 1855 2259 1910 diebus
2288 1865 2540 1925 Oportere
2590 1855 2728 1921 ﬁeri,
2773 1856 2990 1911 decreta
3029 1855 3233 1911 Gelasii
3278 1871 3433 1927 papae
3462 1864 3544 1910 tc-

262 1972 382 2017 tum
396 1960 702 2015 Iudaeorum
717 1974 774 2013 se
799 1957 1280 2026 occuluissc,quod
1304 1929 1608 2026 utique-non
1623 1956 1844 2011 dubium
1876 1929 1924 1989 Β
1952 1952 2182 2008 Summ",
2215 1945 2268 1999 ίη
2298 1945 2584 2015 quibusita
2631 1945 2893 2015 scriptum
2933 1945 3280 2000 εοῐηῖηθῑυΐε
3310 1943 3542 1999 ordini!“

261 2062 351 2107 est
383 2071 396 2106 :
428 2060 485 2106 et
503 2050 772 2121 ieiunasse
801 2064 894 2104 eos
920 2047 1083 2102 biduo
1135 2055 1455 2112 memorato,
1504 2063 1624 2116 quae
1672 2047 1846 2102 forma

176 2166 189 2181 -
263 2146 454 2215 utique
476 2160 573 2215 per
600 2142 837 2214 singulas
878 2142 1108 2197 tenenda
1154 2150 1236 2196 est
1274 2141 1664 2207 hebdomadas,
1720 2155 1847 2210 pro-

257 2241 382 2304 pter
413 2233 465 2289 id
497 2235 637 2304 quod
673 2232 1120 2289 commemoratio
1162 2231 1305 2286 illius
1354 2232 1460 2286 diei
1496 2246 1709 2301 semper
1763 2231 1876 2287 est

258 2325 608 2382 Celebranda.
638 2322 789 2391 Quod
814 2325 858 2379 si
887 2331 1078 2394 putant
1105 2339 1213 2379 uno
1246 2334 1425 2379 tamen
1456 2323 1681 2378 sabbato
1701 2324 1845 2395 jeju-

256 2416 521 2483 nandum,
551 2431 682 2486 ergo
704 2424 760 2471 et
788 2415 1144 2481 Dominicum,
1175 2423 1230 2468 et
1251 2423 1402 2470 sexta
1432 2413 1568 2469 feria
1596 2413 1763 2470 semel
1788 2414 1844 2471 in

256 2503 470 2561 Pascha
494 2506 602 2561 erit
625 2506 812 2576 utique
841 2505 1243 2561 celebrandum.

829 2617 1055 2674 CAPUT
1094 2617 1282 2673 XXIV.

250 2708 337 2769 De
356 2713 819 2795 jejunio‘quatuonr
855 2712 1212 2795 sabbatorum,
1241 2713 1537 2795 innquibus
1566 2712 1842 2767 duodecim

488 2783 734 2837 lectiones
762 2783 918 2851 ﬁunt,
958 2792 1007 2836 et
1032 2800 1199 2837 sacra:
1228 2783 1605 2839 ordinationes.

246 2888 251 2893 '
329 2872 467 2929 Sunt
487 2886 702 2944 quoque
724 2881 779 2928 et
806 2882 1038 2943 quatuor
1064 2873 1312 2939 sabbata,
1339 2874 1393 2927 in
1423 2882 1657 2943 quatuor
1685 2890 1841 2930 men-

252 2968 427 3034 sibus,
458 2967 668 3039 singula
693 2983 793 3037 per
827 2966 1085 3037 singulos,
1129 2966 1182 3021 in
1211 2966 1407 3037 quibus
1432 2967 1687 3036 specialia
1704 2966 1842 3036 jeju-

250 3058 346 3113 nia
371 3066 496 3113 sunt
515 3058 826 3124 constituta,
852 3067 909 3114 et
936 3057 1111 3114 ollicia
1157 3058 1245 3114 his
1271 3059 1461 3114 diebus
1485 3060 1692 3131 majora
1723 3075 1844 3116 ora-

248 3149 464 3204 tionum
493 3158 549 3204 et
572 3150 866 3205 lectionum
898 3151 952 3205 in
988 3149 1231 3205 Ecclesia
1254 3150 1621 3219 celebrantur,
1652 3151 1708 3207 id
1731 3161 1837 3219 est,

248 3239 309 3293 in
336 3239 528 3295 Martio
553 3256 759 3307 mense,
791 3242 969 3311 primo
999 3242 1246 3298 sabbato.
1278 3242 1466 3309 Quarti
1504 3244 1732 3310 mensis,
1783 3244 1839 3299 id

1949 2038 2114 2091 tiones
2140 2047 2314 2092 autem
2343 2038 2764 2109 presbyterorum
2805 2039 3252 2107 diaconorumque
3284 2038 3387 2090 nisi
3426 2052 3541 2091 cer-

1947 2133 2014 2185 tis
2036 2130 2354 2201 temporibus
2393 2140 2440 2185 et
2462 2130 2644 2185 diebus
2667 2147 2905 2185 exercere
2943 2146 3047 2184 non
3081 2130 3320 2193 debeant,
3350 2129 3405 2184 id
3434 2135 3538 2193 est,

1945 2220 2001 2275 in
2020 2222 2198 2291 quarti
2223 2221 2425 2276 mensis
2437 2219 2669 2292 jejunio,
2697 2221 2912 2292 septimi
2940 2231 2995 2276 et
3021 2221 3240 2285 decimi,
3273 2221 3363 2275 sed
3379 2221 3540 2275 etiam

1943 2314 2415 2387 quadragesimalis
2465 2331 2528 2368 ac
2589 2314 2833 2369 mediana
2881 2315 3033 2368 initio
3103 2312 3540 2397 Quadragesimta

1944 2407 2029 2461 die
2056 2406 2259 2461 sabbati
2278 2407 2484 2477 jejunio
2512 2408 2654 2461 circa
2686 2422 2951 2476 vesperam
2991 2404 3225 2460 nouerint
3259 2402 3536 2458 celebran-

1945 2498 2061 2553 das.
2110 2497 2295 2553 Ollicia
2321 2506 2503 2553 autem
2529 2499 2722 2553 horum
2749 2505 2982 2567 quatuor
3008 2494 3356 2551 sabbatorum
3379 2492 3541 2564 vulgo

1943 2589 2230 2645 duodecim
2265 2588 2527 2645 lectiones
2551 2596 2837 2653 vocantur,
2869 2602 2935 2642 eo
2960 2585 3105 2656 quod
3132 2599 3256 2640 cum
3292 2582 3543 2671 lectioni-

1943 2681 2047 2737 bus
2094 2695 2213 2751 quae
2253 2681 2540 2751 leguntur,
2586 2690 2641 2735 et
2678 2696 2801 2735 cum
2855 2678 3082 2749 psalmis
3125 2676 3218 2745 qui
3265 2674 3538 2745 leguntur,

1945 2774 2308 2830 duodenarius
2333 2789 2593 2829 numerus
2622 2773 2973 2844 adimpletur,
2998 2771 3090 2841 qui
3132 2767 3540 2825 benedictiones

1943 2875 2172 2936 possunt
2202 2868 2410 2934 vocari,
2436 2882 2503 2922 eo
2531 2868 2676 2939 quod
2722 2867 2866 2923 inter
2891 2864 3182 2922 canonicas
3226 2860 3539 2933 Scriptura:

1945 2974 2086 3014 annu
2093 2973 2279 3014 meran
2287 2968 2392 3013 tur.

2524 3050 2755 3109 CAPUT
2794 3050 2963 3106 XXV.

2444 3142 2523 3197 De
2557 3143 2773 3214 privatis
2791 3142 3037 3213 jejuniis.

2014 3234 2282 3293 Praeterea
2310 3235 2604 3304 unicuique
2633 3234 2761 3290 licet
2808 3242 2868 3287 ut
2890 3232 3023 3288 libet
3056 3230 3388 3302 ieiuniorum
3419 3246 3536 3287 mo-

244 3341 357 3395 est,
387 3327 551 3385 Junii.
601 3331 662 3385 In
708 3306 925 3400 septimi
970 3346 1185 3402 quoque
1235 3306 1458 3399 mensis,
1505 3333 1561 3389 id
1609 3341 1693 3389 est
1718 3306 1838 3389 'Se-
1865 3306 1911 3372 (ἶ
1943 3326 2069 3381 dum
2117 3326 2340 3392 habere.
2389 3341 2485 3381 seu
2525 3325 2762 3380 inediam
2799 3324 3113 3390 extendere.
3169 3331 3384 3379 servata
3420 3338 3536 3395 prae

240 3419 533 3492 ptcmbris,
558 3421 719 3477 tertio
742 3422 990 3487 sabbato,
1017 3430 1073 3477 et
1091 3423 1145 3476 in
1172 3431 1367 3493 quarto
1389 3424 1615 3480 sabbato
1642 3425 1838 3481 decimi

239 3510 472 3577 mensis,
505 3512 559 3567 id
602 3520 707 3578 est,
750 3512 1084 3568 Decembris.
1115 3513 1355 3580 Quorum
1403 3516 1639 3584 primum
1679 3515 1837 3585 juxta

240 3602 685 3659 observationem
715 3601 1155 3674 Quadragesimze
1182 3618 1353 3660 verno
1396 3613 1641 3676 tempore
1690 3607 1833 3665 cele-

240 3694 460 3757 bratur,
482 3694 700 3763 quando
747 3695 952 3749 mensis
983 3710 1243 3750 novorum
1294 3697 1434 3767 apud
1488 3697 1702 3755 Judteos
1736 3701 1835 3754 ha-

238 3786 501 3841 bebatur.
532 3783 843 3841 Secundum
873 3795 1053 3843 autem
1094 3789 1149 3844 in
1176 3786 1385 3858 jejunio
1403 3800 1526 3861 post
1572 3791 1834 3850 Penteco-

237 3888 369 3937 sten
421 3879 628 3934 mstatis
672 3888 947 3950 tempore,
997 3882 1214 3952 quando
1267 3884 1408 3954 apud
1454 3881 1670 3941 Iudaeos
1716 3886 1833 3942 dies

234 3970 607 4042 primitiarum
652 3988 717 4028 ex
762 3973 896 4046 legis
937 3983 1206 4045 praecepto
1262 3978 1736 4047 custodiebantur,
1775 3981 1832 4036 id

232 4071 351 4128 est,
384 4065 448 4118 de
492 4062 734 4135 frugibus
773 4065 936 4135 primi
985 4081 1152 4136 panes
1198 4067 1308 4122 Deo
1348 4067 1742 4138 offerebantur;
1775 4080 1831 4127 et

232 4153 416 4209 otium
446 4152 740 4225 legitimum
768 4154 936 4226 ipsius
979 4156 1085 4211 diei
1112 4157 1436 4214 celebratur.
1474 4159 1717 4217 Tertium
1743 4171 1829 4220 est

232 4246 301 4302 in
330 4245 555 4315 septimo
589 4261 797 4313 mense,
838 4250 1081 4303 autumni
1130 4250 1382 4307 videlicet
1420 4260 1682 4324 tempore,
1733 4256 1827 4326 qui

234 4346 391 4392 totus
420 4335 477 4390 in
494 4336 612 4408 lege
644 4338 812 4392 variis
849 4338 1282 4397 solemnitatibus
1308 4343 1421 4399 Deo
1441 4344 1654 4401 dicatus
1683 4355 1821 4415 erat,

233 4432 295 4486 in
332 4445 438 4499 quo
487 4432 601 4487 dies
640 4432 1008 4503 expiationum
1047 4442 1198 4502 erat,
1237 4437 1448 4494 dicente
1479 4439 1708 4496 Domino
1755 4442 1825 4498 ad

222 4525 463 4597 Moysen
513 4545 525 4581 :
576 4526 794 4582 Decima
840 4528 925 4583 die
967 4531 1159 4584 mensis
1215 4531 1375 4602 hujus
1419 4534 1659 4603 septimi,
1711 4536 1823 4591 dies

229 4618 595 4686 expiationum
607 4620 705 4674 erit
728 4637 789 4674 ac
816 4618 1201 4688 celeberrimus,
1225 4631 1274 4676 et
1296 4623 1569 4678 vocabitur
1588 4636 1819 4694 sanctus,

228 4710 573 4782 aﬂligetisque
596 4712 800 4766 animas
830 4721 1027 4766 vestras
1055 4714 1112 4766 in
1141 4729 1219 4777 eo,
1251 4722 1299 4766 et
1325 4716 1552 4784 oﬂ'eretis
1575 4717 1821 4772 holocau-

225 4811 373 4856 stum
399 4801 644 4858 Domino.
679 4801 844 4857 Omne
869 4819 998 4875 opus
1022 4820 1126 4858 non
1147 4803 1352 4874 facietis
1378 4806 1434 4860 in
1456 4815 1684 4879 tempore
1712 4809 1819 4864 diei

226 4894 414 4964 hujus,
439 4895 563 4966 quia
585 4895 696 4950 dies
726 4896 1114 4966 propitiationis
1137 4906 1234 4961 est,
1263 4906 1322 4951 ut
1344 4899 1655 4970 propitietur
1675 4901 1816 4956 vobis

225 4987 491 5041 Dominus
536 4984 680 5040 Deus
722 4994 928 5051 vester,
967 4994 1073 5041 etc.
1116 4986 1176 5040 ln
1222 5003 1330 5057 quo
1378 4998 1433 5043 et
1467 4989 1585 5045 dies
1629 4991 1816 5046 decem

226 5074 579 5147 Scenopegia:
609 5076 843 5145 fuerant,
891 5078 944 5133 id
984 5088 1069 5133 est
1117 5079 1631 5137 Tabernaculorum.
1678 5082 1816 5139 Nam

220 5168 420 5239 quinta
448 5167 657 5223 decima
678 5168 765 5225 die
794 5170 998 5225 mensis
1021 5169 1182 5239 huius
1207 5180 1421 5229 veteres
1443 5174 1817 5234 solemnitates

222 5261 731 5319 Tabernaculorum
775 5262 1145 5331 celebrabant,
1194 5274 1405 5335 septem
1447 5268 1635 5325 diebus
1663 5284 1814 5325 eam-

220 5357 355 5411 dem
404 5354 801 5411 solemnitatem
850 5358 1160 5427 exigentes,
1207 5372 1314 5428 quo
1367 5359 1583 5428 quidem
1605 5360 1813 5430 jejunio

217 5462 359 5504 usos
388 5447 556 5504 fuisse
582 5448 833 5516 antiquos
855 5449 1041 5505 Esdraa
1061 5450 1198 5507 liber
1224 5451 1492 5506 meminit.
1519 5450 1813 5522 Postquam

220 5542 378 5600 enim
400 5541 676 5597 redierunt
706 5540 799 5595 lilii
833 5541 999 5597 Israel
1033 5543 1088 5597 in
1132 5543 1433 5601 Jerusalem
1460 5552 1516 5600 et
1567 5543 1815 5601 fecerunt

221 5634 336 5693 sibi
372 5631 845 5689 tabernaculorum
874 5631 1115 5687 laetitiam
1162 5649 1435 5705 magnam,
1466 5634 1666 5690 dehinc
1689 5651 1815 5690 con-

221 5733 481 5784 uenerunt
506 5727 564 5780 in
581 5724 789 5795 jejunio
819 5725 877 5778 in
899 5725 1088 5792 saccis,
1115 5736 1163 5779 et
1204 5726 1395 5781 humus
1434 5743 1591 5796 super
1613 5742 1722 5793 eos,
1764 5735 1814 5783 et

227 5826 509 5884 steteram,
552 5825 600 5870 et
631 5815 1014 5885 conﬁtebantur
1048 5826 1263 5888 peccata
1285 5834 1385 5872 sua
1434 5828 1483 5873 et
1510 5819 1812 5891 iniquitates

227 5915 445 5965 patrum
489 5923 725 5975 suorum,
760 5916 809 5962 et
850 5917 1292 5965 consurrexerunt
1331 5908 1401 5964 ad
1448 5909 1719 5977 standum,
1761 5917 1812 5965 et

1938 3419 2190 3475 omnibus
2220 3419 2606 3474 constitutione
2643 3418 3008 3489 legitimorum
3030 3418 3365 3489 ieiuniorum
3389 3432 3529 3489 quas

1939 3529 2101 3583 supra
2132 3513 2576 3578 memoravimus,
2607 3526 2729 3583 quas
2752 3509 3079 3582 generaliter
3106 3518 3295 3568 sancta
3318 3520 3375 3568 et
3399 3525 3527 3581 apo.

1937 3605 2130 3661 stolica
2158 3613 2340 3661 servat
2355 3603 2619 3660 Ecclesia.
2645 3603 2757 3659 Nec
2779 3618 2888 3658 non
2910 3611 2968 3658 et
2990 3602 3080 3658 illa
3103 3603 3418 3659 omnimodo
3430 3619 3528 3658 cu-

1936 3700 2143 3754 stodire
2190 3706 2405 3769 oportet
2457 3712 2931 3769 unumquemque,
2990 3712 3110 3768 quas
3159 3698 3528 3755 communiter

1935 3791 2187 3846 omnibus
2210 3788 2387 3844 facere
2409 3789 2524 3844 sive
2545 3804 2644 3859 pro
2670 3788 3040 3855 tribulatione,
3064 3789 3181 3845 sive
3197 3802 3300 3859 pro
3324 3787 3527 3858 gratia-

1933 3899 2055 3937 rum
2097 3882 2313 3937 actione
2360 3879 2614 3951 proprius
2655 3879 2913 3936 Ecclesiae
2949 3881 3172 3935 mandat
3211 3880 3524 3950 episcopus,

1933 3976 2059 4046 quia
2090 3976 2184 4045 qui
2206 3974 2501 4030 constituta
2531 3980 2694 4043 atque
2720 3972 3042 4028 demandata
3064 3970 3271 4043 ieiunia
3300 3984 3523 4027 servare

1931 4065 2230 4139 neglexerit
2276 4073 2486 4135 peccat,
2525 4064 2616 4135 qui
2647 4071 2826 4119 autem
2854 4064 3084 4134 expletis
3122 4064 3381 4136 legitimis
3404 4063 3522 4135 pri-

1930 4168 2057 4214 vata
2098 4173 2262 4228 super
2295 4157 2645 4229 expenderit,
2680 4157 2955 4227 propriam
3000 4156 3307 4213 mercedem
3352 4154 3523 4212 habe-

1928 4253 2027 4307 bit.
2062 4251 2197 4307 Nam
2227 4252 2482 4323 leguntur
2523 4250 2690 4321 aliqui
2740 4258 3052 4306 sanctorum
3085 4265 3184 4321 per
3226 4250 3517 4316 biduanas,

1930 4343 2043 4399 sive
2071 4359 2170 4413 per
2201 4343 2504 4409 triduanas,
2541 4343 2657 4398 sive
2683 4343 2846 4397 etiam
2876 4357 2975 4412 per
3014 4350 3184 4397 totam
3225 4340 3521 4397 hebdoma-

1928 4436 2052 4492 dam
2076 4433 2343 4504 iciunium
2371 4435 2695 4500 extendere;
2726 4434 2971 4505 plerique
3005 4434 3151 4504 quod
3201 4447 3301 4488 nec
3327 4432 3514 4487 vinum
3566 4504 3592 4515 η

1926 4543 2028 4582 nec
2068 4528 2299 4582 siceram
2340 4527 2615 4592 biberunt,
2664 4539 2765 4581 nec
2813 4526 3017 4597 aliquid
3065 4525 3520 4580 manducaverint
3568 4547 3587 4597 ξ

1926 4631 2126 4692 prteter
2146 4636 2344 4692 panem
2390 4620 2596 4674 siccum
2642 4628 2697 4674 et
2723 4619 2900 4684 olera;
2950 4619 3043 4672 alii
3070 4617 3216 4687 quod
3268 4617 3338 4671 ab
3365 4615 3517 4671 omni
3578 4616 3585 4621 “

1926 4727 2091 4767 carne
2114 4726 2171 4766 se
2197 4710 2581 4774 abstinuerint,
2614 4709 2705 4763 alii
2733 4710 2878 4779 quod
2906 4709 2961 4763 in
2996 4716 3209 4763 tantum
3241 4722 3303 4764 se
3347 4707 3518 4762 abstiz-

1924 4803 2165 4868 nuerint,
2202 4802 2344 4872 quod
2374 4817 2475 4856 nec
2498 4816 2637 4871 pane
2669 4802 2723 4855 in
2750 4802 2872 4857 cibo
2898 4803 2982 4857 usi
3010 4808 3159 4867 sunt,
3202 4800 3299 4856 sed
3326 4800 3516 4872 paucis

1923 4892 2119 4949 caricis
2139 4905 2339 4961 corpus
2369 4906 2524 4946 suum
2560 4893 3005 4947 sustentaverint.
3037 4892 3106 4946 Et
3145 4890 3250 4945 alia
3277 4889 3512 4960 plurima

1925 4992 2054 5039 sunt
2079 4997 2279 5055 genera
2310 4983 2672 5050 abstinentia,
2706 4985 2805 5041 sed
2834 4992 2961 5040 ante
2987 4983 3168 5038 omnia
3198 4995 3394 5038 cavere
3419 4981 3515 5036 de-

1923 5076 2017 5131 bet
2038 5075 2130 5146 qui
2169 5088 2229 5129 se
2275 5072 2549 5129 abstinere
2586 5074 2699 5130 vult
2753 5076 2822 5130 ab
2864 5074 3044 5146 aliquo
3086 5074 3210 5130 cibo
3232 5072 3319 5129 vel
3356 5079 3511 5144 potu,

1917 5183 1987 5223 ne
2014 5183 2167 5223 mens
2181 5164 2298 5235 ejus
2318 5168 2529 5222 occulta
2553 5167 2881 5238 cogitatione
2901 5166 3193 5237 polluatur,
3216 5165 3293 5220 ita
3323 5172 3385 5219 ut
3408 5164 3511 5219 ali-

1917 5273 2081 5329 quam
2128 5267 2438 5314 creaturam
2493 5258 2589 5315 Dei
2633 5259 2853 5314 damnet
2898 5257 3188 5327 iudiciaria
3238 5258 3503 5329 supersti-

1918 5354 2063 5408 tione
2092 5353 2372 5419 seductus,
2402 5353 2588 5408 dicens
2622 5353 2727 5407 hoc
2752 5351 2940 5418 licere,
2981 5350 3112 5407 illud
3142 5358 3328 5407 autem
3354 5366 3501 5418 non;

1915 5446 2020 5502 hoc
2045 5446 2326 5511 mundum,
2360 5445 2492 5500 illud
2539 5453 2718 5499 autem
2749 5443 3086 5499 immundum
3117 5458 3241 5501 esse
3279 5445 3501 5517 cogitet.

1918 5539 2090 5607 Quem
2116 5535 2277 5606 huius
2306 5537 2494 5591 mundi
2544 5535 2800 5605 cogitatio
2822 5534 3019 5605 pulsat,
3052 5536 3234 5593 videat
3271 5536 3506 5608 Aposto-

1916 5630 2028 5685 lum
2053 5630 2254 5685 dixisse
2282 5649 2294 5683 :
2325 5628 2508 5684 Omnis
2548 5636 2790 5682 creatura
2820 5627 2917 5682 Dei
2943 5630 3141 5685 munda
3164 5639 3261 5697 est,
3285 5640 3335 5685 et
3370 5629 3503 5686 nihil

1918 5721 2259 5793 rejiciendum
2295 5721 2434 5792 quod
2463 5736 2582 5775 cum
2610 5721 2904 5790 gratiarum
2950 5724 3155 5778 actione
3189 5723 3495 5794 percipitur,

1917 5825 1965 5870 et
1994 5814 2193 5869 malum
2215 5825 2292 5869 est
2322 5814 2522 5868 homini
2545 5814 2635 5883 qui
2673 5830 2767 5883 per
2794 5814 3172 5883 oﬂ‘endiculum
3211 5813 3498 5869 manducet

1917 5908 1972 5981 (Ι
2006 5907 2140 5964 Tim.
2172 5925 2258 5975 tv;
2282 5908 2433 5963 Rom.
2460 5909 2593 5979 xiv).
