3970 6454
1010 558 1238 619 CAPUT
1268 552 1459 613 XXVI.

723 658 803 715 De
821 653 1019 726 origine
1045 650 1288 709 biduum
1320 646 1426 703 sive
1448 642 1731 697 triduaiue.

515 778 817 837 Biduanum
866 778 1046 827 autem
1094 780 1301 823 morem
1320 760 1514 832 ieiunii
1557 771 1685 813 reor
1724 753 1850 809 inde
1879 765 2025 807 sum-

437 883 612 945 ptum,
650 867 792 939 quod
820 862 1045 935 apostoli
1077 858 1459 930 jejunaverunt
1480 850 1571 905 illo
1594 847 1759 902 biduo
1784 859 1898 945 quo
1920 841 2026 945 bo-

438 934 618 1021 iuinus
647 934 840 1032 passus
858 934 934 1011 ac
981 952 1222 1023 sepultus
1263 955 1366 1002 est.
1407 940 1697 998 Triduanis
1718 952 1850 1008 ergo
1878 934 2023 1004 jejud

438 1071 569 1112 nare
596 1029 665 1109 ab
691 1049 940 1120 exemplo
969 1047 1189 1101 ductum
1217 1049 1300 1096 est
1338 1037 1721 1099 Ninivitarum,
1753 1030 1844 1101 qui
1872 1029 2026 1083 dam-

437 1149 580 1205 natis
604 1145 851 1218 pristinis
880 1141 1025 1196 vitiis
1051 1146 1194 1193 totos
1221 1150 1280 1189 se
1306 1132 1479 1187 tribus
1513 1129 1700 1184 diebus
1726 1123 1928 1196 jejunio
1959 1135 2022 1175 ac

435 1214 767 1317 poenitentia:
795 1234 1159 1293 contulerunt.
1204 1228 1311 1284 Sed
1343 1225 1485 1281 illius
1520 1218 1857 1278 solummodo
1881 1214 2024 1285 jeju-

439 1310 586 1390 nium
616 1334 725 1388 Deo
754 1324 1084 1398 acccptablle
1124 1330 1229 1387 est,
1262 1319 1353 1390 qui
1375 1319 1453 1373 sic
1472 1315 1680 1386 jejunat
1707 1330 1736 1366 a
1781 1310 1936 1374 cibis,
1965 1318 2025 1362 nt

441 1424 711 1478 abstineat
737 1437 768 1475 a
797 1417 1053 1490 peccatis,
1079 1422 1333 1469 cmterum
1370 1410 1461 1479 qui
1490 1417 1677 1461 ventre
1706 1412 1913 1459 tantum
1937 1399 2021 1469 je-

438 1517 615 1588 junat,
668 1511 1012 1581 reprobatnm
1055 1505 1162 1560 erit
1214 1502 1327 1571 ejus
1362 1499 1626 1570 jejunium
1661 1511 1846 1551 coram
1888 1494 2021 1557 Deo,

441 1583 532 1674 qui
564 1602 700 1658 dixit
720 1617 818 1673 per
840 1598 1159 1671 prophetam
1189 1614 1201 1648 :
1228 1593 1363 1647 Ecce
1378 1593 1432 1645 in
1456 1590 1635 1643 diebus
1652 1587 1845 1659 jejunii
1868 1583 2024 1639 vestri

443 1695 732 1748 invenietur
759 1691 998 1747 voluntas
1025 1697 1214 1753 vestra,
1244 1696 1292 1741 et
1337 1701 1509 1739 omnes
1539 1681 1794 1736 debitores
1828 1686 2025 1732 vestros

439 1786 686 1855 repetitis.
728 1782 864 1848 Ecce
906 1783 974 1835 ad
1018 1781 1135 1834 lites
1183 1788 1231 1833 et
1279 1777 1633 1831 contentiones
1657 1773 1935 1844 jejunatis,
1975 1779 2024 1823 et

437 1876 701 1948 percutitis
731 1893 904 1947 pugno
930 1874 1103 1944 impie.
1152 1870 1331 1926 Nolite
1349 1870 1596 1940 jejunare
1640 1868 1715 1920 sic
1761 1882 1921 1937 usque
1950 1863 2022 1917 ad

435 1967 570 2021 hanc
614 1968 790 2033 diem,
841 1974 896 2020 ut
949 1965 1203 2018 audiatur
1244 1964 1300 2017 in
1343 1961 1559 2015 excelsis
1615 1956 1813 2012 clamor
1839 1966 2021 2010 vester.

440 2061 698 2134 Nunquid
727 2060 832 2115 tale
865 2069 939 2114 est
961 2058 1229 2130 jejunium
1264 2056 1402 2127 quod
1424 2052 1573 2123 elegi,
1606 2068 1695 2122 per
1722 2051 1859 2104 diem
1890 2049 2023 2120 σηιξ-

437 2169 554 2224 gere
583 2152 843 2207 hominem
873 2151 1106 2204 animam
1139 2164 1289 2201 suam
1321 2144 1456 2217 (lsa.
1493 2143 1666 2213 Lvnt).
1689 2142 1757 2197 Et
1791 2142 2021 2196 deinde:

443 2244 632 2298 Nonne
656 2243 751 2300 hoc
780 2250 856 2296 est
896 2242 1064 2311 magis
1102 2239 1367 2310 jejunium
1400 2235 1538 2307 quod
1583 2233 1752 2304 elegi?
1790 2231 2026 2285 Dissolve

437 2334 796 2405 colligatiqzes
822 2332 1129 2404 impietatis,
1168 2329 1306 2385 solve
1340 2326 1621 2399 fasciculos
1658 2326 2022 2397 deprimentes,

437 2428 639 2481 dimitte
665 2443 751 2481 eos
793 2426 883 2498 qui
911 2424 1170 2494 confracti
1216 2431 1338 2476 sunt
1379 2420 1589 2486 liberos,
1632 2426 1681 2473 et
1713 2434 1864 2472 omne
1893 2433 2025 2472 onus

439 2520 724 2591 disrumpe.
773 2517 984 2589 Frange
1013 2516 1263 2571 esurienti
1310 2529 1503 2586 panem
1541 2522 1709 2577 tuum,
1749 2521 1798 2565 et
1840 2527 2025 2582 egenos

440 2628 694 2685 vagosque
721 2612 879 2666 induc
899 2611 956 2665 in
984 2610 1198 2665 domum
1222 2620 1388 2662 tuam.
1418 2608 1549 2662 Cum
1590 2602 1778 2661 videris
1802 2606 2022 2669 nudum,

439 2707 581 2779 operi
609 2723 750 2772 eum,
784 2715 832 2761 et
860 2721 1071 2761 carnem
1097 2714 1243 2758 tuam
1270 2719 1332 2758 ne
1352 2702 1668 2773 despexeris,
1704 2709 1826 2754 tunc
1844 2716 2023 2753 erum-

436 2806 518 2866 pet
562 2798 715 2868 quasi
753 2813 906 2851 mane
956 2794 1134 2850 lumen
1181 2802 1351 2850 tuum.
1395 2801 1446 2848 et
1497 2792 1700 2847 sanitas
1739 2800 1830 2845 tua
1871 2789 2024 2844 citius

438 2887 655 2954 orietur,
683 2896 788 2944 etc.
806 2886 857 2960 (1
863 2885 996 2960 bid.)

1006 2978 1237 3035 CAPUT
1272 2976 1492 3034 XXVII.

754 3092 833 3149 De
854 3109 947 3147 esu
972 3092 1214 3147 carnium
1246 3094 1302 3146 et'
1329 3090 1538 3162 potione
1557 3089 1684 3144 vini.

505 3205 717 3271 Games
734 3215 914 3273 autem
943 3215 1002 3264 et
1021 3207 1210 3271 vinum
1247 3214 1374 3278 post
1400 3204 1662 3265 diluvium
1692 3210 1817 3263 sunt
1846 3201 2025 3261 homi-

434 3302 599 3367 uibus
633 3300 691 3361 in
735 3315 895 3365 usum
921 3313 1206 3364 concessa,
1255 3313 1385 3355 nam
1420 3298 1475 3357 in
1516 3296 1673 3356 initio
1701 3296 2027 3366 permissum
2057 3292 2103 3358 C

434 3411 545 3457 non
575 3393 775 3461 fuerat,
812 3393 919 3451 nisi
952 3400 1163 3454 tantum
1199 3390 1353 3456 illud,
1384 3400 1444 3450 ut
1482 3390 1744 3460 scriptum
1783 3397 1867 3445 est
1897 3408 1909 3444 :
1940 3388 2031 3447 Li-

433 3501 594 3557 gnum
623 3483 958 3555 fructiferum
1001 3493 1050 3539 et
1086 3482 1303 3539 herbam
1338 3479 1698 3536 seminabitem
1734 3479 1855 3535 dedi
1889 3479 2029 3535 vobis

434 3578 490 3633 in
527 3592 723 3637 escam.
767 3574 964 3639 Postea
1008 3590 1137 3635 vero
1165 3588 1263 3646 per
1303 3572 1418 3628 Noe
1455 3572 1577 3631 data
1629 3579 1755 3631 sunt
1781 3571 1834 3629 in
1877 3585 2033 3631 esum

438 3676 636 3727 cuncta
665 3667 947 3735 animalia,
977 3668 1199 3741 vinique
1243 3667 1504 3727 attributa
1530 3666 1749 3723 licentia
1777 3674 1881 3719 est.
1925 3664 2033 3721 Sed

435 3771 726 3834 postquam
752 3760 1006 3823 Christus
1031 3760 1147 3833 (qui
1193 3769 1276 3821 est
1303 3759 1630 3830 principium
1675 3767 1729 3815 et
1756 3756 1902 3827 ﬁnis)
1940 3771 2035 3827 ap-

433 3854 638 3926 paruit,
668 3855 772 3915 boc
803 3853 949 3925 quod
988 3852 1045 3911 in
1086 3850 1353 3924 principio
1381 3850 1757 3925 suspenderat,
1787 3848 1949 3903 etiam
1982 3845 2035 3901 in

439 3953 743 4015 temporum
805 3945 912 4001 line
966 3945 1225 4011 retraxit,
1288 3943 1515 4013 loquens
1564 3958 1662 4015 per
1714 3939 2034 4012 Apostolutn

439 4053 597 4099 suum
630 4035 876 4099 :Bonum
896 4046 971 4092 est
999 4053 1103 4091 non
1139 4035 1459 4091 manducare
1486 4049 1720 4097 carnem,
1753 4042 1799 4086 et
1830 4047 1934 4093 non
1959 4031 2037 4091 bi-

440 4133 559 4189 bere
584 4130 762 4191 uinum
785 4129 963 4200 (Rom.
992 4130 1127 4200 xxv).
1159 4131 1228 4187 Et
1254 4131 1452 4193 iterum
1479 4148 1491 4183 :
1520 4128 1625 4196 Qui
1662 4128 1906 4198 inﬁrmus
1936 4137 2033 4192 est,

441 4221 588 4287 olera
629 4222 907 4285 manducet
936 4221 1148 4295 (Ibid.).
1180 4220 1299 4281 Non
1331 4237 1460 4293 ergo
1489 4222 1616 4292 quia
1654 4236 1852 4276 carnes
1882 4218 2038 4274 malm

442 4325 573 4378 sunt
597 4316 719 4379 ideo
739 4316 1120 4386 prohibentur,
1149 4315 1244 4375 sed
1269 4315 1397 4385 quia
1427 4330 1614 4374 carum
1644 4313 1815 4385 epulas
1851 4312 2037 4373 carnis

441 4407 712 4469 luxuriam
741 4408 985 4480 gignunt.
1018 4408 1213 4467 Fomes
1240 4408 1386 4471 enim
1427 4422 1491 4465 ac
1522 4408 1911 4467 nutrimentum
1954 4412 2039 4462 est

442 4498 686 4561 omnium
727 4498 1004 4559 vitiorum.
1046 4497 1185 4561 Esca
1217 4498 1379 4553 uentri
1413 4508 1461 4554 et
1493 4506 1665 4552 uenter
1695 4496 1846 4562 escis,
1896 4494 2037 4555 Deus

446 4599 623 4651 autem
645 4588 727 4662 (ut
759 4589 1020 4661 scriptum
1050 4587 1156 4660 est)
1196 4598 1242 4644 et
1265 4588 1405 4649 hunc
1426 4596 1474 4645 et
1499 4588 1636 4643 hanc
1662 4586 1913 4643 destruet.
1954 4586 2039 4645 Pi-

447 4697 595 4739 scem
636 4698 768 4743 sane
798 4682 948 4755 (quia
996 4658 1281 4753 eumpost
1328 4680 1781 4739 resurrectionem
1829 4678 2039 4755 accepit
2068 4658 2117 4718 Ῑ)

445 4774 732 4846 Dominus)
761 4789 1049 4844 possumus
1083 4774 1429 4829 manducare.
1472 4773 1585 4827 Hoc
1618 4771 1764 4827 enim
1800 4786 1900 4831 nec
1930 4770 2050 4827 Sal-

447 4873 607 4925 vator
645 4879 747 4925 nec
785 4865 1015 4935 apostoli
1040 4872 1348 4929 vetuerunt.
1395 4864 1591 4925 Avium
1637 4875 1852 4933 quoque
1893 4877 2049 4919 csum

449 4965 618 5022 credo
653 4963 781 5021 inde
804 4978 833 5021 a
864 4963 1113 5033 patribus
1156 4964 1483 5033 permissum
1509 4979 1654 5029 esse,
1698 4978 1765 5018 eo
1793 4961 1936 5031 quod
1976 4974 2047 5014 ex

445 5059 639 5119 eodem
664 5056 932 5115 elemento
961 5056 1029 5115 de
1052 5070 1161 5124 quo
1190 5065 1244 5112 et
1272 5056 1450 5127 pisces
1479 5063 1678 5111 creatis
1720 5063 1864 5111 sunt.
1904 5053 2042 5116 Nam

447 5150 506 5204 in
532 5149 720 5221 regula
749 5149 1140 5207 monachorum
1188 5163 1297 5203 non
1327 5147 1634 5208 invenimus
1660 5145 1888 5205 aliarum
1916 5159 2038 5201 car-

447 5242 602 5297 nium
629 5252 784 5301 esum
828 5240 911 5301 eis
956 5241 1355 5305 contradicitis:
1399 5254 1542 5305 esse,
1586 5239 1693 5299 nisi
1736 5238 2043 5309 qlléidl’llper

450 5332 619 5390 dium.

1125 5422 1362 5485 Additio.

527 5536 658 5596 Sola
688 5538 1057 5611 quadrupedis
1101 5554 1209 5595 non
1238 5537 1477 5594 volatilia
1503 5539 1784 5596 monachis
1812 5539 2039 5595 interdi.

449 5640 559 5689 cta.
590 5631 708 5690 Hoc
736 5641 918 5689 autem
966 5641 1212 5703 tempore
1245 5632 1327 5686 Pii
1371 5632 1628 5687 Ludovici
1677 5634 1755 5689 sic
1785 5634 2039 5688 immuta-

450 5734 571 5784 tum
608 5741 730 5784 esse
760 5727 976 5795 dicitur,
1018 5735 1081 5782 ut
1119 5728 1173 5781 in
1199 5728 1345 5783 omni
1384 5742 1569 5782 eorum
1605 5729 1881 5798 pulmento
1913 5744 2039 5782 sun-

376 5809 383 5821 “
447 5819 615 5893 ςυίιιθ
655 5820 733 5875 uti
764 5820 943 5886 liceat,
970 5832 1192 5892 propter
1217 5822 1437 5877 nimiam
1466 5828 1522 5877 et
1567 5821 1687 5874 aliis
1725 5822 2040 5877 damnosam

447 5916 916 5989 consummionem
946 5915 1244 5972 volatilinm
1272 5931 1434 5987 quam
1472 5913 1763 5969 faciebant.

1093 450 1154 504 Β.
1195 442 1451 503 ΗΔΒΑΝΙ
1491 435 1708 495 MAURI
1747 426 2067 491 ARCHIEP.
2110 423 2421 485 MOGUN'I‘.
2463 420 2749 487 OPEBUH
2786 421 2969 481 PARS
3006 421 3046 477 l.

2052 539 2107 609 Δ

2638 575 2641 583 ι
2664 533 2892 593 CAPUT
2941 534 3036 593 XX
3046 534 3173 593 Vill.

2463 628 2540 686 De
2573 628 3020 701 eiecmosynarum
3051 630 3106 682 di
3109 621 3368 699 ferentia.

2199 721 2555 795 Eloemosyna
2582 737 2745 794 ergo,
2802 722 3111 797 ἐλεημοσύνη
3130 761 3145 787 ,
3191 720 3444 779 Graecum
3482 723 3727 781 vocabo.

2126 813 2268 879 lum,
2304 814 2496 869 Latine
2539 815 2930 885 interpretatur
2968 829 3104 886 opus
3123 814 3550 881 misericordiae,
3574 815 3722 885 inde,

2125 912 2189 959 ut
2215 922 2339 960 reor
2359 906 2527 972 dicta,
2558 907 2702 976 quod
2735 907 2953 967 miseria
2986 906 3235 967 humanae
3263 905 3604 961 inﬁrmitatis
3628 922 3725 962 cor

2125 997 2240 1052 sive
2263 998 2501 1052 animum
2534 998 2727 1069 pulset.
2759 997 2866 1057 Sed
2886 999 3002 1055 lucc
3040 998 3183 1071 apud
3220 998 3493 1064 homines,
3526 997 3727 1067 quibus

2125 1090 2261 1147 varii
2295 1090 2476 1147 animo
2505 1090 2755 1149 accidunt
2778 1088 3036 1156 allectus;
3064 1098 3319 1144 cmterum
3347 1089 3494 1160 apud
3526 1089 3723 1156 Deum,

2125 1180 2219 1252 qui
2236 1183 2532 1239 secundum
2564 1190 2813 1239 naturam
2839 1197 3052 1253 semper
3075 1191 3159 1237 est
3179 1182 3448 1252 benignus
3469 1190 3527 1236 et
3556 1181 3724 1236 mise-

2126 1271 2321 1339 ricors,
2353 1287 2458 1325 non
2505 1280 2589 1327 est
2628 1270 2996 1340 hujuscemodi
3028 1271 3296 1327 credenda
3349 1270 3593 1327 all‘ectio.
3626 1271 3728 1327 Ne-

2126 1377 2231 1432 que
2260 1363 2405 1423 cnim
2460 1362 2831 1433 temporaliter
2866 1362 2974 1423 illic
3004 1363 3211 1434 aliquid
3261 1363 3518 1421 accidere
3562 1364 3724 1431 valet,

2126 1457 2218 1511 ubi
2240 1456 2516 1515 aeternitas
2542 1456 2657 1512 sine
2686 1456 2791 1513 ulla
2817 1456 2899 1512 sui
2931 1456 3228 1513 mutatione
3252 1454 3361 1513 ﬁxa
3391 1464 3605 1519 manet,
3630 1456 3725 1513 sed

2126 1566 2251 1609 cum
2283 1550 2479 1611 dicitur
2512 1548 2842 1614 misericors,
2882 1548 3107 1619 intelligi
3158 1547 3319 1604 debet
3357 1562 3482 1602 esse
3518 1547 3647 1618 pius
3677 1555 3731 1603 et

2128 1641 2387 1707 clemens,
2417 1658 2540 1715 quae
2570 1643 2743 1713 magis
2769 1641 2987 1697 nomina
3011 1639 3399 1713 proprietatem
3428 1640 3607 1710 ipsius
3633 1655 3730 1694 na—

2128 1744 2264 1793 turae
2312 1736 2564 1790 videntur
2610 1734 2914 1797 ostendere.
2967 1732 3107 1791 Sunt
3154 1740 3209 1789 et
3251 1731 3730 1804 eleemosynarum

2130 1829 2339 1900 species
2360 1827 2626 1899 plurimae,
2658 1841 2969 1901 quanquam
2996 1825 3050 1883 in
3073 1823 3571 1894 dispensationibus
3594 1838 3727 1893 pan—

2054 1918 2101 1979 B
2129 1934 2321 1993 perum
2351 1922 2453 1975 hoc
2503 1917 2824 1975 vocabulum
2852 1917 3072 1987 quidam
3108 1915 3297 1972 haberi
3346 1915 3553 1973 debere
3584 1915 3729 1971 arbi-

2136 2020 2366 2073 trentur.
2401 2012 2815 2085 Eleemosynam
2853 2010 3008 2076 facit,
3037 2009 3128 2079 qui
3158 2017 3480 2085 peccantem
3520 2017 3580 2063 et
3609 2023 3735 2079 pra-

2132 2108 2216 2167 vis
2243 2107 2498 2177 operibus
2538 2106 2880 2167 insistentcm
2926 2104 3108 2181 aliquo
3143 2104 3321 2169 modo,
3354 2103 3474 2159 sive
3510 2117 3613 2173 per
3639 2102 3734 2157 ad-

2133 2202 2507 2267 monitionem,
2538 2200 2652 2259 sive
2674 2214 2772 2270 per
2800 2197 3139 2273 disciplinam
3166 2195 3410 2265 corrigit.
3444 2194 3557 2253 Nec
3586 2193 3735 2248 enim

2133 2296 2250 2354 sine
2288 2291 2660 2355 misericordia
2701 2305 2822 2349 esse
2852 2289 3151 2349 credendus
3177 2295 3279 2354 est,
3310 2286 3406 2359 qui
3456 2285 3735 2361 regulari-

2136 2397 2239 2454 ter,
2271 2389 2384 2445 sive
2410 2403 2507 2459 per
2543 2383 3185 2451 excommunicatiouem,
3215 2397 3311 2439 seu
3341 2396 3443 2459 per
3474 2381 3735 2448 verbera,

2134 2482 2410 2537 hominem
2442 2495 2473 2534 a
2513 2479 2755 2549 peccatis
2790 2485 2846 2539 et
2876 2477 3024 2535 vitiis
3052 2490 3309 2535 ouercam
3358 2473 3569 2547 studet,
3598 2474 3732 2546 quia

2133 2591 2240 2631 non
2271 2575 2567 2631 secundum
2595 2570 2711 2641 ejus
2741 2570 3094 2643 voluntatem,
3123 2570 3216 2627 sed
3262 2567 3566 2623 secundum
3594 2565 3739 2619 utili-

2136 2680 2301 2729 tatem
2328 2672 2496 2747 ipsius
2533 2668 2845 2729 miseretur.
2889 2665 3300 2735 Eleemosynam
3334 2661 3484 2729 facit,
3510 2660 3605 2733 qui
3648 2674 3740 2713 cr-

2134 2772 2342 2820 rantem
2376 2762 2431 2823 in
2459 2762 2605 2821 viam
2652 2758 2898 2817 veritatis
2927 2756 3163 2817 deducit.
3206 2754 3626 2824 Eleemosynam
3654 2749 3741 2804 fa—

2135 2856 2229 2919 cit,
2259 2854 2353 2925 qui
2398 2854 2675 2915 indoctum
2712 2850 2892 2915 docet.
2934 2849 3031 2919 qui
3068 2848 3296 2912 verbum
3337 2844 3435 2909 Dei
3463 2842 3742 2921 proximis

2135 2948 2252 3006 suis
2283 2945 2563 3018 praedicat.
2596 2943 3013 3014 Eleemosynam
3040 2940 3192 3005 facit,
3233 2938 3327 3017 qui
3354 2938 3501 3000 bona
3524 2947 3743 3008 tempo-

2135 3040 2271 3099 ralia
2306 3054 2431 3099 cum
2474 3036 2739 3099 fratribus
2768 3034 2905 3101 suis,
2954 3031 3009 3091 id
3041 3040 3144 3095 est.
3176 3030 3389 3095 emeris
3418 3028 3745 3089 hominibus

2133 3131 2464 3205 participare
2497 3144 2604 3189 non
2631 3127 2849 3191 desiuit.
2880 3124 3292 3197 Eleemosypam
3337 3121 3494 3187 iacit,
3522 3123 3623 3193 qui
3666 3124 3746 3179 vir

2136 3236 2286 3287 ctum
2324 3234 2376 3285 et
2416 3223 2673 3281 vestitum
2710 3219 3078 3290 indigentibus
3105 3217 3331 3287 praebet,
3355 3216 3447 3287 qui
3494 3216 3746 3286 hospitio

2134 3318 2379 3389 suscipit,
2418 3316 2513 3387 qui
2545 3313 2792 3376 inﬁrmos
2835 3312 3042 3377 visitat,
3074 3309 3167 3379 qui
3210 3308 3264 3367 in
3310 3322 3535 3371 carcere
3570 3316 3639 3366 et
3688 3307 3745 3361 in

2134 3413 2574 3473 tribulationibus
2608 3407 2940 3473 constitutis,
2989 3405 3058 3461 de
3098 3405 3256 3463 bouis
3302 3404 3417 3459 suis
3460 3401 3746 3459 submini-

2134 3516 2288 3572 strat,
2316 3508 2407 3576 qui
2429 3506 2496 3561 ad
2519 3511 2748 3561 mortem
2770 3508 2827 3558 et
2847 3498 2917 3555 ad
2933 3497 3196 3569 supplicia
3216 3497 3519 3557 destinatos
3538 3508 3746 3556 eruere

2134 3616 2242 3655 non
2280 3605 2477 3654 cessat.
2513 3594 2709 3651 Omnia
2743 3592 2893 3649 enim
2922 3591 3064 3649 bona
3093 3606 3214 3661 qua:
3256 3589 3313 3647 in
3344 3589 3447 3646 bac
3472 3587 3745 3657 [imbuti

2134 3695 2246 3749 vita
2284 3691 2467 3761 justus
2506 3689 2733 3760 quisque
2762 3692 3027 3756 operatur
3054 3684 3157 3739 hoc
3195 3696 3302 3738 uno
3332 3681 3551 3741 nomine
3578 3695 3744 3735 com-

2135 3784 2398 3859 prehendi
2422 3788 2667 3854 possunt,
2704 3792 2804 3843 nec
2834 3777 3009 3834 solum
3040 3776 3229 3845 utique
3257 3775 3313 3833 in
3342 3773 3461 3829 aliis
3492 3772 3740 3828 homini-

2134 3881 2257 3943 bus,
2284 3878 2378 3933 sed
2407 3877 2572 3931 etiam
2603 3875 2656 3929 in
2698 3871 3106 3941 nobismetipsis
3132 3870 3505 3940 eleemosyoas
3546 3867 3746 3925 facere

2135 3984 2445 4042 possumus,
2486 3967 2625 4022 sicut
2670 3966 2932 4035 scriptum
2964 3972 3086 4018 est:
3115 3961 3364 4023 Miserere
3401 3962 3593 4016 anima:
3626 3970 3747 4016 tua

2135 4064 2347 4136 placens
2394 4061 2504 4116 Deo
2529 4057 2719 4132 (Eccti.
2759 4056 2912 4129 xxx).
2945 4055 3082 4111 Cum
3109 4070 3242 4127 emo
3267 4070 3365 4110 nos
3411 4069 3443 4109 ι
3485 4053 3747 4123 peccatis

2140 4160 2208 4214 ad
2226 4159 2365 4213 bona
2393 4169 2559 4225 opera
2584 4152 2976 4215 convertimus,
3008 4164 3037 4202 a
3071 4148 3324 4218 superbia
3353 4145 3424 4201 ad
3452 4143 3748 4203 humilita-

2140 4258 2270 4315 tem,
2298 4265 2328 4303 a
2365 4246 2579 4302 luxnria
2617 4245 2685 4301 ad
2722 4241 3136 4306 continentiam,
3166 4256 3197 4295 a
3224 4239 3396 4294 livore
3437 4244 3493 4291 et
3521 4236 3743 4293 invidia

2139 4350 2206 4406 ad
2242 4349 2560 4404 charitatem
2582 4352 2639 4400 et
2663 4343 3026 4406 dilectionem,
3058 4341 3126 4395 ab
3152 4339 3232 4393 ira
3259 4345 3313 4391 et
3342 4334 3751 4404 disceptatione

2140 4442 2206 4496 ad
2230 4437 2704 4495 mansuetudinem
2733 4442 2789 4490 et
2820 4430 3163 4504 patientiam,
3194 4443 3225 4483 a
3264 4427 3387 4499 gula
3430 4425 3494 4480 ad
3528 4425 3750 4480 sobrio-

2139 4543 2331 4599 tatem,
2356 4533 2423 4587 ab
2452 4530 2680 4585 avaritia
2704 4528 2775 4583 ad
2800 4526 3126 4598 largitatem,
3156 4538 3186 4577 a
3229 4520 3449 4577 tristitia
3480 4519 3747 4575 πουὴή

2144 4628 2212 4681 ad
2258 4621 2598 4697 spiritualem
2642 4619 2911 4683 lmtitinm,
2962 4617 3031 4670 ab
3081 4611 3287 4669 accidia
3323 4609 3611 4680 temporali
3669 4609 3743 4665 ad

2146 4716 2380 4772 studium
2408 4714 2631 4777 bonum,
2658 4711 2787 4781 quid
2817 4708 2963 4763 aliud
2989 4705 3220 4762 facimus
3248 4719 3410 4774 quam
3436 4702 3748 4775 διεδωρεῖ-

2145 4825 2244 4865 nas
2278 4809 2333 4862 in
2358 4805 2721 4875 nosmetipsos
2747 4801 3133 4873 impendimus,
3167 4812 3290 4854 cum
3319 4795 3609 4851 nostr-inet
3631 4796 3747 4849 mi-

2146 4914 2428 4965 seremur,
2476 4913 2546 4953 ne
2582 4912 2701 4968 per
2734 4892 3160 4951 inobedientiam
3215 4888 3594 4946 mandatorum
3641 4887 3746 4943 Dei

2149 4992 2430 5063 suppliciis
2467 4989 2686 5045 aeternis
2720 4986 3081 5058 deputamur?
3131 4983 3273 5050 Quid
3312 4981 3450 5036 enim
3486 4978 3588 5050 (ait
3624 4979 3750 5049 ipse

2151 5083 2424 5155 Salvator)
2446 5082 2681 5156 proderit
2714 5080 2914 5134 homini
2946 5079 2993 5133 si
3032 5078 3331 5133 universum
3360 5071 3615 5128 mundatus
3660 5071 3750 5124 lu-

2150 5186 2344 5242 cretur,
2373 5174 2565 5229 animm
2598 5188 2719 5227 vero
2759 5188 2872 5225 sum
2924 5171 3292 5224 detrimentum
3331 5165 3608 5238 patiatur?
3647 5174 3747 5219 aut

2149 5287 2307 5344 quam
2331 5268 2789 5325 commutationem
2814 5264 2959 5320 dabit
2981 5264 3135 5318 homo
3156 5274 3251 5331 pro
3272 5262 3451 5315 uim
3476 5275 3577 5314 sua
3592 5259 3742 5312 ?etc.

2151 5364 2343 5437 (Mare.
2372 5362 2517 5434 vni.)
2544 5360 2691 5417 Bene
2710 5374 2841 5431 ergo
2864 5364 2919 5412 et
2945 5356 3196 5418 ordinate
3219 5361 3396 5408 artem
3426 5352 3747 5407 misericor.

2153 5457 2251 5513 diae
2278 5462 2517 5520 exercet,
2547 5453 2641 5522 qui
2686 5451 2923 5523 primum
2973 5446 3323 5517 semetipsum
3358 5444 3517 5500 bonis
3555 5443 3743 5513 θνα-ἰς-

2145 5548 2248 5604 bus
2291 5556 2347 5603 et
2395 5553 2582 5601 sancta
2611 5541 3028 5600 conversatione
3054 5554 3120 5595 ac
3172 5539 3433 5593 virtutum
3475 5536 3746 5591 fructibus

2146 5654 2307 5710 cgere
2331 5652 2438 5692 non
2471 5636 2617 5701 sinit,
2651 5642 2706 5693 et
2730 5633 2926 5689 deinde
2956 5632 3011 5687 in
3046 5643 3369 5702 quocunque
3398 5636 3599 5699 potest,
3627 5628 3745 5683 sive

2150 5732 2203 5786 in
2233 5728 2605 5799 spiritualibus
2635 5727 2818 5791 rebus,
2865 5725 2980 5780 sive
3015 5724 3069 5778 in
3110 5720 3506 5794 corporalibus,
3550 5718 3742 5790 proxi-

2150 5842 2268 5882 mos
2294 5839 2421 5881 suos
2453 5824 2711 5895 adjuvare
2736 5835 2845 5877 non
2871 5820 3105 5877 desistit.
