3970 6454
308 348 414 406 3M

841 459 1069 519 CAPUT
1106 459 1299 518 XXIX.

883 552 958 609 De
998 555 1320 623 pwnitontia.

378 645 779 711 Pwniteutibus
830 646 1134 715 emplum
1192 644 1297 702 loli
1345 647 1552 718 primus
1603 648 1850 705 exhibuit
1874 690 1888 714 ,

310 741 533 814 Quando
556 745 681 809 post
703 736 894 800 itinera
924 737 1007 793 vel
1035 736 1242 808 ﬂagella
1282 739 1461 794 adhuc
1486 738 1544 793 in
1586 738 1671 793 sui
1708 741 1891 795 redar-

310 835 554 908 gutione,
593 832 759 893 etiam
785 831 841 893 in
870 831 1046 887 cilicio
1075 839 1132 887 et
1158 833 1345 887 cinere
1383 832 1617 888 lamenta
1646 834 1887 902 pmnitu-

309 927 457 987 dinis
484 925 714 995 sumpsit
749 923 935 982 dicens
960 940 973 978 ε
1002 922 1206 977 Idcirco
1229 939 1327 993 ago
1355 925 1707 994 pcenitcntiam
1728 925 1785 978 in
1812 922 1891 993 fl-

306 1016 437 1075 rilla
474 1026 523 1072 ct
564 1016 754 1074 cincto.
794 1013 923 1069 Post
967 1014 1111 1070 hunc
1157 1014 1327 1068 David
1372 1015 1527 1070 nobis
1560 1015 1888 1084 pmnitentlse

308 1108 682 1180 magisterium
710 1106 959 1176 praebuit.
990 1107 1206 1176 quando
1232 1108 1382 1178 gravi
1420 1108 1642 1162 vulnere
1685 1107 1884 1177 lapsus,

308 1207 439 1265 dum
465 1204 705 1262 audlsset
731 1218 762 1257 a
787 1203 1071 1272 propheta,
1100 1213 1379 1272 peccatum
1419 1218 1574 1257 suum
1605 1202 1887 1257 confestim

303 1297 580 1367 pcnnituit,
611 1303 665 1351 et
692 1295 905 1364 culpam
936 1310 1046 1349 sua:
1074 1296 1407 1364 pmnitentim
1434 1294 1773 1350 confessione
1804 1309 1888 1349 sa-

306 1387 475 1445 navit.
511 1387 603 1445 Sic
648 1386 897 1442 Nlnivitaa
939 1395 995 1441 et
1034 1386 1122 1441 alii
1153 1386 1317 1440 multa
1363 1397 1582 1459 peccata
1625 1402 1721 1441 sua
1760 1402 1887 1443 con-

307 1478 436 1537 fessi
480 1487 632 1541 sunt,
681 1478 1056 1547 pmnitentiam
1104 1486 1364 1549 egerunt,
1413 1480 1733 1549 displicuere
1783 1479 1885 1534 sibi

305 1570 494 1641 quales
538 1568 774 1633 fuerunt,
807 1577 861 1623 et
897 1569 1083 1638 quales
1113 1586 1209 1640 per
1238 1572 1406 1625 Deum
1458 1570 1587 1625 facti
1630 1578 1778 1635 sunt,
1808 1571 1885 1625 illi

304 1662 644 1731 placuerunt.
700 1661 795 1715 Est
837 1670 1015 1716 autem
1061 1663 1374 1732 poenitentia
1428 1663 1882 1716 medicamentum

302 1753 565 1819 vulneris,
597 1769 719 1822 spes
767 1754 979 1819 salutis,
1020 1770 1117 1824 per
1142 1771 1304 1825 quam
1336 1763 1647 1826 peccatores
1674 1756 1885 1811 salvan-

1094 344 1187 405 ιω
1223 341 1671 405 mntconun
1709 287 2227 413 immoriens:
2259 346 2414 407 are.
2455 380 2525 393 —
2561 346 2694 407 LIB.
2731 344 2796 408 ιι.

3470 366 3579 427 342

1916 466 1968 528 Α
1994 467 2185 522 rantim
2247 474 2467 525 notatur
2517 471 2857 528 contraxisse
2913 474 3222 547 neglectus,
3287 491 3379 537 aut
3432 484 3577 544 sicut

1964 559 2049 641 _in
2095 560 2367 629 baptismo
2416 577 2602 618 clunes
2667 565 2980 636 iniquitates
3038 571 3285 640 remitti,
3336 575 3421 631 vel
3476 593 3577 649 per

1990 652 2309 721 martyrium
2357 653 2489 709 nulli
2537 667 2814 725 peccatum
2868 661 3139 719 credimus
3177 665 3449 738 imputari,
3493 670 3575 731 ita

1989 743 2319 813 pmnitentiaa
2344 750 2758 818 compunctione
2788 749 3086 823 fructuosa,
3122 758 3371 817 universa
3405 762 3575 822 fatea-

1990 848 2118 887 mur
2166 835 2331 890 deleri
2377 848 2617 906 peccata.
2673 840 2951 914 Lacryma:
3004 847 3148 902 enim
3197 853 3573 920 poenitentium

1992 926 2135 995 apud
2159 926 2328 1021 Deum
2354 943 2453 998 pro
2473 932 2739 1001 baptismo
2766 945 3119 1007 reputantur:
3145 943 3285 999 unde
3310 952 3364 999 et
3385 962 3573 1021 quam-

1990 1019 2121 1074 libet
2160 1020 2266 1075 sint
2296 1037 2488 1092 magna
2532 1026 2749 1094 delicta,
2798 1034 3043 1100 quamvis
3084 1037 3289 1105 gravia,
3343 1019 3449 1094 non
3492 1050 3577 1097 est

1991 1118 2171 1167 tamen
2193 1112 2247 1166 iu
2272 1112 2373 1169 illis
2394 1114 2487 1168 Dei
2510 1118 2879 1176 misericordia
2907 1124 3258 1195 desperanda.
3283 1127 3341 1184 In
3365 1131 3575 1188 actione

1990 1208 2168 1256 autem
2203 1203 2558 1271 pmnitudlnis
2607 1207 2688 1279 (ut
2734 1225 2895 1281 supra
2940 1214 3141 1270 dictum
3173 1216 3275 1291 est)
3325 1234 3430 1274 non
3466 1229 3572 1276 tam

1989 1293 2379 1349 consideranda
2426 1304 2510 1351 est
2555 1314 2807 1354 mensura
2840 1307 3127 1374 temporis,
3160 1324 3321 1378 quam
3353 1311 3572 1369 doloris.

1989 1380 2093 1437 Cor
2116 1384 2253 1438 enim
2283 1386 2561 1441 contritum
2590 1397 2639 1443 ct
2666 1390 2999 1447 humiliatum
3039 1396 3179 1450 Deus
3217 1416 3318 1453 non
3357 1402 3574 1471 spernit.

1990 1478 2373 1536 Verumtamen
2401 1492 2604 1552 quanta
2636 1485 2689 1539 in
2718 1497 2940 1556 peccato
2980 1490 3081 1545 fuit
3124 1493 3191 1547 ad
3233 1493 3433 1550 malum
3482 1498 3579 1553 ab-

1989 1578 2162 1639 ruptae
2189 1573 2382 1627 mentis
2409 1573 2658 1640 intentio,
2685 1585 2831 1632 tanta
2851 1595 3071 1637 necesse
3097 1590 3179 1637 est
3200 1584 3254 1637 in
3280 1585 3579 1646 intentione

1989 1662 2221 1717 devotio.
2272 1665 2475 1735 Duplex
2518 1677 2696 1722 autem
2729 1679 2809 1723 est
2855 1674 3187 1740 paenitentia:
3215 1680 3465 1747 gemitus,
3492 1678 3579 1739 vel

1991 1754 2116 1808 dum
2155 1755 2458 1825 plangimus
2497 1760 2639 1827 quod
2686 1761 2823 1816 male
2853 1764 3142 1833 gessimus,
3171 1768 3254 1823 vel
3300 1770 3425 1825 dum
3470 1787 3579 1829 non

300 1852 414 1909 tur,
444 1861 542 1916 per
562 1860 724 1914 quam
767 1846 1026 1900 Dominus
1059 1846 1125 1899 ad
1164 1846 1591 1902 misericordiam
1618 1863 1878 1918 provoca-
1914 1831 1963 1891 Β
1990 1845 2202 1915 agimus
2231 1848 2375 1915 quod
2406 1863 2564 1919 agere
2603 1831 2949 1907 debebamus.
2973 1854 3065 1909 ille
3094 1831 3274 1912 autem
3304 1876 3431 1915 vere
3454 1875 3577 1932 ρω-

305 1942 418 1998 tur,
463 1949 582 2005 quae
609 1950 715 1989 non
745 1943 985 2004 tempore
1033 1945 1314 2005 pensatur,
1368 1939 1463 1991 sed
1521 1937 1885 2009 profunditate

304 2029 488 2085 luctus
535 2037 593 2084 et
630 2028 1010 2101 lacrymarum.
1084 2029 1407 2086 Paenitentia
1457 2041 1638 2087 autem
1690 2047 1883 2087 nomen

306 2122 541 2193 sumpsit
570 2137 600 2177 a
628 2136 805 2192 paena,
843 2139 948 2194 qua
980 2125 1159 2179 anima
1190 2127 1466 2181 cruciatur
1489 2132 1545 2182 et
1590 2126 1886 2182 mortifica-

305 2218 398 2266 tur
424 2226 570 2267 caro.
602 2213 755 2267 Dicta
781 2222 864 2268 est
889 2221 1068 2270 autem
1108 2217 1423 2286 pmnitentia
1466 2218 1620 2287 quasi
1656 2220 1886 2289 punien-

303 2303 403 2369 tia,
430 2318 495 2358 eo
524 2306 666 2374 quod
692 2306 807 2375 ipse
855 2308 1020 2361 homo
1046 2308 1313 2379 puniendo
1353 2309 1540 2380 puniat
1564 2313 1705 2380 quod
1745 2308 1886 2366 male

302 2394 540 2449 admisit.
571 2395 634 2449 lli
656 2410 786 2450 vero
807 2397 898 2465 qui
919 2398 1291 2467 paenitentiam
1319 2406 1532 2471 gerunt,
1556 2400 1780 2469 proinde
1795 2415 1887 2456 ca-

303 2484 462 2556 pillos
481 2495 536 2540 et
562 2486 785 2542 barbam
814 2489 1081 2556 nutriunt,
1108 2497 1169 2544 ut
1200 2491 1573 2546 demonstrent
1600 2492 1884 2548 abundan-

308 2576 439 2633 tiam
484 2576 774 2633 criminum
811 2580 1007 2649 quibus
1056 2589 1219 2651 caput
1258 2583 1560 2651 peccatoris
1598 2591 1877 2654 gravatur.

304 2667 499 2737 Capilli
535 2670 681 2726 enim
707 2686 808 2740 pro
846 2671 995 2726 vitiis
1023 2674 1384 2742 accipiuntur,
1433 2674 1575 2729 sicut
1622 2675 1883 2745 scriptum

304 2770 426 2818 est:
472 2761 541 2819 Et
576 2764 883 2819 criminibus
919 2775 1250 2836 peccatorum
1290 2784 1507 2822 suorum
1532 2768 1890 2840 unusquisque

304 2858 700 2927 constringitur.
764 2856 853 2912 Vir
896 2859 1083 2929 quippe
1114 2860 1161 2914 si
1198 2876 1402 2915 comam
1448 2860 1667 2928 nutriat,
1715 2871 1777 2917 ut
1813 2862 1890 2916 ait

304 2951 615 3023 Apostolus,
659 2951 946 3023 ignominia
974 2961 1051 3007 est
1076 2952 1155 3007 illi
1181 2953 1234 3025 (Ι
1264 2951 1386 3008 Cor.
1420 2953 1519 3027 ιι).
1547 2954 1724 3026 Ipsam
1759 2971 1890 3026 ergo

304 3045 965 3117 ignominiamsuscipiunt
991 3046 1319 3115 pmnitentes
1348 3061 1448 3117 pro
1478 3047 1676 3103 merito
1698 3063 1892 3118 pecca-

304 3144 505 3191 torum.
544 3136 697 3203 Quod
726 3150 856 3192 vero
893 3137 948 3191 in
993 3136 1171 3194 cilicio
1199 3146 1886 3208 prosternuntur,.memo-

303 3228 445 3284 riam
480 3236 826 3298 peccatorum
860 3244 1083 3284 suorum
1112 3246 1205 3285 eos
1233 3230 1437 3286 habere
1468 3229 1757 3301 signiﬁcat.
1786 3230 1891 3286 Per

305 3317 541 3373 cilicium
576 3320 775 3389 quippe
805 3328 891 3375 est
923 3320 1227 3375 recordatio
1254 3330 1625 3390 peccatorum,
1666 3330 1890 3393 propter

305 3408 491 3464 hasdos
523 3410 591 3465 ad
615 3410 893 3465 sinistram
920 3409 1151 3466 futuros.
1175 3410 1302 3466 Inde
1327 3426 1456 3484 ergo
1483 3415 1811 3483 pmnitentes
1833 3415 1888 3469 in

305 3500 486 3557 cilicio
530 3503 945 3572 prosternimur,
991 3511 1246 3574 tanquam
1289 3504 1568 3561 dicentes:
1600 3506 1667 3560 Et
1706 3523 1890 3578 pecca-

306 3603 418 3647 tum
448 3610 620 3648 meum
649 3611 825 3648 coram
857 3609 939 3648 me
963 3605 1036 3649 est
1063 3611 1281 3666 semper.
1314 3594 1467 3663 Quod
1503 3607 1681 3653 autem
1708 3599 1890 3655 cinere

306 3693 690 3752 asperguntur,
711 3683 797 3738 vel
834 3691 893 3738 ut
922 3684 1031 3740 sint
1060 3700 1347 3751 memores,
1372 3688 1499 3757 quia
1525 3688 1663 3743 cinis
1683 3697 1738 3743 et
1774 3690 1887 3760 pul-

304 3773 393 3826 vis
417 3780 562 3837 sunt,
587 3771 670 3826 vel
695 3773 822 3842 quia
849 3773 1024 3845 pulvis
1052 3774 1179 3830 facti
1205 3785 1350 3843 sunt,
1384 3776 1438 3833 id
1462 3785 1547 3834 est
1585 3778 1731 3850 impii
1756 3778 1888 3835 facti

305 3873 457 3929 sunt,
499 3864 641 3920 unde
666 3873 720 3920 et
749 3864 821 3920 illi
857 3866 1323 3936 praevaricatores,
1346 3868 1507 3939 primi
1540 3871 1775 3926 hominis
1804 3887 1890 3927 re-

306 3956 563 4011 cedentes
587 3970 617 4009 a
656 3956 786 4022 Deo,
815 3957 1082 4028 malisque
1110 3955 1267 4013 factis
1297 3956 1633 4017 oll‘endentes
1661 3962 1887 4019 Creato-

305 4063 446 4112 rem,
477 4047 531 4101 in
561 4047 835 4117 pulverem
865 4050 1009 4106 unde
1033 4050 1232 4121 sumpti
1260 4062 1384 4108 sunt
1415 4054 1712 4110 redierunt.
1746 4057 1890 4113 Bene

307 4152 439 4207 ergo
468 4138 520 4192 in
546 4137 726 4194 cilicio
751 4150 806 4194 et
837 4140 891 4194 in
918 4141 1098 4197 cinere
1124 4144 1395 4212 pasnitens
1421 4143 1666 4215 deplorat
1693 4162 1888 4217 pecca-

309 4238 448 4295 tum,
469 4230 593 4299 qula
620 4231 677 4285 in
706 4231 883 4287 cilicio
905 4235 1170 4303 asperitas
1191 4243 1245 4291 et
1271 4236 1493 4305 punctio
1515 4247 1885 4307 peccatorum,

309 4320 363 4375 in
397 4320 581 4377 cinere
600 4330 780 4378 autem
802 4322 978 4394 pulvis
1015 4325 1321 4380 ostenditur
1345 4336 1702 4396 mortuorum,
1730 4338 1785 4386 et
1813 4332 1890 4387 id-

307 4411 457 4466 circo
484 4411 539 4466 in
571 4421 802 4483 utroque
829 4414 1201 4483 paenitentiam
1235 4418 1466 4489 agimus,
1494 4428 1555 4475 ut
1577 4429 1634 4477 et
1677 4421 1732 4476 in
1756 4437 1883 4492 puu‘

308 4504 492 4560 ctione
537 4504 719 4571 cilicii,
772 4521 1160 4578 cognoscamus
1199 4507 1329 4562 vitia
1378 4525 1499 4580 qua:
1536 4526 1635 4581 per
1676 4511 1891 4582 culpam

1987 1936 2269 1991 nitentiam
2318 1938 2447 2008 agit,
2486 1940 2574 2008 qui
2606 1955 2706 1996 nec
2735 1943 2995 2011 poenitere
3030 1950 3302 2016 praeterita
3333 1952 3574 2025 negligit,

1987 2043 2088 2082 nec
2117 2028 2292 2083 adhuc
2315 2030 2625 2099 pmnitenda
2654 2035 2961 2090 committit.
2996 2036 3096 2104 Qui
3143 2057 3274 2098 vero
3309 2041 3578 2116 lacrymas

1987 2122 2357 2177 indesinenter
2400 2121 2594 2189 fundit,
2626 2132 2682 2180 et
2723 2134 2901 2183 tamen
2948 2145 3174 2200 peccare
3213 2149 3320 2188 non
3357 2135 3576 2202 desinit,

1989 2216 2079 2270 hic
2126 2216 2421 2270 lamentum
2458 2216 2639 2284 habet,
2683 2220 2779 2274 sed
2816 2221 3220 2280 inundationem
3252 2242 3358 2281 non
3392 2227 3573 2284 habet.

1990 2304 2047 2359 Si
2087 2306 2179 2375 qui
2210 2312 2390 2361 autem
2429 2321 2528 2376 per
2554 2309 2779 2379 gratiam
2812 2311 2907 2365 Dei
2941 2313 3009 2367 ad
3043 2315 3422 2384 pmnitentiam
3451 2332 3579 2373 cou-

1988 2406 2291 2460 vertuntur,
2339 2400 2644 2467 perturbari
2698 2417 2801 2457 non
2853 2403 3087 2471 debent,
3134 2405 3180 2462 si
3227 2422 3416 2463 rursus
3458 2417 3581 2478 post

1988 2491 2420 2547 emendationem
2481 2492 2667 2548 relicta
2693 2495 2820 2549 vitia
2861 2511 2956 2550 cor
3000 2497 3250 2568 pulsent,
3298 2500 3425 2555 dum
3471 2516 3576 2556 non

1989 2589 2218 2653 possunt
2249 2582 2375 2638 boni
2406 2587 2800 2641 conversationi
2830 2603 3045 2655 nocere,
3078 2590 3122 2645 si
3167 2590 3292 2646 talis
3320 2594 3580 2663 cogitatio

1989 2687 2099 2729 non
2125 2681 2377 2743 erumpat
2406 2674 2459 2729 in
2487 2690 2750 2731 consensu
2776 2678 2865 2734 vel
2893 2694 3072 2749 opere.
3097 2678 3266 2737 Ferre
3287 2682 3433 2738 enim
3463 2684 3580 2739 sine

1987 2764 2320 2837 perfectione
2338 2767 2590 2822 vitiorum
2620 2770 2992 2841 cogitationes,
3019 2789 3125 2829 non
3147 2781 3230 2829 est
3258 2773 3326 2829 ad
3352 2774 3581 2829 damna-

1992 2857 2214 2924 tionem,
2245 2856 2339 2912 sed
2379 2858 2447 2912 ad
2486 2860 2876 2929 probationem,
2912 2879 3012 2918 nec
3053 2872 3135 2919 est
3182 2863 3401 2921 occasio
3447 2864 3580 2921 sub-

1992 2948 2152 3002 eundi
2181 2947 2529 3014 discriminis,
2567 2948 2660 3003 sed
2696 2951 2872 3020 potius
2894 2954 3149 3025 augenda:
3169 2953 3411 3012 virtutis.
3440 2954 3578 3015 Nam

1991 3044 2048 3093 et
2074 3037 2119 3092 si
2148 3038 2268 3107 quis
2302 3037 2445 3092 circa
2475 3038 2635 3093 tinem
2662 3054 2818 3094 suum
2850 3057 2946 3113 per
2971 3045 3341 3114 paenitentiam
3372 3047 3582 3106 desinet

1993 3140 2115 3186 esse
2157 3130 2354 3196 malus,
2401 3147 2508 3186 non
2538 3132 2659 3186 ideo
2689 3133 2848 3189 debet
2875 3135 3185 3206 desperare,
3219 3140 3344 3211 quia
3373 3142 3427 3197 in
3467 3150 3580 3199 ter-

1993 3223 2141 3278 mino
2177 3230 2262 3279 est
2310 3222 2499 3279 ultimo
2542 3224 2684 3289 vita),
2731 3229 2985 3296 quoniam
3029 3246 3133 3285 non
3180 3233 3321 3289 Deus
3360 3236 3581 3306 respicit

1992 3314 2180 3385 quales
2226 3321 2384 3369 antea
2438 3314 2658 3381 fuimus,
2711 3317 2804 3372 sed
2857 3320 3043 3388 quales
3074 3323 3219 3377 circa
3263 3324 3426 3381 tinem
3459 3328 3582 3384 vita:

1991 3407 2297 3461 existimus.
2328 3406 2406 3460 Ex
2446 3407 2550 3461 line
2583 3409 2727 3462 enim
2754 3424 2852 3463 suo
2897 3426 3337 3486 unumquemque
3372 3426 3463 3472 aut
3486 3417 3580 3488 ju-

1991 3495 2192 3551 stiﬂcat
2212 3502 2305 3550 aut
2324 3495 2666 3562 condemnat,
2693 3496 2828 3552 sicut
2860 3500 3117 3571 scriptum
3138 3514 3220 3558 est
3244 3522 3257 3556 :
3289 3503 3408 3576 Ipse
3424 3506 3581 3577 judi-

1991 3596 2076 3643 cat
2105 3598 2339 3644 extrema
2378 3598 2549 3644 terrm.
2587 3589 2657 3643 Et
2680 3590 2805 3644 alibi
2836 3609 2847 3644 :
2880 3589 3247 3650 Universorum
3287 3597 3444 3667 ﬁnem
3476 3602 3583 3671 ipse

1992 3683 2307 3737 considerat.
2342 3680 2575 3736 Proinde
2603 3697 2710 3736 non
2737 3683 3045 3739 dubitamus
3093 3685 3239 3741 circa
3284 3687 3446 3743 tinem
3488 3688 3580 3758 ju-

1991 3773 2213 3827 stiticari
2263 3772 2535 3827 hominem
2573 3786 2669 3841 per
2704 3774 3035 3842 paenitentiae
3077 3779 3575 3847 compunctionem;

1992 3866 2085 3921 sed
2107 3865 2233 3935 quia
2264 3880 2389 3919 raro
2427 3865 2478 3919 id
2523 3864 2637 3920 fieri
2670 3866 2823 3932 solet,
2863 3869 3211 3924 metuendum
3239 3880 3324 3926 est
3351 3888 3421 3928 ne
3449 3873 3578 3928 dum

1992 3956 2059 4009 ad
2095 3954 2254 4008 tinem
2289 3952 2534 4010 differtur
2561 3955 2827 4011 confessio
2858 3967 3094 4027 sperata,
3140 3962 3398 4034 anticipet
3435 3978 3583 4021 mors

1991 4061 2154 4117 quam
2180 4046 2363 4101 veniat
2404 4046 2743 4116 poenitentia.
2772 4048 2875 4103 Pro
2905 4065 3010 4120 qua
3050 4068 3108 4106 re
3144 4061 3199 4107 et
3234 4053 3280 4107 si
3314 4055 3453 4109 bona
3495 4063 3581 4110 est

1993 4142 2061 4197 ad
2090 4147 2393 4195 extremum
2416 4141 2718 4207 conversio,
2747 4141 2936 4197 melior
2963 4150 3140 4198 tamen
3167 4152 3252 4200 est
3275 4161 3395 4216 quae
3422 4146 3580 4220 longe

1993 4239 2120 4287 ante
2162 4230 2325 4287 linem
2362 4230 2558 4300 agitur,
2602 4240 2660 4286 ut
2709 4232 2777 4287 ab
2822 4233 2925 4287 hac
2962 4232 3073 4288 vita
3112 4235 3355 4292 securius
3395 4244 3576 4292 trans-

1994 4338 2201 4381 eamus.

2572 4415 2800 4473 CAPUT
2835 4416 3006 4473 XXX.

2292 4507 2367 4564 De
2394 4508 2752 4579 satisfactione
2778 4517 2826 4562 et
2849 4507 3283 4565 reconciliatione.

307 4597 698 4661 commisimus,
750 4605 804 4654 et
845 4575 949 4669 per
976 4598 1215 4654 favillam
1255 4601 1455 4657 cineris
1491 4605 1892 4673 perpendamus
1919 4575 1971 4638 υ
2069 4598 2382 4658 Satisfactio
2421 4609 2600 4655 autem
2638 4607 2722 4654 est
2762 4614 2955 4653 causas
2998 4607 3343 4669 peccatorum
3370 4607 3426 4655 et
3458 4616 3583 4674 sug-

307 4691 503 4744 mortis
528 4690 871 4755 sententiam,
914 4689 981 4744 ad
1012 4706 1173 4763 quam
1217 4694 1490 4762 peccando
1519 4695 1885 4763 pervenimus.

304 4778 647 4836 Poenitentia:
696 4788 876 4835 autem
907 4780 1208 4837 remedium
1254 4781 1494 4839 Ecclesia
1539 4786 1803 4841 catholica
1836 4786 1890 4841 in

306 4888 405 4945 spe
429 4875 773 4946 indulgentiae
796 4876 1024 4932 ﬁdeliter
1052 4876 1236 4949 alligat
1263 4881 1648 4947 exercendum,
1681 4891 1736 4937 et
1764 4893 1884 4954 post

303 4985 480 5025 unum
504 4970 759 5040 baptismi
788 4980 1225 5037 sacramentum,
1248 4973 1391 5041 quod
1432 4973 1686 5044 singulari
1723 4977 1893 5031 tradi-

306 5060 459 5113 tione
500 5059 952 5125 commendatum,
999 5059 1227 5115 sollicite
1264 5062 1515 5131 prohibet
1564 5062 1887 5129 iterandum,

308 5150 623 5208 medicinali
657 5151 897 5205 remedio
940 5152 1273 5220 pmnitentia:
1307 5152 1561 5223 subrogat
1610 5156 1891 5225 adjumen-

308 5252 454 5307 tum,
483 5238 639 5311 cujus
678 5241 918 5297 remedio
958 5257 1118 5313 egere
1156 5257 1215 5297 se
1259 5244 1436 5299 cuncti
1468 5260 1765 5317 agnoscere
1793 5250 1887 5301 de-

309 5337 463 5400 bent,
502 5347 600 5404 pro
647 5331 974 5403 quotidianis
1014 5333 1264 5387 humanae
1311 5332 1619 5405 fragilitatis
1649 5337 1887 5392 excessi—

308 5427 435 5493 bus,
484 5428 602 5482 sine
640 5425 834 5498 quibus
868 5425 923 5479 in
968 5425 1069 5481 hac
1103 5427 1212 5480 vita
1259 5440 1381 5481 esse
1426 5441 1532 5481 non
1580 5444 1887 5499 possumus,

310 5520 508 5575 horum
534 5517 799 5573 duntaxat
833 5517 1092 5588 dignitate
1129 5526 1365 5583 servata,
1390 5518 1462 5574 ita
1494 5528 1553 5574 ut
1580 5536 1611 5574 a
1641 5524 1892 5578 sacerdo-

310 5613 461 5667 tibus
490 5620 545 5666 ct
570 5610 772 5666 Levitis
797 5610 908 5665 Deo
938 5619 1073 5665 teste
1103 5610 1215 5677 flat,
1242 5627 1273 5666 a
1299 5614 1509 5669 caeteris
1531 5630 1659 5671 vero
1682 5623 1894 5671 astante

313 5717 500 5758 coram
528 5700 640 5757 Deo
685 5700 997 5756 solemniter
1030 5702 1326 5763 sacerdote,
1358 5712 1418 5758 ut
1460 5705 1547 5761 hic
1592 5714 1738 5777 tegat
1776 5706 1892 5761 fru-

314 5799 507 5855 ctuosa
528 5789 815 5857 eonfessio,
838 5789 982 5863 quod
996 5792 1313 5849 temerarius
1326 5795 1613 5869 appetitus,
1640 5797 1896 5873 autigno-

1997 4692 2297 4765 gestionum
2325 4691 2633 4755 excludere,
2658 4698 2713 4745 et
2736 4690 2878 4744 ultra
2905 4699 3184 4760 peccatum
3221 4706 3326 4746 non
3356 4692 3575 4749 iterare.

1998 4784 2381 4841 Rcconciliatio
2436 4798 2567 4839 vero
2622 4790 2725 4847 est,
2766 4798 2886 4852 qua:
2942 4791 3064 4855 post
3124 4784 3576 4857 complementum

1998 4877 2328 4949 pmnitentize
2376 4876 2680 4931 adhibetur.
2729 4874 2862 4930 Nam
2894 4876 3031 4931 sicut
3059 4878 3413 4934 conciliamur
3438 4877 3575 4948 Deo,

1995 4972 2212 5042 quando
2255 4970 2487 5041 primum
2541 4984 2570 5023 a
2613 4967 2912 5038 gentilitate
2959 4969 3343 5039 convertimur,
3389 4970 3464 5025 ita
3494 4985 3582 5029 re-

1996 5058 2366 5124 conciliamur,
2410 5056 2625 5127 quando
2664 5066 2781 5127 post
2816 5067 3097 5128 peccatum
3136 5057 3447 5129 pmnitendo
3490 5074 3576 5115 re-

1997 5151 2293 5222 gredimur.
2337 5150 2577 5218 Quorum
2622 5157 2801 5203 autem
2832 5157 3053 5220 peccata
3102 5149 3159 5205 in
3182 5149 3397 5220 publico
3429 5160 3574 5217 sunt,

1996 5242 2051 5297 in
2088 5240 2301 5313 publico
2327 5241 2486 5295 debet
2515 5254 2636 5296 esse
2668 5240 3005 5309 poenitentia,
3042 5254 3141 5310 per
3186 5249 3427 5311 tempora
3457 5258 3577 5314 qua:

1995 5332 2233 5404 episcopi
2284 5332 2507 5386 arbitrio
2550 5331 2937 5402 pmnitentibus
2991 5331 3284 5386 secundum
3324 5331 3577 5391 differen-

1997 5425 2127 5480 tiam
2169 5432 2514 5494 peccatorum
2562 5422 2952 5486 decernuntur;
2992 5436 3285 5493 eorumque
3333 5422 3576 5479 reconci—

1995 5518 2146 5573 liatio
2194 5520 2246 5572 in
2299 5515 2515 5588 publico
2564 5528 2683 5568 esse
2734 5512 2894 5567 debet
2930 5514 2999 5568 ab
3046 5515 3326 5587 episcopo,
3376 5516 3490 5573 sive
3541 5529 3574 5572 a

1997 5611 2351 5682 presbyteris,
2370 5608 2523 5677 jussu
2553 5615 2730 5659 tamen
2757 5606 3149 5679 cpiscOporum,
3177 5611 3318 5667 sicut
3340 5624 3578 5667 canones

1999 5703 2243 5760 Africani
2288 5701 2502 5759 concilii
2557 5708 2845 5765 testantur,
2891 5702 2983 5758 ubi
3032 5704 3108 5759 ita
3147 5690 3410 5778 scriptum
3459 5710 3571 5759 est:

2002 5793 2381 5869 Cujuscunque
2424 5800 2605 5849 autem
2646 5792 2960 5865 pmnitentis
2999 5796 3272 5871 publicum
3309 5803 3365 5853 et
3391 5793 3576 5865 vulga-
