3970 6502
318 332 517 415 ’ωδ

1049 361 1111 417 Β.
1151 361 1406 419 RABANI
1441 361 1661 420 MAURI
1695 360 2012 418 ARCHIEP.
2053 359 2362 418 MOGUNT.
2403 359 2688 418 OPERUM
2723 361 2903 418 PARS
2936 362 2976 416 Ι.

3574 349 3581 355 .
3608 350 3635 357 -ι

3550 365 3657 420 3M

412 471 681 527 tissimum
730 474 938 528 crimen
988 482 1099 542 est,
1141 476 1284 545 quod
1333 474 1641 529 universam
1683 473 1980 527 Ecclesiam
2004 476 2276 536 Anatura
2302 473 2397 527 Dei
2425 471 2843 542 aequalisPatri,
2884 474 2938 527 in
2967 481 3161 529 natura
3203 474 3437 530 hominis
3487 476 3663 536 factus

410 566 802 631 commoverit,
850 575 975 620 ante
1019 566 1264 622 absidam
1318 581 1508 621 manus
1552 567 1604 620 ei
1648 565 1975 636 immnatur.

412 654 652 723 Quorum
697 671 826 727 ergo
871 665 1093 725 peccata
1142 656 1350 712 occulta
1400 664 1540 721 sunt,
1592 663 1646 711 et
1685 664 1983 726 Spontanea

411 746 749 803 confessione
790 748 887 803 soli
926 751 1295 805 tantummodo
1340 749 1677 820 presbytero,
1718 750 1832 805 sive
1869 750 1982 820 epi-

411 852 574 907 sc0po
612 836 680 891 ab
702 836 782 891 eis
818 837 1019 892 fuerint
1070 838 1320 901 revelata,
1355 840 1547 893 horum
1586 838 1796 894 occulta
1821 840 1982 895 debet

410 945 529 985 esse
549 929 886 1000 poenitentia,
918 932 1208 985 secundum
1226 928 1489 999 judicium
1515 932 1838 1002 presbyteri,
1869 934 1982 987 sive

408 1020 645 1089 episcopi
695 1019 780 1074 cui
828 1018 1058 1075 confessi
1107 1028 1252 1085 sunt,
1292 1035 1359 1075 ne
1408 1021 1607 1076 inﬁrmi
1654 1022 1710 1075 in
1744 1022 1983 1079 Ecclesia

407 1111 858 1177 scandalizentur,
889 1112 1131 1166 videntes
1163 1126 1350 1166 eorum
1385 1127 1595 1182 poenas,
1625 1128 1855 1182 quorum
1882 1130 1977 1185 pe~

405 1203 551 1256 nitus
593 1203 844 1272 ignorant
891 1218 1102 1258 causas.
1149 1202 1302 1270 Quali
1352 1212 1533 1259 autem
1581 1212 1823 1276 tempore
1861 1215 1983 1275 post

402 1293 777 1362 pmnitentiam
820 1294 1186 1348 reconciliatio
1235 1294 1353 1349 ﬁeri
1400 1295 1627 1360 debeat,
1693 1298 1982 1353 ostendunt

404 1384 622 1437 decreta
651 1382 947 1438 Innocentii
977 1400 1147 1454 papae,
1176 1384 1266 1439 ubi
1297 1386 1369 1439 ita
1393 1387 1649 1456 scriptum
1678 1388 1976 1458 reperitur:

410 1494 426 1524 ι
458 1473 535 1529 De
571 1475 961 1543 poenitentibus
1011 1485 1192 1531 autem
1237 1478 1328 1547 qui
1380 1479 1493 1533 sive
1536 1495 1602 1534 ex
1644 1483 1982 1552 gravioribus

404 1565 732 1629 commissis,
768 1565 880 1620 sive
917 1582 985 1621 ex
1024 1566 1311 1623 levioribus
1352 1570 1725 1638 pmnitentiam
1766 1584 1980 1644 gerunt,

403 1654 448 1707 si
481 1654 624 1708 nulla
648 1654 934 1710 intervenit
953 1657 1235 1727 aegritudo,
1263 1660 1449 1728 quinta
1472 1659 1606 1715 feria
1631 1673 1756 1718 ante
1777 1665 1980 1722 Pascha

402 1748 480 1802 eis
528 1750 933 1815 remittendum,
962 1749 1220 1806 Romana:
1238 1752 1492 1810 Ecclesia:
1528 1760 1858 1814 consuetudo
1887 1761 1981 1815 de-

2082 564 2346 631 mortalis,
2397 566 2452 620 in
2503 565 2679 632 nobis,
2728 580 2826 635 pro
2871 566 3043 631 nobis,
3091 567 3159 622 de
3204 567 3382 634 nobis,
3428 585 3661 629 manens

2082 656 2222 725 quod
2266 663 2406 722 erat,
2443 656 2743 725 suscipiens
2789 656 2931 725 quod
2965 670 3075 711 non
3124 664 3265 724 erat,
3309 667 3371 713 ut
3400 657 3665 717 liberaret

2082 746 2226 816 quod
2266 746 2487 802 fecerat.
2522 746 2649 801 Haec
2694 753 2779 801 est
2826 760 2957 817 ergo
3000 746 3298 803 Dominicm
3338 747 3666 807 Nativitatis

2081 854 2278 911 magna
2315 839 2645 894 solemnitas.
2674 839 2799 894 Haec
2830 848 2914 894 est
2944 839 3050 895 diei
3085 839 3245 909 hujus
3283 858 3422 898 nova
3448 853 3509 899 et
3540 846 3663 917 glo-

2082 929 2225 984 riosa
2268 930 2550 995 festivitas,
2588 929 2850 985 adventus
2897 930 2991 984 Dei
3042 930 3219 987 factus
3266 934 3334 988 ad
3384 934 3663 992 homines.

2079 1018 2265 1090 Itaque
2289 1021 2403 1075 dies
2428 1022 2529 1075 iste
2552 1036 2647 1090 pro
2671 1035 2735 1074 eo
2760 1021 2901 1090 quod
2931 1021 2985 1074 in
3010 1035 3076 1077 eo
3095 1020 3343 1077 Christus
3367 1027 3533 1079 natils
3553 1035 3664 1091 est,

2082 1112 2276 1167 natalis
2298 1112 2495 1167 dicitur
2520 1131 2531 1166 :
2555 1125 2820 1189 quemque
2851 1113 2971 1167 ideo
3001 1113 3292 1170 observare
3316 1131 3418 1186 per
3443 1119 3667 1172 revolu-

2082 1209 2196 1257 tum
2236 1202 2495 1258 circulum
2532 1202 2657 1256 anni
2693 1201 2884 1256 festiva
2918 1202 3259 1260 solemnitate
3296 1206 3558 1272 solemus.
3603 1217 3668 1263 ut

2084 1294 2138 1348 in
2163 1295 2477 1349 memoriam
2505 1302 2786 1348 revocetur
2817 1293 3064 1350 Christus
3092 1298 3235 1364 quod
3261 1308 3431 1355 natus
3449 1308 3558 1355 est.
3602 1300 3666 1355 In

2081 1384 2395 1440 Bethlehem
2442 1399 2655 1454 quoque
2699 1383 2945 1440 Christus
2974 1394 3134 1442 natus
3172 1397 3276 1455 est,
3310 1398 3364 1444 et
3408 1390 3462 1445 in
3488 1391 3667 1446 Naza-

2082 1476 2204 1529 reth
2227 1476 2481 1541 nutritus,
2508 1484 2568 1529 ut
2599 1491 2667 1531 ex
2692 1475 2935 1531 locorum
2964 1479 3261 1544 vocabulis,
3292 1496 3475 1536 rerum
3518 1483 3664 1553 ipsa.

2083 1582 2204 1622 rum
2251 1575 2538 1636 appareret
2577 1576 2821 1622 eventus.
2891 1567 3033 1639 Ergo
3064 1570 3209 1639 quod
3251 1571 3309 1625 in
3339 1572 3663 1628 Bethlehem

2082 1666 2415 1723 nasceretur,
2446 1658 2705 1726 oportuit,
2740 1657 2867 1726 quia
2899 1658 3050 1713 cibus
3098 1660 3354 1726 caelestis,
3396 1663 3464 1718 de
3509 1665 3665 1718 uelis

2084 1750 2151 1804 ad
2188 1757 2360 1804 terras
2384 1749 2549 1805 venit.
2595 1749 2906 1805 Bethlehem
2945 1750 3139 1821 quippe
3169 1753 3362 1809 domus
3387 1754 3549 1823 panis
3576 1755 3661 1807 di-

402 1850 686 1894 monstrat.
722 1861 741 1893 )
798 1838 1063 1897 Caeterum
1105 1844 1169 1897 de
1214 1846 1450 1913 pondere
1491 1848 1811 1905 aestimando
1847 1851 1977 1905 deli—

2081 1840 2241 1894 citur.
2282 1839 2349 1893 Et
2382 1838 2631 1893 Salvator
2671 1840 2738 1895 de
2779 1855 2838 1894 se
2878 1840 2995 1909 ipso
3022 1819 3193 1896 dixit:
3228 1842 3343 1914 Ego
3368 1819 3485 1898 sum
3508 1849 3663 1915 panis

399 1939 642 1997 ctorum,
694 1932 991 1987 sacerdotis
1045 1943 1129 1989 est
1174 1932 1454 2001 judicare,
1517 1946 1576 1992 ut
1624 1942 1864 1995 attendat
1912 1944 1979 1998 ad

397 2020 790 2077 confessionem
823 2024 1160 2093 paenitentis,
1203 2033 1258 2080 et
1295 2026 1363 2079 ad
1406 2025 1566 2082 ﬂetus
1595 2037 1758 2099 atque
1800 2030 1866 2084 ad
1902 2031 1980 2085 la-

397 2129 612 2186 crymas
660 2116 1040 2186 corrigendas;
1089 2132 1152 2171 ac
1203 2126 1316 2171 tum
1358 2118 1550 2188 jubere
1595 2122 1814 2188 dimitti,
1855 2140 1977 2179 cum

358 2268 361 2271 Α
394 2203 589 2259 viderit
620 2219 909 2274 congruam
949 2206 1394 2263 satisfactionem.
1428 2209 1570 2266 Sane
1598 2213 1644 2267 si
1672 2214 1794 2283 quis
1822 2217 1978 2286 aegri-

396 2295 635 2350 tudinem
686 2297 957 2364 inciderit,
1011 2308 1173 2369 atque
1212 2316 1384 2371 usque
1426 2304 1494 2357 ad
1543 2306 1975 2375 desperationem

397 2386 695 2454 devenerit,
741 2390 791 2443 ei
835 2399 920 2445 est
964 2393 1090 2471 ante
1121 2400 1332 2463 tempus
1360 2396 1572 2464 pascha:
1604 2398 1972 2467 relaxandum,

395 2490 465 2531 ne
501 2477 566 2532 de
604 2479 801 2534 saeculo
851 2481 1054 2551 absque
1106 2485 1488 2541 communione
1533 2471 1792 2544 discedat.
1860 2491 1975 2548 Hoc

397 2587 527 2643 ergo
585 2582 710 2630 ante
760 2578 939 2631 omnia
987 2581 1287 2635 cavendum
1335 2591 1433 2646 est,
1490 2598 1559 2637 ne
1612 2583 1667 2637 in
1717 2585 1975 2640 extremis

395 2666 716 2736 poenitentia
745 2677 799 2723 et
840 2671 1210 2727 reconciliatio
1252 2671 1568 2744 denegetur,
1598 2689 1667 2728 ne
1696 2674 1752 2727 in
1783 2675 1973 2744 despe«

396 2757 606 2813 ratione
639 2768 848 2829 pereat,
881 2761 1008 2830 quia
1039 2762 1211 2831 pietas
1245 2764 1629 2834 omnipotentis
1665 2763 1761 2819 Dei
1800 2764 1867 2818 ad
1915 2779 1975 2819 se

393 2849 587 2916 quovis
616 2856 855 2919 tempore
882 2853 1229 2908 coneurrenti
1254 2869 1571 2910 succurrere
1593 2854 1757 2920 valet,
1789 2862 1845 2909 et
1871 2869 1969 2924 pe-

394 2940 722 2995 riclitantem
753 2942 852 2997 sub
877 2958 1041 2999 onere
1077 2954 1423 3014 peccatorum
1458 2956 1639 3017 potest
1666 2947 1967 3003 sublevare.

394 3027 716 3087 Perdidisset
757 3032 896 3089 latro
927 3036 982 3090 in
1020 3052 1180 3091 cruce
1206 3039 1484 3107 praemium
1518 3040 1585 3094 ad
1612 3038 1814 3094 Christi
1840 3041 1971 3095 dex-

2077 1932 2254 1997 vivus,
2292 1932 2382 2002 qui
2427 1931 2491 1984 de
2529 1930 2653 1984 caelo
2697 1930 2937 1984 descendi
2978 1930 3160 2001 (Joan.
3193 1931 3289 2002 γι).
3329 1934 3477 2005 Ergo
3499 1934 3664 1989 Beth-

2078 2021 2254 2077 lehem
2275 2035 2402 2076 vere
2443 2022 2633 2076 domus
2659 2020 2815 2089 panis
2848 2030 2954 2087 est,
2985 2022 3108 2090 quia
3138 2021 3387 2080 Christus
3414 2026 3580 2080 homo
3606 2027 3664 2081 in

2076 2128 2138 2168 ea
2174 2114 2324 2169 nasci
2360 2113 2612 2182 dignatus
2650 2123 2768 2169 est:
2798 2114 2953 2183 panis
2982 2114 3232 2171 videlicet
3273 2117 3418 2181 vita),
3461 2119 3530 2173 de
3556 2133 3667 2188 quo

2077 2209 2168 2279 qui
2204 2208 2628 2273 manducaverit,
2660 2208 2807 2262 vivet
2840 2208 2895 2262 in
2930 2215 3214 2263 aeternum.
3246 2209 3325 2264 Ex
3367 2210 3473 2266 hac
3497 2213 3663 2267 etiam

2076 2312 2241 2353 causa
2266 2297 2534 2352 credimus
2562 2296 2617 2349 in
2648 2296 2887 2351 Ecclesia
2916 2298 3061 2352 hunc
3088 2312 3294 2353 morem
3341 2298 3662 2366 inolevisse,

2075 2398 2135 2443 ut
2177 2390 2232 2443 in
2275 2405 2336 2443 ea
2380 2399 2538 2445 nocte
2585 2406 2691 2459 qua
2723 2388 2970 2445 Christus
3018 2391 3260 2446 creditur
3310 2406 3433 2446 esse
3477 2403 3659 2460 natus,

2072 2497 2232 2538 sacra
2281 2483 2568 2537 missarum
2611 2482 2874 2537 solemnia
2924 2483 3288 2549 celebrantur,
3331 2492 3393 2538 ut
3433 2500 3497 2539 ea
3525 2486 3662 2540 hora

2076 2574 2261 2629 ﬁdeles
2306 2575 2506 2644 quique
2549 2574 2948 2630 sacramentum
2999 2576 3240 2645 corporis
3289 2584 3345 2630 et
3380 2578 3662 2647 sanguinis

2073 2666 2275 2722 Christi
2322 2668 2696 2737 perciperent,
2764 2683 2868 2737 qua
2925 2683 3049 2723 eum
3091 2668 3232 2722 inter
3271 2669 3522 2724 homines
3555 2670 3661 2723 mi-

2077 2756 2426 2811 sericorditer
2454 2766 2639 2811 natum
2686 2757 2906 2812 scirent.
2937 2755 3102 2825 Cujus
3131 2766 3313 2812 tamen
3339 2758 3664 2813 celebratio-

2074 2849 2179 2915 nis,
2216 2848 2580 2918 Telesphorus
2608 2863 2746 2918 papa
2773 2847 2911 2918 apud
2938 2848 3211 2904 Romanos
3235 2848 3444 2918 primus
3471 2857 3662 2902 auctor

2071 2941 2268 3013 legitur
2316 2940 2607 2996 exstitisse.
2637 2939 2772 2995 Nam
2812 2939 2955 3011 quod
3008 2940 3063 2993 in
3106 2938 3376 2994 Nazareth
3421 2938 3665 2994 nutritus

2071 3041 2210 3098 erat,
2243 3048 2308 3087 ea
2334 3046 2498 3086 causa
2526 3030 2651 3095 fuit,
2679 3038 2739 3085 ut
2767 3030 2894 3100 quia
2926 3028 3195 3084 Nazareth
3224 3027 3323 3083 ﬂos
3352 3028 3469 3083 sive
3497 3044 3664 3083 mun-

397 3127 567 3174 teram
597 3125 857 3191 pendens,
891 3127 938 3180 si
976 3127 1125 3181 illum
1170 3128 1329 3183 unius
1349 3129 1495 3183 horae
1514 3130 1830 3198 pmnitentia
1861 3146 1971 3186 non
1998 3168 2045 3233 C
2075 3123 2207 3177 ditia
2236 3123 2886 3233 ἱοῑθνρΐθιξθιυΐνηωῐςιΐηίξδ
2909 3118 3310 3225 ιξιπὶιιιιίερἱιιε
3332 3119 3498 3233 ipde
3521 3120 3668 3223 έκεῖ-

389 3210 640 3280 iuvisset,
669 3229 792 3268 cum
830 3226 973 3272 esset
1013 3218 1067 3273 in
1094 3234 1253 3290 poma
1289 3220 1561 3288 pmnituit,
1602 3229 1656 3274 et
1685 3237 1782 3290 per
1814 3223 1973 3277 unius

398 3303 665 3359 sermonis
710 3305 1124 3376 professionem,
1173 3310 1538 3366 habitaculum
1579 3312 1815 3381 paradisi
1842 3312 1975 3383 (Deo

395 3395 764 3467 promittente)
797 3402 1114 3469 promeruit.
1142 3403 1281 3457 Vera
1311 3418 1440 3474 ergo
1468 3404 1535 3458 ad
1562 3404 1731 3459 Deum
1758 3418 1979 3459 conver-

395 3486 479 3539 sio
508 3486 564 3539 in
586 3488 792 3544 ultimis
817 3493 1117 3561 positorum
1143 3503 1324 3551 mente
1348 3496 1528 3566 potius
1551 3505 1634 3551 est
1660 3497 1978 3552 aestimanda

396 3589 560 3643 quam
601 3584 861 3648 tempore,
893 3583 1157 3653 propheta
1182 3584 1286 3639 hoc
1320 3584 1477 3639 aliter
1506 3595 1820 3641 asserente:
1845 3584 1978 3639 Cum

396 3681 690 3733 conversus,
720 3670 916 3740 inquit,
946 3674 1277 3744 ingemueris,
1315 3685 1437 3729 tunc
1474 3672 1647 3729 salvus
1678 3675 1800 3731 eris.

413 3778 416 3780 ‘
951 3754 1179 3822 CAPUT
1226 3766 1417 3821 XXXI.

862 3855 937 3910 De
966 3854 1256 3912 Nativitate
1283 3858 1512 3914 Domini.

467 3940 677 3999 Natalis
690 3944 901 4001 Domini
924 3947 1038 4003 dies
1063 3962 1127 4002 ea
1160 3949 1226 4003 de
1252 3965 1412 4005 causa
1445 3949 1757 4008 a.Patribus
1783 3952 1980 4008 votivae

398 4032 759 4089 solemnitatis
796 4036 1076 4093 institutus
1120 4047 1221 4103 est,
1264 4041 1389 4109 quia
1426 4041 1481 4095 in
1508 4056 1573 4097 eo
1599 4041 1849 4099 Christus
1879 4060 1978 4114 pro

399 4127 771 4196 redemptione
811 4129 997 4184 mundi
1034 4132 1185 4186 nasci
1233 4134 1588 4202 corporaliter
1624 4135 1815 4202 voluit,
1850 4150 1979 4206 pro-

401 4215 554 4269 diens
583 4231 652 4269 ex
681 4216 920 4288 Virginis
950 4227 1126 4286 utero,
1157 4221 1250 4290 qui
1279 4230 1396 4277 erat
1425 4223 1479 4277 in
1504 4222 1683 4278 Patris
1717 4225 1975 4294 imperio:

400 4306 554 4376 cujus
609 4310 871 4377 susceptae
919 4312 1100 4367 carnis
1153 4327 1317 4369 causa
1364 4315 1481 4370 haec
1522 4323 1642 4371 est:
1684 4314 1977 4384 Postquam

399 4394 545 4448 enim
584 4395 787 4450 invidia
834 4397 1031 4453 diaboli
1068 4415 1265 4470 parens
1314 4401 1403 4456 ille
1438 4402 1646 4472 primus
1694 4418 1787 4472 spe
1813 4403 1973 4458 sedu-

2078 3222 2268 3280 steret,
2300 3228 2424 3269 cum
2465 3211 2622 3268 ﬂoret
2650 3211 2797 3267 ﬂoris
2850 3212 3017 3280 ipsius
3046 3211 3249 3274 nutrix,
3276 3211 3368 3279 qui
3408 3211 3476 3266 de
3511 3211 3669 3282 virga

2078 3306 2279 3361 radicis
2305 3304 2456 3360 Iesse
2500 3303 2819 3369 ascendens,
2868 3301 3238 3373 septiformem
3271 3300 3663 3371 Spiritum-ha-

2078 3396 2253 3462 beret,
2287 3404 2344 3450 et
2379 3404 2639 3467 perpetua
2675 3394 2911 3466 puritate
2964 3391 3212 3461 insignis,
3255 3391 3451 3447 merito
3487 3389 3668 3446 Nau-

2078 3504 2240 3555 rteus,
2266 3489 2412 3558 quod
2447 3496 2533 3543 est
2558 3487 2812 3552 mundus,
2839 3492 3147 3540 vocaretur.

2631 3577 2856 3634 CAPUT
2895 3577 3111 3632 XXXII.

2544 3670 2625 3725 De
2657 3670 2935 3741 epiphania
2969 3668 3197 3722 Domini.

2148 3761 2578 3834 Epiphaniarum
2633 3758 2862 3830 proinde
2933 3756 3071 3813 festa
3151 3755 3492 3812 solemnitate
3559 3753 3667 3808 viri

2079 3853 2363 3926 apostolici
2405 3853 2772 3923 signaverunt,
2802 3849 2926 3921 quia
2955 3848 3010 3903 in
3039 3863 3105 3904 eo
3126 3855 3209 3903 est
3236 3845 3483 3916 proditus
3510 3843 3668 3899 stella

2082 3944 2352 4010 Salvator,
2375 3944 2591 4014 quando
2634 3942 2777 4014 magi
2804 3940 3079 3998 Christum
3124 3940 3178 3994 in
3209 3953 3448 4009 praesepe
3475 3936 3666 4005 jacen-

2079 4050 2189 4095 tem
2238 4038 2601 4093 adoraverunt
2655 4050 2802 4101 eum,
2853 4033 3142 4090 oﬂ‘erentes
3202 4031 3252 4088 ei
3302 4029 3667 4099 competentia

2081 4145 2308 4186 munera
2335 4129 2638 4195 Trinitatis,
2689 4143 2900 4196 aurum,
2932 4128 3078 4194 thus,
3122 4134 3177 4182 et
3218 4125 3522 4198 myrrham,
3552 4123 3667 4194 regi

2084 4224 2194 4279 Deo
2243 4232 2406 4299 atque
2450 4238 2698 4294 passuro.
2756 4221 2883 4276 Ideo
2928 4236 3057 4293 ergo
3106 4220 3250 4275 diem
3289 4219 3436 4274 hunc
3482 4231 3663 4271 annua

2081 4313 2397 4369 celebritate
2441 4319 2808 4373 sacraverunt,
2842 4320 2901 4365 ut
2927 4310 3158 4365 mundus
3196 4315 3453 4381 agnoscat
3482 4305 3667 4360 Domi-

2080 4418 2230 4468 num,
2258 4418 2419 4473 quem
2443 4403 2705 4456 elementa
2738 4400 2950 4455 coalitus
2976 4398 3342 4470 prodiderunt.
3384 4396 3663 4466 Siquidem

400 4494 520 4542 ctus
562 4487 711 4543 inani
754 4491 968 4557 cecidit,
1017 4493 1302 4550 confestim
1349 4494 1502 4549 exsul
1549 4503 1605 4549 et
1632 4494 1875 4565 perditus
1922 4495 1978 4550 in
2002 4523 2057 4584 Β
2082 4495 2274 4551 eodem
2308 4494 2395 4549 die
2434 4493 2579 4548 idem
2607 4492 2763 4547 Jesus
2799 4491 2964 4546 etiam
2998 4489 3247 4545 Iordanis
3297 4488 3514 4584 lavacrq
3554 4486 3663 4584 tin-

353 4580 359 4653 ς
401 4580 547 4634 omni
577 4596 775 4651 genere
808 4599 926 4650 suo,
956 4585 1192 4641 radicem
1229 4587 1445 4641 malitia:
1474 4595 1530 4642 et
1557 4587 1766 4659 peccati
1801 4595 1978 4646 trans-

400 4672 589 4729 duxit:
630 4677 1012 4748 crescebatque
1048 4679 1104 4733 in
1149 4679 1348 4734 malum
1392 4679 1766 4736 vehementius
1818 4694 1981 4737 omne

399 4777 567 4833 genus
614 4767 919 4821 mortalium
944 4807 958 4832 ,
1013 4768 1219 4825 diﬂ'usis
1268 4770 1464 4839 ubique
1519 4770 1835 4837 sceleribus,
1891 4779 1978 4838 et,

399 4856 543 4926 quod
566 4866 649 4912 est
677 4860 921 4927 nequius,
946 4861 1186 4914 omnium
1216 4861 1450 4918 cultibus
1474 4863 1755 4918 idolorum.
1783 4862 1982 4920 Volens

398 4960 527 5016 ergo
550 4947 691 5003 Deus
714 4950 1005 5004 terminare
1026 4960 1328 5019 peccatum,
1349 4953 1821 5019 consuluitverbo,
1839 4954 1975 5025 lege,

397 5039 694 5109 prophetis,
730 5039 916 5111 signis,
943 5041 1137 5112 plagis,
1159 5042 1436 5113 prodigiis.
1478 5041 1585 5098 Sed
1619 5059 1741 5097 cum
1768 5058 1870 5098 nec
1899 5043 1979 5098 sic

399 5130 616 5200 quidem
644 5145 857 5184 errores
883 5144 1010 5185 suos
1035 5131 1340 5188 admonitus
1374 5140 1696 5205 agnosceret
1719 5132 1974 5201 mundus,

398 5224 547 5279 misit
593 5223 736 5277 Deus
762 5222 956 5278 Filium
1006 5240 1184 5291 suum,
1234 5232 1291 5279 ut
1343 5239 1561 5280 carnem
1608 5226 1872 5291 indueret,
1925 5234 1982 5282 et

399 5311 654 5367 omnibus
691 5322 996 5381 appareret,
1035 5324 1090 5369 et
1117 5323 1431 5386 peccatores
1459 5324 1695 5373 sanaret.
1727 5316 1830 5385 Qui
1856 5316 1978 5375 ideo

400 5404 458 5458 in
486 5402 707 5457 homine
741 5405 909 5471 venit,
941 5407 1068 5476 quia
1119 5423 1218 5478 per
1262 5407 1499 5478 seipsum
1553 5408 1620 5463 ab
1668 5409 1979 5466 hominibus

398 5492 653 5563 cognosci
694 5508 801 5548 non
848 5496 1043 5564 potuit.
1084 5495 1155 5553 Ut
1196 5507 1374 5553 autem
1416 5497 1711 5567 videretur,
1754 5497 1977 5555 Verbum

400 5598 524 5636 caro
551 5584 749 5653 factum
780 5594 875 5651 est,
912 5589 1234 5642 assumendo
1278 5603 1516 5656 carnem,
1557 5606 1665 5647 non
1710 5599 1978 5647 mutatum

401 5674 457 5727 in
484 5688 723 5730 carnem.
753 5676 1061 5747 Assumpsit
1091 5681 1234 5734 enim
1262 5680 1811 5749 humanitatem,.non
1841 5682 1978 5736 ami-

402 5770 472 5824 sit
516 5770 884 5839 divinitatem;
937 5772 1010 5827 ita
1064 5773 1205 5830 idem
1245 5775 1385 5831 Deus
1421 5783 1475 5831 et
1511 5777 1656 5834 idem
1696 5776 1888 5839 homo,
1922 5775 1975 5830 in

2083 4586 2259 4659 gitur;
2299 4585 2576 4654 divisoque
2621 4583 2757 4639 caelo
2792 4582 3025 4653 Spiritus
3069 4581 3240 4636 sancti
3287 4576 3665 4633 descendentis

2084 4677 2394 4735 testimonio
2438 4677 2533 4732 Dei
2590 4692 2709 4732 esse
2741 4674 2912 4730 Filius
2962 4672 3287 4730 declaratur.
3346 4668 3509 4737 Cujus
3559 4667 3665 4722 diei

2081 4784 2278 4826 nomen
2325 4785 2395 4825 ex
2437 4783 2503 4824 eo
2547 4767 2689 4838 quod
2743 4764 2989 4837 apparuit
3034 4763 3312 4834 gentibus,
3363 4758 3663 4830 Epiphania

2086 4868 2447 4932 nuncupatur.
2472 4859 2769 4929 Epiphania
2795 4855 3161 4923 enim,Gr:ece
3188 4854 3464 4925 ἕπιφὰνεια,
3498 4865 3662 4920 appa-

2086 4953 2214 5009 ritio
2242 4953 2327 5008 vel
2355 4951 2594 5008 ostensio
2622 4951 2838 5005 dicitur.
2870 4949 3067 5004 Tribus
3096 4962 3224 5017 ergo
3252 4961 3319 5000 ex
3363 4943 3542 5000 causis
3577 4942 3664 4995 hic

2087 5045 2202 5100 dies
2230 5046 2334 5099 hoc
2358 5042 2675 5099 vocabulum
2709 5040 2957 5110 sumpsit.
2988 5038 3112 5094 Sive
3140 5036 3282 5107 quod
3325 5044 3451 5089 tunc
3481 5034 3536 5088 in
3562 5032 3662 5087 ba-

2084 5134 2279 5203 ptismo
2324 5148 2422 5187 suo
2456 5131 2704 5187 Christus
2750 5130 2960 5202 p0pulis
3013 5128 3177 5182 fuerit
3219 5134 3502 5187 ostensus,
3551 5123 3665 5177 sive

2081 5225 2225 5295 quod
2266 5238 2330 5279 ea
2369 5225 2454 5279 die
2494 5224 2686 5280 sideris
2727 5232 2849 5277 ortu
2898 5221 3069 5291 magis
3104 5227 3186 5275 est
3226 5217 3504 5289 proditus;
3552 5215 3667 5268 sive

2079 5314 2221 5386 quod
2257 5314 2432 5385 primo
2463 5314 2616 5385 signo
2653 5328 2751 5382 per
2778 5326 2974 5381 aquam
3014 5310 3070 5363 in
3100 5309 3283 5362 vinum
3320 5318 3656 5367 conversam,

2080 5406 2265 5461 multis
2293 5416 2376 5461 est
2402 5405 2794 5460 manifestatus.
2824 5403 2958 5457 lllud
2985 5410 3166 5455 tamen
3192 5397 3496 5463 sciendum,
3520 5394 3663 5465 quod

2082 5496 2209 5552 licet
2235 5512 2299 5551 ea
2326 5496 2413 5551 die
2441 5494 2739 5565 baptismus
2765 5492 2990 5555 Christi,
3028 5506 3060 5544 a
3088 5488 3294 5544 Joanne
3326 5487 3441 5542 ﬁeri
3472 5484 3661 5540 creda-

2086 5597 2200 5649 tur,
2232 5585 2536 5642 univcrsale
2562 5594 2740 5640 tamen
2767 5583 3035 5652 baptisma
3067 5579 3331 5636 celebrari
3369 5578 3423 5632 in
3451 5591 3538 5639 ea,
3575 5588 3665 5628 ca-

2081 5680 2274 5736 nonica
2332 5677 2652 5734 contradicit
2706 5673 3017 5730 auctoritas.
3041 5671 3259 5727 Paschae
3278 5684 3408 5740 ergo
3452 5674 3665 5734 tempus

2079 5773 2452 5829 tantummodo
2494 5779 2549 5826 et
2580 5771 2953 5834 Pentecostes,
3012 5766 3080 5822 ad
3124 5767 3226 5821 hoc
3275 5764 3344 5819 ab
3404 5757 3665 5833 apostolis
