3970 6454
262 381 373 438 345

1052 377 1139 434 DE
1179 374 1621 433 CLERICORUM
1659 372 2166 443 INSTITUTIONE,
2206 374 2361 432 ETC.
2401 407 2472 417 —
2506 376 2635 433 LIB.
2673 379 2742 435 II.

3414 394 3519 451 346

259 499 317 545 et
353 488 661 562 apostolicis
685 489 818 545 viris
865 489 1160 556 decretum,
1188 490 1432 545 Romana
1484 489 1718 544 custodit
1743 489 1839 543 Ec-
1863 490 1918 549 A
1940 486 2277 542 suetudinem
2306 490 2441 545 bene
2468 494 2698 547 mutavit
2725 492 3033 553 Christiana
3062 499 3279 573 religio,
3309 518 3432 560 cum
3460 510 3518 566 in

257 578 427 635 clesia
452 598 465 632 :
491 595 611 648 quae
636 579 885 634 videlicet
910 580 1015 634 duo
1044 588 1285 650 tempora
1312 581 1379 635 ad
1406 580 1510 635 hoc
1536 587 1837 650 opportuna

255 683 403 737 esse,
450 668 652 725 Christi
682 670 893 725 Domini
946 671 1114 725 nostri
1162 686 1191 724 a
1224 672 1449 727 mortuis
1489 673 1834 738 resurrectio,

255 769 316 815 et
340 758 575 829 Spiritus
618 768 787 815 sancti
838 776 999 830 super
1047 761 1373 831 primitivam
1417 762 1714 817 Ecclesiam
1745 762 1835 816 de-

256 849 430 906 clarat
460 852 739 906 adventus.
784 850 1090 923 Quicunque
1118 869 1239 923 ergo
1277 852 1377 923 (ait
1402 852 1712 923 Apostolus)
1743 851 1835 907 ba-

254 941 442 1010 ptizati
482 958 663 996 sumus
709 942 765 995 in
794 939 999 995 Christo
1026 941 1154 996 Jesu
1192 943 1247 996 in
1273 952 1439 997 morte
1467 944 1633 1013 ipsius
1663 943 1833 1012 bapti-

256 1033 366 1087 ιαιὶ
401 1048 601 1097 sumus,
632 1042 739 1087 etc.
779 1032 948 1102 (Rom.
980 1033 1079 1105 vr).
1126 1032 1193 1088 Et
1224 1032 1473 1088 Salvator
1507 1050 1831 1090 ascensurus

253 1122 311 1177 in
336 1121 553 1188 caelum,
579 1122 849 1193 Apostolis
871 1125 1007 1179 dixit
1028 1138 1042 1178 :
1063 1123 1295 1179 Joannes
1320 1125 1527 1195 quidem
1554 1114 1830 1195 baptizavit

253 1231 428 1282 aqua;
466 1232 552 1269 vos
591 1226 766 1270 autem
808 1217 1197 1288 baptizabimini
1241 1215 1441 1288 Spiritu
1483 1227 1683 1285 sancto,
1725 1234 1827 1273 non

250 1316 369 1377 post
394 1306 584 1362 multos
609 1309 704 1363 hos
734 1309 846 1363 dies
870 1309 1008 1381 (Act.
1050 1309 1112 1382 ι).

789 1398 1017 1456 CAPUT
1055 1400 1290 1455 XXXIII.

780 1491 857 1546 De
894 1490 1289 1563 Puriﬁcatione.

318 1577 718 1637 Puriﬁcationis
754 1596 882 1654 ergo
926 1585 1116 1639 matris
1163 1584 1377 1641 Domini
1421 1592 1653 1657 tempus,
1700 1596 1824 1659 post

243 1669 360 1724 dies
403 1671 758 1750 quadraginta
801 1688 832 1727 a
857 1675 1137 1730 nativitate
1182 1675 1297 1744 ejus
1344 1677 1665 1746 celebratur,
1694 1682 1820 1750 quia

241 1775 313 1814 ex
334 1761 466 1832 legis
490 1748 760 1835 praecepto
793 1765 896 1820 hoc
933 1774 1142 1837 tempus
1173 1776 1431 1824 statutum
1456 1778 1539 1826 est
1562 1748 1820 1841 parienti-

1937 596 2124 636 mense
2173 584 2382 647 eodem,
2431 585 2517 640 die
2563 595 2761 642 sanctae
2812 589 3023 659 Mariae,
3073 594 3225 664 plebs
3262 599 3515 659 universa

1936 688 2059 729 cum
2110 677 2480 732 sacerdotibus
2514 694 2578 733 ac
2604 681 2886 749 ministris,
2916 685 3154 756 hymnis,
3192 692 3517 750 modulatio—

1932 765 2091 821 nibus
2129 766 2354 833 devotis,
2386 783 2483 838 per
2519 770 2796 839 ecclesias,
2841 789 3042 846 perque
3091 793 3327 851 congrua
3363 785 3513 844 urbis

1932 855 2051 911 loca
2080 858 2341 927 procedit,
2384 859 2647 932 datosque
2681 878 2713 917 a
2740 866 2994 935 pontiﬁce
3034 872 3212 926 cuncti
3240 887 3427 930 cereos
3453 876 3509 932 in

1931 947 2178 1013 manibus
2202 958 2414 1020 gestant
2441 955 2691 1010 ardentes
2734 975 2746 1010 :
2791 974 2897 1012 non
2924 961 3110 1032 utique
3141 963 3196 1018 in
3234 964 3510 1024 lustratio-

1932 1053 2054 1092 nem
2086 1043 2359 1098 terrestris
2400 1045 2608 1114 imperii
2647 1049 3068 1121 quinquennem,
3101 1058 3194 1111 sed
3234 1058 3287 1112 in
3313 1074 3507 1129 peren-

1928 1142 2052 1183 nem
2084 1132 2233 1202 regni
2267 1133 2506 1190 cmlestis
2533 1139 2867 1205 memoriam,
2899 1144 3113 1212 quando
3156 1147 3310 1216 juxta
3347 1165 3507 1219 para-

1927 1220 2106 1276 bolam
2147 1224 2416 1296 virginum
2450 1229 2816 1298 prudentium,
2858 1249 3046 1290 omnes
3080 1236 3234 1293 electi
3279 1239 3505 1294 lucenti-

1924 1313 2028 1369 bus
2055 1314 2317 1370 bonorum
2338 1332 2560 1387 operum
2587 1319 2939 1392 lampadibus,
2970 1327 3185 1381 obviam
3213 1344 3412 1399 sponso
3437 1347 3503 1389 ac

1925 1407 2035 1477 regi
2067 1422 2166 1462 suo
2193 1408 2492 1476 venientes;
2516 1427 2641 1467 mox
2669 1428 2794 1469 cum
2823 1430 2887 1471 eo
2913 1417 2985 1471 ad
3008 1418 3225 1489 nuptias
3254 1436 3502 1490 superna:

1923 1495 2159 1553 civitatis
2187 1497 2482 1556 intrabunt.

2448 1592 2675 1651 CAPUT
2720 1596 2961 1655 XXXIV.

1920 1680 2000 1737 De
2025 1681 2436 1755 Septuagesima,
2475 1697 2524 1742 et
2563 1688 2921 1761 Sexagesima,
2951 1700 3000 1746 et
3030 1693 3493 1767 Quinquagesima.

1990 1773 2067 1829 De
2111 1772 2517 1846 Septuagesima
2563 1795 2775 1850 quoque
2816 1789 2870 1836 et
2914 1781 3280 1854 Sexagesima,
3332 1786 3501 1853 Quin-

243 1851 346 1907 bus
392 1853 627 1921 feminis,
658 1871 766 1925 quo
792 1857 1066 1927 puriﬁcari
1110 1861 1385 1938 deberent.
1436 1859 1712 1933 Scriptum
1736 1871 1821 1919 est
1846 1887 1895 1946 Β
1923 1868 2235 1937 quagesima
2282 1876 2443 1938 atque
2481 1870 2925 1943 Quadragesima,
2963 1851 3499 1934 cur-Dominici-dies

240 1943 391 1998 enim
439 1946 494 1999 in
537 1946 675 2002 libro
707 1947 964 2015 Levitico,
1010 1950 1151 2021 quod
1182 1953 1440 2009 Dominus
1475 1969 1573 2024 per
1601 1953 1817 2028 Moysen

237 2038 585 2095 mandaverit
616 2041 795 2109 Israel,
836 2052 898 2099 ut
945 2045 1139 2100 mulier
1165 2062 1285 2116 qua:
1330 2049 1385 2103 in
1433 2058 1686 2120 suscepto
1734 2067 1818 2107 se-

237 2128 392 2183 mine
417 2139 632 2198 pareret
658 2135 973 2202 masculum,
994 2136 1270 2193 immunda
1296 2148 1441 2195 esset
1470 2149 1676 2211 septem
1704 2142 1816 2197 die-

236 2222 359 2289 bus,
391 2231 446 2278 et
475 2225 564 2279 die
590 2235 779 2282 octava
818 2230 1297 2287 circumcideretur
1333 2232 1661 2301 infantulus;
1702 2236 1818 2305 ipsa

236 2328 370 2369 vero
412 2317 635 2387 triginta
680 2330 912 2390 quatuor
951 2324 1140 2380 diebus
1187 2335 1433 2382 maneret
1468 2327 1523 2382 in
1558 2329 1819 2397 sanguine

234 2405 633 2473 purificationis
684 2425 815 2468 suae.
877 2412 1046 2470 Omne
1091 2425 1333 2472 sanctum
1388 2433 1496 2473 non
1548 2426 1815 2491 tangeret,

234 2510 339 2551 nec
381 2497 756 2568 ingrederetur
804 2507 1200 2574 sanctuarium,
1253 2509 1423 2565 donec
1465 2510 1816 2581 implerentur

234 2585 354 2641 dies
378 2591 715 2658 purgationis
739 2596 875 2666 ejus.
929 2590 1022 2652 Sin
1068 2607 1248 2654 autem
1286 2599 1541 2655 feminam
1578 2612 1815 2672 pareret,

233 2676 512 2736 immunda
554 2694 700 2741 esset
740 2687 947 2745 duabus
991 2690 1446 2757 hebdomadibus,
1496 2701 1551 2747 et
1587 2694 1818 2763 quadra-

233 2767 385 2836 ginta
421 2786 483 2826 ac
516 2774 691 2834 tribus
717 2778 906 2835 diebus
935 2790 1176 2836 maneret
1205 2783 1259 2837 in
1285 2784 1544 2854 sanguine
1566 2786 1818 2854 puriﬁca-

232 2859 402 2915 tionis
430 2878 555 2919 suae.
594 2865 835 2939 Cumque
874 2871 1079 2943 impleti
1116 2884 1299 2928 essent
1327 2875 1443 2930 dies
1480 2878 1816 2947 purgationis

230 2951 374 3020 ejus,
398 2970 496 3023 pro
520 2956 630 3015 filio
654 2961 768 3015 sive
794 2960 902 3018 ﬁlia
932 2963 1166 3021 deferret
1190 2981 1389 3037 agnum
1421 2968 1731 3025 anniculum
1760 2971 1816 3026 in

231 3043 629 3116 holocaustum,
657 3058 713 3106 et
738 3053 945 3122 pullum
973 3056 1254 3125 columbae,
1283 3058 1397 3114 sive
1426 3068 1689 3116 turturem
1717 3077 1816 3132 pro

227 3145 476 3204 peccato.
508 3138 660 3207 Quod
698 3142 742 3197 si
780 3160 887 3200 non
932 3149 1168 3217 potuerit
1211 3153 1410 3222 tignum
1461 3152 1676 3219 offerre,
1727 3169 1816 3208 su-

1920 1966 2043 2014 ante
2083 1962 2545 2032 quadragesimale
2588 1963 2854 2033 jejunium
2901 1967 2979 2023 sic
3020 1970 3376 2039 appellentur,
3417 1971 3498 2027 di-

1918 2065 2074 2105 versa
2117 2052 2410 2108 multorum
2456 2056 2639 2125 opinio
2676 2065 2792 2123 est;
2832 2066 2887 2113 et
2935 2061 3055 2115 ideo
3081 2062 3333 2125 maxime,
3369 2063 3494 2133 quia

1919 2140 2037 2210 ipsa
2058 2142 2335 2198 Dominica
2365 2160 2486 2214 qua:
2517 2143 2919 2217 Septuagesima
2972 2149 3188 2216 dicitur,
3216 2161 3498 2222 septuage-

1919 2231 2055 2287 sima
2079 2232 2195 2288 dies
2225 2242 2349 2288 ante
2375 2235 2582 2290 Pascha
2613 2238 2915 2306 reperitur:
2939 2256 3041 2295 nec
3081 2255 3145 2296 ea
3175 2257 3295 2312 qua:
3323 2241 3495 2298 Sexa-

1918 2321 2144 2392 gesima,
2175 2325 2585 2395 sexagenarium
2628 2343 2913 2384 numerum
2948 2331 3165 2400 plenum
3208 2333 3372 2389 habet
3409 2350 3492 2391 us-

1917 2427 2022 2481 que
2070 2414 2126 2468 in
2150 2414 2377 2471 Pascha.
2420 2417 2555 2472 Nam
2601 2420 2691 2475 alii
2738 2421 3053 2490 simpliciter
3096 2432 3319 2478 narrant
3356 2424 3495 2481 hanc

1916 2501 2170 2560 Ecclesiae
2198 2521 2318 2562 esse
2340 2511 2803 2579 consuetudinem,
2831 2520 2888 2567 et
2910 2512 3153 2568 Romana
3178 2517 3496 2573 auctoritate

1916 2594 2082 2649 ritum
2129 2596 2288 2665 hujus
2331 2599 2610 2671 religionis
2654 2618 2772 2659 esse
2818 2603 3111 2667 ﬁrmatum.
3160 2606 3267 2661 Alii
3313 2608 3498 2663 dicunt

1917 2687 2060 2756 quod
2107 2690 2497 2758 synecdochice
2525 2678 2702 2748 totum
2749 2695 3055 2751 habendum
3094 2697 3165 2752 sit
3187 2697 3410 2765 dictum,
3442 2699 3496 2754 id

1915 2792 2001 2839 est
2034 2786 2126 2841 ubi
2162 2785 2336 2856 major
2362 2789 2427 2844 de
2454 2790 2654 2846 minori
2695 2808 2923 2847 numero
2950 2793 3158 2848 dierum
3201 2793 3493 2860 invenitur,

1916 2882 1975 2929 ut
2012 2882 2095 2931 est
2123 2876 2527 2949 Septuagesima
2565 2898 2629 2937 ac
2661 2881 3028 2953 Sexagesima,
3085 2884 3141 2940 id
3186 2892 3269 2940 est
3311 2900 3340 2939 a
3382 2893 3496 2941 toto

1914 2975 2127 3043 partem
2187 2970 2414 3043 intelligi
2461 2974 2677 3030 debere.
2734 2975 2836 3032 Ubi
2884 2991 3014 3031 vero
3067 2977 3265 3044 minor,
3309 2987 3369 3032 ut
3413 2986 3497 3033 est

1915 3057 2355 3132 Quadragesima,
2394 3079 2426 3118 a
2463 3076 2617 3135 parte
2648 3075 2816 3122 totum
2843 3068 3069 3140 intelligi
3093 3079 3361 3139 oportere.
3388 3070 3493 3125 Alii

1916 3165 2129 3221 quoque
2170 3154 2354 3210 nescio
2381 3171 2610 3224 quorum
2658 3174 2758 3214 ore
2793 3159 2939 3215 ducti
2986 3168 3320 3227 asseverant,
3349 3162 3491 3232 quod

228 3235 408 3282 meret
433 3230 567 3287 duos
597 3241 834 3292 turtures
860 3238 945 3294 vel
971 3240 1105 3297 duos
1132 3241 1306 3312 pullos
1335 3243 1612 3312 columbae,
1642 3262 1809 3302 unum
1838 3247 1883 3311 C
1914 3240 2214 3300 Orientales
2239 3247 2419 3315 populi
2448 3263 2641 3303 novem
2663 3249 3046 3317 hebdomadas,
3074 3258 3130 3306 et
3148 3251 3322 3307 Grzeci
3348 3230 3509 3318 octo,

229 3319 287 3373 in
328 3321 714 3393 holocaustum,
747 3339 801 3385 et
837 3331 1067 3388 alterum
1104 3349 1204 3403 pro
1244 3344 1489 3403 peccato,
1526 3348 1816 3409 oraretque

230 3425 337 3479 pro
365 3428 427 3469 ea
458 3419 729 3486 sacerdos,
764 3429 818 3475 et
858 3423 937 3478 sic
984 3425 1336 3485 mundaretur
1364 3425 1510 3497 (Leo.
1539 3426 1662 3501 ιιι).
1700 3429 1815 3485 Hac

225 3518 361 3573 ergo
405 3507 471 3563 de
528 3522 691 3567 causa
736 3521 938 3570 statuta
981 3516 1037 3570 in
1079 3517 1320 3573 Ecclesia
1371 3518 1636 3577 festivitas
1675 3522 1813 3589 haec,

226 3598 359 3666 quia
404 3611 632 3659 matrem
670 3606 881 3662 Domini
925 3612 1220 3666 secundum
1266 3612 1434 3680 legem
1485 3613 1540 3669 in
1584 3615 1688 3671 hac
1728 3618 1817 3674 die

226 3692 521 3746 constabat
547 3697 801 3765 purgari;
832 3698 928 3754 sed
960 3714 1068 3755 non
1102 3702 1244 3768 ideo,
1274 3705 1417 3774 quod
1447 3705 1626 3775 aliqua
1654 3706 1816 3779 legali

225 3785 552 3854 purgatione
582 3787 893 3857 indiguerit,
923 3807 1043 3861 quae
1064 3794 1350 3850 Dominum
1378 3798 1623 3868 gestabat
1654 3797 1809 3869 legis,

215 3876 326 3930 ’sed
354 3877 479 3945 quia
504 3877 660 3935 Jesus
702 3897 808 3937 non
846 3886 994 3940 venit
1026 3886 1199 3958 legem
1235 3888 1463 3956 solvere,
1509 3892 1603 3946 sed
1643 3893 1815 3947 adim-

226 3964 401 4034 pleie.
454 3963 613 4021 Venit
651 3984 779 4040 ergo
829 3983 1002 4029 mater
1036 3975 1245 4031 Domini
1304 3980 1373 4033 ad
1419 3980 1677 4050 templum
1730 3996 1816 4037 se-

224 4056 465 4111 cundum
503 4058 694 4131 legem,
729 4063 930 4121 ducens
972 4080 1154 4124 secum
1189 4085 1437 4140 puerum,
1471 4088 1534 4128 ac
1562 4072 1811 4129 deferens

225 4148 435 4204 hostias
473 4167 592 4221 quae
639 4152 725 4208 lex
764 4159 1039 4228 przecepit,
1071 4168 1131 4215 ut
1174 4162 1230 4217 in
1263 4164 1411 4220 nullo
1439 4166 1683 4234 patribus
1716 4166 1813 4222 fie-

223 4248 313 4293 ret
358 4239 656 4309 dissimilis,
690 4260 754 4300 ac
780 4246 909 4303 illud
938 4250 992 4303 in
1023 4266 1081 4306 se
1103 4253 1278 4321 primo
1305 4256 1634 4322 ostenderet,
1662 4257 1809 4327 quod

224 4330 488 4401 scriptum
511 4343 627 4389 est:
655 4335 864 4402 Quanto
897 4358 1116 4412 magnus
1137 4362 1212 4411 es,
1236 4346 1456 4401 humilia
1478 4357 1527 4402 te
1562 4349 1616 4402 in
1643 4350 1812 4403 omni-

224 4422 325 4477 bus
350 4423 541 4494 (Eccli.
571 4427 676 4499 ιιι).
724 4428 921 4487 Obvios
967 4434 1155 4490 habuit
1204 4437 1552 4508 grandmvum
1598 4437 1810 4495 Simeo-

221 4527 375 4579 nem,
407 4523 461 4568 et
484 4515 693 4573 Annam
724 4522 1016 4595 multorum
1058 4541 1321 4582 annorum
1346 4528 1584 4596 viduam,
1625 4538 1680 4585 et
1704 4546 1808 4585 cae-

1914 3340 1971 3388 et
1992 3333 2174 3389 Latini
2239 3345 2444 3407 septem
2482 3337 2730 3409 jejunare
2777 3340 3015 3407 soleant,
3057 3352 3112 3397 et
3151 3342 3221 3397 ob
3259 3342 3361 3397 hoc
3411 3343 3496 3398 his

1914 3427 2166 3484 omnibus
2192 3428 2419 3484 Alleluia
2448 3431 2670 3487 minime
2698 3432 2757 3488 in
2779 3432 3019 3489 Ecclesia
3046 3434 3231 3490 deberi
3260 3436 3491 3490 cantari.

1912 3518 2017 3574 Alii
2068 3520 2231 3575 etiam
2280 3536 2511 3591 quorum
2569 3523 2709 3578 ratio
2755 3539 2867 3594 prae
2914 3525 3126 3581 caeteris
3176 3525 3497 3582 laudabilior

1913 3610 2046 3665 mihi
2097 3626 2218 3667 esse
2257 3611 2488 3679 videtur,
2542 3613 2724 3669 dicunt
2773 3613 3238 3687 Septuagesimam
3291 3605 3493 3673 dictam

1914 3716 2034 3757 esse
2066 3711 2287 3773 propter
2310 3704 2496 3760 decem
2536 3705 2927 3773 hebdomadas,
2958 3723 3077 3778 quae
3116 3716 3244 3763 sunt
3277 3708 3345 3762 ab
3375 3708 3494 3777 ipso

1915 3792 2001 3848 die
2028 3810 2199 3863 usque
2238 3795 2307 3850 ad
2349 3795 2591 3850 clausum
2613 3795 2854 3864 Paschte,
2886 3813 2993 3867 quo
3020 3798 3107 3853 die
3143 3798 3263 3854 alba
3295 3798 3492 3853 tollun-

1912 3890 2002 3938 tur
2022 3884 2342 3939 vestimenta
2371 3901 2401 3940 a
2430 3900 2603 3956 nuper
2624 3886 2932 3956 haptizatis.
2964 3886 3130 3958 Igitur
3153 3889 3211 3942 in
3236 3887 3494 3957 Apostolo

1911 3974 2174 4046 legimus:
2204 3975 2455 4047 Regnavit
2484 3993 2623 4031 mors
2663 3978 2727 4032 ab
2752 3978 2923 4031 Adam
2951 3995 3114 4049 usque
3159 3979 3229 4032 ad
3254 3978 3490 4049 Moysen,

1911 4074 1959 4121 et
1994 4068 2069 4121 sic
2103 4084 2264 4139 usque
2301 4069 2370 4122 ad
2408 4068 2595 4123 ultima
2637 4069 2765 4140 legis
2800 4086 2918 4142 qua:
2960 4087 3052 4141 per
3087 4069 3307 4140 Moysen
3343 4070 3492 4136 data,

1910 4157 2141 4211 decurrit
2186 4159 2242 4212 in
2283 4156 2478 4213 Christi
2520 4160 2619 4214 Dei
2666 4161 2830 4215 nostri
2876 4170 3109 4232 tempora
3165 4159 3363 4234 (Rom.
3398 4159 3493 4233 v).

1910 4247 2080 4304 Porro
2110 4250 2515 4321 Sexagesimam
2554 4252 2678 4308 inde
2708 4252 2815 4308 dici
2838 4268 3021 4324 posse,
3045 4253 3172 4322 quia
3215 4252 3498 4325 sexaginta

1912 4340 2026 4396 dies
2071 4351 2196 4396 sunt
2240 4359 2411 4413 usque
2465 4345 2533 4398 ad
2586 4345 2824 4400 medium
2863 4345 3122 4412 Paschte,
3186 4346 3328 4416 quod
3391 4347 3498 4399 erit

1907 4429 2044 4486 feria
2070 4441 2262 4502 quarta
2290 4434 2555 4504 paschalis
2584 4436 2956 4492 hebdomadis.
2984 4436 3497 4507 Quinquagesimam

1908 4535 2040 4576 vero
2071 4523 2175 4578 rite
2200 4524 2398 4597 dictam
2428 4539 2568 4592 esse,
2596 4542 2662 4582 eo
2686 4527 2830 4598 quod
2856 4527 2954 4582 tali
2988 4543 3217 4582 numero
3242 4528 3493 4597 pervenit

220 4612 370 4660 teras
396 4618 657 4676 personas
684 4612 740 4666 in
767 4612 869 4668 hoc
895 4630 1049 4671 sacro
1084 4618 1389 4673 ministerio
1419 4619 1654 4686 aﬁ‘uisse,
1686 4637 1806 4691 quae

1918 4626 2084 4683 usque
2114 4614 2169 4669 in
2206 4615 2348 4669 diem
2380 4625 2626 4671 sanctum
2657 4619 3087 4673 resurrectionis.
3112 4619 3495 4688 Quadragena~
3536 4691 3543 4698 .

218 4696 617 4754 benedixerunt
660 4708 717 4756 et
742 4702 1177 4773 gloriﬁcaverunt
1207 4709 1398 4774 Deum,
1439 4718 1495 4763 et
1534 4711 1703 4765 multa
1741 4713 1808 4767 de

216 4802 286 4842 co
327 4789 731 4859 vaticinavere,
792 4810 946 4851 sacer
982 4797 1257 4869 Evangelii
1305 4808 1488 4856 textus
1537 4802 1808 4858 luculento

217 4895 473 4936 sermone
498 4884 854 4941 demonstrat.
906 4886 987 4944 0b
1034 4890 1173 4946 hanc
1201 4892 1398 4962 quippe
1443 4908 1662 4949 causam
1706 4910 1804 4949 ea-

216 4972 344 5026 dem
392 4972 657 5031 festivitas
698 4977 972 5049 Hypante,
1010 4983 1238 5042 ύπαντή,
1280 4991 1643 5054 nuncupatur,
1674 4988 1800 5057 quia

214 5064 493 5136 praedictae
520 5082 764 5137 personae
806 5072 873 5126 ad
920 5072 1176 5143 templum
1208 5074 1421 5129 obviam
1461 5074 1677 5132 Christo
1712 5079 1807 5134 ad—

216 5166 510 5224 venerunt,
544 5159 736 5215 devoto
765 5161 926 5217 corde
951 5171 1008 5218 et
1032 5164 1315 5234 obsequio,
1338 5164 1614 5234 hypantao
1657 5168 1804 5222 enim

216 5244 415 5302 Graeco
444 5263 693 5307 sermone
730 5256 976 5311 ὑπαντάω
1005 5255 1224 5320 dicitur,
1255 5256 1399 5326 quod
1434 5257 1592 5314 obvio
1617 5259 1807 5316 Latine

218 5337 629 5407 interpretatur.
662 5342 758 5397 Est
782 5358 996 5413 quoque
1027 5344 1296 5400 festivitas
1321 5346 1437 5402 haec
1468 5345 1808 5404 Puriﬁcatim

218 5427 308 5483 nis
353 5429 646 5501 incipiente
685 5433 980 5490 Februario
1031 5451 1237 5504 mense,
1268 5436 1361 5507 qui
1405 5451 1435 5490 a
1479 5437 1712 5505 Februo,
1754 5439 1808 5494 id

215 5531 323 5587 est,
372 5522 628 5592 Plutone,
666 5527 757 5597 qui
814 5528 1193 5585 lustrationum
1246 5540 1436 5601 potens
1485 5546 1515 5585 a
1561 5532 1810 5603 gentibus

216 5614 564 5683 credebatur,
606 5619 682 5674 ita
721 5628 946 5677 vocatus
987 5631 1102 5687 est,
1149 5622 1479 5694 lustrarique
1519 5640 1584 5679 eo
1622 5641 1808 5683 mense

219 5706 362 5773 apud
386 5705 660 5766 Romanos
698 5710 972 5767 civitatem
1014 5714 1343 5769 consuetudo
1386 5722 1526 5781 erat,
1576 5714 1806 5784 utjusta

218 5794 330 5854 diis
354 5797 603 5859 Manibus
638 5802 995 5862 solverentur.
1042 5804 1149 5862 Sed
1189 5804 1328 5860 hanc
1365 5805 1627 5871 lustrandi
1672 5823 1805 5864 cou-

1914 4707 2055 4762 rium
2095 4711 2259 4764 etiam
2302 4726 2587 4767 numerum
2635 4713 2711 4767 ita
2765 4713 2837 4768 ibi
2871 4713 3126 4783 positum,
3178 4713 3321 4782 quod
3373 4727 3499 4767 cum

1918 4797 2199 4853 Dominica
2248 4815 2345 4854 sua
2394 4808 2687 4856 concurrat
2727 4803 2795 4857 ad
2843 4803 3132 4875 mysticum
3151 4802 3360 4858 Pascha
3392 4800 3499 4857 He—

1914 4887 2205 4955 braeorum,
2235 4889 2379 4959 quod
2404 4890 2665 4947 Dominus
2702 4900 2886 4947 noster
2912 4889 3068 4948 Jesus
3096 4892 3346 4948 Christus
3373 4906 3497 4946 cum

1913 4976 2190 5047 discipulis
2234 4980 2347 5035 suis
2393 4980 2725 5050 celebravit,
2771 4990 2827 5038 et
2868 5000 2971 5040 nos
3003 4984 3235 5039 dicimus
3274 4982 3496 5039 Coenam

1917 5067 2151 5123 Domini.
2183 5067 2289 5125 Sed
2315 5071 2431 5127 haec
2455 5073 2637 5127 omnia
2674 5088 2773 5129 nos
2802 5076 2878 5130 ita
2905 5074 2995 5130 hic
3026 5075 3327 5145 posuimus,
3359 5072 3498 5129 sicut

1913 5160 1968 5215 in
2017 5160 2245 5217 aliorum
2294 5164 2455 5219 dictis
2503 5162 2587 5219 vel
2632 5167 2847 5237 scriptis
2888 5166 3270 5235 comperimus,
3305 5166 3497 5222 lectori

1911 5255 2057 5310 viam
2099 5257 2312 5324 dantes,
2360 5260 2405 5314 si
2446 5276 2566 5331 quae
2608 5262 2857 5317 veracius
2897 5270 2952 5315 et
2995 5260 3369 5317 rationabilius
3397 5276 3496 5316 ex-

1914 5347 2116 5417 quisita
2164 5349 2449 5416 invenerit,
2498 5351 2765 5407 obtinere.
2825 5350 3131 5406 Notandum
3180 5360 3360 5407 tamen
3389 5361 3494 5420 est,

1915 5439 2058 5508 quod
2087 5456 2118 5494 a
2144 5438 2600 5512 Quinquagesima
2623 5440 2881 5513 jejunium
2941 5442 3178 5512 incipere
3216 5442 3358 5512 apud
3382 5442 3495 5498 Ro-

1914 5545 2106 5587 manos
2131 5531 2493 5603 Telesphorus
2540 5548 2682 5604 sape
2735 5542 3071 5590 memoratus
3116 5550 3256 5606 papa
3295 5526 3496 5591 consti-

1916 5624 2055 5678 tuit:
2090 5634 2146 5679 ut
2184 5642 2282 5696 per
2313 5635 2518 5696 septem
2566 5627 2934 5684 hebdomadas
2969 5635 3097 5684 ante
3119 5628 3327 5683 Pascha
3375 5642 3500 5683 corn

1912 5730 2014 5785 pus
2047 5714 2268 5785 jejuniis
2310 5719 2655 5791 castigemus,
2695 5720 2821 5790 quia
2852 5721 2987 5778 alias
3015 5730 3221 5782 sentem
3247 5729 3372 5793 post
3392 5719 3496 5774 Pa-

1911 5806 2041 5861 scha
2096 5825 2267 5879 usque
2325 5810 2381 5864 in
2428 5810 2821 5881 Pentecosten,
2868 5813 2922 5871 in
2969 5812 3155 5869 laetitia
3201 5827 3231 5866 a
3268 5810 3488 5881 jejuniis
