  <div class='ocr_page' id='page_1' title='image "/cluster/home/n/w/nwhite01/storage/ocr_20150623/107/hvd.32044015466832/179.png"; bbox 0 0 3970 6478; ppageno 0'>
   <div class='ocr_carea' id='block_1_1' title="bbox 501 367 615 426">
    <p class='ocr_par' dir='ltr' id='par_1_1' title="bbox 501 367 615 426">
     <span class='ocr_line' id='line_1_1' title="bbox 501 367 615 426; baseline -0.009 0"><span class='ocrx_word' id='word_1_1' title='bbox 501 367 615 426; x_wconf 68' lang='grc'><strong>867</strong></span> 
     </span>
    </p>
   </div>
   <div class='ocr_carea' id='block_1_2' title="bbox 1144 364 2046 431">
    <p class='ocr_par' dir='ltr' id='par_1_2' title="bbox 1144 364 2046 423">
     <span class='ocr_line' id='line_1_2' title="bbox 1144 364 2046 423; baseline -0.002 0"><span class='ocrx_word' id='word_1_2' title='bbox 1144 367 1209 423; x_wconf 90' lang='grc' dir='ltr'><strong>Β.</strong></span> <span class='ocrx_word' id='word_1_3' title='bbox 1245 364 1504 423; x_wconf 75' lang='grc' dir='ltr'>ιιΑΒΑΝι</span> <span class='ocrx_word' id='word_1_4' title='bbox 1541 364 1764 423; x_wconf 76' lang='grc' dir='ltr'><strong>ΜΔυηί</strong></span> <span class='ocrx_word' id='word_1_5' title='bbox 1798 364 2046 422; x_wconf 79' lang='lat' dir='ltr'><strong>ARCHIE</strong></span> 
     </span>
    </p>
   </div>
   <div class='ocr_carea' id='block_1_3' title="bbox 2147 364 3104 431">
    <p class='ocr_par' dir='ltr' id='par_1_3' title="bbox 2165 366 3104 431">
     <span class='ocr_line' id='line_1_3' title="bbox 2165 366 3104 431; baseline 0.007 -7"><span class='ocrx_word' id='word_1_6' title='bbox 2165 366 2478 429; x_wconf 72' lang='lat' dir='ltr'><strong>MOGUNT.</strong></span> <span class='ocrx_word' id='word_1_7' title='bbox 2517 369 2809 429; x_wconf 64' lang='lat' dir='ltr'><strong>OPERUI</strong></span> <span class='ocrx_word' id='word_1_8' title='bbox 2843 370 3027 430; x_wconf 78' lang='lat' dir='ltr'><strong>PARS</strong></span> <span class='ocrx_word' id='word_1_9' title='bbox 3062 375 3104 431; x_wconf 88' lang='grc' dir='ltr'><strong>Ι.</strong></span> 
     </span>
    </p>
   </div>
   <div class='ocr_carea' id='block_1_4' title="bbox 3667 386 3774 444">
    <p class='ocr_par' dir='ltr' id='par_1_4' title="bbox 3667 386 3774 444">
     <span class='ocr_line' id='line_1_4' title="bbox 3667 386 3774 444; baseline 0 -2"><span class='ocrx_word' id='word_1_10' title='bbox 3667 386 3774 444; x_wconf 65' lang='grc'><strong>548</strong></span> 
     </span>
    </p>
   </div>
   <div class='ocr_carea' id='block_1_5' title="bbox 500 485 3771 568">
    <p class='ocr_par' dir='ltr' id='par_1_5' title="bbox 500 485 3771 568">
     <span class='ocr_line' id='line_1_5' title="bbox 500 485 3771 568; baseline 0.004 -22"><span class='ocrx_word' id='word_1_11' title='bbox 500 490 752 547; x_wconf 74' lang='lat' dir='ltr'><strong>relaxare</strong></span> <span class='ocrx_word' id='word_1_12' title='bbox 793 490 1062 554; x_wconf 78' lang='lat' dir='ltr'><strong>volumus,</strong></span> <span class='ocrx_word' id='word_1_13' title='bbox 1092 492 1153 541; x_wconf 90' lang='lat' dir='ltr'><strong>ut</strong></span> <span class='ocrx_word' id='word_1_14' title='bbox 1195 485 1435 558; x_wconf 77' lang='lat' dir='ltr'><strong>priorem</strong></span> <span class='ocrx_word' id='word_1_15' title='bbox 1475 487 1972 558; x_wconf 83' lang='lat' dir='ltr'><strong>quinquagesimam</strong></span> <span class='ocrx_word' id='word_1_16' title='bbox 2019 488 2075 541; x_wconf 89' lang='lat' dir='ltr'><strong>in</strong></span> <span class='ocrx_word' id='word_1_17' title='bbox 2101 492 2156 553; x_wconf 74' lang='grc' dir='ltr'><strong>Α</strong></span> <span class='ocrx_word' id='word_1_18' title='bbox 2179 488 2424 553; x_wconf 88' lang='lat' dir='ltr'><strong>habetur,</strong></span> <span class='ocrx_word' id='word_1_19' title='bbox 2479 491 2605 561; x_wconf 84' lang='lat' dir='ltr'><strong>quia</strong></span> <span class='ocrx_word' id='word_1_20' title='bbox 2647 491 2700 546; x_wconf 92' lang='lat' dir='ltr'><strong>in</strong></span> <span class='ocrx_word' id='word_1_21' title='bbox 2731 507 2798 546; x_wconf 90' lang='lat' dir='ltr'><strong>eo</strong></span> <span class='ocrx_word' id='word_1_22' title='bbox 2825 491 2913 551; x_wconf 88' lang='lat' dir='ltr'><strong>die</strong></span> <span class='ocrx_word' id='word_1_23' title='bbox 2946 490 3196 549; x_wconf 73' lang='lat' dir='ltr'><strong>Christus</strong></span> <span class='ocrx_word' id='word_1_24' title='bbox 3222 498 3547 568; x_wconf 74' lang='lat' dir='ltr'><strong>mysterium</strong></span> <span class='ocrx_word' id='word_1_25' title='bbox 3585 505 3771 559; x_wconf 76' lang='lat' dir='ltr'><strong>erucis</strong></span> 
     </span>
    </p>
   </div>
   <div class='ocr_carea' id='block_1_6' title="bbox 498 580 2073 654">
    <p class='ocr_par' dir='ltr' id='par_1_6' title="bbox 498 580 2073 654">
     <span class='ocr_line' id='line_1_6' title="bbox 498 580 2073 654; baseline -0.002 -17"><span class='ocrx_word' id='word_1_26' title='bbox 498 580 833 654; x_wconf 85' lang='lat' dir='ltr'><strong>plenitudine</strong></span> <span class='ocrx_word' id='word_1_27' title='bbox 849 580 1191 651; x_wconf 85' lang='lat' dir='ltr'><strong>peccatorum</strong></span> <span class='ocrx_word' id='word_1_28' title='bbox 1222 587 1531 634; x_wconf 88' lang='lat' dir='ltr'><strong>nostrorum</strong></span> <span class='ocrx_word' id='word_1_29' title='bbox 1555 580 1834 648; x_wconf 79' lang='lat' dir='ltr'><strong>exigamus</strong></span> <span class='ocrx_word' id='word_1_30' title='bbox 1864 580 1931 633; x_wconf 90' lang='lat' dir='ltr'><strong>ad</strong></span> <span class='ocrx_word' id='word_1_31' title='bbox 1949 594 2073 649; x_wconf 87' lang='lat' dir='ltr'><strong>pro-</strong></span> 
     </span>
    </p>
   </div>
   <div class='ocr_carea' id='block_1_7' title="bbox 498 668 2073 735">
    <p class='ocr_par' dir='ltr' id='par_1_7' title="bbox 498 668 2073 735">
     <span class='ocr_line' id='line_1_7' title="bbox 498 668 2073 735; baseline -0.004 -6"><span class='ocrx_word' id='word_1_32' title='bbox 498 673 811 729; x_wconf 79' lang='lat' dir='ltr'><strong>merendam</strong></span> <span class='ocrx_word' id='word_1_33' title='bbox 857 668 1304 735; x_wconf 86' lang='lat' dir='ltr'><strong>misericordiam,</strong></span> <span class='ocrx_word' id='word_1_34' title='bbox 1351 677 1404 723; x_wconf 89' lang='lat' dir='ltr'><strong>et</strong></span> <span class='ocrx_word' id='word_1_35' title='bbox 1451 668 1505 723; x_wconf 89' lang='lat' dir='ltr'><strong>in</strong></span> <span class='ocrx_word' id='word_1_36' title='bbox 1553 670 1786 723; x_wconf 85' lang='lat' dir='ltr'><strong>secunda</strong></span> <span class='ocrx_word' id='word_1_37' title='bbox 1827 668 2073 723; x_wconf 75' lang='lat' dir='ltr'><strong>laudibus</strong></span> 
     </span>
    </p>
   </div>
   <div class='ocr_carea' id='block_1_8' title="bbox 2175 578 3772 658">
    <p class='ocr_par' dir='ltr' id='par_1_8' title="bbox 2175 578 3772 658">
     <span class='ocr_line' id='line_1_8' title="bbox 2175 578 3772 658; baseline 0.011 -27"><span class='ocrx_word' id='word_1_38' title='bbox 2175 578 2432 648; x_wconf 86' lang='lat' dir='ltr'><strong>explevit,</strong></span> <span class='ocrx_word' id='word_1_39' title='bbox 2458 589 2678 650; x_wconf 75' lang='lat' dir='ltr'><strong>propter</strong></span> <span class='ocrx_word' id='word_1_40' title='bbox 2700 581 2843 651; x_wconf 86' lang='lat' dir='ltr'><strong>quod</strong></span> <span class='ocrx_word' id='word_1_41' title='bbox 2867 591 3092 657; x_wconf 77' lang='lat' dir='ltr'><strong>venerat</strong></span> <span class='ocrx_word' id='word_1_42' title='bbox 3120 583 3174 641; x_wconf 90' lang='lat' dir='ltr'><strong>in</strong></span> <span class='ocrx_word' id='word_1_43' title='bbox 3217 586 3362 642; x_wconf 89' lang='lat' dir='ltr'><strong>hunc</strong></span> <span class='ocrx_word' id='word_1_44' title='bbox 3384 591 3673 658; x_wconf 88' lang='lat' dir='ltr'><strong>mundum,</strong></span> <span class='ocrx_word' id='word_1_45' title='bbox 3714 604 3772 649; x_wconf 77' lang='lat' dir='ltr'><strong>ut</strong></span> 
     </span>
    </p>
   </div>
   <div class='ocr_carea' id='block_1_9' title="bbox 2153 669 3770 754">
    <p class='ocr_par' dir='ltr' id='par_1_9' title="bbox 2153 669 3770 754">
     <span class='ocr_line' id='line_1_9' title="bbox 2153 669 3770 754; baseline 0.012 -33"><span class='ocrx_word' id='word_1_46' title='bbox 2153 669 2266 738; x_wconf 84' lang='lat' dir='ltr'><strong>.qui</strong></span> <span class='ocrx_word' id='word_1_47' title='bbox 2296 669 2439 740; x_wconf 85' lang='lat' dir='ltr'><strong>ligno</strong></span> <span class='ocrx_word' id='word_1_48' title='bbox 2464 672 2708 741; x_wconf 83' lang='lat' dir='ltr'><strong>percussi</strong></span> <span class='ocrx_word' id='word_1_49' title='bbox 2736 672 3011 729; x_wconf 76' lang='lat' dir='ltr'><strong>fueramus</strong></span> <span class='ocrx_word' id='word_1_50' title='bbox 3038 676 3092 729; x_wconf 91' lang='lat' dir='ltr'><strong>in</strong></span> <span class='ocrx_word' id='word_1_51' title='bbox 3127 675 3321 743; x_wconf 82' lang='lat' dir='ltr'><strong>Adam,</strong></span> <span class='ocrx_word' id='word_1_52' title='bbox 3353 695 3543 737; x_wconf 81' lang='lat' dir='ltr'><strong>rursus</strong></span> <span class='ocrx_word' id='word_1_53' title='bbox 3574 700 3681 754; x_wconf 81' lang='lat' dir='ltr'><strong>per</strong></span> <span class='ocrx_word' id='word_1_54' title='bbox 3702 685 3770 740; x_wconf 79' lang='lat' dir='ltr'><strong>li-</strong></span> 
     </span>
    </p>
   </div>
   <div class='ocr_carea' id='block_1_10' title="bbox 498 760 3771 837">
    <p class='ocr_par' dir='ltr' id='par_1_10' title="bbox 498 760 3771 837">
     <span class='ocr_line' id='line_1_10' title="bbox 498 760 3771 837; baseline 0.003 -17"><span class='ocrx_word' id='word_1_55' title='bbox 498 772 555 820; x_wconf 88' lang='lat' dir='ltr'><strong>et</strong></span> <span class='ocrx_word' id='word_1_56' title='bbox 582 763 913 819; x_wconf 79' lang='lat' dir='ltr'><strong>orationibus</strong></span> <span class='ocrx_word' id='word_1_57' title='bbox 939 771 1159 832; x_wconf 79' lang='lat' dir='ltr'><strong>operam</strong></span> <span class='ocrx_word' id='word_1_58' title='bbox 1204 763 1414 825; x_wconf 79' lang='lat' dir='ltr'><strong>dantes,</strong></span> <span class='ocrx_word' id='word_1_59' title='bbox 1448 761 1763 816; x_wconf 87' lang='lat' dir='ltr'><strong>studeamus</strong></span> <span class='ocrx_word' id='word_1_60' title='bbox 1789 761 2074 831; x_wconf 89' lang='lat' dir='ltr'><strong>pervenire</strong></span> <span class='ocrx_word' id='word_1_61' title='bbox 2173 760 2261 829; x_wconf 89' lang='lat' dir='ltr'><strong>gni</strong></span> <span class='ocrx_word' id='word_1_62' title='bbox 2286 762 2600 831; x_wconf 83' lang='lat' dir='ltr'><strong>mysterium</strong></span> <span class='ocrx_word' id='word_1_63' title='bbox 2630 778 2964 819; x_wconf 76' lang='lat' dir='ltr'><strong>sanarentur.</strong></span> <span class='ocrx_word' id='word_1_64' title='bbox 2998 763 3167 837; x_wconf 81' lang='lat' dir='ltr'><strong>Hujus</strong></span> <span class='ocrx_word' id='word_1_65' title='bbox 3194 769 3342 824; x_wconf 90' lang='lat' dir='ltr'><strong>enim</strong></span> <span class='ocrx_word' id='word_1_66' title='bbox 3367 786 3531 826; x_wconf 87' lang='lat' dir='ltr'><strong>causa</strong></span> <span class='ocrx_word' id='word_1_67' title='bbox 3569 774 3771 831; x_wconf 82' lang='lat' dir='ltr'><strong>trium—</strong></span> 
     </span>
    </p>
   </div>
   <div class='ocr_carea' id='block_1_11' title="bbox 498 853 1662 928">
    <p class='ocr_par' dir='ltr' id='par_1_11' title="bbox 498 853 1662 928">
     <span class='ocr_line' id='line_1_11' title="bbox 498 853 1662 928; baseline -0.003 -16"><span class='ocrx_word' id='word_1_68' title='bbox 498 857 563 913; x_wconf 86' lang='lat' dir='ltr'><strong>ad</strong></span> <span class='ocrx_word' id='word_1_69' title='bbox 594 856 916 928; x_wconf 85' lang='lat' dir='ltr'><strong>promissam</strong></span> <span class='ocrx_word' id='word_1_70' title='bbox 941 853 1176 924; x_wconf 79' lang='lat' dir='ltr'><strong>Spiritus</strong></span> <span class='ocrx_word' id='word_1_71' title='bbox 1206 855 1376 909; x_wconf 88' lang='lat' dir='ltr'><strong>sancti</strong></span> <span class='ocrx_word' id='word_1_72' title='bbox 1410 854 1662 923; x_wconf 75' lang='lat' dir='ltr'><strong>gratiam.</strong></span> 
     </span>
    </p>
   </div>
   <div class='ocr_carea' id='block_1_12' title="bbox 1042 943 1525 999">
    <p class='ocr_par' dir='ltr' id='par_1_12' title="bbox 1042 943 1525 999">
     <span class='ocr_line' id='line_1_12' title="bbox 1042 943 1525 999; baseline 0 0"><span class='ocrx_word' id='word_1_73' title='bbox 1042 943 1270 999; x_wconf 82' lang='lat' dir='ltr'><strong>CAPUT</strong></span> <span class='ocrx_word' id='word_1_74' title='bbox 1307 944 1525 999; x_wconf 78' lang='lat' dir='ltr'><strong>XXXV.</strong></span> 
     </span>
    </p>
   </div>
   <div class='ocr_carea' id='block_1_13' title="bbox 988 1036 1566 1091">
    <p class='ocr_par' dir='ltr' id='par_1_13' title="bbox 988 1036 1566 1091">
     <span class='ocr_line' id='line_1_13' title="bbox 988 1036 1566 1091; baseline 0.002 -1"><span class='ocrx_word' id='word_1_75' title='bbox 988 1036 1065 1090; x_wconf 84' lang='lat' dir='ltr'><strong>De</strong></span> <span class='ocrx_word' id='word_1_76' title='bbox 1102 1037 1188 1090; x_wconf 82' lang='lat' dir='ltr'><strong>die</strong></span> <span class='ocrx_word' id='word_1_77' title='bbox 1229 1036 1566 1091; x_wconf 82' lang='lat' dir='ltr'><strong>Palmnrum.</strong></span> 
     </span>
    </p>
   </div>
   <div class='ocr_carea' id='block_1_14' title="bbox 558 1130 2068 1203">
    <p class='ocr_par' dir='ltr' id='par_1_14' title="bbox 558 1130 2068 1203">
     <span class='ocr_line' id='line_1_14' title="bbox 558 1130 2068 1203; baseline -0.001 -16"><span class='ocrx_word' id='word_1_78' title='bbox 558 1133 685 1188; x_wconf 87' lang='lat' dir='ltr'><strong>Dies</strong></span> <span class='ocrx_word' id='word_1_79' title='bbox 712 1132 1015 1203; x_wconf 88' lang='lat' dir='ltr'><strong>palmarum</strong></span> <span class='ocrx_word' id='word_1_80' title='bbox 1042 1132 1164 1187; x_wconf 90' lang='lat' dir='ltr'><strong>ideo</strong></span> <span class='ocrx_word' id='word_1_81' title='bbox 1194 1131 1521 1193; x_wconf 87' lang='lat' dir='ltr'><strong>celebratur,</strong></span> <span class='ocrx_word' id='word_1_82' title='bbox 1554 1130 1677 1200; x_wconf 88' lang='lat' dir='ltr'><strong>quia</strong></span> <span class='ocrx_word' id='word_1_83' title='bbox 1709 1130 1761 1185; x_wconf 91' lang='lat' dir='ltr'><strong>in</strong></span> <span class='ocrx_word' id='word_1_84' title='bbox 1789 1144 1855 1186; x_wconf 91' lang='lat' dir='ltr'><strong>eo</strong></span> <span class='ocrx_word' id='word_1_85' title='bbox 1882 1130 2068 1186; x_wconf 83' lang='lat' dir='ltr'><strong>Domi-</strong></span> 
     </span>
    </p>
   </div>
   <div class='ocr_carea' id='block_1_15' title="bbox 486 1221 2069 1293">
    <p class='ocr_par' dir='ltr' id='par_1_15' title="bbox 486 1221 2069 1293">
     <span class='ocr_line' id='line_1_15' title="bbox 486 1221 2069 1293; baseline -0.002 -14"><span class='ocrx_word' id='word_1_86' title='bbox 486 1241 589 1280; x_wconf 87' lang='lat' dir='ltr'><strong>nus</strong></span> <span class='ocrx_word' id='word_1_87' title='bbox 621 1234 676 1280; x_wconf 91' lang='lat' dir='ltr'><strong>et</strong></span> <span class='ocrx_word' id='word_1_88' title='bbox 700 1224 952 1280; x_wconf 84' lang='lat' dir='ltr'><strong>Salvator</strong></span> <span class='ocrx_word' id='word_1_89' title='bbox 978 1232 1186 1289; x_wconf 87' lang='lat' dir='ltr'><strong>noster,</strong></span> <span class='ocrx_word' id='word_1_90' title='bbox 1217 1223 1358 1277; x_wconf 89' lang='lat' dir='ltr'><strong>sicut</strong></span> <span class='ocrx_word' id='word_1_91' title='bbox 1381 1224 1644 1293; x_wconf 78' lang='lat' dir='ltr'><strong>preplieta</strong></span> <span class='ocrx_word' id='word_1_92' title='bbox 1676 1222 1891 1286; x_wconf 88' lang='lat' dir='ltr'><strong>cecinit,</strong></span> <span class='ocrx_word' id='word_1_93' title='bbox 1912 1221 2069 1277; x_wconf 84' lang='lat' dir='ltr'><strong>Jeru-</strong></span> 
     </span>
    </p>
   </div>
   <div class='ocr_carea' id='block_1_16' title="bbox 486 1316 2064 1387">
    <p class='ocr_par' dir='ltr' id='par_1_16' title="bbox 486 1316 2064 1387">
     <span class='ocr_line' id='line_1_16' title="bbox 486 1316 2064 1387; baseline -0.001 -15"><span class='ocrx_word' id='word_1_94' title='bbox 486 1318 651 1373; x_wconf 86' lang='lat' dir='ltr'><strong>salem</strong></span> <span class='ocrx_word' id='word_1_95' title='bbox 708 1318 954 1383; x_wconf 83' lang='lat' dir='ltr'><strong>tendens,</strong></span> <span class='ocrx_word' id='word_1_96' title='bbox 1013 1332 1177 1386; x_wconf 85' lang='lat' dir='ltr'><strong>super</strong></span> <span class='ocrx_word' id='word_1_97' title='bbox 1215 1316 1440 1371; x_wconf 87' lang='lat' dir='ltr'><strong>asellum</strong></span> <span class='ocrx_word' id='word_1_98' title='bbox 1483 1317 1684 1371; x_wconf 86' lang='lat' dir='ltr'><strong>sedisse</strong></span> <span class='ocrx_word' id='word_1_99' title='bbox 1728 1316 2064 1387; x_wconf 85' lang='lat' dir='ltr'><strong>perhibetur.</strong></span> 
     </span>
    </p>
   </div>
   <div class='ocr_carea' id='block_1_17' title="bbox 486 1406 2067 1479">
    <p class='ocr_par' dir='ltr' id='par_1_17' title="bbox 486 1406 2067 1479">
     <span class='ocr_line' id='line_1_17' title="bbox 486 1406 2067 1479; baseline -0.001 -17"><span class='ocrx_word' id='word_1_100' title='bbox 486 1408 636 1464; x_wconf 88' lang='lat' dir='ltr'><strong>Tunc</strong></span> <span class='ocrx_word' id='word_1_101' title='bbox 676 1410 926 1479; x_wconf 81' lang='lat' dir='ltr'><strong>gradiens</strong></span> <span class='ocrx_word' id='word_1_102' title='bbox 955 1423 1076 1463; x_wconf 89' lang='lat' dir='ltr'><strong>eum</strong></span> <span class='ocrx_word' id='word_1_103' title='bbox 1113 1408 1277 1461; x_wconf 88' lang='lat' dir='ltr'><strong>ramis</strong></span> <span class='ocrx_word' id='word_1_104' title='bbox 1312 1407 1613 1477; x_wconf 89' lang='lat' dir='ltr'><strong>palmarum</strong></span> <span class='ocrx_word' id='word_1_105' title='bbox 1645 1406 1929 1460; x_wconf 87' lang='lat' dir='ltr'><strong>multitudo</strong></span> <span class='ocrx_word' id='word_1_106' title='bbox 1956 1406 2067 1474; x_wconf 49' lang='lat' dir='ltr'><strong>ple‘</strong></span> 
     </span>
    </p>
   </div>
   <div class='ocr_carea' id='block_1_18' title="bbox 483 1497 2066 1564">
    <p class='ocr_par' dir='ltr' id='par_1_18' title="bbox 483 1497 2066 1564">
     <span class='ocr_line' id='line_1_18' title="bbox 483 1497 2066 1564; baseline -0.003 -10"><span class='ocrx_word' id='word_1_107' title='bbox 483 1502 631 1555; x_wconf 88' lang='lat' dir='ltr'><strong>bium</strong></span> <span class='ocrx_word' id='word_1_108' title='bbox 659 1500 873 1555; x_wconf 87' lang='lat' dir='ltr'><strong>obviam</strong></span> <span class='ocrx_word' id='word_1_109' title='bbox 904 1501 974 1564; x_wconf 91' lang='lat' dir='ltr'><strong>ei,</strong></span> <span class='ocrx_word' id='word_1_110' title='bbox 998 1500 1404 1555; x_wconf 87' lang='lat' dir='ltr'><strong>clamaverunt:</strong></span> <span class='ocrx_word' id='word_1_111' title='bbox 1443 1497 1695 1551; x_wconf 80' lang='lat' dir='ltr'><strong>Hosanna</strong></span> <span class='ocrx_word' id='word_1_112' title='bbox 1720 1497 1740 1549; x_wconf 85' lang='lat'><strong><em>!</em></strong></span> <span class='ocrx_word' id='word_1_113' title='bbox 1770 1497 2066 1549; x_wconf 73' lang='lat' dir='ltr'><strong>benedictus</strong></span> 
     </span>
    </p>
   </div>
   <div class='ocr_carea' id='block_1_19' title="bbox 480 1587 2059 1663">
    <p class='ocr_par' dir='ltr' id='par_1_19' title="bbox 480 1587 2059 1663">
     <span class='ocr_line' id='line_1_19' title="bbox 480 1587 2059 1663; baseline -0.003 -18"><span class='ocrx_word' id='word_1_114' title='bbox 480 1595 569 1663; x_wconf 84' lang='lat' dir='ltr'><strong>qui</strong></span> <span class='ocrx_word' id='word_1_115' title='bbox 600 1594 733 1646; x_wconf 88' lang='lat' dir='ltr'><strong>venit</strong></span> <span class='ocrx_word' id='word_1_116' title='bbox 762 1594 815 1647; x_wconf 88' lang='lat' dir='ltr'><strong>in</strong></span> <span class='ocrx_word' id='word_1_117' title='bbox 844 1594 1050 1647; x_wconf 82' lang='lat' dir='ltr'><strong>nomine</strong></span> <span class='ocrx_word' id='word_1_118' title='bbox 1076 1592 1286 1645; x_wconf 80' lang='lat' dir='ltr'><strong>Domini</strong></span> <span class='ocrx_word' id='word_1_119' title='bbox 1328 1607 1420 1645; x_wconf 84' lang='lat' dir='ltr'><strong>rex</strong></span> <span class='ocrx_word' id='word_1_120' title='bbox 1452 1589 1617 1645; x_wconf 88' lang='lat' dir='ltr'><strong>Israel</strong></span> <span class='ocrx_word' id='word_1_121' title='bbox 1665 1588 1879 1661; x_wconf 79' lang='lat' dir='ltr'><strong>(Matth.</strong></span> <span class='ocrx_word' id='word_1_122' title='bbox 1923 1587 2059 1659; x_wconf 80' lang='lat' dir='ltr'><strong>xxi).</strong></span> 
     </span>
    </p>
   </div>
   <div class='ocr_carea' id='block_1_20' title="bbox 478 1676 2060 1754">
    <p class='ocr_par' dir='ltr' id='par_1_20' title="bbox 478 1676 2060 1754">
     <span class='ocr_line' id='line_1_20' title="bbox 478 1676 2060 1754; baseline -0.003 -15"><span class='ocrx_word' id='word_1_123' title='bbox 478 1685 535 1739; x_wconf 89' lang='lat' dir='ltr'><strong>In</strong></span> <span class='ocrx_word' id='word_1_124' title='bbox 594 1686 759 1739; x_wconf 87' lang='lat' dir='ltr'><strong>ramis</strong></span> <span class='ocrx_word' id='word_1_125' title='bbox 807 1685 953 1739; x_wconf 92' lang='lat' dir='ltr'><strong>enim</strong></span> <span class='ocrx_word' id='word_1_126' title='bbox 1006 1684 1307 1754; x_wconf 88' lang='lat' dir='ltr'><strong>palmarum</strong></span> <span class='ocrx_word' id='word_1_127' title='bbox 1357 1676 1764 1753; x_wconf 83' lang='lat' dir='ltr'><strong>signiﬁcabatur</strong></span> <span class='ocrx_word' id='word_1_128' title='bbox 1813 1680 2060 1745; x_wconf 77' lang='lat' dir='ltr'><strong>victoria,</strong></span> 
     </span>
    </p>
   </div>
   <div class='ocr_carea' id='block_1_21' title="bbox 477 1775 2058 1846">
    <p class='ocr_par' dir='ltr' id='par_1_21' title="bbox 477 1775 2058 1846">
     <span class='ocr_line' id='line_1_21' title="bbox 477 1775 2058 1846; baseline -0.001 -17"><span class='ocrx_word' id='word_1_129' title='bbox 477 1791 580 1846; x_wconf 87' lang='lat' dir='ltr'><strong>qua</strong></span> <span class='ocrx_word' id='word_1_130' title='bbox 623 1784 741 1830; x_wconf 89' lang='lat' dir='ltr'><strong>erat</strong></span> <span class='ocrx_word' id='word_1_131' title='bbox 785 1776 1043 1831; x_wconf 84' lang='lat' dir='ltr'><strong>Dominus</strong></span> <span class='ocrx_word' id='word_1_132' title='bbox 1084 1784 1313 1831; x_wconf 90' lang='lat' dir='ltr'><strong>mortem</strong></span> <span class='ocrx_word' id='word_1_133' title='bbox 1360 1775 1640 1829; x_wconf 88' lang='lat' dir='ltr'><strong>moriendo</strong></span> <span class='ocrx_word' id='word_1_134' title='bbox 1669 1779 2058 1843; x_wconf 83' lang='lat' dir='ltr'><strong>superaturos:</strong></span> 
     </span>
    </p>
   </div>
   <div class='ocr_carea' id='block_1_22' title="bbox 2171 848 3765 926">
    <p class='ocr_par' dir='ltr' id='par_1_22' title="bbox 2171 848 3765 926">
     <span class='ocr_line' id='line_1_22' title="bbox 2171 848 3765 926; baseline 0.011 -24"><span class='ocrx_word' id='word_1_135' title='bbox 2171 848 2286 917; x_wconf 90' lang='lat' dir='ltr'><strong>phi,</strong></span> <span class='ocrx_word' id='word_1_136' title='bbox 2320 849 2552 906; x_wconf 89' lang='lat' dir='ltr'><strong>humana</strong></span> <span class='ocrx_word' id='word_1_137' title='bbox 2578 853 2849 921; x_wconf 83' lang='lat' dir='ltr'><strong>pusillitas</strong></span> <span class='ocrx_word' id='word_1_138' title='bbox 2871 852 3088 911; x_wconf 85' lang='lat' dir='ltr'><strong>Christo</strong></span> <span class='ocrx_word' id='word_1_139' title='bbox 3128 872 3225 926; x_wconf 82' lang='lat' dir='ltr'><strong>per</strong></span> <span class='ocrx_word' id='word_1_140' title='bbox 3251 873 3467 916; x_wconf 87' lang='lat' dir='ltr'><strong>omnem</strong></span> <span class='ocrx_word' id='word_1_141' title='bbox 3495 866 3765 920; x_wconf 77' lang='lat' dir='ltr'><strong>mundum</strong></span> 
     </span>
    </p>
   </div>
   <div class='ocr_carea' id='block_1_23' title="bbox 2169 939 3766 1025">
    <p class='ocr_par' dir='ltr' id='par_1_23' title="bbox 2169 939 3766 1025">
     <span class='ocr_line' id='line_1_23' title="bbox 2169 939 3766 1025; baseline 0.011 -31"><span class='ocrx_word' id='word_1_142' title='bbox 2169 939 2535 997; x_wconf 82' lang='lat' dir='ltr'><strong>celebritatem</strong></span> <span class='ocrx_word' id='word_1_143' title='bbox 2562 958 2796 999; x_wconf 86' lang='lat' dir='ltr'><strong>annuam</strong></span> <span class='ocrx_word' id='word_1_144' title='bbox 2825 946 3052 1014; x_wconf 62' lang='lat' dir='ltr'><strong>prebet,</strong></span> <span class='ocrx_word' id='word_1_145' title='bbox 3099 963 3195 1018; x_wconf 86' lang='lat' dir='ltr'><strong>pro</strong></span> <span class='ocrx_word' id='word_1_146' title='bbox 3235 966 3301 1005; x_wconf 93' lang='lat' dir='ltr'><strong>eo</strong></span> <span class='ocrx_word' id='word_1_147' title='bbox 3327 954 3470 1021; x_wconf 91' lang='lat' dir='ltr'><strong>quod</strong></span> <span class='ocrx_word' id='word_1_148' title='bbox 3506 955 3766 1025; x_wconf 78' lang='lat' dir='ltr'><strong>dignatus</strong></span> 
     </span>
    </p>
   </div>
   <div class='ocr_carea' id='block_1_24' title="bbox 2169 1036 3766 1114">
    <p class='ocr_par' dir='ltr' id='par_1_24' title="bbox 2169 1036 3766 1114">
     <span class='ocr_line' id='line_1_24' title="bbox 2169 1036 3766 1114; baseline 0.009 -25"><span class='ocrx_word' id='word_1_149' title='bbox 2169 1042 2253 1089; x_wconf 84' lang='lat' dir='ltr'><strong>est</strong></span> <span class='ocrx_word' id='word_1_150' title='bbox 2288 1036 2547 1105; x_wconf 76' lang='lat' dir='ltr'><strong>sanguine</strong></span> <span class='ocrx_word' id='word_1_151' title='bbox 2585 1037 2850 1106; x_wconf 88' lang='lat' dir='ltr'><strong>passionis</strong></span> <span class='ocrx_word' id='word_1_152' title='bbox 2899 1053 3011 1094; x_wconf 78' lang='lat' dir='ltr'><strong>sum</strong></span> <span class='ocrx_word' id='word_1_153' title='bbox 3058 1042 3313 1097; x_wconf 74' lang='lat' dir='ltr'><strong>mulum</strong></span> <span class='ocrx_word' id='word_1_154' title='bbox 3365 1047 3662 1114; x_wconf 86' lang='lat' dir='ltr'><strong>redimere,</strong></span> <span class='ocrx_word' id='word_1_155' title='bbox 3714 1058 3766 1104; x_wconf 85' lang='lat' dir='ltr'><strong>et</strong></span> 
     </span>
    </p>
   </div>
   <div class='ocr_carea' id='block_1_25' title="bbox 2168 1127 3760 1203">
    <p class='ocr_par' dir='ltr' id='par_1_25' title="bbox 2168 1127 3760 1203">
     <span class='ocr_line' id='line_1_25' title="bbox 2168 1127 3760 1203; baseline 0.009 -24"><span class='ocrx_word' id='word_1_156' title='bbox 2168 1133 2450 1193; x_wconf 87' lang='lat' dir='ltr'><strong>peccatum</strong></span> <span class='ocrx_word' id='word_1_157' title='bbox 2476 1127 2658 1181; x_wconf 91' lang='lat' dir='ltr'><strong>mundi</strong></span> <span class='ocrx_word' id='word_1_158' title='bbox 2674 1143 2771 1196; x_wconf 88' lang='lat' dir='ltr'><strong>per</strong></span> <span class='ocrx_word' id='word_1_159' title='bbox 2788 1145 3009 1185; x_wconf 89' lang='lat' dir='ltr'><strong>crucem</strong></span> <span class='ocrx_word' id='word_1_160' title='bbox 3022 1143 3195 1187; x_wconf 86' lang='lat' dir='ltr'><strong>morte</strong></span> <span class='ocrx_word' id='word_1_161' title='bbox 3215 1134 3423 1190; x_wconf 85' lang='lat' dir='ltr'><strong>devicta</strong></span> <span class='ocrx_word' id='word_1_162' title='bbox 3452 1138 3760 1203; x_wconf 70' lang='lat' dir='ltr'><strong>absolvere,</strong></span> 
     </span>
    </p>
   </div>
   <div class='ocr_carea' id='block_1_26' title="bbox 2169 1215 3765 1296">
    <p class='ocr_par' dir='ltr' id='par_1_26' title="bbox 2169 1215 3765 1296">
     <span class='ocr_line' id='line_1_26' title="bbox 2169 1215 3765 1296; baseline 0.011 -25"><span class='ocrx_word' id='word_1_163' title='bbox 2169 1215 2320 1284; x_wconf 87' lang='lat' dir='ltr'><strong>cujus</strong></span> <span class='ocrx_word' id='word_1_164' title='bbox 2344 1219 2560 1287; x_wconf 83' lang='lat' dir='ltr'><strong>quidem</strong></span> <span class='ocrx_word' id='word_1_165' title='bbox 2588 1221 2765 1275; x_wconf 82' lang='lat' dir='ltr'><strong>crucis</strong></span> <span class='ocrx_word' id='word_1_166' title='bbox 2792 1220 3048 1289; x_wconf 71' lang='lat' dir='ltr'><strong>iniuriam</strong></span> <span class='ocrx_word' id='word_1_167' title='bbox 3075 1240 3181 1279; x_wconf 89' lang='lat' dir='ltr'><strong>non</strong></span> <span class='ocrx_word' id='word_1_168' title='bbox 3221 1228 3447 1296; x_wconf 86' lang='lat' dir='ltr'><strong>pertulit</strong></span> <span class='ocrx_word' id='word_1_169' title='bbox 3485 1230 3584 1283; x_wconf 87' lang='lat' dir='ltr'><strong>illa</strong></span> <span class='ocrx_word' id='word_1_170' title='bbox 3628 1231 3765 1287; x_wconf 83' lang='lat' dir='ltr'><strong>divi-</strong></span> 
     </span>
    </p>
   </div>
   <div class='ocr_carea' id='block_1_27' title="bbox 2167 1308 3765 1385">
    <p class='ocr_par' dir='ltr' id='par_1_27' title="bbox 2167 1308 3765 1385">
     <span class='ocr_line' id='line_1_27' title="bbox 2167 1308 3765 1385; baseline 0.009 -24"><span class='ocrx_word' id='word_1_171' title='bbox 2167 1308 2353 1363; x_wconf 89' lang='lat' dir='ltr'><strong>nitatis</strong></span> <span class='ocrx_word' id='word_1_172' title='bbox 2378 1310 2699 1376; x_wconf 83' lang='lat' dir='ltr'><strong>substantia,</strong></span> <span class='ocrx_word' id='word_1_173' title='bbox 2730 1312 2820 1366; x_wconf 85' lang='lat' dir='ltr'><strong>sed</strong></span> <span class='ocrx_word' id='word_1_174' title='bbox 2843 1313 2955 1370; x_wconf 86' lang='lat' dir='ltr'><strong>sola</strong></span> <span class='ocrx_word' id='word_1_175' title='bbox 2981 1325 3244 1385; x_wconf 61' lang='lat' dir='ltr'><strong>susceptas</strong></span> <span class='ocrx_word' id='word_1_176' title='bbox 3278 1319 3642 1375; x_wconf 80' lang='lat' dir='ltr'><strong>humanitatis</strong></span> <span class='ocrx_word' id='word_1_177' title='bbox 3671 1338 3765 1376; x_wconf 78' lang='lat' dir='ltr'><strong>na-</strong></span> 
     </span>
    </p>
   </div>
   <div class='ocr_carea' id='block_1_28' title="bbox 2167 1401 3764 1474">
    <p class='ocr_par' dir='ltr' id='par_1_28' title="bbox 2167 1401 3764 1474">
     <span class='ocr_line' id='line_1_28' title="bbox 2167 1401 3764 1474; baseline 0.01 -21"><span class='ocrx_word' id='word_1_178' title='bbox 2167 1407 2307 1454; x_wconf 86' lang='lat' dir='ltr'><strong>tura.</strong></span> <span class='ocrx_word' id='word_1_179' title='bbox 2331 1401 2517 1456; x_wconf 88' lang='lat' dir='ltr'><strong>Passio</strong></span> <span class='ocrx_word' id='word_1_180' title='bbox 2540 1403 2681 1456; x_wconf 90' lang='lat' dir='ltr'><strong>enim</strong></span> <span class='ocrx_word' id='word_1_181' title='bbox 2716 1407 2957 1474; x_wconf 71' lang='lat' dir='ltr'><strong>corporis</strong></span> <span class='ocrx_word' id='word_1_182' title='bbox 2983 1405 3116 1473; x_wconf 77' lang='lat' dir='ltr'><strong>fuit;</strong></span> <span class='ocrx_word' id='word_1_183' title='bbox 3141 1408 3397 1464; x_wconf 86' lang='lat' dir='ltr'><strong>divinitas</strong></span> <span class='ocrx_word' id='word_1_184' title='bbox 3418 1426 3551 1466; x_wconf 87' lang='lat' dir='ltr'><strong>vero</strong></span> <span class='ocrx_word' id='word_1_185' title='bbox 3572 1429 3764 1469; x_wconf 79' lang='lat' dir='ltr'><strong>exsors</strong></span> 
     </span>
    </p>
   </div>
   <div class='ocr_carea' id='block_1_29' title="bbox 2167 1491 3766 1573">
    <p class='ocr_par' dir='ltr' id='par_1_29' title="bbox 2167 1491 3766 1573">
     <span class='ocr_line' id='line_1_29' title="bbox 2167 1491 3766 1573; baseline 0.008 -28"><span class='ocrx_word' id='word_1_186' title='bbox 2167 1491 2376 1559; x_wconf 73' lang='lat' dir='ltr'><strong>injuria:</strong></span> <span class='ocrx_word' id='word_1_187' title='bbox 2400 1494 2613 1548; x_wconf 88' lang='lat' dir='ltr'><strong>mansit.</strong></span> <span class='ocrx_word' id='word_1_188' title='bbox 2640 1494 2929 1565; x_wconf 85' lang='lat' dir='ltr'><strong>Tripartita</strong></span> <span class='ocrx_word' id='word_1_189' title='bbox 2952 1505 3129 1553; x_wconf 89' lang='lat' dir='ltr'><strong>autem</strong></span> <span class='ocrx_word' id='word_1_190' title='bbox 3153 1500 3291 1554; x_wconf 82' lang='lat' dir='ltr'><strong>ratio</strong></span> <span class='ocrx_word' id='word_1_191' title='bbox 3319 1501 3624 1557; x_wconf 72' lang='lat' dir='ltr'><strong>Dominicae</strong></span> <span class='ocrx_word' id='word_1_192' title='bbox 3645 1520 3766 1573; x_wconf 84' lang='lat' dir='ltr'><strong>pas-</strong></span> 
     </span>
    </p>
   </div>
   <div class='ocr_carea' id='block_1_30' title="bbox 2166 1586 3763 1660">
    <p class='ocr_par' dir='ltr' id='par_1_30' title="bbox 2166 1586 3763 1660">
     <span class='ocr_line' id='line_1_30' title="bbox 2166 1586 3763 1660; baseline 0.008 -21"><span class='ocrx_word' id='word_1_193' title='bbox 2166 1586 2332 1640; x_wconf 87' lang='lat' dir='ltr'><strong>sionis</strong></span> <span class='ocrx_word' id='word_1_194' title='bbox 2363 1587 2682 1641; x_wconf 81' lang='lat' dir='ltr'><strong>ostenditur.</strong></span> <span class='ocrx_word' id='word_1_195' title='bbox 2706 1587 2886 1644; x_wconf 87' lang='lat' dir='ltr'><strong>Prima</strong></span> <span class='ocrx_word' id='word_1_196' title='bbox 2911 1590 3089 1660; x_wconf 88' lang='lat' dir='ltr'><strong>itaque</strong></span> <span class='ocrx_word' id='word_1_197' title='bbox 3114 1607 3275 1647; x_wconf 88' lang='lat' dir='ltr'><strong>causa</strong></span> <span class='ocrx_word' id='word_1_198' title='bbox 3296 1601 3404 1655; x_wconf 82' lang='lat' dir='ltr'><strong>est,</strong></span> <span class='ocrx_word' id='word_1_199' title='bbox 3424 1605 3487 1648; x_wconf 86' lang='lat' dir='ltr'><strong>ut</strong></span> <span class='ocrx_word' id='word_1_200' title='bbox 3508 1595 3763 1653; x_wconf 84' lang='lat' dir='ltr'><strong>Christus</strong></span> 
     </span>
    </p>
   </div>
   <div class='ocr_carea' id='block_1_31' title="bbox 2165 1678 3764 1754">
    <p class='ocr_par' dir='ltr' id='par_1_31' title="bbox 2165 1678 3764 1754">
     <span class='ocr_line' id='line_1_31' title="bbox 2165 1678 3764 1754; baseline 0.006 -25"><span class='ocrx_word' id='word_1_201' title='bbox 2165 1691 2264 1746; x_wconf 90' lang='lat' dir='ltr'><strong>pro</strong></span> <span class='ocrx_word' id='word_1_202' title='bbox 2298 1684 2449 1731; x_wconf 87' lang='lat' dir='ltr'><strong>reatu</strong></span> <span class='ocrx_word' id='word_1_203' title='bbox 2475 1678 2657 1732; x_wconf 91' lang='lat' dir='ltr'><strong>mundi</strong></span> <span class='ocrx_word' id='word_1_204' title='bbox 2688 1679 2984 1750; x_wconf 89' lang='lat' dir='ltr'><strong>redemptio</strong></span> <span class='ocrx_word' id='word_1_205' title='bbox 3013 1680 3250 1745; x_wconf 88' lang='lat' dir='ltr'><strong>daretur,</strong></span> <span class='ocrx_word' id='word_1_206' title='bbox 3281 1682 3493 1738; x_wconf 76' lang='lat' dir='ltr'><strong>scilicet</strong></span> <span class='ocrx_word' id='word_1_207' title='bbox 3519 1692 3587 1738; x_wconf 89' lang='lat' dir='ltr'><strong>ut</strong></span> <span class='ocrx_word' id='word_1_208' title='bbox 3627 1700 3764 1754; x_wconf 86' lang='lat' dir='ltr'><strong>quos</strong></span> 
     </span>
    </p>
   </div>
   <div class='ocr_carea' id='block_1_32' title="bbox 2167 1768 3761 1845">
    <p class='ocr_par' dir='ltr' id='par_1_32' title="bbox 2167 1768 3761 1845">
     <span class='ocr_line' id='line_1_32' title="bbox 2167 1768 3761 1845; baseline 0.006 -25"><span class='ocrx_word' id='word_1_209' title='bbox 2167 1781 2387 1836; x_wconf 86' lang='lat' dir='ltr'><strong>serpens</strong></span> <span class='ocrx_word' id='word_1_210' title='bbox 2432 1768 2785 1824; x_wconf 86' lang='lat' dir='ltr'><strong>absorbuerat</strong></span> <span class='ocrx_word' id='word_1_211' title='bbox 2837 1780 3148 1836; x_wconf 83' lang='lat' dir='ltr'><strong>evomerct,</strong></span> <span class='ocrx_word' id='word_1_212' title='bbox 3199 1779 3255 1827; x_wconf 90' lang='lat' dir='ltr'><strong>et</strong></span> <span class='ocrx_word' id='word_1_213' title='bbox 3307 1774 3552 1844; x_wconf 66' lang='lat' dir='ltr'><strong>praedam</strong></span> <span class='ocrx_word' id='word_1_214' title='bbox 3599 1791 3761 1845; x_wconf 68' lang='lat' dir='ltr'><strong>(piam</strong></span> 
     </span>
    </p>
   </div>
   <div class='ocr_carea' id='block_1_33' title="bbox 477 1854 3760 1940">
    <p class='ocr_par' dir='ltr' id='par_1_33' title="bbox 477 1854 3760 1940">
     <span class='ocr_line' id='line_1_33' title="bbox 477 1854 3760 1940; baseline 0.001 -17"><span class='ocrx_word' id='word_1_215' title='bbox 477 1878 529 1923; x_wconf 91' lang='lat' dir='ltr'><strong>et</strong></span> <span class='ocrx_word' id='word_1_216' title='bbox 555 1877 757 1940; x_wconf 73' lang='lat' dir='ltr'><strong>tropceo</strong></span> <span class='ocrx_word' id='word_1_217' title='bbox 789 1869 989 1932; x_wconf 90' lang='lat' dir='ltr'><strong>crucis,</strong></span> <span class='ocrx_word' id='word_1_218' title='bbox 1021 1869 1087 1923; x_wconf 91' lang='lat' dir='ltr'><strong>de</strong></span> <span class='ocrx_word' id='word_1_219' title='bbox 1124 1868 1337 1922; x_wconf 88' lang='lat' dir='ltr'><strong>diabolo</strong></span> <span class='ocrx_word' id='word_1_220' title='bbox 1370 1868 1564 1921; x_wconf 87' lang='lat' dir='ltr'><strong>mortis</strong></span> <span class='ocrx_word' id='word_1_221' title='bbox 1588 1867 1831 1936; x_wconf 90' lang='lat' dir='ltr'><strong>principe</strong></span> <span class='ocrx_word' id='word_1_222' title='bbox 1858 1867 2054 1920; x_wconf 89' lang='lat' dir='ltr'><strong>trium-</strong></span> <span class='ocrx_word' id='word_1_223' title='bbox 2086 1854 2131 1925; x_wconf 76' lang='grc' dir='ltr'><strong>Β</strong></span> <span class='ocrx_word' id='word_1_224' title='bbox 2162 1860 2374 1914; x_wconf 65' lang='grc' dir='ltr'><strong>ιοηθῦαι</strong></span> <span class='ocrx_word' id='word_1_225' title='bbox 2406 1860 2702 1926; x_wconf 68' lang='grc' dir='ltr'><strong>θῐηίῑῐθνθῑ,</strong></span> <span class='ocrx_word' id='word_1_226' title='bbox 2734 1878 2841 1917; x_wconf 72' lang='lat' dir='ltr'><strong>mn</strong></span> <span class='ocrx_word' id='word_1_227' title='bbox 2879 1864 3117 1931; x_wconf 72' lang='lat' dir='ltr'><strong>Potentia</strong></span> <span class='ocrx_word' id='word_1_228' title='bbox 3143 1864 3337 1928; x_wconf 69' lang='lat' dir='ltr'><strong>vietus,</strong></span> <span class='ocrx_word' id='word_1_229' title='bbox 3381 1867 3478 1922; x_wconf 77' lang='lat' dir='ltr'><strong>sed</strong></span> <span class='ocrx_word' id='word_1_230' title='bbox 3499 1867 3715 1937; x_wconf 74' lang='lat' dir='ltr'><strong>justitia</strong></span> <span class='ocrx_word' id='word_1_231' title='bbox 3744 1887 3760 1922; x_wconf 87' lang='lat'><strong>:</strong></span> 
     </span>
    </p>
   </div>
   <div class='ocr_carea' id='block_1_34' title="bbox 470 1956 2063 2029">
    <p class='ocr_par' dir='ltr' id='par_1_34' title="bbox 470 1956 2063 2029">
     <span class='ocr_line' id='line_1_34' title="bbox 470 1956 2063 2029; baseline -0.001 -16"><span class='ocrx_word' id='word_1_232' title='bbox 470 1961 754 2029; x_wconf 85' lang='lat' dir='ltr'><strong>phaturus.</strong></span> <span class='ocrx_word' id='word_1_233' title='bbox 787 1959 843 2014; x_wconf 91' lang='lat' dir='ltr'><strong>In</strong></span> <span class='ocrx_word' id='word_1_234' title='bbox 871 1960 1038 2015; x_wconf 90' lang='lat' dir='ltr'><strong>asello</strong></span> <span class='ocrx_word' id='word_1_235' title='bbox 1066 1966 1247 2014; x_wconf 89' lang='lat' dir='ltr'><strong>autem</strong></span> <span class='ocrx_word' id='word_1_236' title='bbox 1282 1975 1443 2029; x_wconf 86' lang='lat' dir='ltr'><strong>super</strong></span> <span class='ocrx_word' id='word_1_237' title='bbox 1466 1974 1626 2028; x_wconf 91' lang='lat' dir='ltr'><strong>quem</strong></span> <span class='ocrx_word' id='word_1_238' title='bbox 1650 1958 1883 2013; x_wconf 91' lang='lat' dir='ltr'><strong>sedendo</strong></span> <span class='ocrx_word' id='word_1_239' title='bbox 1908 1956 2063 2011; x_wconf 76' lang='lat' dir='ltr'><strong>lere-</strong></span> 
     </span>
    </p>
   </div>
   <div class='ocr_carea' id='block_1_35' title="bbox 471 2051 2056 2124">
    <p class='ocr_par' dir='ltr' id='par_1_35' title="bbox 471 2051 2056 2124">
     <span class='ocr_line' id='line_1_35' title="bbox 471 2051 2056 2124; baseline -0.001 -18"><span class='ocrx_word' id='word_1_240' title='bbox 471 2052 732 2123; x_wconf 84' lang='lat' dir='ltr'><strong>solymam</strong></span> <span class='ocrx_word' id='word_1_241' title='bbox 757 2054 924 2119; x_wconf 85' lang='lat' dir='ltr'><strong>venit,</strong></span> <span class='ocrx_word' id='word_1_242' title='bbox 956 2052 1230 2108; x_wconf 88' lang='lat' dir='ltr'><strong>indicabat</strong></span> <span class='ocrx_word' id='word_1_243' title='bbox 1252 2052 1521 2122; x_wconf 85' lang='lat' dir='ltr'><strong>simplicia</strong></span> <span class='ocrx_word' id='word_1_244' title='bbox 1536 2053 1699 2106; x_wconf 89' lang='lat' dir='ltr'><strong>corda</strong></span> <span class='ocrx_word' id='word_1_245' title='bbox 1715 2051 2056 2124; x_wconf 84' lang='lat' dir='ltr'><strong>gentilitatis,</strong></span> 
     </span>
    </p>
   </div>
   <div class='ocr_carea' id='block_1_36' title="bbox 470 2142 2061 2214">
    <p class='ocr_par' dir='ltr' id='par_1_36' title="bbox 470 2142 2061 2214">
     <span class='ocr_line' id='line_1_36' title="bbox 470 2142 2061 2214; baseline 0 -19"><span class='ocrx_word' id='word_1_246' title='bbox 470 2158 632 2212; x_wconf 85' lang='lat' dir='ltr'><strong>quam</strong></span> <span class='ocrx_word' id='word_1_247' title='bbox 660 2143 998 2212; x_wconf 42' lang='lat' dir='ltr'><strong>praesidendo</strong></span> <span class='ocrx_word' id='word_1_248' title='bbox 1025 2151 1187 2214; x_wconf 90' lang='lat' dir='ltr'><strong>atque</strong></span> <span class='ocrx_word' id='word_1_249' title='bbox 1234 2145 1488 2213; x_wconf 83' lang='lat' dir='ltr'><strong>regendo,</strong></span> <span class='ocrx_word' id='word_1_250' title='bbox 1529 2144 1861 2213; x_wconf 84' lang='lat' dir='ltr'><strong>perducebat</strong></span> <span class='ocrx_word' id='word_1_251' title='bbox 1889 2144 1955 2197; x_wconf 89' lang='lat' dir='ltr'><strong>ad</strong></span> <span class='ocrx_word' id='word_1_252' title='bbox 1979 2142 2061 2196; x_wconf 76' lang='lat' dir='ltr'><strong>vi-</strong></span> 
     </span>
    </p>
   </div>
   <div class='ocr_carea' id='block_1_37' title="bbox 468 2236 2061 2309">
    <p class='ocr_par' dir='ltr' id='par_1_37' title="bbox 468 2236 2061 2309">
     <span class='ocr_line' id='line_1_37' title="bbox 468 2236 2061 2309; baseline -0.001 -18"><span class='ocrx_word' id='word_1_253' title='bbox 468 2236 675 2293; x_wconf 85' lang='lat' dir='ltr'><strong>sionem</strong></span> <span class='ocrx_word' id='word_1_254' title='bbox 706 2239 876 2308; x_wconf 87' lang='lat' dir='ltr'><strong>pacis.</strong></span> <span class='ocrx_word' id='word_1_255' title='bbox 910 2237 1025 2293; x_wconf 86' lang='lat' dir='ltr'><strong>Hoc</strong></span> <span class='ocrx_word' id='word_1_256' title='bbox 1054 2244 1234 2292; x_wconf 87' lang='lat' dir='ltr'><strong>autem</strong></span> <span class='ocrx_word' id='word_1_257' title='bbox 1276 2238 1363 2292; x_wconf 90' lang='lat' dir='ltr'><strong>die</strong></span> <span class='ocrx_word' id='word_1_258' title='bbox 1402 2237 1717 2309; x_wconf 84' lang='lat' dir='ltr'><strong>Symbolum</strong></span> <span class='ocrx_word' id='word_1_259' title='bbox 1747 2244 2061 2306; x_wconf 87' lang='lat' dir='ltr'><strong>competen-</strong></span> 
     </span>
    </p>
   </div>
   <div class='ocr_carea' id='block_1_38' title="bbox 469 2328 2060 2400">
    <p class='ocr_par' dir='ltr' id='par_1_38' title="bbox 469 2328 2060 2400">
     <span class='ocr_line' id='line_1_38' title="bbox 469 2328 2060 2400; baseline 0 -17"><span class='ocrx_word' id='word_1_260' title='bbox 469 2328 610 2385; x_wconf 90' lang='lat' dir='ltr'><strong>tibus</strong></span> <span class='ocrx_word' id='word_1_261' title='bbox 646 2328 901 2397; x_wconf 87' lang='lat' dir='ltr'><strong>traditur,</strong></span> <span class='ocrx_word' id='word_1_262' title='bbox 939 2338 1161 2400; x_wconf 87' lang='lat' dir='ltr'><strong>propter</strong></span> <span class='ocrx_word' id='word_1_263' title='bbox 1197 2330 1462 2386; x_wconf 90' lang='lat' dir='ltr'><strong>conﬁnem</strong></span> <span class='ocrx_word' id='word_1_264' title='bbox 1502 2329 1795 2385; x_wconf 71' lang='lat' dir='ltr'><strong>Dominicee</strong></span> <span class='ocrx_word' id='word_1_265' title='bbox 1835 2328 2060 2383; x_wconf 67' lang='lat' dir='ltr'><strong>Paschal</strong></span> 
     </span>
    </p>
   </div>
   <div class='ocr_carea' id='block_1_39' title="bbox 465 2421 2054 2495">
    <p class='ocr_par' dir='ltr' id='par_1_39' title="bbox 465 2421 2054 2495">
     <span class='ocr_line' id='line_1_39' title="bbox 465 2421 2054 2495; baseline -0.003 -17"><span class='ocrx_word' id='word_1_266' title='bbox 465 2422 883 2485; x_wconf 87' lang='lat' dir='ltr'><strong>solemnitatem,</strong></span> <span class='ocrx_word' id='word_1_267' title='bbox 922 2431 982 2477; x_wconf 90' lang='lat' dir='ltr'><strong>ut</strong></span> <span class='ocrx_word' id='word_1_268' title='bbox 1026 2424 1119 2495; x_wconf 88' lang='lat' dir='ltr'><strong>qui</strong></span> <span class='ocrx_word' id='word_1_269' title='bbox 1161 2423 1227 2478; x_wconf 90' lang='lat' dir='ltr'><strong>ad</strong></span> <span class='ocrx_word' id='word_1_270' title='bbox 1266 2424 1360 2478; x_wconf 87' lang='lat' dir='ltr'><strong>Dei</strong></span> <span class='ocrx_word' id='word_1_271' title='bbox 1394 2424 1623 2495; x_wconf 78' lang='lat' dir='ltr'><strong>gratiam</strong></span> <span class='ocrx_word' id='word_1_272' title='bbox 1653 2421 2054 2492; x_wconf 85' lang='lat' dir='ltr'><strong>percipiendam</strong></span> 
     </span>
    </p>
   </div>
   <div class='ocr_carea' id='block_1_40' title="bbox 464 2502 2057 2585">
    <p class='ocr_par' dir='ltr' id='par_1_40' title="bbox 464 2502 2057 2585">
     <span class='ocr_line' id='line_1_40' title="bbox 464 2502 2057 2585; baseline 0.001 -18"><span class='ocrx_word' id='word_1_273' title='bbox 464 2511 741 2580; x_wconf 84' lang='lat' dir='ltr'><strong>festinant,</strong></span> <span class='ocrx_word' id='word_1_274' title='bbox 779 2513 940 2570; x_wconf 88' lang='lat' dir='ltr'><strong>ﬁdem</strong></span> <span class='ocrx_word' id='word_1_275' title='bbox 963 2530 1125 2584; x_wconf 87' lang='lat' dir='ltr'><strong>quam</strong></span> <span class='ocrx_word' id='word_1_276' title='bbox 1156 2502 1483 2571; x_wconf 80' lang='lat' dir='ltr'><strong>conﬁtentur</strong></span> <span class='ocrx_word' id='word_1_277' title='bbox 1509 2523 1824 2585; x_wconf 77' lang='lat' dir='ltr'><strong>agnoscant.</strong></span> <span class='ocrx_word' id='word_1_278' title='bbox 1854 2510 2057 2584; x_wconf 77' lang='lat' dir='ltr'><strong>Volgus</strong></span> 
     </span>
    </p>
   </div>
   <div class='ocr_carea' id='block_1_41' title="bbox 463 2605 2055 2677">
    <p class='ocr_par' dir='ltr' id='par_1_41' title="bbox 463 2605 2055 2677">
     <span class='ocr_line' id='line_1_41' title="bbox 463 2605 2055 2677; baseline 0.001 -20"><span class='ocrx_word' id='word_1_279' title='bbox 463 2611 644 2658; x_wconf 89' lang='lat' dir='ltr'><strong>autem</strong></span> <span class='ocrx_word' id='word_1_280' title='bbox 671 2605 792 2660; x_wconf 93' lang='lat' dir='ltr'><strong>ideo</strong></span> <span class='ocrx_word' id='word_1_281' title='bbox 820 2621 944 2661; x_wconf 90' lang='lat' dir='ltr'><strong>eum</strong></span> <span class='ocrx_word' id='word_1_282' title='bbox 978 2606 1121 2661; x_wconf 91' lang='lat' dir='ltr'><strong>diem</strong></span> <span class='ocrx_word' id='word_1_283' title='bbox 1157 2606 1535 2677; x_wconf 87' lang='lat' dir='ltr'><strong>capitolarium</strong></span> <span class='ocrx_word' id='word_1_284' title='bbox 1563 2612 1739 2670; x_wconf 85' lang='lat' dir='ltr'><strong>vocat,</strong></span> <span class='ocrx_word' id='word_1_285' title='bbox 1767 2606 1892 2676; x_wconf 88' lang='lat' dir='ltr'><strong>quia</strong></span> <span class='ocrx_word' id='word_1_286' title='bbox 1926 2610 2055 2659; x_wconf 88' lang='lat' dir='ltr'><strong>tunc</strong></span> 
     </span>
    </p>
   </div>
   <div class='ocr_carea' id='block_1_42' title="bbox 462 2695 2051 2769">
    <p class='ocr_par' dir='ltr' id='par_1_42' title="bbox 462 2695 2051 2769">
     <span class='ocr_line' id='line_1_42' title="bbox 462 2695 2051 2769; baseline 0.001 -19"><span class='ocrx_word' id='word_1_287' title='bbox 462 2695 633 2750; x_wconf 90' lang='lat' dir='ltr'><strong>moris</strong></span> <span class='ocrx_word' id='word_1_288' title='bbox 654 2704 732 2751; x_wconf 92' lang='lat' dir='ltr'><strong>est</strong></span> <span class='ocrx_word' id='word_1_289' title='bbox 761 2695 977 2751; x_wconf 81' lang='lat' dir='ltr'><strong>lavandi</strong></span> <span class='ocrx_word' id='word_1_290' title='bbox 1010 2698 1187 2767; x_wconf 90' lang='lat' dir='ltr'><strong>capita</strong></span> <span class='ocrx_word' id='word_1_291' title='bbox 1216 2698 1505 2753; x_wconf 77' lang='lat' dir='ltr'><strong>ini‘antium</strong></span> <span class='ocrx_word' id='word_1_292' title='bbox 1525 2698 1615 2767; x_wconf 89' lang='lat' dir='ltr'><strong>qui</strong></span> <span class='ocrx_word' id='word_1_293' title='bbox 1648 2697 1881 2769; x_wconf 79' lang='lat' dir='ltr'><strong>ungendi</strong></span> <span class='ocrx_word' id='word_1_294' title='bbox 1904 2704 2051 2761; x_wconf 89' lang='lat' dir='ltr'><strong>sunt,</strong></span> 
     </span>
    </p>
   </div>
   <div class='ocr_carea' id='block_1_43' title="bbox 459 2784 2050 2859">
    <p class='ocr_par' dir='ltr' id='par_1_43' title="bbox 459 2784 2050 2859">
     <span class='ocr_line' id='line_1_43' title="bbox 459 2784 2050 2859; baseline 0.001 -19"><span class='ocrx_word' id='word_1_295' title='bbox 459 2800 530 2840; x_wconf 91' lang='lat' dir='ltr'><strong>ne</strong></span> <span class='ocrx_word' id='word_1_296' title='bbox 558 2784 696 2841; x_wconf 78' lang='lat' dir='ltr'><strong>forte</strong></span> <span class='ocrx_word' id='word_1_297' title='bbox 742 2786 1123 2843; x_wconf 84' lang='lat' dir='ltr'><strong>observatione</strong></span> <span class='ocrx_word' id='word_1_298' title='bbox 1169 2787 1609 2859; x_wconf 73' lang='lat' dir='ltr'><strong>Quadragesimm</strong></span> <span class='ocrx_word' id='word_1_299' title='bbox 1651 2787 1928 2842; x_wconf 85' lang='lat' dir='ltr'><strong>sordidata</strong></span> <span class='ocrx_word' id='word_1_300' title='bbox 1980 2786 2050 2841; x_wconf 86' lang='lat' dir='ltr'><strong>ad</strong></span> 
     </span>
    </p>
   </div>
   <div class='ocr_carea' id='block_1_44' title="bbox 458 2876 1153 2935">
    <p class='ocr_par' dir='ltr' id='par_1_44' title="bbox 458 2876 1153 2935">
     <span class='ocr_line' id='line_1_44' title="bbox 458 2876 1153 2935; baseline 0.006 -5"><span class='ocrx_word' id='word_1_301' title='bbox 458 2876 768 2933; x_wconf 87' lang='lat' dir='ltr'><strong>unctionem</strong></span> <span class='ocrx_word' id='word_1_302' title='bbox 809 2880 1153 2935; x_wconf 87' lang='lat' dir='ltr'><strong>accederent.</strong></span> 
     </span>
    </p>
   </div>
   <div class='ocr_carea' id='block_1_45' title="bbox 990 2964 1513 3027">
    <p class='ocr_par' dir='ltr' id='par_1_45' title="bbox 990 2964 1513 3027">
     <span class='ocr_line' id='line_1_45' title="bbox 990 2964 1513 3027; baseline -0.004 -1"><span class='ocrx_word' id='word_1_303' title='bbox 990 2970 1222 3027; x_wconf 81' lang='lat' dir='ltr'><strong>CAPUT</strong></span> <span class='ocrx_word' id='word_1_304' title='bbox 1268 2964 1513 3026; x_wconf 76' lang='lat' dir='ltr'><strong>XXXVI.</strong></span> 
     </span>
    </p>
   </div>
   <div class='ocr_carea' id='block_1_46' title="bbox 974 3060 1532 3116">
    <p class='ocr_par' dir='ltr' id='par_1_46' title="bbox 974 3060 1532 3116">
     <span class='ocr_line' id='line_1_46' title="bbox 974 3060 1532 3116; baseline -0.004 0"><span class='ocrx_word' id='word_1_305' title='bbox 974 3060 1053 3116; x_wconf 83' lang='lat' dir='ltr'><strong>De</strong></span> <span class='ocrx_word' id='word_1_306' title='bbox 1091 3060 1249 3116; x_wconf 76' lang='lat' dir='ltr'><strong>Came</strong></span> <span class='ocrx_word' id='word_1_307' title='bbox 1296 3061 1532 3116; x_wconf 81' lang='lat' dir='ltr'><strong>Domini.</strong></span> 
     </span>
    </p>
   </div>
   <div class='ocr_carea' id='block_1_47' title="bbox 524 3149 2047 3224">
    <p class='ocr_par' dir='ltr' id='par_1_47' title="bbox 524 3149 2047 3224">
     <span class='ocr_line' id='line_1_47' title="bbox 524 3149 2047 3224; baseline -0.001 -17"><span class='ocrx_word' id='word_1_308' title='bbox 524 3149 693 3207; x_wconf 67' lang='lat' dir='ltr'><strong>Coena</strong></span> <span class='ocrx_word' id='word_1_309' title='bbox 718 3150 932 3208; x_wconf 84' lang='lat' dir='ltr'><strong>Domini</strong></span> <span class='ocrx_word' id='word_1_310' title='bbox 964 3153 1080 3209; x_wconf 84' lang='lat' dir='ltr'><strong>haec</strong></span> <span class='ocrx_word' id='word_1_311' title='bbox 1122 3162 1206 3209; x_wconf 89' lang='lat' dir='ltr'><strong>est</strong></span> <span class='ocrx_word' id='word_1_312' title='bbox 1232 3153 1366 3208; x_wconf 83' lang='lat' dir='ltr'><strong>feria</strong></span> <span class='ocrx_word' id='word_1_313' title='bbox 1389 3155 1579 3224; x_wconf 88' lang='lat' dir='ltr'><strong>quinta</strong></span> <span class='ocrx_word' id='word_1_314' title='bbox 1606 3152 1811 3207; x_wconf 82' lang='lat' dir='ltr'><strong>ultimae</strong></span> <span class='ocrx_word' id='word_1_315' title='bbox 1839 3151 2047 3206; x_wconf 89' lang='lat' dir='ltr'><strong>hebdo-</strong></span> 
     </span>
    </p>
   </div>
   <div class='ocr_carea' id='block_1_48' title="bbox 2162 1952 3764 2025">
    <p class='ocr_par' dir='ltr' id='par_1_48' title="bbox 2162 1952 3764 2025">
     <span class='ocr_line' id='line_1_48' title="bbox 2162 1952 3764 2025; baseline 0.006 -20"><span class='ocrx_word' id='word_1_316' title='bbox 2162 1965 2269 2005; x_wconf 90' lang='lat' dir='ltr'><strong>non</strong></span> <span class='ocrx_word' id='word_1_317' title='bbox 2292 1952 2672 2017; x_wconf 85' lang='lat' dir='ltr'><strong>dominatione,</strong></span> <span class='ocrx_word' id='word_1_318' title='bbox 2703 1954 2797 2009; x_wconf 87' lang='lat' dir='ltr'><strong>sed</strong></span> <span class='ocrx_word' id='word_1_319' title='bbox 2825 1956 3053 2010; x_wconf 86' lang='lat' dir='ltr'><strong>ratione.</strong></span> <span class='ocrx_word' id='word_1_320' title='bbox 3089 1955 3336 2013; x_wconf 84' lang='lat' dir='ltr'><strong>Secunda</strong></span> <span class='ocrx_word' id='word_1_321' title='bbox 3365 1974 3532 2014; x_wconf 84' lang='lat' dir='ltr'><strong>causa</strong></span> <span class='ocrx_word' id='word_1_322' title='bbox 3564 1970 3670 2025; x_wconf 86' lang='lat' dir='ltr'><strong>est,</strong></span> <span class='ocrx_word' id='word_1_323' title='bbox 3704 1970 3764 2015; x_wconf 80' lang='lat' dir='ltr'><strong>ut</strong></span> 
     </span>
    </p>
   </div>
   <div class='ocr_carea' id='block_1_49' title="bbox 2161 2045 3759 2121">
    <p class='ocr_par' dir='ltr' id='par_1_49' title="bbox 2161 2045 3759 2121">
     <span class='ocr_line' id='line_1_49' title="bbox 2161 2045 3759 2121; baseline 0.007 -24"><span class='ocrx_word' id='word_1_324' title='bbox 2161 2045 2431 2099; x_wconf 90' lang='lat' dir='ltr'><strong>secuturis</strong></span> <span class='ocrx_word' id='word_1_325' title='bbox 2456 2045 2763 2101; x_wconf 91' lang='lat' dir='ltr'><strong>hominibus</strong></span> <span class='ocrx_word' id='word_1_326' title='bbox 2803 2047 2928 2102; x_wconf 59' lang='lat' dir='ltr'><strong>vitae</strong></span> <span class='ocrx_word' id='word_1_327' title='bbox 2974 2049 3348 2119; x_wconf 81' lang='lat' dir='ltr'><strong>magisterium</strong></span> <span class='ocrx_word' id='word_1_328' title='bbox 3396 2051 3759 2121; x_wconf 66' lang='lat' dir='ltr'><strong>praeberetur.</strong></span> 
     </span>
    </p>
   </div>
   <div class='ocr_carea' id='block_1_50' title="bbox 2157 2133 3759 2215">
    <p class='ocr_par' dir='ltr' id='par_1_50' title="bbox 2157 2133 3759 2215">
     <span class='ocr_line' id='line_1_50' title="bbox 2157 2133 3759 2215; baseline 0.009 -28"><span class='ocrx_word' id='word_1_329' title='bbox 2157 2133 2416 2191; x_wconf 81' lang='lat' dir='ltr'><strong>Ascendit</strong></span> <span class='ocrx_word' id='word_1_330' title='bbox 2467 2137 2610 2193; x_wconf 83' lang='lat' dir='ltr'><strong>enim</strong></span> <span class='ocrx_word' id='word_1_331' title='bbox 2656 2136 2710 2195; x_wconf 92' lang='lat' dir='ltr'><strong>in</strong></span> <span class='ocrx_word' id='word_1_332' title='bbox 2760 2153 2979 2195; x_wconf 85' lang='lat' dir='ltr'><strong>crucem</strong></span> <span class='ocrx_word' id='word_1_333' title='bbox 3025 2139 3290 2203; x_wconf 86' lang='lat' dir='ltr'><strong>Christus,</strong></span> <span class='ocrx_word' id='word_1_334' title='bbox 3336 2150 3397 2197; x_wconf 92' lang='lat' dir='ltr'><strong>ut</strong></span> <span class='ocrx_word' id='word_1_335' title='bbox 3441 2145 3606 2201; x_wconf 87' lang='lat' dir='ltr'><strong>nobis</strong></span> <span class='ocrx_word' id='word_1_336' title='bbox 3632 2161 3759 2215; x_wconf 83' lang='lat' dir='ltr'><strong>pas-</strong></span> 
     </span>
    </p>
   </div>
   <div class='ocr_carea' id='block_1_51' title="bbox 2159 2226 3757 2306">
    <p class='ocr_par' dir='ltr' id='par_1_51' title="bbox 2159 2226 3757 2306">
     <span class='ocr_line' id='line_1_51' title="bbox 2159 2226 3757 2306; baseline 0.005 -24"><span class='ocrx_word' id='word_1_337' title='bbox 2159 2226 2327 2285; x_wconf 85' lang='lat' dir='ltr'><strong>sionis</strong></span> <span class='ocrx_word' id='word_1_338' title='bbox 2375 2235 2430 2283; x_wconf 89' lang='lat' dir='ltr'><strong>et</strong></span> <span class='ocrx_word' id='word_1_339' title='bbox 2464 2229 2883 2287; x_wconf 84' lang='lat' dir='ltr'><strong>resurrectionis</strong></span> <span class='ocrx_word' id='word_1_340' title='bbox 2923 2232 3191 2301; x_wconf 69' lang='lat' dir='ltr'><strong>praeberet</strong></span> <span class='ocrx_word' id='word_1_341' title='bbox 3241 2235 3596 2305; x_wconf 76' lang='lat' dir='ltr'><strong>exemplum:</strong></span> <span class='ocrx_word' id='word_1_342' title='bbox 3629 2252 3757 2306; x_wconf 74' lang='lat' dir='ltr'><strong>pas-</strong></span> 
     </span>
    </p>
   </div>
   <div class='ocr_carea' id='block_1_52' title="bbox 2157 2317 3760 2392">
    <p class='ocr_par' dir='ltr' id='par_1_52' title="bbox 2157 2317 3760 2392">
     <span class='ocr_line' id='line_1_52' title="bbox 2157 2317 3760 2392; baseline 0.007 -21"><span class='ocrx_word' id='word_1_343' title='bbox 2157 2317 2325 2373; x_wconf 84' lang='lat' dir='ltr'><strong>sionis</strong></span> <span class='ocrx_word' id='word_1_344' title='bbox 2356 2318 2425 2379; x_wconf 83' lang='lat' dir='ltr'><strong>ad</strong></span> <span class='ocrx_word' id='word_1_345' title='bbox 2464 2318 2786 2375; x_wconf 89' lang='lat' dir='ltr'><strong>ﬁrmandam</strong></span> <span class='ocrx_word' id='word_1_346' title='bbox 2819 2322 3168 2391; x_wconf 86' lang='lat' dir='ltr'><strong>patientiam;</strong></span> <span class='ocrx_word' id='word_1_347' title='bbox 3210 2328 3661 2392; x_wconf 85' lang='lat' dir='ltr'><strong>resurrectionis,</strong></span> <span class='ocrx_word' id='word_1_348' title='bbox 3691 2330 3760 2384; x_wconf 81' lang='lat' dir='ltr'><strong>ad</strong></span> 
     </span>
    </p>
   </div>
   <div class='ocr_carea' id='block_1_53' title="bbox 2155 2412 3756 2484">
    <p class='ocr_par' dir='ltr' id='par_1_53' title="bbox 2155 2412 3756 2484">
     <span class='ocr_line' id='line_1_53' title="bbox 2155 2412 3756 2484; baseline 0.006 -18"><span class='ocrx_word' id='word_1_349' title='bbox 2155 2412 2497 2471; x_wconf 74' lang='lat' dir='ltr'><strong>excitandam</strong></span> <span class='ocrx_word' id='word_1_350' title='bbox 2521 2429 2705 2484; x_wconf 88' lang='lat' dir='ltr'><strong>spem;</strong></span> <span class='ocrx_word' id='word_1_351' title='bbox 2733 2422 2795 2470; x_wconf 92' lang='lat' dir='ltr'><strong>ut</strong></span> <span class='ocrx_word' id='word_1_352' title='bbox 2833 2415 2968 2471; x_wconf 89' lang='lat' dir='ltr'><strong>duas</strong></span> <span class='ocrx_word' id='word_1_353' title='bbox 2995 2417 3134 2472; x_wconf 87' lang='lat' dir='ltr'><strong>vitas</strong></span> <span class='ocrx_word' id='word_1_354' title='bbox 3158 2419 3314 2474; x_wconf 87' lang='lat' dir='ltr'><strong>nobis</strong></span> <span class='ocrx_word' id='word_1_355' title='bbox 3354 2420 3677 2475; x_wconf 85' lang='lat' dir='ltr'><strong>ostenderet</strong></span> <span class='ocrx_word' id='word_1_356' title='bbox 3702 2423 3756 2477; x_wconf 82' lang='lat' dir='ltr'><strong>in</strong></span> 
     </span>
    </p>
   </div>
   <div class='ocr_carea' id='block_1_54' title="bbox 2156 2505 3759 2571">
    <p class='ocr_par' dir='ltr' id='par_1_54' title="bbox 2156 2505 3759 2571">
     <span class='ocr_line' id='line_1_54' title="bbox 2156 2505 3759 2571; baseline 0.005 -12"><span class='ocrx_word' id='word_1_357' title='bbox 2156 2518 2353 2561; x_wconf 87' lang='lat' dir='ltr'><strong>carne:</strong></span> <span class='ocrx_word' id='word_1_358' title='bbox 2381 2519 2543 2563; x_wconf 83' lang='lat' dir='ltr'><strong>uuam</strong></span> <span class='ocrx_word' id='word_1_359' title='bbox 2574 2505 2920 2571; x_wconf 85' lang='lat' dir='ltr'><strong>laboriosam,</strong></span> <span class='ocrx_word' id='word_1_360' title='bbox 2961 2507 3186 2565; x_wconf 88' lang='lat' dir='ltr'><strong>alteram</strong></span> <span class='ocrx_word' id='word_1_361' title='bbox 3216 2510 3452 2567; x_wconf 86' lang='lat' dir='ltr'><strong>beatam.</strong></span> <span class='ocrx_word' id='word_1_362' title='bbox 3486 2510 3759 2567; x_wconf 82' lang='lat' dir='ltr'><strong>Laborio-</strong></span> 
     </span>
    </p>
   </div>
   <div class='ocr_carea' id='block_1_55' title="bbox 2155 2598 3761 2675">
    <p class='ocr_par' dir='ltr' id='par_1_55' title="bbox 2155 2598 3761 2675">
     <span class='ocr_line' id='line_1_55' title="bbox 2155 2598 3761 2675; baseline 0.004 -22"><span class='ocrx_word' id='word_1_363' title='bbox 2155 2612 2270 2653; x_wconf 90' lang='lat' dir='ltr'><strong>sam</strong></span> <span class='ocrx_word' id='word_1_364' title='bbox 2297 2614 2458 2668; x_wconf 87' lang='lat' dir='ltr'><strong>quam</strong></span> <span class='ocrx_word' id='word_1_365' title='bbox 2494 2598 2726 2655; x_wconf 89' lang='lat' dir='ltr'><strong>tolerare</strong></span> <span class='ocrx_word' id='word_1_366' title='bbox 2755 2601 3031 2667; x_wconf 87' lang='lat' dir='ltr'><strong>debemus,</strong></span> <span class='ocrx_word' id='word_1_367' title='bbox 3065 2603 3281 2658; x_wconf 90' lang='lat' dir='ltr'><strong>beatam</strong></span> <span class='ocrx_word' id='word_1_368' title='bbox 3311 2618 3477 2673; x_wconf 88' lang='lat' dir='ltr'><strong>quam</strong></span> <span class='ocrx_word' id='word_1_369' title='bbox 3526 2620 3761 2675; x_wconf 82' lang='lat' dir='ltr'><strong>sperare</strong></span> 
     </span>
    </p>
   </div>
   <div class='ocr_carea' id='block_1_56' title="bbox 2153 2689 3761 2764">
    <p class='ocr_par' dir='ltr' id='par_1_56' title="bbox 2153 2689 3761 2764">
     <span class='ocr_line' id='line_1_56' title="bbox 2153 2689 3761 2764; baseline 0.006 -21"><span class='ocrx_word' id='word_1_370' title='bbox 2153 2689 2432 2746; x_wconf 89' lang='lat' dir='ltr'><strong>debemus.</strong></span> <span class='ocrx_word' id='word_1_371' title='bbox 2482 2691 2667 2747; x_wconf 88' lang='lat' dir='ltr'><strong>Tertia</strong></span> <span class='ocrx_word' id='word_1_372' title='bbox 2706 2707 2872 2748; x_wconf 88' lang='lat' dir='ltr'><strong>causa</strong></span> <span class='ocrx_word' id='word_1_373' title='bbox 2918 2701 3000 2749; x_wconf 87' lang='lat' dir='ltr'><strong>est</strong></span> <span class='ocrx_word' id='word_1_374' title='bbox 3047 2703 3314 2764; x_wconf 67' lang='lat' dir='ltr'><strong>susceptae</strong></span> <span class='ocrx_word' id='word_1_375' title='bbox 3340 2698 3543 2762; x_wconf 87' lang='lat' dir='ltr'><strong>crucis,</strong></span> <span class='ocrx_word' id='word_1_376' title='bbox 3574 2705 3641 2751; x_wconf 85' lang='grc' dir='ltr'><strong>ιιι</strong></span> <span class='ocrx_word' id='word_1_377' title='bbox 3668 2714 3761 2753; x_wconf 83' lang='lat' dir='ltr'><strong>sn-</strong></span> 
     </span>
    </p>
   </div>
   <div class='ocr_carea' id='block_1_57' title="bbox 2150 2784 3753 2856">
    <p class='ocr_par' dir='ltr' id='par_1_57' title="bbox 2150 2784 3753 2856">
     <span class='ocr_line' id='line_1_57' title="bbox 2150 2784 3753 2856; baseline 0.003 -17"><span class='ocrx_word' id='word_1_378' title='bbox 2150 2784 2319 2855; x_wconf 86' lang='lat' dir='ltr'><strong>perba</strong></span> <span class='ocrx_word' id='word_1_379' title='bbox 2358 2784 2539 2839; x_wconf 76' lang='lat' dir='ltr'><strong>szeeuli</strong></span> <span class='ocrx_word' id='word_1_380' title='bbox 2568 2794 2623 2840; x_wconf 93' lang='lat' dir='ltr'><strong>et</strong></span> <span class='ocrx_word' id='word_1_381' title='bbox 2649 2784 2831 2840; x_wconf 89' lang='lat' dir='ltr'><strong>intlata</strong></span> <span class='ocrx_word' id='word_1_382' title='bbox 2861 2787 3123 2856; x_wconf 76' lang='lat' dir='ltr'><strong>sapientis</strong></span> <span class='ocrx_word' id='word_1_383' title='bbox 3168 2802 3265 2856; x_wconf 90' lang='lat' dir='ltr'><strong>per</strong></span> <span class='ocrx_word' id='word_1_384' title='bbox 3290 2790 3472 2844; x_wconf 87' lang='lat' dir='ltr'><strong>erucis</strong></span> <span class='ocrx_word' id='word_1_385' title='bbox 3502 2788 3753 2854; x_wconf 84' lang='lat' dir='ltr'><strong>stultam,</strong></span> 
     </span>
    </p>
   </div>
   <div class='ocr_carea' id='block_1_58' title="bbox 2151 2875 3758 2945">
    <p class='ocr_par' dir='ltr' id='par_1_58' title="bbox 2151 2875 3758 2945">
     <span class='ocr_line' id='line_1_58' title="bbox 2151 2875 3758 2945; baseline 0.003 -16"><span class='ocrx_word' id='word_1_386' title='bbox 2151 2882 2481 2944; x_wconf 82' lang='lat' dir='ltr'><strong>utpntator,</strong></span> <span class='ocrx_word' id='word_1_387' title='bbox 2530 2875 2974 2945; x_wconf 73' lang='lat' dir='ltr'><strong>prmdicationem</strong></span> <span class='ocrx_word' id='word_1_388' title='bbox 3017 2876 3299 2937; x_wconf 85' lang='lat' dir='ltr'><strong>humiliata</strong></span> <span class='ocrx_word' id='word_1_389' title='bbox 3332 2890 3650 2943; x_wconf 80' lang='lat' dir='ltr'><strong>cormeret,</strong></span> <span class='ocrx_word' id='word_1_390' title='bbox 3692 2888 3758 2934; x_wconf 85' lang='lat' dir='ltr'><strong>ut</strong></span> 
     </span>
    </p>
   </div>
   <div class='ocr_carea' id='block_1_59' title="bbox 2150 2967 3757 3037">
    <p class='ocr_par' dir='ltr' id='par_1_59' title="bbox 2150 2967 3757 3037">
     <span class='ocr_line' id='line_1_59' title="bbox 2150 2967 3757 3037; baseline 0.004 -18"><span class='ocrx_word' id='word_1_391' title='bbox 2150 2973 2363 3035; x_wconf 86' lang='lat' dir='ltr'><strong>pateret</strong></span> <span class='ocrx_word' id='word_1_392' title='bbox 2396 2967 2449 3022; x_wconf 92' lang='lat' dir='ltr'><strong>id</strong></span> <span class='ocrx_word' id='word_1_393' title='bbox 2478 2968 2622 3037; x_wconf 89' lang='lat' dir='ltr'><strong>quod</strong></span> <span class='ocrx_word' id='word_1_394' title='bbox 2667 2968 2889 3024; x_wconf 89' lang='lat' dir='ltr'><strong>stultum</strong></span> <span class='ocrx_word' id='word_1_395' title='bbox 2919 2967 3014 3024; x_wconf 90' lang='lat' dir='ltr'><strong>Dei</strong></span> <span class='ocrx_word' id='word_1_396' title='bbox 3054 2976 3136 3023; x_wconf 88' lang='lat' dir='ltr'><strong>est</strong></span> <span class='ocrx_word' id='word_1_397' title='bbox 3178 2977 3381 3037; x_wconf 84' lang='lat' dir='ltr'><strong>quanto</strong></span> <span class='ocrx_word' id='word_1_398' title='bbox 3405 2969 3481 3024; x_wconf 88' lang='lat' dir='ltr'><strong>sit</strong></span> <span class='ocrx_word' id='word_1_399' title='bbox 3510 2970 3757 3025; x_wconf 85' lang='lat' dir='ltr'><strong>homini-</strong></span> 
     </span>
    </p>
   </div>
   <div class='ocr_carea' id='block_1_60' title="bbox 2148 3056 3758 3130">
    <p class='ocr_par' dir='ltr' id='par_1_60' title="bbox 2148 3056 3758 3130">
     <span class='ocr_line' id='line_1_60' title="bbox 2148 3056 3758 3130; baseline 0.003 -19"><span class='ocrx_word' id='word_1_400' title='bbox 2148 3056 2251 3112; x_wconf 90' lang='lat' dir='ltr'><strong>bus</strong></span> <span class='ocrx_word' id='word_1_401' title='bbox 2276 3058 2572 3127; x_wconf 86' lang='lat' dir='ltr'><strong>sapientius</strong></span> <span class='ocrx_word' id='word_1_402' title='bbox 2600 3065 2655 3113; x_wconf 88' lang='lat' dir='ltr'><strong>et</strong></span> <span class='ocrx_word' id='word_1_403' title='bbox 2684 3058 2828 3128; x_wconf 86' lang='lat' dir='ltr'><strong>quod</strong></span> <span class='ocrx_word' id='word_1_404' title='bbox 2868 3058 3142 3114; x_wconf 89' lang='lat' dir='ltr'><strong>inﬁrmum</strong></span> <span class='ocrx_word' id='word_1_405' title='bbox 3172 3059 3267 3114; x_wconf 85' lang='lat' dir='ltr'><strong>Dci</strong></span> <span class='ocrx_word' id='word_1_406' title='bbox 3294 3068 3399 3125; x_wconf 90' lang='lat' dir='ltr'><strong>est,</strong></span> <span class='ocrx_word' id='word_1_407' title='bbox 3439 3070 3657 3130; x_wconf 85' lang='lat' dir='ltr'><strong>quanto</strong></span> <span class='ocrx_word' id='word_1_408' title='bbox 3683 3062 3758 3116; x_wconf 79' lang='lat' dir='ltr'><strong>sit</strong></span> 
     </span>
    </p>
   </div>
   <div class='ocr_carea' id='block_1_61' title="bbox 2150 3147 3755 3226">
    <p class='ocr_par' dir='ltr' id='par_1_61' title="bbox 2150 3147 3755 3226">
     <span class='ocr_line' id='line_1_61' title="bbox 2150 3147 3755 3226; baseline 0.005 -24"><span class='ocrx_word' id='word_1_409' title='bbox 2150 3147 2345 3205; x_wconf 84' lang='lat' dir='ltr'><strong>fortius</strong></span> <span class='ocrx_word' id='word_1_410' title='bbox 2373 3158 2483 3205; x_wconf 91' lang='lat' dir='ltr'><strong>tota</strong></span> <span class='ocrx_word' id='word_1_411' title='bbox 2514 3152 2793 3208; x_wconf 89' lang='lat' dir='ltr'><strong>hominum</strong></span> <span class='ocrx_word' id='word_1_412' title='bbox 2824 3150 3157 3210; x_wconf 77' lang='lat' dir='ltr'><strong>fortitudine.</strong></span> <span class='ocrx_word' id='word_1_413' title='bbox 3204 3154 3373 3209; x_wconf 88' lang='lat' dir='ltr'><strong>Docet</strong></span> <span class='ocrx_word' id='word_1_414' title='bbox 3398 3165 3590 3210; x_wconf 86' lang='lat' dir='ltr'><strong>autem</strong></span> <span class='ocrx_word' id='word_1_415' title='bbox 3619 3171 3755 3226; x_wconf 85' lang='lat' dir='ltr'><strong>apo-</strong></span> 
     </span>
    </p>
   </div>
   <div class='ocr_carea' id='block_1_62' title="bbox 452 3219 3755 3314">
    <p class='ocr_par' dir='ltr' id='par_1_62' title="bbox 452 3219 3755 3314">
     <span class='ocr_line' id='line_1_62' title="bbox 452 3219 3755 3314; baseline 0.002 -17"><span class='ocrx_word' id='word_1_416' title='bbox 452 3242 630 3297; x_wconf 89' lang='lat' dir='ltr'><strong>madis</strong></span> <span class='ocrx_word' id='word_1_417' title='bbox 675 3242 1115 3314; x_wconf 67' lang='lat' dir='ltr'><strong>Quadragesimas</strong></span> <span class='ocrx_word' id='word_1_418' title='bbox 1156 3245 1370 3314; x_wconf 89' lang='lat' dir='ltr'><strong>quando</strong></span> <span class='ocrx_word' id='word_1_419' title='bbox 1410 3219 1674 3298; x_wconf 90' lang='lat' dir='ltr'><strong>Dominus</strong></span> <span class='ocrx_word' id='word_1_420' title='bbox 1715 3251 1770 3297; x_wconf 93' lang='lat' dir='ltr'><strong>et</strong></span> <span class='ocrx_word' id='word_1_421' title='bbox 1798 3238 2047 3297; x_wconf 75' lang='lat' dir='ltr'><strong>Salvator</strong></span> <span class='ocrx_word' id='word_1_422' title='bbox 2076 3219 2122 3293; x_wconf 60' lang='grc' dir='ltr'><strong>(ἶ</strong></span> <span class='ocrx_word' id='word_1_423' title='bbox 2153 3242 2324 3298; x_wconf 87' lang='lat' dir='ltr'><strong>stolos</strong></span> <span class='ocrx_word' id='word_1_424' title='bbox 2353 3241 2554 3298; x_wconf 91' lang='lat' dir='ltr'><strong>Paulus</strong></span> <span class='ocrx_word' id='word_1_425' title='bbox 2599 3243 2927 3300; x_wconf 84' lang='lat' dir='ltr'><strong>illuminatos</strong></span> <span class='ocrx_word' id='word_1_426' title='bbox 2969 3261 3068 3300; x_wconf 90' lang='lat' dir='ltr'><strong>nos</strong></span> <span class='ocrx_word' id='word_1_427' title='bbox 3095 3244 3290 3301; x_wconf 90' lang='lat' dir='ltr'><strong>debere</strong></span> <span class='ocrx_word' id='word_1_428' title='bbox 3336 3246 3527 3301; x_wconf 90' lang='lat' dir='ltr'><strong>oculos</strong></span> <span class='ocrx_word' id='word_1_429' title='bbox 3565 3219 3755 3303; x_wconf 72' lang='lat' dir='ltr'><strong>cordis</strong></span> 
     </span>
    </p>
   </div>
   <div class='ocr_carea' id='block_1_63' title="bbox 449 3333 3756 3406">
    <p class='ocr_par' dir='ltr' id='par_1_63' title="bbox 449 3333 3756 3406">
     <span class='ocr_line' id='line_1_63' title="bbox 449 3333 3756 3406; baseline 0.002 -17"><span class='ocrx_word' id='word_1_430' title='bbox 449 3341 637 3389; x_wconf 80' lang='lat' dir='ltr'><strong>noster</strong></span> <span class='ocrx_word' id='word_1_431' title='bbox 658 3338 783 3404; x_wconf 89' lang='lat' dir='ltr'><strong>post</strong></span> <span class='ocrx_word' id='word_1_432' title='bbox 806 3336 1046 3406; x_wconf 80' lang='lat' dir='ltr'><strong>typicum</strong></span> <span class='ocrx_word' id='word_1_433' title='bbox 1077 3334 1206 3388; x_wconf 90' lang='lat' dir='ltr'><strong>illud</strong></span> <span class='ocrx_word' id='word_1_434' title='bbox 1232 3334 1439 3391; x_wconf 83' lang='lat' dir='ltr'><strong>Pascha</strong></span> <span class='ocrx_word' id='word_1_435' title='bbox 1473 3333 1820 3402; x_wconf 90' lang='lat' dir='ltr'><strong>completum,</strong></span> <span class='ocrx_word' id='word_1_436' title='bbox 1853 3333 1919 3387; x_wconf 90' lang='lat' dir='ltr'><strong>ad</strong></span> <span class='ocrx_word' id='word_1_437' title='bbox 1946 3348 2044 3387; x_wconf 82' lang='lat' dir='ltr'><strong>ve-</strong></span> <span class='ocrx_word' id='word_1_438' title='bbox 2146 3334 2366 3399; x_wconf 90' lang='lat' dir='ltr'><strong>habere,</strong></span> <span class='ocrx_word' id='word_1_439' title='bbox 2398 3333 2466 3389; x_wconf 91' lang='lat' dir='ltr'><strong>ad</strong></span> <span class='ocrx_word' id='word_1_440' title='bbox 2500 3335 2904 3406; x_wconf 81' lang='lat' dir='ltr'><strong>intelligendum</strong></span> <span class='ocrx_word' id='word_1_441' title='bbox 2944 3352 3064 3406; x_wconf 68' lang='lat' dir='ltr'><strong>qua:</strong></span> <span class='ocrx_word' id='word_1_442' title='bbox 3092 3337 3165 3392; x_wconf 91' lang='lat' dir='ltr'><strong>sit</strong></span> <span class='ocrx_word' id='word_1_443' title='bbox 3192 3338 3420 3393; x_wconf 86' lang='lat' dir='ltr'><strong>latitudo</strong></span> <span class='ocrx_word' id='word_1_444' title='bbox 3447 3340 3658 3405; x_wconf 80' lang='lat' dir='ltr'><strong>crucis,</strong></span> <span class='ocrx_word' id='word_1_445' title='bbox 3696 3348 3756 3395; x_wconf 90' lang='lat' dir='ltr'><strong>et</strong></span> 
     </span>
    </p>
   </div>
   <div class='ocr_carea' id='block_1_64' title="bbox 448 3423 3752 3498">
    <p class='ocr_par' dir='ltr' id='par_1_64' title="bbox 448 3423 3752 3498">
     <span class='ocr_line' id='line_1_64' title="bbox 448 3423 3752 3498; baseline 0.002 -19"><span class='ocrx_word' id='word_1_446' title='bbox 448 3439 571 3479; x_wconf 90' lang='lat' dir='ltr'><strong>rum</strong></span> <span class='ocrx_word' id='word_1_447' title='bbox 595 3424 803 3480; x_wconf 87' lang='lat' dir='ltr'><strong>Pascha</strong></span> <span class='ocrx_word' id='word_1_448' title='bbox 832 3425 1122 3491; x_wconf 86' lang='lat' dir='ltr'><strong>transiens,</strong></span> <span class='ocrx_word' id='word_1_449' title='bbox 1148 3426 1464 3497; x_wconf 79' lang='lat' dir='ltr'><strong>mysterium</strong></span> <span class='ocrx_word' id='word_1_450' title='bbox 1485 3423 1729 3495; x_wconf 88' lang='lat' dir='ltr'><strong>corporis</strong></span> <span class='ocrx_word' id='word_1_451' title='bbox 1751 3432 1806 3479; x_wconf 85' lang='lat' dir='ltr'><strong>et</strong></span> <span class='ocrx_word' id='word_1_452' title='bbox 1828 3425 2045 3496; x_wconf 82' lang='lat' dir='ltr'><strong>sangui-</strong></span> <span class='ocrx_word' id='word_1_453' title='bbox 2144 3425 2443 3497; x_wconf 81' lang='lat' dir='ltr'><strong>longitudo,</strong></span> <span class='ocrx_word' id='word_1_454' title='bbox 2470 3437 2525 3482; x_wconf 89' lang='lat' dir='ltr'><strong>et</strong></span> <span class='ocrx_word' id='word_1_455' title='bbox 2554 3428 2781 3483; x_wconf 87' lang='lat' dir='ltr'><strong>altitudo</strong></span> <span class='ocrx_word' id='word_1_456' title='bbox 2822 3438 2876 3485; x_wconf 90' lang='lat' dir='ltr'><strong>et</strong></span> <span class='ocrx_word' id='word_1_457' title='bbox 2904 3429 3251 3498; x_wconf 87' lang='lat' dir='ltr'><strong>profundum.</strong></span> <span class='ocrx_word' id='word_1_458' title='bbox 3279 3429 3476 3486; x_wconf 66' lang='lat' dir='ltr'><strong>Cruci:</strong></span> <span class='ocrx_word' id='word_1_459' title='bbox 3511 3431 3752 3487; x_wconf 77' lang='lat' dir='ltr'><strong>latitutb</strong></span> 
     </span>
    </p>
   </div>
   <div class='ocr_carea' id='block_1_65' title="bbox 448 3516 3745 3592">
    <p class='ocr_par' dir='ltr' id='par_1_65' title="bbox 448 3516 3745 3592">
     <span class='ocr_line' id='line_1_65' title="bbox 448 3516 3745 3592; baseline 0.002 -21"><span class='ocrx_word' id='word_1_460' title='bbox 448 3516 535 3572; x_wconf 87' lang='lat' dir='ltr'><strong>nis</strong></span> <span class='ocrx_word' id='word_1_461' title='bbox 564 3518 646 3571; x_wconf 89' lang='lat' dir='ltr'><strong>sui</strong></span> <span class='ocrx_word' id='word_1_462' title='bbox 686 3519 921 3589; x_wconf 88' lang='lat' dir='ltr'><strong>primum</strong></span> <span class='ocrx_word' id='word_1_463' title='bbox 953 3519 1210 3590; x_wconf 88' lang='lat' dir='ltr'><strong>apostolis</strong></span> <span class='ocrx_word' id='word_1_464' title='bbox 1241 3520 1480 3585; x_wconf 87' lang='lat' dir='ltr'><strong>tradidit,</strong></span> <span class='ocrx_word' id='word_1_465' title='bbox 1530 3519 1749 3589; x_wconf 88' lang='lat' dir='ltr'><strong>quando</strong></span> <span class='ocrx_word' id='word_1_466' title='bbox 1782 3530 1905 3588; x_wconf 84' lang='lat' dir='ltr'><strong>post</strong></span> <span class='ocrx_word' id='word_1_467' title='bbox 1948 3533 2041 3573; x_wconf 87' lang='lat' dir='ltr'><strong>sa-</strong></span> <span class='ocrx_word' id='word_1_468' title='bbox 2144 3525 2230 3574; x_wconf 85' lang='lat' dir='ltr'><strong>est</strong></span> <span class='ocrx_word' id='word_1_469' title='bbox 2270 3524 2639 3574; x_wconf 87' lang='lat' dir='ltr'><strong>transversum</strong></span> <span class='ocrx_word' id='word_1_470' title='bbox 2692 3521 2896 3592; x_wconf 79' lang='lat' dir='ltr'><strong>lignum</strong></span> <span class='ocrx_word' id='word_1_471' title='bbox 2949 3530 3056 3589; x_wconf 87' lang='lat' dir='ltr'><strong>quo</strong></span> <span class='ocrx_word' id='word_1_472' title='bbox 3104 3521 3473 3577; x_wconf 78' lang='lat' dir='ltr'><strong>extenduntur</strong></span> <span class='ocrx_word' id='word_1_473' title='bbox 3518 3539 3745 3580; x_wconf 80' lang='lat' dir='ltr'><strong>manus.</strong></span> 
     </span>
    </p>
   </div>
   <div class='ocr_carea' id='block_1_66' title="bbox 450 3606 2044 3679">
    <p class='ocr_par' dir='ltr' id='par_1_66' title="bbox 450 3606 2044 3679">
     <span class='ocr_line' id='line_1_66' title="bbox 450 3606 2044 3679; baseline -0.004 -16"><span class='ocrx_word' id='word_1_474' title='bbox 450 3616 729 3663; x_wconf 77' lang='lat' dir='ltr'><strong>cminenta</strong></span> <span class='ocrx_word' id='word_1_475' title='bbox 754 3608 996 3663; x_wconf 64' lang='lat' dir='ltr'><strong>coelestia</strong></span> <span class='ocrx_word' id='word_1_476' title='bbox 1028 3606 1321 3679; x_wconf 86' lang='lat' dir='ltr'><strong>discipulus</strong></span> <span class='ocrx_word' id='word_1_477' title='bbox 1349 3609 1513 3663; x_wconf 74' lang='lat' dir='ltr'><strong>fallax</strong></span> <span class='ocrx_word' id='word_1_478' title='bbox 1553 3616 1609 3663; x_wconf 92' lang='lat' dir='ltr'><strong>et</strong></span> <span class='ocrx_word' id='word_1_479' title='bbox 1636 3609 1880 3677; x_wconf 86' lang='lat' dir='ltr'><strong>proditor</strong></span> <span class='ocrx_word' id='word_1_480' title='bbox 1918 3623 2044 3677; x_wconf 51' lang='lat' dir='ltr'><strong>pre.</strong></span> 
     </span>
    </p>
   </div>
   <div class='ocr_carea' id='block_1_67' title="bbox 449 3696 2043 3770">
    <p class='ocr_par' dir='ltr' id='par_1_67' title="bbox 449 3696 2043 3770">
     <span class='ocr_line' id='line_1_67' title="bbox 449 3696 2043 3770; baseline 0 -18"><span class='ocrx_word' id='word_1_481' title='bbox 449 3696 585 3752; x_wconf 89' lang='lat' dir='ltr'><strong>tium</strong></span> <span class='ocrx_word' id='word_1_482' title='bbox 616 3715 645 3751; x_wconf 91' lang='lat' dir='ltr'><strong>a</strong></span> <span class='ocrx_word' id='word_1_483' title='bbox 673 3696 871 3753; x_wconf 64' lang='lat' dir='ltr'><strong>Judrls</strong></span> <span class='ocrx_word' id='word_1_484' title='bbox 903 3700 1132 3770; x_wconf 86' lang='lat' dir='ltr'><strong>accepit,</strong></span> <span class='ocrx_word' id='word_1_485' title='bbox 1163 3706 1219 3753; x_wconf 90' lang='lat' dir='ltr'><strong>et</strong></span> <span class='ocrx_word' id='word_1_486' title='bbox 1261 3699 1465 3754; x_wconf 86' lang='lat' dir='ltr'><strong>Christi</strong></span> <span class='ocrx_word' id='word_1_487' title='bbox 1496 3700 1813 3770; x_wconf 84' lang='lat' dir='ltr'><strong>sanguinem</strong></span> <span class='ocrx_word' id='word_1_488' title='bbox 1859 3698 2043 3753; x_wconf 85' lang='lat' dir='ltr'><strong>vcndi-</strong></span> 
     </span>
    </p>
   </div>
   <div class='ocr_carea' id='block_1_68' title="bbox 446 3789 2037 3864">
    <p class='ocr_par' dir='ltr' id='par_1_68' title="bbox 446 3789 2037 3864">
     <span class='ocr_line' id='line_1_68' title="bbox 446 3789 2037 3864; baseline 0.002 -19"><span class='ocrx_word' id='word_1_489' title='bbox 446 3790 542 3846; x_wconf 83' lang='lat' dir='ltr'><strong>dit.</strong></span> <span class='ocrx_word' id='word_1_490' title='bbox 577 3789 656 3845; x_wconf 88' lang='lat' dir='ltr'><strong>Eo</strong></span> <span class='ocrx_word' id='word_1_491' title='bbox 698 3790 863 3845; x_wconf 87' lang='lat' dir='ltr'><strong>etiam</strong></span> <span class='ocrx_word' id='word_1_492' title='bbox 900 3790 987 3847; x_wconf 90' lang='lat' dir='ltr'><strong>die</strong></span> <span class='ocrx_word' id='word_1_493' title='bbox 1025 3791 1280 3847; x_wconf 81' lang='lat' dir='ltr'><strong>Salvator</strong></span> <span class='ocrx_word' id='word_1_494' title='bbox 1309 3808 1536 3864; x_wconf 88' lang='lat' dir='ltr'><strong>surgens</strong></span> <span class='ocrx_word' id='word_1_495' title='bbox 1566 3810 1597 3847; x_wconf 92' lang='lat' dir='ltr'><strong>a</strong></span> <span class='ocrx_word' id='word_1_496' title='bbox 1646 3809 1823 3855; x_wconf 69' lang='lat' dir='ltr'><strong>caena,</strong></span> <span class='ocrx_word' id='word_1_497' title='bbox 1873 3794 2037 3863; x_wconf 86' lang='lat' dir='ltr'><strong>pedes</strong></span> 
     </span>
    </p>
   </div>
   <div class='ocr_carea' id='block_1_69' title="bbox 444 3879 2036 3954">
    <p class='ocr_par' dir='ltr' id='par_1_69' title="bbox 444 3879 2036 3954">
     <span class='ocr_line' id='line_1_69' title="bbox 444 3879 2036 3954; baseline 0 -17"><span class='ocrx_word' id='word_1_498' title='bbox 444 3879 831 3952; x_wconf 87' lang='lat' dir='ltr'><strong>discipulorum</strong></span> <span class='ocrx_word' id='word_1_499' title='bbox 861 3881 1014 3949; x_wconf 87' lang='lat' dir='ltr'><strong>lavit,</strong></span> <span class='ocrx_word' id='word_1_500' title='bbox 1036 3891 1260 3954; x_wconf 86' lang='lat' dir='ltr'><strong>propter</strong></span> <span class='ocrx_word' id='word_1_501' title='bbox 1286 3884 1607 3938; x_wconf 89' lang='lat' dir='ltr'><strong>humilitatis</strong></span> <span class='ocrx_word' id='word_1_502' title='bbox 1634 3882 1864 3939; x_wconf 81' lang='lat' dir='ltr'><strong>formam</strong></span> <span class='ocrx_word' id='word_1_503' title='bbox 1889 3898 2036 3937; x_wconf 89' lang='lat' dir='ltr'><strong>com-</strong></span> 
     </span>
    </p>
   </div>
   <div class='ocr_carea' id='block_1_70' title="bbox 444 3973 2039 4046">
    <p class='ocr_par' dir='ltr' id='par_1_70' title="bbox 444 3973 2039 4046">
     <span class='ocr_line' id='line_1_70' title="bbox 444 3973 2039 4046; baseline 0.001 -18"><span class='ocrx_word' id='word_1_504' title='bbox 444 3973 825 4038; x_wconf 87' lang='lat' dir='ltr'><strong>mendandam,</strong></span> <span class='ocrx_word' id='word_1_505' title='bbox 853 3988 1016 4045; x_wconf 88' lang='lat' dir='ltr'><strong>quam</strong></span> <span class='ocrx_word' id='word_1_506' title='bbox 1042 3975 1341 4031; x_wconf 86' lang='lat' dir='ltr'><strong>docendam</strong></span> <span class='ocrx_word' id='word_1_507' title='bbox 1384 3984 1628 4041; x_wconf 82' lang='lat' dir='ltr'><strong>venerat,</strong></span> <span class='ocrx_word' id='word_1_508' title='bbox 1673 3976 1812 4031; x_wconf 88' lang='lat' dir='ltr'><strong>sicut</strong></span> <span class='ocrx_word' id='word_1_509' title='bbox 1839 3984 1895 4030; x_wconf 89' lang='lat' dir='ltr'><strong>et</strong></span> <span class='ocrx_word' id='word_1_510' title='bbox 1921 3975 2039 4046; x_wconf 87' lang='lat' dir='ltr'><strong>ipse</strong></span> 
     </span>
    </p>
   </div>
   <div class='ocr_carea' id='block_1_71' title="bbox 444 4066 2039 4138">
    <p class='ocr_par' dir='ltr' id='par_1_71' title="bbox 444 4066 2039 4138">
     <span class='ocr_line' id='line_1_71' title="bbox 444 4066 2039 4138; baseline 0 -18"><span class='ocrx_word' id='word_1_511' title='bbox 444 4070 840 4135; x_wconf 89' lang='lat' dir='ltr'><strong>consequenter</strong></span> <span class='ocrx_word' id='word_1_512' title='bbox 864 4067 1113 4137; x_wconf 79' lang='lat' dir='ltr'><strong>exposuit</strong></span> <span class='ocrx_word' id='word_1_513' title='bbox 1142 4084 1155 4122; x_wconf 88' lang='lat'><strong>:</strong></span> <span class='ocrx_word' id='word_1_514' title='bbox 1198 4068 1343 4138; x_wconf 86' lang='lat' dir='ltr'><strong>quod</strong></span> <span class='ocrx_word' id='word_1_515' title='bbox 1379 4069 1545 4124; x_wconf 85' lang='lat' dir='ltr'><strong>etiam</strong></span> <span class='ocrx_word' id='word_1_516' title='bbox 1574 4069 1786 4124; x_wconf 89' lang='lat' dir='ltr'><strong>dicebat</strong></span> <span class='ocrx_word' id='word_1_517' title='bbox 1817 4066 2039 4138; x_wconf 61' lang='lat' dir='ltr'><strong>potissio</strong></span> 
     </span>
    </p>
   </div>
   <div class='ocr_carea' id='block_1_72' title="bbox 445 4156 2037 4231">
    <p class='ocr_par' dir='ltr' id='par_1_72' title="bbox 445 4156 2037 4231">
     <span class='ocr_line' id='line_1_72' title="bbox 445 4156 2037 4231; baseline 0.003 -19"><span class='ocrx_word' id='word_1_518' title='bbox 445 4172 594 4212; x_wconf 89' lang='lat' dir='ltr'><strong>mum</strong></span> <span class='ocrx_word' id='word_1_519' title='bbox 644 4166 705 4212; x_wconf 90' lang='lat' dir='ltr'><strong>ut</strong></span> <span class='ocrx_word' id='word_1_520' title='bbox 741 4156 884 4213; x_wconf 87' lang='lat' dir='ltr'><strong>facto</strong></span> <span class='ocrx_word' id='word_1_521' title='bbox 937 4159 1157 4215; x_wconf 90' lang='lat' dir='ltr'><strong>doceret</strong></span> <span class='ocrx_word' id='word_1_522' title='bbox 1203 4163 1347 4231; x_wconf 91' lang='lat' dir='ltr'><strong>quod</strong></span> <span class='ocrx_word' id='word_1_523' title='bbox 1395 4162 1689 4216; x_wconf 85' lang='lat' dir='ltr'><strong>observare</strong></span> <span class='ocrx_word' id='word_1_524' title='bbox 1742 4161 2037 4231; x_wconf 86' lang='lat' dir='ltr'><strong>discipulos</strong></span> 
     </span>
    </p>
   </div>
   <div class='ocr_carea' id='block_1_73' title="bbox 444 4247 2033 4321">
    <p class='ocr_par' dir='ltr' id='par_1_73' title="bbox 444 4247 2033 4321">
     <span class='ocr_line' id='line_1_73' title="bbox 444 4247 2033 4321; baseline 0.002 -19"><span class='ocrx_word' id='word_1_525' title='bbox 444 4256 822 4321; x_wconf 71' lang='lat' dir='ltr'><strong>prmmoucret.</strong></span> <span class='ocrx_word' id='word_1_526' title='bbox 855 4247 991 4304; x_wconf 87' lang='lat' dir='ltr'><strong>Hinc</strong></span> <span class='ocrx_word' id='word_1_527' title='bbox 1018 4258 1105 4306; x_wconf 89' lang='lat' dir='ltr'><strong>est</strong></span> <span class='ocrx_word' id='word_1_528' title='bbox 1141 4251 1286 4321; x_wconf 87' lang='lat' dir='ltr'><strong>quod</strong></span> <span class='ocrx_word' id='word_1_529' title='bbox 1324 4252 1516 4307; x_wconf 90' lang='lat' dir='ltr'><strong>eodem</strong></span> <span class='ocrx_word' id='word_1_530' title='bbox 1558 4251 1645 4306; x_wconf 90' lang='lat' dir='ltr'><strong>die</strong></span> <span class='ocrx_word' id='word_1_531' title='bbox 1672 4250 1862 4306; x_wconf 89' lang='lat' dir='ltr'><strong>altaria</strong></span> <span class='ocrx_word' id='word_1_532' title='bbox 1894 4260 2033 4305; x_wconf 89' lang='lat' dir='ltr'><strong>tem-</strong></span> 
     </span>
    </p>
   </div>
   <div class='ocr_carea' id='block_1_74' title="bbox 442 4338 2037 4413">
    <p class='ocr_par' dir='ltr' id='par_1_74' title="bbox 442 4338 2037 4413">
     <span class='ocr_line' id='line_1_74' title="bbox 442 4338 2037 4413; baseline 0.003 -21"><span class='ocrx_word' id='word_1_533' title='bbox 442 4338 539 4410; x_wconf 87' lang='lat' dir='ltr'><strong>pli,</strong></span> <span class='ocrx_word' id='word_1_534' title='bbox 568 4338 802 4409; x_wconf 85' lang='lat' dir='ltr'><strong>parietes</strong></span> <span class='ocrx_word' id='word_1_535' title='bbox 843 4347 896 4395; x_wconf 90' lang='lat' dir='ltr'><strong>et</strong></span> <span class='ocrx_word' id='word_1_536' title='bbox 922 4344 1230 4412; x_wconf 88' lang='lat' dir='ltr'><strong>pavimenta</strong></span> <span class='ocrx_word' id='word_1_537' title='bbox 1273 4342 1546 4409; x_wconf 89' lang='lat' dir='ltr'><strong>lavantur,</strong></span> <span class='ocrx_word' id='word_1_538' title='bbox 1577 4357 1814 4413; x_wconf 87' lang='lat' dir='ltr'><strong>vasaque</strong></span> <span class='ocrx_word' id='word_1_539' title='bbox 1847 4340 2037 4413; x_wconf 79' lang='lat' dir='ltr'><strong>puriﬁ-</strong></span> 
     </span>
    </p>
   </div>
   <div class='ocr_carea' id='block_1_75' title="bbox 445 4432 2035 4503">
    <p class='ocr_par' dir='ltr' id='par_1_75' title="bbox 445 4432 2035 4503">
     <span class='ocr_line' id='line_1_75' title="bbox 445 4432 2035 4503; baseline 0.001 -17"><span class='ocrx_word' id='word_1_540' title='bbox 445 4440 657 4497; x_wconf 88' lang='lat' dir='ltr'><strong>cantur,</strong></span> <span class='ocrx_word' id='word_1_541' title='bbox 686 4446 806 4503; x_wconf 75' lang='lat' dir='ltr'><strong>quas</strong></span> <span class='ocrx_word' id='word_1_542' title='bbox 829 4441 956 4488; x_wconf 89' lang='lat' dir='ltr'><strong>sunt</strong></span> <span class='ocrx_word' id='word_1_543' title='bbox 980 4433 1210 4489; x_wconf 92' lang='lat' dir='ltr'><strong>Domino</strong></span> <span class='ocrx_word' id='word_1_544' title='bbox 1223 4441 1562 4489; x_wconf 87' lang='lat' dir='ltr'><strong>consecrata.</strong></span> <span class='ocrx_word' id='word_1_545' title='bbox 1579 4432 1697 4499; x_wconf 83' lang='lat' dir='ltr'><strong>Quo</strong></span> <span class='ocrx_word' id='word_1_546' title='bbox 1710 4435 1797 4487; x_wconf 89' lang='lat' dir='ltr'><strong>die</strong></span> <span class='ocrx_word' id='word_1_547' title='bbox 1809 4435 2035 4503; x_wconf 89' lang='lat' dir='ltr'><strong>proinde</strong></span> 
     </span>
    </p>
   </div>
   <div class='ocr_carea' id='block_1_76' title="bbox 443 4524 2031 4596">
    <p class='ocr_par' dir='ltr' id='par_1_76' title="bbox 443 4524 2031 4596">
     <span class='ocr_line' id='line_1_76' title="bbox 443 4524 2031 4596; baseline 0 -15"><span class='ocrx_word' id='word_1_548' title='bbox 443 4524 607 4581; x_wconf 87' lang='lat' dir='ltr'><strong>etiam</strong></span> <span class='ocrx_word' id='word_1_549' title='bbox 636 4532 885 4580; x_wconf 88' lang='lat' dir='ltr'><strong>sanctum</strong></span> <span class='ocrx_word' id='word_1_550' title='bbox 910 4526 1150 4582; x_wconf 87' lang='lat' dir='ltr'><strong>chrisma</strong></span> <span class='ocrx_word' id='word_1_551' title='bbox 1174 4526 1479 4590; x_wconf 87' lang='lat' dir='ltr'><strong>coniicitur,</strong></span> <span class='ocrx_word' id='word_1_552' title='bbox 1506 4526 1632 4596; x_wconf 88' lang='lat' dir='ltr'><strong>quia</strong></span> <span class='ocrx_word' id='word_1_553' title='bbox 1661 4535 1786 4581; x_wconf 87' lang='lat' dir='ltr'><strong>ante</strong></span> <span class='ocrx_word' id='word_1_554' title='bbox 1809 4524 2031 4581; x_wconf 89' lang='lat' dir='ltr'><strong>biduum</strong></span> 
     </span>
    </p>
   </div>
   <div class='ocr_carea' id='block_1_77' title="bbox 2143 3609 3748 3685">
    <p class='ocr_par' dir='ltr' id='par_1_77' title="bbox 2143 3609 3748 3685">
     <span class='ocr_line' id='line_1_77' title="bbox 2143 3609 3748 3685; baseline 0.003 -18"><span class='ocrx_word' id='word_1_555' title='bbox 2143 3609 2449 3683; x_wconf 76' lang='lat' dir='ltr'><strong>Longitudo</strong></span> <span class='ocrx_word' id='word_1_556' title='bbox 2490 3627 2519 3665; x_wconf 90' lang='lat' dir='ltr'><strong>a</strong></span> <span class='ocrx_word' id='word_1_557' title='bbox 2550 3612 2835 3668; x_wconf 88' lang='lat' dir='ltr'><strong>latitudine</strong></span> <span class='ocrx_word' id='word_1_558' title='bbox 2873 3614 3127 3670; x_wconf 84' lang='lat' dir='ltr'><strong>deorsum</strong></span> <span class='ocrx_word' id='word_1_559' title='bbox 3176 3631 3353 3685; x_wconf 80' lang='lat' dir='ltr'><strong>usque</strong></span> <span class='ocrx_word' id='word_1_560' title='bbox 3395 3616 3464 3670; x_wconf 79' lang='lat' dir='ltr'><strong>ad</strong></span> <span class='ocrx_word' id='word_1_561' title='bbox 3509 3624 3748 3672; x_wconf 78' lang='lat' dir='ltr'><strong>terr-am.</strong></span> 
     </span>
    </p>
   </div>
   <div class='ocr_carea' id='block_1_78' title="bbox 2141 3700 3749 3776">
    <p class='ocr_par' dir='ltr' id='par_1_78' title="bbox 2141 3700 3749 3776">
     <span class='ocr_line' id='line_1_78' title="bbox 2141 3700 3749 3776; baseline 0.004 -20"><span class='ocrx_word' id='word_1_562' title='bbox 2141 3700 2401 3767; x_wconf 81' lang='lat' dir='ltr'><strong>Altitudo,</strong></span> <span class='ocrx_word' id='word_1_563' title='bbox 2431 3703 2499 3757; x_wconf 88' lang='lat' dir='ltr'><strong>ab</strong></span> <span class='ocrx_word' id='word_1_564' title='bbox 2526 3704 2811 3760; x_wconf 89' lang='lat' dir='ltr'><strong>altitudine</strong></span> <span class='ocrx_word' id='word_1_565' title='bbox 2842 3721 3055 3761; x_wconf 87' lang='lat' dir='ltr'><strong>sursum</strong></span> <span class='ocrx_word' id='word_1_566' title='bbox 3086 3705 3152 3761; x_wconf 90' lang='lat' dir='ltr'><strong>ad</strong></span> <span class='ocrx_word' id='word_1_567' title='bbox 3190 3715 3371 3776; x_wconf 87' lang='lat' dir='ltr'><strong>caput.</strong></span> <span class='ocrx_word' id='word_1_568' title='bbox 3396 3706 3749 3765; x_wconf 78' lang='lat' dir='ltr'><strong>Profundum</strong></span> 
     </span>
    </p>
   </div>
   <div class='ocr_carea' id='block_1_79' title="bbox 2140 3794 3754 3861">
    <p class='ocr_par' dir='ltr' id='par_1_79' title="bbox 2140 3794 3754 3861">
     <span class='ocr_line' id='line_1_79' title="bbox 2140 3794 3754 3861; baseline 0.002 -12"><span class='ocrx_word' id='word_1_569' title='bbox 2140 3805 2272 3855; x_wconf 83' lang='lat' dir='ltr'><strong>vero</strong></span> <span class='ocrx_word' id='word_1_570' title='bbox 2308 3794 2451 3861; x_wconf 83' lang='lat' dir='ltr'><strong>quod</strong></span> <span class='ocrx_word' id='word_1_571' title='bbox 2498 3801 2657 3849; x_wconf 69' lang='lat' dir='ltr'><strong>terrm</strong></span> <span class='ocrx_word' id='word_1_572' title='bbox 2698 3795 2924 3853; x_wconf 77' lang='lat' dir='ltr'><strong>inﬁxum</strong></span> <span class='ocrx_word' id='word_1_573' title='bbox 2961 3797 3331 3854; x_wconf 85' lang='lat' dir='ltr'><strong>absconditur.</strong></span> <span class='ocrx_word' id='word_1_574' title='bbox 3376 3795 3593 3854; x_wconf 77' lang='lat' dir='ltr'><strong>Dicitur</strong></span> <span class='ocrx_word' id='word_1_575' title='bbox 3646 3797 3754 3852; x_wconf 74' lang='lat' dir='ltr'><strong>Ito-</strong></span> 
     </span>
    </p>
   </div>
   <div class='ocr_carea' id='block_1_80' title="bbox 2141 3881 3759 3958">
    <p class='ocr_par' dir='ltr' id='par_1_80' title="bbox 2141 3881 3759 3958">
     <span class='ocr_line' id='line_1_80' title="bbox 2141 3881 3759 3958; baseline 0.002 -21"><span class='ocrx_word' id='word_1_576' title='bbox 2141 3882 2273 3943; x_wconf 83' lang='lat' dir='ltr'><strong>mini</strong></span> <span class='ocrx_word' id='word_1_577' title='bbox 2302 3901 2314 3937; x_wconf 88' lang='lat' dir='ltr'><strong>t</strong></span> <span class='ocrx_word' id='word_1_578' title='bbox 2354 3881 2497 3938; x_wconf 78' lang='lat' dir='ltr'><strong>Tolle</strong></span> <span class='ocrx_word' id='word_1_579' title='bbox 2532 3900 2736 3939; x_wconf 75' lang='lat' dir='ltr'><strong>crucem</strong></span> <span class='ocrx_word' id='word_1_580' title='bbox 2767 3893 2912 3943; x_wconf 79' lang='lat' dir='ltr'><strong>tuam</strong></span> <span class='ocrx_word' id='word_1_581' title='bbox 2954 3894 3001 3945; x_wconf 82' lang='lat' dir='ltr'><strong>et</strong></span> <span class='ocrx_word' id='word_1_582' title='bbox 3044 3903 3257 3958; x_wconf 75' lang='lat' dir='ltr'><strong>sequere</strong></span> <span class='ocrx_word' id='word_1_583' title='bbox 3284 3904 3384 3943; x_wconf 82' lang='lat' dir='ltr'><strong>nte.</strong></span> <span class='ocrx_word' id='word_1_584' title='bbox 3425 3893 3563 3946; x_wconf 82' lang='lat' dir='ltr'><strong>Dum</strong></span> <span class='ocrx_word' id='word_1_585' title='bbox 3597 3885 3759 3941; x_wconf 85' lang='lat' dir='ltr'><strong>enim</strong></span> 
     </span>
    </p>
   </div>
   <div class='ocr_carea' id='block_1_81' title="bbox 2139 3976 3744 4041">
    <p class='ocr_par' dir='ltr' id='par_1_81' title="bbox 2139 3976 3744 4041">
     <span class='ocr_line' id='line_1_81' title="bbox 2139 3976 3744 4041; baseline 0.001 -9"><span class='ocrx_word' id='word_1_586' title='bbox 2139 3977 2419 4033; x_wconf 89' lang='lat' dir='ltr'><strong>cruciatur</strong></span> <span class='ocrx_word' id='word_1_587' title='bbox 2446 3990 2592 4041; x_wconf 85' lang='lat' dir='ltr'><strong>caro,</strong></span> <span class='ocrx_word' id='word_1_588' title='bbox 2637 3992 2759 4034; x_wconf 85' lang='lat' dir='ltr'><strong>cum</strong></span> <span class='ocrx_word' id='word_1_589' title='bbox 2802 3976 3203 4035; x_wconf 86' lang='lat' dir='ltr'><strong>mortiﬁcamur</strong></span> <span class='ocrx_word' id='word_1_590' title='bbox 3252 3979 3494 4035; x_wconf 86' lang='lat' dir='ltr'><strong>membra</strong></span> <span class='ocrx_word' id='word_1_591' title='bbox 3533 3986 3744 4033; x_wconf 77' lang='lat' dir='ltr'><strong>nostra</strong></span> 
     </span>
    </p>
   </div>
   <div class='ocr_carea' id='block_1_82' title="bbox 2138 4064 3752 4139">
    <p class='ocr_par' dir='ltr' id='par_1_82' title="bbox 2138 4064 3752 4139">
     <span class='ocr_line' id='line_1_82' title="bbox 2138 4064 3752 4139; baseline -0.003 -15"><span class='ocrx_word' id='word_1_592' title='bbox 2138 4084 2303 4139; x_wconf 87' lang='lat' dir='ltr'><strong>super</strong></span> <span class='ocrx_word' id='word_1_593' title='bbox 2353 4075 2581 4133; x_wconf 81' lang='lat' dir='ltr'><strong>terram,</strong></span> <span class='ocrx_word' id='word_1_594' title='bbox 2641 4066 2950 4133; x_wconf 80' lang='lat' dir='ltr'><strong>fornicatio,</strong></span> <span class='ocrx_word' id='word_1_595' title='bbox 3000 4067 3360 4131; x_wconf 85' lang='lat' dir='ltr'><strong>immunditia,</strong></span> <span class='ocrx_word' id='word_1_596' title='bbox 3410 4064 3635 4123; x_wconf 79' lang='lat' dir='ltr'><strong>luxuria</strong></span> <span class='ocrx_word' id='word_1_597' title='bbox 3692 4076 3752 4120; x_wconf 81' lang='lat' dir='ltr'><strong>et</strong></span> 
     </span>
    </p>
   </div>
   <div class='ocr_carea' id='block_1_83' title="bbox 2137 4158 3748 4230">
    <p class='ocr_par' dir='ltr' id='par_1_83' title="bbox 2137 4158 3748 4230">
     <span class='ocr_line' id='line_1_83' title="bbox 2137 4158 3748 4230; baseline -0.001 -14"><span class='ocrx_word' id='word_1_598' title='bbox 2137 4170 2355 4227; x_wconf 68' lang='lat' dir='ltr'><strong>caetera,</strong></span> <span class='ocrx_word' id='word_1_599' title='bbox 2392 4160 2628 4230; x_wconf 81' lang='lat' dir='ltr'><strong>duroque</strong></span> <span class='ocrx_word' id='word_1_600' title='bbox 2653 4161 2892 4220; x_wconf 83' lang='lat' dir='ltr'><strong>exterior</strong></span> <span class='ocrx_word' id='word_1_601' title='bbox 2920 4162 3086 4217; x_wconf 86' lang='lat' dir='ltr'><strong>homo</strong></span> <span class='ocrx_word' id='word_1_602' title='bbox 3112 4159 3495 4230; x_wconf 88' lang='lat' dir='ltr'><strong>corrumpitur,</strong></span> <span class='ocrx_word' id='word_1_603' title='bbox 3536 4166 3604 4212; x_wconf 88' lang='lat' dir='ltr'><strong>ut</strong></span> <span class='ocrx_word' id='word_1_604' title='bbox 3654 4158 3748 4215; x_wconf 80' lang='lat' dir='ltr'><strong>iu-</strong></span> 
     </span>
    </p>
   </div>
   <div class='ocr_carea' id='block_1_84' title="bbox 2138 4249 3741 4320">
    <p class='ocr_par' dir='ltr' id='par_1_84' title="bbox 2138 4249 3741 4320">
     <span class='ocr_line' id='line_1_84' title="bbox 2138 4249 3741 4320; baseline -0.003 -12"><span class='ocrx_word' id='word_1_605' title='bbox 2138 4254 2305 4309; x_wconf 87' lang='lat' dir='ltr'><strong>terior</strong></span> <span class='ocrx_word' id='word_1_606' title='bbox 2340 4261 2631 4309; x_wconf 86' lang='lat' dir='ltr'><strong>renovetur</strong></span> <span class='ocrx_word' id='word_1_607' title='bbox 2668 4254 2733 4309; x_wconf 87' lang='lat' dir='ltr'><strong>de</strong></span> <span class='ocrx_word' id='word_1_608' title='bbox 2773 4252 2859 4307; x_wconf 90' lang='lat' dir='ltr'><strong>die</strong></span> <span class='ocrx_word' id='word_1_609' title='bbox 2889 4252 2946 4307; x_wconf 91' lang='lat' dir='ltr'><strong>in</strong></span> <span class='ocrx_word' id='word_1_610' title='bbox 2976 4253 3143 4317; x_wconf 88' lang='lat' dir='ltr'><strong>diem,</strong></span> <span class='ocrx_word' id='word_1_611' title='bbox 3190 4251 3373 4320; x_wconf 88' lang='lat' dir='ltr'><strong>passio</strong></span> <span class='ocrx_word' id='word_1_612' title='bbox 3408 4256 3493 4305; x_wconf 79' lang='lat' dir='ltr'><strong>est</strong></span> <span class='ocrx_word' id='word_1_613' title='bbox 3520 4249 3741 4304; x_wconf 83' lang='lat' dir='ltr'><strong>crucis.</strong></span> 
     </span>
    </p>
   </div>
   <div class='ocr_carea' id='block_1_85' title="bbox 2135 4340 3746 4415">
    <p class='ocr_par' dir='ltr' id='par_1_85' title="bbox 2135 4340 3746 4415">
     <span class='ocr_line' id='line_1_85' title="bbox 2135 4340 3746 4415; baseline -0.002 -15"><span class='ocrx_word' id='word_1_614' title='bbox 2135 4346 2202 4400; x_wconf 90' lang='lat' dir='ltr'><strong>Et</strong></span> <span class='ocrx_word' id='word_1_615' title='bbox 2235 4347 2349 4401; x_wconf 72' lang='lat' dir='ltr'><strong>haae</strong></span> <span class='ocrx_word' id='word_1_616' title='bbox 2389 4346 2609 4415; x_wconf 88' lang='lat' dir='ltr'><strong>quidem</strong></span> <span class='ocrx_word' id='word_1_617' title='bbox 2637 4345 2765 4400; x_wconf 89' lang='lat' dir='ltr'><strong>dum</strong></span> <span class='ocrx_word' id='word_1_618' title='bbox 2794 4344 2904 4399; x_wconf 89' lang='lat' dir='ltr'><strong>sint</strong></span> <span class='ocrx_word' id='word_1_619' title='bbox 2942 4344 3085 4399; x_wconf 89' lang='lat' dir='ltr'><strong>bona</strong></span> <span class='ocrx_word' id='word_1_620' title='bbox 3112 4357 3297 4413; x_wconf 84' lang='lat' dir='ltr'><strong>opera,</strong></span> <span class='ocrx_word' id='word_1_621' title='bbox 3330 4349 3508 4397; x_wconf 83' lang='lat' dir='ltr'><strong>tamen</strong></span> <span class='ocrx_word' id='word_1_622' title='bbox 3541 4340 3746 4396; x_wconf 74' lang='lat' dir='ltr'><strong>adhuc</strong></span> 
     </span>
    </p>
   </div>
   <div class='ocr_carea' id='block_1_86' title="bbox 2134 4430 3740 4506">
    <p class='ocr_par' dir='ltr' id='par_1_86' title="bbox 2134 4430 3740 4506">
     <span class='ocr_line' id='line_1_86' title="bbox 2134 4430 3740 4506; baseline -0.003 -16"><span class='ocrx_word' id='word_1_623' title='bbox 2134 4435 2423 4502; x_wconf 88' lang='lat' dir='ltr'><strong>laboriosa,</strong></span> <span class='ocrx_word' id='word_1_624' title='bbox 2452 4451 2683 4506; x_wconf 88' lang='lat' dir='ltr'><strong>quorum</strong></span> <span class='ocrx_word' id='word_1_625' title='bbox 2714 4449 2924 4495; x_wconf 85' lang='lat' dir='ltr'><strong>merces</strong></span> <span class='ocrx_word' id='word_1_626' title='bbox 2945 4434 3163 4503; x_wconf 89' lang='lat' dir='ltr'><strong>requies</strong></span> <span class='ocrx_word' id='word_1_627' title='bbox 3190 4439 3294 4487; x_wconf 89' lang='lat' dir='ltr'><strong>est.</strong></span> <span class='ocrx_word' id='word_1_628' title='bbox 3325 4430 3557 4499; x_wconf 85' lang='lat' dir='ltr'><strong>Ideoque</strong></span> <span class='ocrx_word' id='word_1_629' title='bbox 3590 4430 3740 4485; x_wconf 79' lang='lat' dir='ltr'><strong>dici-</strong></span> 
     </span>
    </p>
   </div>
   <div class='ocr_carea' id='block_1_87' title="bbox 2136 4520 3739 4599">
    <p class='ocr_par' dir='ltr' id='par_1_87' title="bbox 2136 4520 3739 4599">
     <span class='ocr_line' id='line_1_87' title="bbox 2136 4520 3739 4599; baseline -0.004 -17"><span class='ocrx_word' id='word_1_630' title='bbox 2136 4536 2225 4582; x_wconf 87' lang='lat' dir='ltr'><strong>tur</strong></span> <span class='ocrx_word' id='word_1_631' title='bbox 2253 4545 2340 4599; x_wconf 82' lang='lat' dir='ltr'><strong>spe</strong></span> <span class='ocrx_word' id='word_1_632' title='bbox 2364 4528 2669 4599; x_wconf 74' lang='lat' dir='ltr'><strong>gaudentes,</strong></span> <span class='ocrx_word' id='word_1_633' title='bbox 2698 4535 2759 4585; x_wconf 90' lang='lat' dir='ltr'><strong>ut</strong></span> <span class='ocrx_word' id='word_1_634' title='bbox 2797 4526 3100 4596; x_wconf 79' lang='lat' dir='ltr'><strong>cogitantes</strong></span> <span class='ocrx_word' id='word_1_635' title='bbox 3129 4525 3338 4584; x_wconf 79' lang='lat' dir='ltr'><strong>scilicet</strong></span> <span class='ocrx_word' id='word_1_636' title='bbox 3362 4522 3613 4592; x_wconf 78' lang='lat' dir='ltr'><strong>requiem</strong></span> <span class='ocrx_word' id='word_1_637' title='bbox 3646 4520 3739 4577; x_wconf 78' lang='lat' dir='ltr'><strong>fu-</strong></span> 
     </span>
    </p>
   </div>
   <div class='ocr_carea' id='block_1_88' title="bbox 440 4611 3735 4690">
    <p class='ocr_par' dir='ltr' id='par_1_88' title="bbox 440 4611 3735 4690">
     <span class='ocr_line' id='line_1_88' title="bbox 440 4611 3735 4690; baseline -0.002 -17"><span class='ocrx_word' id='word_1_638' title='bbox 440 4616 682 4684; x_wconf 68' lang='lat' dir='ltr'><strong>Paschaa,</strong></span> <span class='ocrx_word' id='word_1_639' title='bbox 724 4616 892 4673; x_wconf 83' lang='lat' dir='ltr'><strong>Maria</strong></span> <span class='ocrx_word' id='word_1_640' title='bbox 936 4626 1098 4690; x_wconf 92' lang='lat' dir='ltr'><strong>caput</strong></span> <span class='ocrx_word' id='word_1_641' title='bbox 1147 4632 1212 4673; x_wconf 91' lang='lat' dir='ltr'><strong>ac</strong></span> <span class='ocrx_word' id='word_1_642' title='bbox 1262 4618 1428 4687; x_wconf 91' lang='lat' dir='ltr'><strong>pedes</strong></span> <span class='ocrx_word' id='word_1_643' title='bbox 1484 4617 1698 4673; x_wconf 90' lang='lat' dir='ltr'><strong>Domini</strong></span> <span class='ocrx_word' id='word_1_644' title='bbox 1758 4628 2031 4687; x_wconf 86' lang='lat' dir='ltr'><strong>unguento</strong></span> <span class='ocrx_word' id='word_1_645' title='bbox 2056 4612 2110 4675; x_wconf 88' lang='lat' dir='ltr'><strong>D</strong></span> <span class='ocrx_word' id='word_1_646' title='bbox 2135 4628 2336 4685; x_wconf 89' lang='lat' dir='ltr'><strong>turam,</strong></span> <span class='ocrx_word' id='word_1_647' title='bbox 2361 4635 2484 4674; x_wconf 91' lang='lat' dir='ltr'><strong>cum</strong></span> <span class='ocrx_word' id='word_1_648' title='bbox 2513 4618 2787 4675; x_wconf 88' lang='lat' dir='ltr'><strong>hilaritate</strong></span> <span class='ocrx_word' id='word_1_649' title='bbox 2829 4626 2884 4673; x_wconf 90' lang='lat' dir='ltr'><strong>et</strong></span> <span class='ocrx_word' id='word_1_650' title='bbox 2912 4617 3190 4675; x_wconf 84' lang='lat' dir='ltr'><strong>laboribus</strong></span> <span class='ocrx_word' id='word_1_651' title='bbox 3212 4629 3520 4687; x_wconf 88' lang='lat' dir='ltr'><strong>operemur.</strong></span> <span class='ocrx_word' id='word_1_652' title='bbox 3562 4611 3735 4669; x_wconf 80' lang='lat' dir='ltr'><strong>IIanc</strong></span> 
     </span>
    </p>
   </div>
   <div class='ocr_carea' id='block_1_89' title="bbox 440 4708 2030 4785">
    <p class='ocr_par' dir='ltr' id='par_1_89' title="bbox 440 4708 2030 4785">
     <span class='ocr_line' id='line_1_89' title="bbox 440 4708 2030 4785; baseline -0.001 -18"><span class='ocrx_word' id='word_1_653' title='bbox 440 4713 743 4784; x_wconf 80' lang='lat' dir='ltr'><strong>pcri&#39;udisse</strong></span> <span class='ocrx_word' id='word_1_654' title='bbox 784 4711 1117 4785; x_wconf 86' lang='lat' dir='ltr'><strong>perhibetur.</strong></span> <span class='ocrx_word' id='word_1_655' title='bbox 1169 4708 1323 4766; x_wconf 88' lang='lat' dir='ltr'><strong>Unde</strong></span> <span class='ocrx_word' id='word_1_656' title='bbox 1362 4718 1417 4766; x_wconf 92' lang='lat' dir='ltr'><strong>et</strong></span> <span class='ocrx_word' id='word_1_657' title='bbox 1446 4710 1710 4765; x_wconf 88' lang='lat' dir='ltr'><strong>Dominus</strong></span> <span class='ocrx_word' id='word_1_658' title='bbox 1746 4710 2030 4781; x_wconf 85' lang='lat' dir='ltr'><strong>discipulis</strong></span> 
     </span>
    </p>
   </div>
   <div class='ocr_carea' id='block_1_90' title="bbox 443 4802 2031 4876">
    <p class='ocr_par' dir='ltr' id='par_1_90' title="bbox 443 4802 2031 4876">
     <span class='ocr_line' id='line_1_90' title="bbox 443 4802 2031 4876; baseline -0.001 -16"><span class='ocrx_word' id='word_1_659' title='bbox 443 4806 555 4860; x_wconf 90' lang='lat' dir='ltr'><strong>suis</strong></span> <span class='ocrx_word' id='word_1_660' title='bbox 597 4806 770 4861; x_wconf 84' lang='lat' dir='ltr'><strong>dixit:</strong></span> <span class='ocrx_word' id='word_1_661' title='bbox 808 4805 964 4860; x_wconf 83' lang='lat' dir='ltr'><strong>Scitis</strong></span> <span class='ocrx_word' id='word_1_662' title='bbox 1010 4804 1135 4876; x_wconf 83' lang='lat' dir='ltr'><strong>quia</strong></span> <span class='ocrx_word' id='word_1_663' title='bbox 1174 4814 1290 4874; x_wconf 81' lang='lat' dir='ltr'><strong>post</strong></span> <span class='ocrx_word' id='word_1_664' title='bbox 1334 4804 1551 4859; x_wconf 80' lang='lat' dir='ltr'><strong>biduum</strong></span> <span class='ocrx_word' id='word_1_665' title='bbox 1603 4802 1806 4858; x_wconf 84' lang='lat' dir='ltr'><strong>Pascha</strong></span> <span class='ocrx_word' id='word_1_666' title='bbox 1841 4805 1952 4874; x_wconf 80' lang='lat' dir='ltr'><strong>ﬁet,</strong></span> <span class='ocrx_word' id='word_1_667' title='bbox 1981 4813 2031 4858; x_wconf 89' lang='lat' dir='ltr'><strong>et</strong></span> 
     </span>
    </p>
   </div>
   <div class='ocr_carea' id='block_1_91' title="bbox 440 4894 2026 4967">
    <p class='ocr_par' dir='ltr' id='par_1_91' title="bbox 440 4894 2026 4967">
     <span class='ocr_line' id='line_1_91' title="bbox 440 4894 2026 4967; baseline -0.003 -16"><span class='ocrx_word' id='word_1_668' title='bbox 440 4898 583 4967; x_wconf 77' lang='lat' dir='ltr'><strong>[ilius</strong></span> <span class='ocrx_word' id='word_1_669' title='bbox 622 4899 848 4953; x_wconf 83' lang='lat' dir='ltr'><strong>hominis</strong></span> <span class='ocrx_word' id='word_1_670' title='bbox 879 4897 1117 4951; x_wconf 81' lang='lat' dir='ltr'><strong>tradetur</strong></span> <span class='ocrx_word' id='word_1_671' title='bbox 1156 4905 1212 4949; x_wconf 88' lang='lat' dir='ltr'><strong>ut</strong></span> <span class='ocrx_word' id='word_1_672' title='bbox 1238 4897 1579 4966; x_wconf 82' lang='lat' dir='ltr'><strong>cruciﬁgatur</strong></span> <span class='ocrx_word' id='word_1_673' title='bbox 1610 4895 1823 4967; x_wconf 75' lang='lat' dir='ltr'><strong>(Matth.</strong></span> <span class='ocrx_word' id='word_1_674' title='bbox 1856 4894 2026 4967; x_wconf 75' lang='lat' dir='ltr'><strong>xxvr).</strong></span> 
     </span>
    </p>
   </div>
   <div class='ocr_carea' id='block_1_92' title="bbox 440 4990 2027 5063">
    <p class='ocr_par' dir='ltr' id='par_1_92' title="bbox 440 4990 2027 5063">
     <span class='ocr_line' id='line_1_92' title="bbox 440 4990 2027 5063; baseline -0.003 -16"><span class='ocrx_word' id='word_1_675' title='bbox 440 4991 641 5048; x_wconf 86' lang='lat' dir='ltr'><strong>Eodem</strong></span> <span class='ocrx_word' id='word_1_676' title='bbox 683 4991 959 5048; x_wconf 86' lang='lat' dir='ltr'><strong>etiamdie</strong></span> <span class='ocrx_word' id='word_1_677' title='bbox 985 4990 1333 5061; x_wconf 84' lang='lat' dir='ltr'><strong>(sicutsupra</strong></span> <span class='ocrx_word' id='word_1_678' title='bbox 1370 4990 1725 5063; x_wconf 82' lang='lat' dir='ltr'><strong>ostendimus)</strong></span> <span class='ocrx_word' id='word_1_679' title='bbox 1757 4990 2027 5063; x_wconf 61' lang='lat' dir='ltr'><strong>paeniten-</strong></span> 
     </span>
    </p>
   </div>
   <div class='ocr_carea' id='block_1_93' title="bbox 441 5086 2025 5158">
    <p class='ocr_par' dir='ltr' id='par_1_93' title="bbox 441 5086 2025 5158">
     <span class='ocr_line' id='line_1_93' title="bbox 441 5086 2025 5158; baseline -0.004 -13"><span class='ocrx_word' id='word_1_680' title='bbox 441 5098 525 5145; x_wconf 88' lang='lat' dir='ltr'><strong>tes</strong></span> <span class='ocrx_word' id='word_1_681' title='bbox 560 5088 999 5150; x_wconf 85' lang='lat' dir='ltr'><strong>reconciliantur,</strong></span> <span class='ocrx_word' id='word_1_682' title='bbox 1029 5088 1155 5157; x_wconf 82' lang='lat' dir='ltr'><strong>quia</strong></span> <span class='ocrx_word' id='word_1_683' title='bbox 1186 5086 1391 5141; x_wconf 78' lang='lat' dir='ltr'><strong>scilicet</strong></span> <span class='ocrx_word' id='word_1_684' title='bbox 1424 5088 1543 5158; x_wconf 82' lang='lat' dir='ltr'><strong>ipsa</strong></span> <span class='ocrx_word' id='word_1_685' title='bbox 1580 5087 1664 5142; x_wconf 91' lang='lat' dir='ltr'><strong>die</strong></span> <span class='ocrx_word' id='word_1_686' title='bbox 1705 5104 1811 5157; x_wconf 90' lang='lat' dir='ltr'><strong>qua</strong></span> <span class='ocrx_word' id='word_1_687' title='bbox 1838 5100 2025 5141; x_wconf 84' lang='lat' dir='ltr'><strong>saera-</strong></span> 
     </span>
    </p>
   </div>
   <div class='ocr_carea' id='block_1_94' title="bbox 442 5176 2028 5249">
    <p class='ocr_par' dir='ltr' id='par_1_94' title="bbox 442 5176 2028 5249">
     <span class='ocr_line' id='line_1_94' title="bbox 442 5176 2028 5249; baseline -0.001 -18"><span class='ocrx_word' id='word_1_688' title='bbox 442 5187 621 5232; x_wconf 78' lang='lat' dir='ltr'><strong>inenta</strong></span> <span class='ocrx_word' id='word_1_689' title='bbox 662 5177 908 5246; x_wconf 84' lang='lat' dir='ltr'><strong>corporis</strong></span> <span class='ocrx_word' id='word_1_690' title='bbox 948 5185 1001 5232; x_wconf 91' lang='lat' dir='ltr'><strong>et</strong></span> <span class='ocrx_word' id='word_1_691' title='bbox 1030 5176 1309 5248; x_wconf 84' lang='lat' dir='ltr'><strong>sanguinis</strong></span> <span class='ocrx_word' id='word_1_692' title='bbox 1353 5177 1433 5233; x_wconf 90' lang='lat' dir='ltr'><strong>sui</strong></span> <span class='ocrx_word' id='word_1_693' title='bbox 1487 5178 1746 5233; x_wconf 90' lang='lat' dir='ltr'><strong>Dominus</strong></span> <span class='ocrx_word' id='word_1_694' title='bbox 1793 5177 2028 5249; x_wconf 80' lang='lat' dir='ltr'><strong>primum</strong></span> 
     </span>
    </p>
   </div>
   <div class='ocr_carea' id='block_1_95' title="bbox 443 5268 2024 5347">
    <p class='ocr_par' dir='ltr' id='par_1_95' title="bbox 443 5268 2024 5347">
     <span class='ocr_line' id='line_1_95' title="bbox 443 5268 2024 5347; baseline 0 -24"><span class='ocrx_word' id='word_1_695' title='bbox 443 5270 698 5333; x_wconf 80' lang='lat' dir='ltr'><strong>confecit,</strong></span> <span class='ocrx_word' id='word_1_696' title='bbox 756 5286 817 5325; x_wconf 87' lang='lat' dir='ltr'><strong>ac</strong></span> <span class='ocrx_word' id='word_1_697' title='bbox 869 5271 1145 5347; x_wconf 85' lang='lat' dir='ltr'><strong>discipulis</strong></span> <span class='ocrx_word' id='word_1_698' title='bbox 1212 5272 1324 5328; x_wconf 88' lang='lat' dir='ltr'><strong>suis</strong></span> <span class='ocrx_word' id='word_1_699' title='bbox 1375 5272 1717 5345; x_wconf 86' lang='lat' dir='ltr'><strong>percipienda</strong></span> <span class='ocrx_word' id='word_1_700' title='bbox 1782 5268 2024 5335; x_wconf 82' lang='lat' dir='ltr'><strong>tradidit,</strong></span> 
     </span>
    </p>
   </div>
   <div class='ocr_carea' id='block_1_96' title="bbox 442 5357 2025 5433">
    <p class='ocr_par' dir='ltr' id='par_1_96' title="bbox 442 5357 2025 5433">
     <span class='ocr_line' id='line_1_96' title="bbox 442 5357 2025 5433; baseline 0.003 -22"><span class='ocrx_word' id='word_1_701' title='bbox 442 5357 721 5429; x_wconf 82' lang='lat' dir='ltr'><strong>oportebat</strong></span> <span class='ocrx_word' id='word_1_702' title='bbox 750 5359 815 5414; x_wconf 91' lang='lat' dir='ltr'><strong>ad</strong></span> <span class='ocrx_word' id='word_1_703' title='bbox 847 5361 960 5416; x_wconf 79' lang='lat' dir='ltr'><strong>haec</strong></span> <span class='ocrx_word' id='word_1_704' title='bbox 996 5363 1313 5417; x_wconf 78' lang='lat' dir='ltr'><strong>resumenda</strong></span> <span class='ocrx_word' id='word_1_705' title='bbox 1345 5366 1668 5433; x_wconf 79' lang='lat' dir='ltr'><strong>posuitcntcs</strong></span> <span class='ocrx_word' id='word_1_706' title='bbox 1710 5370 2025 5416; x_wconf 83' lang='lat' dir='ltr'><strong>restauren-</strong></span> 
     </span>
    </p>
   </div>
   <div class='ocr_carea' id='block_1_97' title="bbox 444 5451 2023 5523">
    <p class='ocr_par' dir='ltr' id='par_1_97' title="bbox 444 5451 2023 5523">
     <span class='ocr_line' id='line_1_97' title="bbox 444 5451 2023 5523; baseline 0.004 -20"><span class='ocrx_word' id='word_1_707' title='bbox 444 5458 532 5503; x_wconf 89' lang='lat' dir='ltr'><strong>tur</strong></span> <span class='ocrx_word' id='word_1_708' title='bbox 570 5468 581 5502; x_wconf 92' lang='lat'><strong>:</strong></span> <span class='ocrx_word' id='word_1_709' title='bbox 615 5464 680 5504; x_wconf 92' lang='lat' dir='ltr'><strong>eo</strong></span> <span class='ocrx_word' id='word_1_710' title='bbox 708 5451 957 5505; x_wconf 82' lang='lat' dir='ltr'><strong>videlicet.</strong></span> <span class='ocrx_word' id='word_1_711' title='bbox 995 5462 1254 5523; x_wconf 89' lang='lat' dir='ltr'><strong>tempore,</strong></span> <span class='ocrx_word' id='word_1_712' title='bbox 1296 5470 1403 5523; x_wconf 86' lang='lat' dir='ltr'><strong>quo</strong></span> <span class='ocrx_word' id='word_1_713' title='bbox 1457 5454 1676 5523; x_wconf 75' lang='lat' dir='ltr'><strong>sanguis</strong></span> <span class='ocrx_word' id='word_1_714' title='bbox 1716 5453 1920 5508; x_wconf 86' lang='lat' dir='ltr'><strong>Christi</strong></span> <span class='ocrx_word' id='word_1_715' title='bbox 1968 5453 2023 5509; x_wconf 88' lang='lat' dir='ltr'><strong>in</strong></span> 
     </span>
    </p>
   </div>
   <div class='ocr_carea' id='block_1_98' title="bbox 441 5540 1764 5616">
    <p class='ocr_par' dir='ltr' id='par_1_98' title="bbox 441 5540 1764 5616">
     <span class='ocr_line' id='line_1_98' title="bbox 441 5540 1764 5616; baseline 0.002 -19"><span class='ocrx_word' id='word_1_716' title='bbox 441 5540 815 5598; x_wconf 82' lang='lat' dir='ltr'><strong>remissionem</strong></span> <span class='ocrx_word' id='word_1_717' title='bbox 841 5544 1078 5599; x_wconf 88' lang='lat' dir='ltr'><strong>omnium</strong></span> <span class='ocrx_word' id='word_1_718' title='bbox 1115 5543 1264 5599; x_wconf 82' lang='lat' dir='ltr'><strong>fusos</strong></span> <span class='ocrx_word' id='word_1_719' title='bbox 1290 5555 1374 5600; x_wconf 91' lang='lat' dir='ltr'><strong>est</strong></span> <span class='ocrx_word' id='word_1_720' title='bbox 1400 5554 1764 5616; x_wconf 86' lang='lat' dir='ltr'><strong>peccatorum.</strong></span> 
     </span>
    </p>
   </div>
   <div class='ocr_carea' id='block_1_99' title="bbox 966 5635 1494 5693">
    <p class='ocr_par' dir='ltr' id='par_1_99' title="bbox 966 5635 1494 5693">
     <span class='ocr_line' id='line_1_99' title="bbox 966 5635 1494 5693; baseline -0.002 -1"><span class='ocrx_word' id='word_1_721' title='bbox 966 5635 1194 5693; x_wconf 83' lang='lat' dir='ltr'><strong>CAPUT</strong></span> <span class='ocrx_word' id='word_1_722' title='bbox 1234 5636 1494 5692; x_wconf 78' lang='lat' dir='ltr'><strong>XXXVII.</strong></span> 
     </span>
    </p>
   </div>
   <div class='ocr_carea' id='block_1_100' title="bbox 1006 5728 1446 5785">
    <p class='ocr_par' dir='ltr' id='par_1_100' title="bbox 1006 5728 1446 5785">
     <span class='ocr_line' id='line_1_100' title="bbox 1006 5728 1446 5785; baseline 0.002 -2"><span class='ocrx_word' id='word_1_723' title='bbox 1006 5728 1084 5784; x_wconf 85' lang='lat' dir='ltr'><strong>De</strong></span> <span class='ocrx_word' id='word_1_724' title='bbox 1138 5728 1446 5785; x_wconf 79' lang='lat' dir='ltr'><strong>Parasreve.</strong></span> 
     </span>
    </p>
   </div>
   <div class='ocr_carea' id='block_1_101' title="bbox 490 5817 2022 5897">
    <p class='ocr_par' dir='ltr' id='par_1_101' title="bbox 490 5817 2022 5897">
     <span class='ocr_line' id='line_1_101' title="bbox 490 5817 2022 5897; baseline 0.003 -16"><span class='ocrx_word' id='word_1_725' title='bbox 490 5817 808 5893; x_wconf 84' lang='lat' dir='ltr'><strong>Parasceve,</strong></span> <span class='ocrx_word' id='word_1_726' title='bbox 831 5820 1009 5895; x_wconf 89' lang='lat' dir='ltr'><strong>idest,</strong></span> <span class='ocrx_word' id='word_1_727' title='bbox 1032 5833 1184 5882; x_wconf 75' lang='lat' dir='ltr'><strong>sexta</strong></span> <span class='ocrx_word' id='word_1_728' title='bbox 1207 5824 1437 5897; x_wconf 87' lang='lat' dir='ltr'><strong>sabbati,</strong></span> <span class='ocrx_word' id='word_1_729' title='bbox 1461 5823 1583 5882; x_wconf 88' lang='lat' dir='ltr'><strong>ideo</strong></span> <span class='ocrx_word' id='word_1_730' title='bbox 1604 5824 1658 5883; x_wconf 92' lang='lat' dir='ltr'><strong>in</strong></span> <span class='ocrx_word' id='word_1_731' title='bbox 1680 5821 2022 5885; x_wconf 83' lang='lat' dir='ltr'><strong>solemnitate</strong></span> 
     </span>
    </p>
   </div>
   <div class='ocr_carea' id='block_1_102' title="bbox 2134 4709 3737 4782">
    <p class='ocr_par' dir='ltr' id='par_1_102' title="bbox 2134 4709 3737 4782">
     <span class='ocr_line' id='line_1_102' title="bbox 2134 4709 3737 4782; baseline -0.004 -14"><span class='ocrx_word' id='word_1_732' title='bbox 2134 4712 2465 4768; x_wconf 86' lang='lat' dir='ltr'><strong>hilaritatem</strong></span> <span class='ocrx_word' id='word_1_733' title='bbox 2513 4710 2782 4782; x_wconf 85' lang='lat' dir='ltr'><strong>signiﬁcat</strong></span> <span class='ocrx_word' id='word_1_734' title='bbox 2826 4711 3002 4766; x_wconf 91' lang='lat' dir='ltr'><strong>crocis</strong></span> <span class='ocrx_word' id='word_1_735' title='bbox 3044 4709 3272 4765; x_wconf 88' lang='lat' dir='ltr'><strong>latitudo</strong></span> <span class='ocrx_word' id='word_1_736' title='bbox 3320 4709 3374 4764; x_wconf 92' lang='lat' dir='ltr'><strong>in</strong></span> <span class='ocrx_word' id='word_1_737' title='bbox 3405 4714 3737 4764; x_wconf 83' lang='lat' dir='ltr'><strong>transverso</strong></span> 
     </span>
    </p>
   </div>
   <div class='ocr_carea' id='block_1_103' title="bbox 2133 4788 3737 4875">
    <p class='ocr_par' dir='ltr' id='par_1_103' title="bbox 2133 4788 3737 4875">
     <span class='ocr_line' id='line_1_103' title="bbox 2133 4788 3737 4875; baseline -0.003 -16"><span class='ocrx_word' id='word_1_738' title='bbox 2133 4805 2298 4874; x_wconf 86' lang='lat' dir='ltr'><strong>ligno,</strong></span> <span class='ocrx_word' id='word_1_739' title='bbox 2348 4804 2440 4858; x_wconf 88' lang='lat' dir='ltr'><strong>ubi</strong></span> <span class='ocrx_word' id='word_1_740' title='bbox 2484 4803 2721 4875; x_wconf 78' lang='lat' dir='ltr'><strong>ﬁgtmtur</strong></span> <span class='ocrx_word' id='word_1_741' title='bbox 2763 4818 2983 4867; x_wconf 88' lang='lat' dir='ltr'><strong>manus;</strong></span> <span class='ocrx_word' id='word_1_742' title='bbox 3032 4816 3129 4871; x_wconf 85' lang='lat' dir='ltr'><strong>per</strong></span> <span class='ocrx_word' id='word_1_743' title='bbox 3171 4816 3367 4856; x_wconf 90' lang='lat' dir='ltr'><strong>manus</strong></span> <span class='ocrx_word' id='word_1_744' title='bbox 3393 4788 3537 4854; x_wconf 84' lang='lat' dir='ltr'><strong>enim</strong></span> <span class='ocrx_word' id='word_1_745' title='bbox 3581 4812 3737 4868; x_wconf 85' lang='lat' dir='ltr'><strong>opus</strong></span> 
     </span>
    </p>
   </div>
   <div class='ocr_carea' id='block_1_104' title="bbox 2134 4891 3734 4967">
    <p class='ocr_par' dir='ltr' id='par_1_104' title="bbox 2134 4891 3734 4967">
     <span class='ocr_line' id='line_1_104' title="bbox 2134 4891 3734 4967; baseline -0.003 -15"><span class='ocrx_word' id='word_1_746' title='bbox 2134 4899 2478 4967; x_wconf 77' lang='lat' dir='ltr'><strong>intelligitur;</strong></span> <span class='ocrx_word' id='word_1_747' title='bbox 2533 4912 2630 4967; x_wconf 88' lang='lat' dir='ltr'><strong>per</strong></span> <span class='ocrx_word' id='word_1_748' title='bbox 2681 4894 3057 4962; x_wconf 88' lang='lat' dir='ltr'><strong>latitudinem,</strong></span> <span class='ocrx_word' id='word_1_749' title='bbox 3106 4893 3355 4950; x_wconf 87' lang='lat' dir='ltr'><strong>hilaritas</strong></span> <span class='ocrx_word' id='word_1_750' title='bbox 3404 4891 3734 4960; x_wconf 81' lang='lat' dir='ltr'><strong>operantis,</strong></span> 
     </span>
    </p>
   </div>
   <div class='ocr_carea' id='block_1_105' title="bbox 2134 4983 3733 5059">
    <p class='ocr_par' dir='ltr' id='par_1_105' title="bbox 2134 4983 3733 5059">
     <span class='ocr_line' id='line_1_105' title="bbox 2134 4983 3733 5059; baseline -0.006 -16"><span class='ocrx_word' id='word_1_751' title='bbox 2134 4992 2258 5059; x_wconf 87' lang='lat' dir='ltr'><strong>quia</strong></span> <span class='ocrx_word' id='word_1_752' title='bbox 2287 4989 2506 5043; x_wconf 86' lang='lat' dir='ltr'><strong>tristitia</strong></span> <span class='ocrx_word' id='word_1_753' title='bbox 2546 4988 2673 5043; x_wconf 81' lang='lat' dir='ltr'><strong>facit</strong></span> <span class='ocrx_word' id='word_1_754' title='bbox 2714 4988 3007 5058; x_wconf 86' lang='lat' dir='ltr'><strong>angustias.</strong></span> <span class='ocrx_word' id='word_1_755' title='bbox 3053 4986 3224 5041; x_wconf 88' lang='lat' dir='ltr'><strong>Porro</strong></span> <span class='ocrx_word' id='word_1_756' title='bbox 3253 4999 3350 5055; x_wconf 89' lang='lat' dir='ltr'><strong>per</strong></span> <span class='ocrx_word' id='word_1_757' title='bbox 3377 4983 3733 5045; x_wconf 69' lang='lat' dir='ltr'><strong>altitudinem</strong></span> 
     </span>
    </p>
   </div>
   <div class='ocr_carea' id='block_1_106' title="bbox 2104 5078 3736 5151">
    <p class='ocr_par' dir='ltr' id='par_1_106' title="bbox 2104 5078 3736 5151">
     <span class='ocr_line' id='line_1_106' title="bbox 2104 5078 3736 5151; baseline -0.004 -14"><span class='ocrx_word' id='word_1_758' title='bbox 2104 5088 2105 5091; x_wconf 71' lang='lat'>‘</span> <span class='ocrx_word' id='word_1_759' title='bbox 2133 5082 2311 5137; x_wconf 84' lang='lat' dir='ltr'><strong>crucis</strong></span> <span class='ocrx_word' id='word_1_760' title='bbox 2339 5082 2424 5137; x_wconf 91' lang='lat' dir='ltr'><strong>cui</strong></span> <span class='ocrx_word' id='word_1_761' title='bbox 2453 5089 2614 5151; x_wconf 90' lang='lat' dir='ltr'><strong>caput</strong></span> <span class='ocrx_word' id='word_1_762' title='bbox 2639 5080 2967 5151; x_wconf 83' lang='lat' dir='ltr'><strong>adjungitor,</strong></span> <span class='ocrx_word' id='word_1_763' title='bbox 2996 5078 3330 5149; x_wconf 82' lang='lat' dir='ltr'><strong>exspectatio</strong></span> <span class='ocrx_word' id='word_1_764' title='bbox 3354 5090 3607 5147; x_wconf 68' lang='lat' dir='ltr'><strong>superine</strong></span> <span class='ocrx_word' id='word_1_765' title='bbox 3642 5091 3736 5131; x_wconf 81' lang='lat' dir='ltr'><strong>re-</strong></span> 
     </span>
    </p>
   </div>
   <div class='ocr_carea' id='block_1_107' title="bbox 2130 5170 3733 5242">
    <p class='ocr_par' dir='ltr' id='par_1_107' title="bbox 2130 5170 3733 5242">
     <span class='ocr_line' id='line_1_107' title="bbox 2130 5170 3733 5242; baseline -0.003 -13"><span class='ocrx_word' id='word_1_766' title='bbox 2130 5176 2439 5230; x_wconf 87' lang='lat' dir='ltr'><strong>tributionis</strong></span> <span class='ocrx_word' id='word_1_767' title='bbox 2462 5176 2526 5229; x_wconf 91' lang='lat' dir='ltr'><strong>de</strong></span> <span class='ocrx_word' id='word_1_768' title='bbox 2557 5174 2771 5229; x_wconf 89' lang='lat' dir='ltr'><strong>sublimi</strong></span> <span class='ocrx_word' id='word_1_769' title='bbox 2788 5173 2994 5242; x_wconf 88' lang='lat' dir='ltr'><strong>justitia</strong></span> <span class='ocrx_word' id='word_1_770' title='bbox 3026 5173 3120 5227; x_wconf 92' lang='lat' dir='ltr'><strong>Dci</strong></span> <span class='ocrx_word' id='word_1_771' title='bbox 3153 5170 3550 5232; x_wconf 84' lang='lat' dir='ltr'><strong>sanctiﬁcatur,</strong></span> <span class='ocrx_word' id='word_1_772' title='bbox 3579 5176 3645 5225; x_wconf 86' lang='lat' dir='ltr'><strong>ut</strong></span> <span class='ocrx_word' id='word_1_773' title='bbox 3673 5177 3733 5224; x_wconf 85' lang='lat' dir='ltr'><strong>et</strong></span> 
     </span>
    </p>
   </div>
   <div class='ocr_carea' id='block_1_108' title="bbox 2127 5263 3729 5335">
    <p class='ocr_par' dir='ltr' id='par_1_108' title="bbox 2127 5263 3729 5335">
     <span class='ocr_line' id='line_1_108' title="bbox 2127 5263 3729 5335; baseline -0.002 -15"><span class='ocrx_word' id='word_1_774' title='bbox 2127 5265 2241 5335; x_wconf 88' lang='lat' dir='ltr'><strong>ipsa</strong></span> <span class='ocrx_word' id='word_1_775' title='bbox 2268 5281 2430 5335; x_wconf 88' lang='lat' dir='ltr'><strong>opera</strong></span> <span class='ocrx_word' id='word_1_776' title='bbox 2460 5265 2599 5321; x_wconf 88' lang='lat' dir='ltr'><strong>bona</strong></span> <span class='ocrx_word' id='word_1_777' title='bbox 2637 5281 2742 5322; x_wconf 89' lang='lat' dir='ltr'><strong>non</strong></span> <span class='ocrx_word' id='word_1_778' title='bbox 2793 5274 3015 5335; x_wconf 87' lang='lat' dir='ltr'><strong>propter</strong></span> <span class='ocrx_word' id='word_1_779' title='bbox 3055 5264 3315 5319; x_wconf 83' lang='lat' dir='ltr'><strong>beneﬁcia</strong></span> <span class='ocrx_word' id='word_1_780' title='bbox 3356 5263 3450 5318; x_wconf 87' lang='lat' dir='ltr'><strong>Dei</strong></span> <span class='ocrx_word' id='word_1_781' title='bbox 3496 5270 3729 5319; x_wconf 79' lang='lat' dir='ltr'><strong>terrena</strong></span> 
     </span>
    </p>
   </div>
   <div class='ocr_carea' id='block_1_109' title="bbox 2128 5356 3734 5427">
    <p class='ocr_par' dir='ltr' id='par_1_109' title="bbox 2128 5356 3734 5427">
     <span class='ocr_line' id='line_1_109' title="bbox 2128 5356 3734 5427; baseline 0.001 -17"><span class='ocrx_word' id='word_1_782' title='bbox 2128 5372 2194 5411; x_wconf 89' lang='lat' dir='ltr'><strong>ac</strong></span> <span class='ocrx_word' id='word_1_783' title='bbox 2213 5357 2525 5427; x_wconf 85' lang='lat' dir='ltr'><strong>temporalia</strong></span> <span class='ocrx_word' id='word_1_784' title='bbox 2550 5358 2795 5413; x_wconf 81' lang='lat' dir='ltr'><strong>facienda</strong></span> <span class='ocrx_word' id='word_1_785' title='bbox 2816 5358 3131 5424; x_wconf 88' lang='lat' dir='ltr'><strong>credantur,</strong></span> <span class='ocrx_word' id='word_1_786' title='bbox 3161 5357 3256 5411; x_wconf 90' lang='lat' dir='ltr'><strong>sed</strong></span> <span class='ocrx_word' id='word_1_787' title='bbox 3283 5356 3464 5427; x_wconf 84' lang='lat' dir='ltr'><strong>potius</strong></span> <span class='ocrx_word' id='word_1_788' title='bbox 3492 5363 3734 5425; x_wconf 81' lang='lat' dir='ltr'><strong>propter</strong></span> 
     </span>
    </p>
   </div>
   <div class='ocr_carea' id='block_1_110' title="bbox 2126 5446 3729 5521">
    <p class='ocr_par' dir='ltr' id='par_1_110' title="bbox 2126 5446 3729 5521">
     <span class='ocr_line' id='line_1_110' title="bbox 2126 5446 3729 5521; baseline -0.003 -17"><span class='ocrx_word' id='word_1_789' title='bbox 2126 5449 2257 5504; x_wconf 91' lang='lat' dir='ltr'><strong>illud</strong></span> <span class='ocrx_word' id='word_1_790' title='bbox 2289 5451 2430 5520; x_wconf 86' lang='lat' dir='ltr'><strong>quod</strong></span> <span class='ocrx_word' id='word_1_791' title='bbox 2456 5451 2686 5521; x_wconf 87' lang='lat' dir='ltr'><strong>desuper</strong></span> <span class='ocrx_word' id='word_1_792' title='bbox 2707 5458 2889 5520; x_wconf 87' lang='lat' dir='ltr'><strong>sperat</strong></span> <span class='ocrx_word' id='word_1_793' title='bbox 2915 5450 3066 5514; x_wconf 88' lang='lat' dir='ltr'><strong>ﬁdes,</strong></span> <span class='ocrx_word' id='word_1_794' title='bbox 3102 5464 3223 5521; x_wconf 62' lang='lat' dir='ltr'><strong>itote</strong></span> <span class='ocrx_word' id='word_1_795' title='bbox 3243 5462 3343 5519; x_wconf 86' lang='lat' dir='ltr'><strong>per</strong></span> <span class='ocrx_word' id='word_1_796' title='bbox 3369 5446 3729 5504; x_wconf 77' lang='lat' dir='ltr'><strong>dilectionem</strong></span> 
     </span>
    </p>
   </div>
   <div class='ocr_carea' id='block_1_111' title="bbox 2124 5540 3729 5612">
    <p class='ocr_par' dir='ltr' id='par_1_111' title="bbox 2124 5540 3729 5612">
     <span class='ocr_line' id='line_1_111' title="bbox 2124 5540 3729 5612; baseline -0.004 -16"><span class='ocrx_word' id='word_1_797' title='bbox 2124 5552 2399 5612; x_wconf 85' lang='lat' dir='ltr'><strong>operatur.</strong></span> <span class='ocrx_word' id='word_1_798' title='bbox 2455 5541 2574 5595; x_wconf 86' lang='lat' dir='ltr'><strong>Jam</strong></span> <span class='ocrx_word' id='word_1_799' title='bbox 2624 5557 2751 5598; x_wconf 89' lang='lat' dir='ltr'><strong>vero</strong></span> <span class='ocrx_word' id='word_1_800' title='bbox 2804 5557 2902 5612; x_wconf 88' lang='lat' dir='ltr'><strong>per</strong></span> <span class='ocrx_word' id='word_1_801' title='bbox 2961 5540 3350 5611; x_wconf 80' lang='lat' dir='ltr'><strong>longitudinem</strong></span> <span class='ocrx_word' id='word_1_802' title='bbox 3402 5552 3514 5608; x_wconf 86' lang='lat' dir='ltr'><strong>qua</strong></span> <span class='ocrx_word' id='word_1_803' title='bbox 3542 5543 3729 5591; x_wconf 85' lang='lat' dir='ltr'><strong>totum</strong></span> 
     </span>
    </p>
   </div>
   <div class='ocr_carea' id='block_1_112' title="bbox 2123 5629 3732 5703">
    <p class='ocr_par' dir='ltr' id='par_1_112' title="bbox 2123 5629 3732 5703">
     <span class='ocr_line' id='line_1_112' title="bbox 2123 5629 3732 5703; baseline -0.006 -12"><span class='ocrx_word' id='word_1_804' title='bbox 2123 5649 2324 5703; x_wconf 87' lang='lat' dir='ltr'><strong>corpus</strong></span> <span class='ocrx_word' id='word_1_805' title='bbox 2369 5633 2697 5698; x_wconf 86' lang='lat' dir='ltr'><strong>extenditur,</strong></span> <span class='ocrx_word' id='word_1_806' title='bbox 2746 5632 2863 5703; x_wconf 87' lang='lat' dir='ltr'><strong>ipsa</strong></span> <span class='ocrx_word' id='word_1_807' title='bbox 2909 5631 3196 5687; x_wconf 87' lang='lat' dir='ltr'><strong>tolerantia</strong></span> <span class='ocrx_word' id='word_1_808' title='bbox 3244 5629 3604 5701; x_wconf 74' lang='lat' dir='ltr'><strong>signiﬁcatur,</strong></span> <span class='ocrx_word' id='word_1_809' title='bbox 3662 5637 3732 5683; x_wconf 85' lang='lat' dir='ltr'><strong>ut</strong></span> 
     </span>
    </p>
   </div>
   <div class='ocr_carea' id='block_1_113' title="bbox 2122 5718 3732 5797">
    <p class='ocr_par' dir='ltr' id='par_1_113' title="bbox 2122 5718 3732 5797">
     <span class='ocr_line' id='line_1_113' title="bbox 2122 5718 3732 5797; baseline -0.003 -18"><span class='ocrx_word' id='word_1_810' title='bbox 2122 5725 2458 5797; x_wconf 82' lang='lat' dir='ltr'><strong>longanimes</strong></span> <span class='ocrx_word' id='word_1_811' title='bbox 2478 5739 2911 5796; x_wconf 87' lang='lat' dir='ltr'><strong>permaneamus.</strong></span> <span class='ocrx_word' id='word_1_812' title='bbox 2940 5723 3091 5780; x_wconf 86' lang='lat' dir='ltr'><strong>Unde</strong></span> <span class='ocrx_word' id='word_1_813' title='bbox 3103 5722 3440 5791; x_wconf 66' lang='lat' dir='ltr'><strong>longanimes</strong></span> <span class='ocrx_word' id='word_1_814' title='bbox 3460 5718 3732 5777; x_wconf 80' lang='lat' dir='ltr'><strong>dicuntur</strong></span> 
     </span>
    </p>
   </div>
   <div class='ocr_carea' id='block_1_114' title="bbox 2124 5814 3730 5899">
    <p class='ocr_par' dir='ltr' id='par_1_114' title="bbox 2124 5814 3730 5899">
     <span class='ocr_line' id='line_1_114' title="bbox 2124 5814 3730 5899; baseline -0.003 -22"><span class='ocrx_word' id='word_1_815' title='bbox 2124 5820 2217 5899; x_wconf 81' lang='lat' dir='ltr'><strong>qui</strong></span> <span class='ocrx_word' id='word_1_816' title='bbox 2255 5820 2506 5878; x_wconf 89' lang='lat' dir='ltr'><strong>tolerant.</strong></span> <span class='ocrx_word' id='word_1_817' title='bbox 2538 5814 2644 5877; x_wconf 88' lang='lat' dir='ltr'><strong>Per</strong></span> <span class='ocrx_word' id='word_1_818' title='bbox 2675 5817 3002 5897; x_wconf 77' lang='lat' dir='ltr'><strong>profundum</strong></span> <span class='ocrx_word' id='word_1_819' title='bbox 3029 5828 3231 5886; x_wconf 85' lang='lat' dir='ltr'><strong>autem,</strong></span> <span class='ocrx_word' id='word_1_820' title='bbox 3268 5816 3373 5873; x_wconf 84' lang='lat' dir='ltr'><strong>hoc</strong></span> <span class='ocrx_word' id='word_1_821' title='bbox 3388 5822 3479 5874; x_wconf 83' lang='lat' dir='ltr'><strong>est</strong></span> <span class='ocrx_word' id='word_1_822' title='bbox 3500 5819 3730 5891; x_wconf 66' lang='lat' dir='ltr'><strong>partem</strong></span> 
     </span>
    </p>
   </div>
  </div>
