3970 6460
273 428 382 496 319

1055 431 1144 490 ne
1180 432 1622 492 cesareoauu
1661 426 2166 505 INSTITUTIONE,
2206 432 2360 495 me.
2400 468 2471 481 —
2504 434 2632 494 me.
2672 428 2738 495 ιι.

3441 434 3553 506 δυο

270 550 421 610 illam
461 548 593 621 ligni
635 562 756 620 quae
803 547 861 604 in
911 556 1070 604 teme
1112 548 1296 607 abdito
1344 549 1516 606 deﬁxa
1552 549 1705 619 latet,
1762 549 1858 607 sed
1882 549 2106 613 Αοιιιιιί
2131 544 2318 606 labore
2355 546 2595 608 omnium
2627 551 2995 608 molestiarum
3022 558 3145 625 post
3167 527 3424 623 mortem,
3453 573 3552 629 per

269 644 416 703 unde
439 642 719 713 consurgit
758 655 917 697 omne
941 641 1083 713 quod
1121 643 1341 709 eminet,
1374 642 1744 699 inscrutabilia
1772 642 1854 699 in-

267 736 523 793 dicantur
541 733 745 803 judicia
786 731 902 796 Dei,
935 732 1001 787 de
1029 733 1224 801 quibus
1250 734 1461 790 occulta
1498 751 1621 790 cum
1657 735 1851 792 volun-

267 839 384 886 tate
405 834 632 883 vocatur
658 828 819 882 homo
857 826 924 879 ad
966 826 1433 896 participationem
1480 836 1638 883 tantm
1666 829 1853 901 gratia:

265 920 386 976 Dei.
418 919 531 974 Hac
575 933 705 988 ergo
740 917 827 972 die
871 906 1123 971 Ecclesia:
1162 917 1353 972 altaria
1386 919 1712 973 indumentis
1740 918 1850 974 suis

266 1012 495 1087 spoliata
524 1011 884 1077 denudantnr,
916 1012 1040 1080 quia
1068 1012 1121 1065 in
1149 1027 1212 1066 ea
1256 1010 1506 1067 Christus
1547 1013 1660 1067 suis
1688 1011 1850 1067 vesti-

267 1105 465 1162 mentis
492 1110 686 1158 exutus
720 1118 839 1158 esse
879 1102 1093 1173 legitur,
1123 1111 1178 1157 et
1202 1103 1377 1159 velum
1412 1103 1592 1173 templi
1620 1102 1846 1157 scissum

264 1214 389 1253 esse
438 1196 618 1251 occiso
666 1193 904 1257 Christo,
959 1210 1055 1264 per
1104 1192 1450 1265 Evangelium
1503 1194 1845 1265 przedicatur.

260 1288 379 1345 Hac
407 1289 494 1344 die
518 1287 573 1341 in
601 1285 841 1341 Ecclesia
868 1285 1152 1339 luminaria
1174 1302 1280 1340 non
1307 1282 1689 1349 accenduntur,
1721 1284 1847 1356 quia

261 1382 318 1436 in
354 1380 473 1450 ipso
500 1378 857 1447 Bedemptore
886 1375 1146 1430 cruciﬁxo
1183 1375 1361 1430 sidera
1392 1377 1842 1447 obscurabuntur.

257 1470 319 1527 In
347 1472 449 1525 hac
477 1471 564 1525 die
592 1477 904 1525 sanctarum
951 1467 1185 1537 plebium
1229 1468 1509 1539 praesules,
1540 1468 1664 1538 quia
1696 1484 1847 1523 man-

257 1566 386 1621 data
418 1564 633 1620 sibimet
663 1562 929 1632 legatione
955 1560 1265 1631 funguntur,
1301 1562 1441 1631 apud
1471 1562 1706 1616 divinam
1736 1561 1845 1616 cle-

257 1658 515 1713 mentiam
544 1654 769 1710 humani
809 1653 1022 1721 generis
1048 1661 1212 1723 agunt
1248 1669 1490 1718 causam,
1522 1662 1575 1707 et
1614 1660 1726 1707 tota
1759 1668 1845 1709 se-

256 1761 379 1801 cum
406 1744 647 1800 Ecclesia
672 1742 1123 1814 congemisccnte,
1152 1743 1497 1813 postulantet
1519 1750 1836 1815 precantur:

254 1839 490 1909 primum
517 1852 616 1911 pro
644 1844 787 1891 statu
818 1835 982 1890 totius
1009 1834 1265 1891 Ecclesiae
1286 1834 1486 1890 Christi
1516 1853 1529 1903 ;
1564 1837 1754 1892 deinde
1783 1844 1841 1893 ut

1951 657 2115 712 quam
2166 641 2227 698 ﬁt
2279 643 2541 699 transitus
2586 660 2684 715 per
2736 644 3194 701 resurrectionem
3249 650 3430 704 carnis
3481 650 3549 707 ad

1952 733 2094 789 illam
2114 735 2283 791 vitam
2308 752 2471 807 quam
2512 738 2769 793 Dominus
2799 744 2988 793 noster
3007 755 3104 794 sua
3134 742 3540 796 resurrectione

1948 836 2396 895 prremonstrasse
2426 830 2674 900 dignatus
2714 836 2816 884 εει.
2869 828 2929 884 In
2981 830 3084 885 hac
3126 831 3212 885 die
3237 847 3359 885 cum
3391 831 3543 886 omni

1949 916 2164 973 silentio
2192 927 2248 973 et
2268 919 2661 989 tranquillitate
2685 927 2897 990 oportet
2922 936 3021 975 nos
3055 936 3296 987 manere,
3330 930 3383 976 et
3414 937 3539 976 cum

1947 1010 2192 1065 oratione
2214 1018 2269 1065 et
2290 1008 2587 1081 psalmodia
2614 1018 2857 1065 sanctam
2898 1011 3311 1066 resurrectionis
3340 1013 3529 1065 horam

1947 1109 2283 1171 exspectare,
2316 1120 2381 1158 ne
2414 1119 2512 1159 nos
2547 1104 2721 1175 magis
2747 1120 2877 1158 cura
2918 1104 3194 1160 saecularis
3220 1104 3457 1169 infestet,
3488 1110 3547 1160 et

1948 1200 2163 1247 terrena
2205 1194 2417 1263 negotia
2450 1195 2772 1263 inquietent,
2799 1210 2960 1263 quam
2990 1196 3251 1265 spiritalia
3284 1196 3458 1251 studia
3491 1201 3547 1250 et

1946 1297 2076 1336 cura
2102 1281 2354 1338 salutaris
2384 1285 2686 1338 animarum
2735 1292 3042 1338 nostrarum
3089 1290 3374 1353 occupent.
3424 1284 3539 1340 Hae

1948 1379 2127 1427 autem
2164 1373 2251 1428 die
2286 1376 2582 1430 inclinante
2612 1375 2677 1430 ad
2718 1390 3028 1445 vesperam,
3059 1384 3265 1430 statuta
3310 1376 3546 1431 celebra-

1947 1465 2021 1519 tio
2046 1466 2220 1520 noctis
2260 1464 2548 1521 Dominicm
2576 1468 2628 1520 in
2660 1465 2899 1522 Ecclesia
2924 1468 3200 1536 incipitur,
3229 1474 3284 1521 et
3305 1469 3542 1537 primum

1946 1558 2244 1614 secundum
2309 1558 2705 1615 institutionem
2761 1561 2959 1616 Zosimi
3019 1576 3214 1631 papae,

1947 1665 2085 1705 cono
2114 1667 2335 1705 cereum
2387 1649 2760 1717 benedicente,
2816 1660 2939 1722 apte
2984 1652 3200 1721 quidem
3251 1652 3331 1718 ﬁt,
3378 1660 3438 1705 ut
3486 1652 3542 1706 in

1945 1742 2352 1797 consecratione
2389 1741 2609 1798 luminis
2638 1744 2907 1814 paschalis
2949 1742 3246 1799 celebratio
3290 1744 3535 1815 incipiat,

1945 1850 2064 1905 qua:
2093 1844 2309 1891 aeterna:
2339 1835 2477 1891 lueis
2504 1837 2660 1891 nobis
2690 1837 2918 1891 contulit
2963 1837 3286 1891 claritatem.
3334 1836 3540 1892 Deinde

254 1930 563 1984 inﬁdelibus
591 1928 896 1982 dominetur
918 1927 1070 1991 ﬁdes,
1098 1936 1153 1981 et
1178 1927 1476 1982 idololatraa
1499 1928 1566 1982 ab
1602 1929 1844 1999 impieta-
1873 1917 1920 1976 Β
1948 1926 2239 1982 lectionum
2293 1925 2507 1983 Veteris
2557 1927 2886 1983 'I’estamenti
2955 1936 3011 1982 et
3053 1927 3359 1981 orationum
3409 1927 3543 1981 ordo

253 2028 331 2082 tis
352 2043 463 2081 sure
487 2026 782 2081 liberentur
805 2024 1111 2088 erroribus;
1142 2031 1202 2077 ut
1226 2022 1428 2079 Judaris
1459 2024 1638 2079 ablato
1667 2024 1846 2079 cordis

253 2113 546 2177 velamine,
590 2111 677 2164 lux
706 2110 953 2164 veritatis
976 2117 1267 2179 appareat;
1300 2118 1360 2163 ut
1382 2108 1620 2163 hzeretici
1657 2110 1846 2163 catho-

252 2205 375 2259 lica.
408 2203 528 2258 ﬁdei
559 2202 867 2278 receptione
897 2200 1247 2271 resipiscam;
1278 2207 1337 2253 ut
1377 2200 1706 2254 schismatici
1740 2200 1847 2271 spi-

249 2300 418 2355 ritum
459 2296 712 2353 redivivaz
737 2295 1019 2351 charitatis
1049 2295 1352 2365 accipiant;
1396 2302 1454 2348 ut
1478 2292 1642 2363 lapsis
1667 2293 1843 2363 pumi-

250 2392 436 2447 tentia:
461 2389 699 2445 remedia
729 2386 1108 2453 conferantur;
1144 2394 1202 2439 ut
1232 2386 1464 2455 denique
1506 2386 1847 2440 catechume-

248 2484 339 2540 nis
365 2482 430 2537 ad
461 2478 887 2552 regenerationis
917 2486 1257 2534 sacramenta
1284 2476 1577 2547 perductis,
1610 2475 1845 2531 cmlestis

249 2571 641 2631 misericordiae
685 2571 807 2625 aula
860 2579 1153 2633 reseretur,
1199 2568 1325 2639 quia
1371 2582 1469 2638 pro
1500 2569 1693 2641 horum
1724 2582 1843 2622 om-

248 2668 403 2724 nium
436 2664 825 2735 redemptione,
854 2662 909 2718 iu
957 2664 1062 2718 hac
1107 2663 1195 2717 die
1241 2660 1464 2731 sanguis
1517 2659 1717 2715 eiIusus
1762 2668 1847 2716 est

247 2757 479 2814 Christi.
507 2754 635 2813 Haec
663 2762 842 2810 autem
880 2769 988 2809 non
1021 2753 1257 2809 inaniter
1285 2768 1316 2807 a
1341 2752 1569 2807 Domino
1600 2752 1731 2823 peti,
1759 2768 1843 2807 re-

248 2864 374 2903 rum
409 2848 649 2919 ipsarum
682 2851 951 2901 monstrat
986 2843 1253 2900 aﬁ‘ectus:
1296 2843 1570 2913 quomodo
1622 2844 1843 2914 quidem

248 2955 323 2995 ex
357 2938 505 2993 omni
551 2952 799 2994 errorum
847 2950 1046 3006 genere
1091 2934 1354 3006 plurimos
1402 2936 1545 2990 Deus
1594 2934 1845 3005 dignatur

248 3033 565 3105 attrahere,
621 3047 758 3104 quos
809 3039 997 3086 erutos
1046 3029 1115 3086 de
1170 3038 1439 3101 patestate
1494 3030 1844 3086 tenebrarum

247 3124 549 3181 transferat
584 3124 639 3180 in
670 3139 897 3196 regnum
937 3120 1061 3178 Filii
1111 3123 1421 3188 charitatis,
1467 3137 1534 3178 ex
1561 3122 1707 3177 vasis
1750 3123 1843 3176 ira:

245 3220 420 3276 faciat
446 3235 578 3274 vasa
625 3217 1032 3274 misericordia;
1066 3216 1219 3284 Quod
1259 3233 1289 3271 a
1319 3216 1431 3271 Deo
1473 3224 1644 3271 totum
1676 3215 1842 3271 divini

248 3311 440 3383 operis
485 3325 604 3367 esse
645 3310 896 3373 sentitur,
952 3317 1012 3363 ut
1049 3307 1166 3363 haec
1207 3307 1459 3363 etiieienti
1493 3306 1604 3361 Deo
1630 3322 1845 3373 semper

248 3406 555 3477 gratiarum
603 3406 745 3459 actio
786 3402 1072 3475 laudisque
1099 3400 1392 3465 confessio,
1439 3415 1537 3470 pro
1578 3399 1847 3453 illumina-

250 3499 406 3553 tione
436 3497 627 3553 talium
655 3495 740 3551 vel
778 3494 1139 3559 correctione,
1192 3492 1481 3548 referatur.
1527 3492 1644 3562 Ipsa
1685 3493 1772 3547 die
1815 3508 1847 3547 a

251 3590 517 3663 pontiﬁce
546 3598 601 3646 et
630 3606 661 3644 a
690 3589 838 3645 clero
875 3597 931 3643 et
964 3589 1031 3641 ab
1068 3586 1217 3643 omni
1254 3586 1449 3659 populo
1487 3587 1695 3663 species
1720 3602 1845 3641 cru—

247 3683 336 3741 cis
356 3683 644 3748 salutatur,
670 3681 795 3759 quia
821 3680 1002 3753 passio
1029 3676 1406 3748 Redemptoris
1432 3693 1463 3731 a
1509 3676 1754 3735 ﬁdelibus
1794 3679 1846 3732 in

248 3778 394 3835 hora
439 3774 829 3845 redemptionis
873 3789 983 3829 sua:
1025 3772 1187 3844 digna
1241 3770 1398 3825 laude
1431 3779 1737 3826 veneratur.
1788 3771 1846 3826 In

248 3870 361 3927 hac
398 3869 487 3925 die
535 3877 873 3923 sacramenta
918 3865 1132 3939 penitus
1171 3880 1277 3919 non
1330 3864 1704 3930 celebrantur;
1754 3865 1849 3920 sed

248 3959 653 4017 Eucharistiam
698 3958 752 4012 in
804 3972 958 4013 cmua
1007 3956 1222 4012 Domini
1275 3964 1670 4022 consecratam,
1719 3970 1846 4029 per-

253 4063 383 4112 acto
410 4054 587 4111 oﬁicio
614 4052 907 4108 lectionum
937 4060 991 4106 et
1017 4051 1361 4116 orationum;
1387 4057 1441 4104 et
1481 4057 1684 4105 sanctw
1726 4065 1849 4105 cru-

250 4150 337 4206 cis
364 4146 702 4210 salutatione,
735 4152 1039 4209 resumunt,
1064 4143 1215 4214 quia,
1247 4154 1306 4197 ut
1337 4142 1682 4198 Innocentius
1710 4158 1847 4214 papa

248 4240 411 4297 testis
437 4247 538 4303 est,
570 4253 724 4295 exeo
765 4237 908 4315 quod
949 4236 1177 4308 apostoli
1224 4245 1279 4293 et
1324 4245 1598 4293 amatores
1643 4236 1849 4293 Christi

251 4348 325 4389 eo
345 4333 505 4388 biduo
528 4348 636 4405 quo
671 4332 964 4389 cruciﬁxus
995 4341 1051 4387 et
1084 4330 1328 4401 sepultus
1360 4329 1613 4387 Salvator
1653 4339 1759 4397 est,
1794 4332 1849 4389 in

252 4441 494 4483 maerore
529 4426 828 4490 constituti,
876 4424 945 4483 ab
989 4425 1136 4481 omni
1172 4426 1296 4481 cibo
1340 4425 1721 4481 abstinuerunt
1767 4442 1847 4497 se,

253 4520 389 4575 hinc
421 4517 639 4573 traditio
672 4517 928 4577 Ecclesiae
967 4516 1129 4573 habet
1153 4516 1319 4572 biduo
1341 4526 1642 4575 memorato
1669 4533 1851 4574 sacra-

254 4619 443 4668 menta
490 4626 594 4666 non
642 4610 930 4677 celebrari,
972 4612 1063 4668 sed
1103 4613 1277 4683 magis
1322 4622 1565 4671 sanctam
1606 4627 1847 4671 resurre-

255 4705 457 4762 ctionis
482 4714 694 4760 noctem
724 4705 1049 4774 exspectari,
1092 4706 1226 4762 etin
1258 4705 1373 4776 ipsa
1413 4720 1537 4760 cum
1582 4705 1769 4760 laatitia
1796 4714 1849 4761 et

256 4798 458 4870 gaudio
494 4796 711 4869 speciali
763 4797 1091 4853 sacriﬁcium
1138 4794 1344 4851 oiierri.
1393 4794 1451 4850 In
1488 4796 1591 4855 hac
1621 4795 1708 4853 die
1754 4810 1851 4849 ve-

254 4907 417 4964 spera
448 4906 570 4948 cum
608 4889 822 4945 silentio
870 4889 1195 4951 celebratur,
1239 4895 1300 4942 ut
1342 4888 1507 4959 quieti
1560 4884 1852 4943 Dominicm

256 4981 553 5054 sepulturae
586 4981 867 5037 veneratio
903 4978 1245 5034 exhibeatur.

785 5091 1011 5149 CAPUT
1050 5090 1336 5147 XXXVIII.

630 5166 708 5229 De
753 5165 968 5220 sabbato
1016 5172 1196 5218 sancto
1250 5160 1490 5217 Pascluv.

335 5258 562 5317 Sabbati
593 5256 864 5333 paschalis
894 5253 1174 5309 veneratio
1214 5253 1341 5309 hinc
1383 5253 1711 5321 celebratur,
1754 5267 1854 5324 pro

260 5351 501 5429 eoquod
545 5352 735 5411 eadem
782 5348 868 5407 die
911 5347 1170 5405 Dominus
1215 5347 1269 5400 in
1316 5345 1561 5416 sepulcro
1603 5345 1853 5417 quievit:

260 5446 412 5504 unde
439 5452 495 5500 et
524 5444 663 5507 bene
696 5442 749 5497 in
779 5439 1007 5494 Hebrzco
1036 5454 1287 5495 sermone
1317 5437 1598 5492 sabbatum
1642 5437 1857 5507 requies

262 5537 683 5609 interpretatur,
726 5530 839 5588 sive
868 5531 1012 5603 quod
1057 5530 1201 5586 Deus
1248 5531 1301 5585 in
1348 5545 1413 5584 eo
1452 5528 1717 5601 requievit
1747 5529 1854 5597 die,

263 5627 471 5689 mundo
496 5625 772 5698 perfecto;
814 5623 928 5679 sive
959 5624 1100 5693 quod
1148 5623 1201 5685 iu
1246 5638 1311 5677 eo
1351 5622 1611 5677 Dominus
1656 5630 1710 5676 et
1747 5622 1856 5677 [ie-

266 5724 520 5793 demptur
568 5725 752 5775 noster
801 5715 1065 5791 requievit
1109 5715 1161 5769 in
1217 5714 1480 5789 sepulcro.
1535 5713 1633 5769 Hic
1681 5721 1859 5770 autem

266 5810 388 5875 dies
414 5812 555 5873 inter
577 5816 805 5874 mortem
833 5807 1043 5869 Domini
1074 5814 1127 5862 et
1170 5804 1622 5860 resurrectionem
1654 5804 1862 5859 medius

267 5911 380 5972 est,
431 5900 746 5971 signiﬁcans
791 5898 1034 5973 requiem
1088 5894 1379 5971 quamdam
1432 5895 1742 5952 animarum
1793 5895 1863 5953 ab

1945 2021 2241 2092 peragitur,
2273 2028 2333 2074 ut
2360 2021 2664 2075 innotescat
2701 2029 2904 2091 quanta
2945 2020 3348 2090 exspectatione
3379 2036 3408 2073 a
3431 2019 3544 2089 pri-

1945 2110 2159 2165 mordio
2205 2111 2389 2164 mundi
2435 2127 2534 2181 per
2574 2110 2917 2180 patriarchas
2960 2120 3015 2165 et
3053 2111 3347 2181 prophetas
3399 2109 3544 2165 salus

1944 2208 2130 2255 nostra
2157 2200 2601 2270 prmsagiebatur,
2626 2216 2745 2269 qua:
2786 2201 2838 2255 in
2884 2199 3182 2255 Salvatoris
3210 2199 3386 2256 nostri
3412 2214 3539 2270 pas-

1945 2292 2097 2347 sione
2123 2301 2177 2347 et
2209 2293 2605 2348 resurrectione
2632 2293 2900 2362 completa
2944 2302 3048 2347 est.
3100 2292 3305 2348 Deinde
3335 2292 3537 2347 litanim

1945 2394 2198 2457 aguntur,
2244 2395 2307 2441 ut
2363 2386 2783 2441 communicatio
2840 2395 2895 2441 et
2940 2385 3201 2440 memoria
3256 2393 3312 2439 et
3361 2384 3540 2439 oratio

1946 2483 2256 2530 sanctorum
2305 2490 2405 2531 nos
2450 2478 2517 2530 ad
2550 2484 2776 2531 ventura
2808 2475 3002 2547 gaudia
3030 2473 3409 2543 consequenda
3436 2474 3536 2527 ad-

1937 2568 2139 2639 juvet:
2194 2586 2333 2641 quas
2386 2572 2635 2641 sequitur
2694 2571 2949 2642 baptismi
3006 2578 3431 2637 sacramentum,
3484 2576 3540 2624 et

1946 2664 2195 2719 ascendit
2236 2679 2364 2736 grex
2412 2664 2785 2719 dealbatorum
2831 2664 2895 2720 de
2939 2662 3175 2720 lavacro.
3225 2662 3543 2731 Quicunque

1947 2764 2126 2811 autem
2148 2756 2288 2811 scire
2323 2757 2595 2811 desiderat
2620 2765 2822 2828 q'uanta
2862 2759 3189 2813 auctoritate
3230 2764 3285 2811 et
3324 2756 3538 2811 ratione

1943 2851 2275 2921 baptismum
2302 2851 2458 2906 istius
2488 2852 2750 2921 temporis
2785 2851 2943 2906 nobis
2983 2850 3413 2915 commendatur,
3457 2847 3533 2901 le-

1947 2955 2041 3017 gat
2085 2945 2304 3001 decreta
2350 2945 2549 3001 Leonis
2584 2961 2757 3017 papae,
2790 2954 2843 3000 et
2876 2947 3131 3001 inveniet.
3179 2938 3309 2999 Post
3342 2941 3546 3014 baptis-

1945 3053 2094 3092 mum
2118 3052 2249 3091 vero
2269 3045 2324 3092 et
2350 3037 2590 3102 litanias,
2619 3037 2863 3107 sequitur
2894 3044 3083 3090 sancta
3125 3035 3415 3089 missarum
3443 3046 3538 3086 ce-

1946 3129 2215 3195 lebratio,
2271 3136 2325 3183 et
2380 3129 2805 3183 communicatio
2857 3127 3104 3196 corporis
3153 3134 3208 3181 et
3261 3122 3541 3193 sanguinis

1943 3222 2161 3277 Domini
2188 3263 2203 3287 ,
2231 3222 2385 3293 cujus
2424 3221 2840 3292 participatione
2874 3220 3182 3290 quicunque
3209 3217 3446 3272 ﬁdelium
3480 3230 3539 3270 se

1871 3288 1917 3352 C
1949 3317 2053 3371 hac
2077 3323 2237 3371 nocte
2266 3314 2607 3381 abstinuerit,
2640 3315 2824 3369 nescio
2866 3312 3135 3383 quomodo
3179 3308 3355 3365 dicam
3384 3308 3536 3363 illum

1948 3406 2342 3472 Christianum,
2372 3407 2616 3476 exceptis
2659 3407 2742 3461 his
2781 3407 2895 3476 qui,
2941 3408 3040 3475 pro
3083 3402 3404 3474 cnpitalibus
3435 3400 3545 3457 cri-

1948 3499 2188 3556 minibus
2227 3499 2705 3564 excommuuicati,
2757 3488 3132 3569 paenitentiam
3174 3501 3387 3568 gerunt.
3436 3491 3546 3547 No-

1949 3594 2173 3646 tandum
2203 3606 2333 3644 vero
2362 3592 2503 3662 quod
2535 3590 2674 3661 apud
2704 3589 3091 3661 Hieronymum
3115 3587 3362 3659 legimus,
3399 3582 3543 3655 quod

1948 3685 2003 3739 in
2032 3684 2397 3739 Orientalibus
2426 3683 2683 3737 Ecclesiis
2712 3699 2827 3736 mos
2856 3682 2928 3736 sit
2972 3682 3024 3735 in
3072 3681 3177 3735 hac
3207 3686 3384 3743 nocte,
3416 3682 3543 3731 ante

1948 3777 2182 3833 mediam
2217 3784 2452 3840 noctem,
2502 3775 2688 3829 ﬁdeles
2731 3775 2798 3829 ab
2843 3773 3073 3828 ecclesia
3124 3789 3228 3826 non
3262 3769 3541 3834 recedere,

1949 3870 2139 3924 boram
2182 3867 2326 3922 illam
2375 3875 2751 3935 exspectantes
2786 3866 2839 3919 in
2870 3866 3041 3920 sacris
3077 3860 3294 3934 vigiliis,
3342 3858 3408 3915 de
3436 3873 3543 3929 qua

1949 3960 2211 4028 scriptum
2256 3964 2376 4011 cst:
2433 3956 2610 4011 Media
2662 3965 2812 4010 nocte
2857 3955 3059 4009 clamor
3088 3952 3260 4023 factus
3289 3957 3383 4015 est,
3434 3956 3540 4003 etc.

1950 4049 2166 4124 (Matth.
2214 4047 2366 4121 xxv).

2489 4134 2720 4195 CAPUT
2769 4133 3012 4192 XXXIX.

2452 4231 2527 4286 De
2566 4230 2777 4285 Pascha
2815 4228 3053 4283 Domini.

2018 4323 2137 4380 Jam
2172 4339 2303 4381 vero
2340 4324 2594 4396 paschale
2652 4328 3051 4378 sacramentum
3099 4318 3242 4391 quod
3293 4333 3437 4373 nunc
3483 4315 3539 4371 in

1951 4415 2250 4470 Salvatoris
2281 4414 2452 4469 nostri
2479 4413 2793 4484 mysterium
2825 4409 3268 4465 manifestissime
3293 4409 3539 4464 celebra-

1950 4515 2059 4571 tur,
2088 4507 2140 4560 in
2170 4506 2350 4561 Veteri
2377 4502 2727 4560 Testamento
2752 4502 3049 4572 ﬁguraliter
3072 4502 3303 4572 primum
3329 4508 3539 4570 gestum

1951 4614 2053 4673 est,
2078 4600 2295 4674 quando
2324 4618 2463 4674 agno
2493 4602 2693 4666 occiso,
2726 4600 2935 4655 Pascha
2978 4596 3273 4653 celebravit
3315 4596 3546 4665 populus

1956 4698 2049 4752 Dei
2081 4699 2133 4751 in
2176 4694 2451 4766 Egypto:
2485 4693 2637 4762 cujus
2689 4691 2863 4763 ﬁgura
2913 4692 2966 4745 in
2999 4689 3229 4745 veritate
3278 4687 3547 4757 completa

1954 4801 2039 4848 est
2071 4793 2122 4845 in
2152 4790 2390 4852 Christo,
2437 4787 2530 4857 qui
2564 4788 2705 4841 sicut
2734 4784 2851 4839 ovis
2898 4780 2966 4839 ad
3014 4779 3406 4837 immolandum
3454 4779 3551 4833 du-

1953 4897 2073 4943 ctus
2100 4895 2176 4941 est
2200 4902 2215 4949 ;
2249 4884 2403 4954 cujus
2429 4880 2691 4950 sanguine
2727 4878 2938 4933 iilinitis
2964 4876 3211 4948 postibus
3238 4872 3459 4935 nostris,
3497 4872 3548 4925 id

1954 4987 2059 5043 est,
2091 4975 2242 5045 cujus
2284 4975 2440 5046 signo
2491 4972 2671 5027 crucis
2704 4969 2931 5039 signatis
2967 4966 3237 5021 frontibus
3266 4963 3487 5025 nostris,
3519 4977 3550 5017 a

1952 5068 2352 5143 periclitatione
2391 5065 2553 5137 hujus
2607 5062 2805 5125 saeculi,
2860 5070 3116 5131 tanquam
3168 5072 3197 5111 a
3238 5055 3551 5126 captivitate

1955 5160 2234 5234 IEgyptia,
2267 5159 2585 5214 liberamur.
2632 5154 2794 5225 Cujus
2819 5152 3036 5223 quidem
3088 5149 3231 5204 diem
3280 5145 3551 5217 paschalis

1955 5251 2374 5307 resurrectionis
2403 5265 2510 5304 non
2540 5247 2713 5302 solum
2766 5258 2866 5313 pro
2897 5256 2963 5296 eo
3004 5238 3361 5301 celebramus,
3409 5235 3549 5306 quod

1957 5344 2012 5400 in
2043 5343 2231 5399 eodem
2262 5359 2291 5397 a
2339 5340 2571 5395 mortuis
2622 5332 2946 5397 resurrexit,
2996 5330 3091 5386 sed
3132 5329 3296 5383 etiam
3344 5336 3400 5383 et
3449 5343 3550 5398 pro

1959 5438 2080 5494 aliis
2131 5436 2488 5493 sacramentis
2534 5447 2655 5503 quae.
2700 5443 2799 5500 per
2849 5425 3096 5481 eumdem
3152 5420 3545 5492 signiﬁcantur.

1965 5528 2100 5597 Quia
2129 5528 2298 5591 enim,
2346 5527 2490 5581 sicut
2521 5522 2652 5579 dicit
2681 5517 2970 5589 Apostolus
2997 5534 3010 5570 :
3054 5513 3300 5568 Mortuus
3330 5519 3406 5567 est
3434 5527 3553 5581 pro-

1963 5629 2079 5691 pter
2106 5617 2297 5672 delicta
2331 5625 2534 5679 nostra,
2565 5622 2612 5667 et
2644 5608 2931 5665 resurrexit
2977 5615 3186 5678 propter
3207 5603 3552 5676 justiﬂcatio-

1967 5729 2083 5773 nem
2116 5723 2346 5767 nostram
2376 5708 2549 5780 (Rom.
2595 5703 2693 5777 ιν),
2731 5702 2991 5758 transitus
3030 5700 3247 5771 quidem
3283 5697 3350 5752 de
3380 5702 3554 5750 morte

1969 5804 2037 5859 ad
2062 5804 2224 5858 vitam
2263 5803 2318 5856 in
2363 5800 2450 5855 illa
2495 5796 2747 5869 passione
2796 5794 3009 5850 Domini
3058 5800 3113 5848 et
3158 5786 3554 5847 resurrectione

1970 5903 2217 5953 sacratus
2257 5899 2360 5949 est.
2411 5888 2546 5947 Nam
2595 5896 2652 5946 et
2690 5885 3015 5945 vocabulum
3050 5882 3228 5958 ipsum
3257 5874 3401 5957 quod
3446 5875 3553 5937 Pa-

3275 1560 3546 1615 archidia-
3614 1601 3621 1609 .
