3970 6470
439 411 538 470 551

1118 402 1179 457 Β.
1219 401 1473 463 RABANI
1510 398 1730 457 MAURI
1766 394 2089 458 ARCHIEP.
2132 396 2440 455 MOGUNT.
2478 396 2763 455 OPERUM
2800 398 2980 455 PARS
3018 399 3061 454 Ι.

439 523 569 577 scha
595 519 814 584 dicitur,
836 532 946 573 non
977 518 1250 582 Graecum,
1278 514 1683 571 sed‘llebraeum
1706 520 1809 568 est.
1833 512 2019 583 Neque
2044 509 2098 570 Α
2122 508 2266 563 diem
2305 508 2644 562 Dominicum
2680 509 2733 562 in
2772 524 2877 577 qua
2904 512 3203 568 resurrexit
3231 527 3261 568 a
3288 516 3521 570 mortuis
3551 556 3568 581 ,
3608 532 3719 572 ex-

436 612 583 667 enim
612 625 645 663 a
671 607 1212 679 passione,quoniam
1243 606 1525 677 paschien,
1548 607 1781 677 πάσχειν
1807 604 2014 671 Graece,

434 703 551 775 pati
592 700 811 765 dicitur,
862 701 956 754 sed
995 714 1029 752 a
1074 695 1307 753 transitu
1338 697 1563 751 Hebraeo
1594 696 1760 750 verbo
1810 694 2018 750 Pascha

435 791 764 862 appellatum
810 796 935 845 est:
993 789 1138 859 quod
1182 796 1237 844 et
1274 788 1513 843 maxime
1554 787 1886 858 evangelista
1925 803 2019 842 ex-

434 887 651 959 pressit,
685 900 807 940 cum
836 884 1205 940 celebraretur
1223 898 1253 937 a
1284 883 1512 937 Domino
1536 882 1745 937 Pascha
1784 898 1908 937 cum
1937 882 2019 936 di-

433 978 655 1046 scipulis
683 992 698 1032 :
725 976 861 1032 Cum
885 977 1128 1039 vidisset,
1155 976 1354 1046 inquit,
1372 974 1551 1041 Iesus,
1578 977 1702 1046 quia
1729 977 1860 1029 venit
1888 976 2019 1030 hora

430 1081 486 1125 ut
518 1070 776 1125 transiret
796 1068 861 1122 de
881 1068 1076 1122 mundo
1105 1067 1175 1120 ad
1202 1064 1417 1119 Patrem
1446 1066 1627 1137 (Joan.
1654 1066 1795 1137 nu).
1822 1065 2019 1121 Trans-

430 1163 537 1217 itus
584 1176 716 1232 ergo
754 1161 819 1216 de
860 1158 961 1215 hac
1003 1161 1115 1214 vita
1156 1160 1372 1214 mortali
1414 1160 1468 1213 in
1500 1158 1661 1212 aliam
1703 1158 1867 1213 vitam
1918 1160 2021 1214 im-

428 1253 736 1318 mortalem,
768 1253 872 1307 hoc
905 1260 990 1307 est
1018 1252 1085 1306 de
1124 1259 1299 1306 morte
1331 1250 1399 1305 ad
1441 1252 1629 1314 vitam,
1676 1251 1728 1305 in
1768 1255 2019 1320 passione

429 1354 483 1401 et
512 1345 908 1400 resurrectione
941 1342 1152 1397 Domini
1176 1344 1600 1398 commendatur.
1635 1342 1734 1399 llic
1756 1344 2020 1399 transitus

430 1454 461 1493 a
488 1438 644 1491 nobis
676 1437 834 1491 modo
865 1437 1043 1507 agitur
1070 1450 1168 1506 per
1207 1435 1390 1501 fidem,
1437 1452 1555 1506 qua:
1597 1437 1752 1491 nobis
1783 1436 1940 1490 datur
1961 1436 2019 1490 in

431 1528 803 1581 remissionem
823 1535 1191 1597 peccatorum,
1223 1526 1437 1596 quando
1468 1525 1868 1594 consepelimnr
1894 1541 2018 1580 cum

428 1619 646 1675 Christo
668 1634 761 1690 per
788 1618 1136 1689 baptismum,
1166 1619 1321 1687 quasi
1348 1633 1381 1672 a
1421 1618 1650 1672 mortuis
1676 1624 2019 1671 transeuntes

428 1711 496 1766 de
523 1710 795 1781 pejoribus
836 1711 904 1766 ad
951 1711 1196 1775 meliora,
1229 1710 1297 1765 de
1339 1709 1709 1780 corporalibus
1739 1710 1807 1762 ad
1851 1709 2014 1778 spiri-

425 1803 611 1866 tualia,
643 1804 709 1859 de
732 1804 1143 1859 conversatione
1166 1801 1326 1871 hujus
1349 1803 1474 1857 vita:
1514 1802 1581 1855 ad
1633 1816 1780 1870 spem
1820 1800 2015 1854 futura:

423 1894 840 1950 resurrectionis
878 1902 933 1949 et
958 1895 1164 1965 gloriae.
1190 1894 1421 1964 Propter
1452 1894 1626 1963 ipsum
1648 1907 1775 1962 ergo
1800 1892 2013 1946 initium

423 2000 575 2039 nova:
602 1986 725 2040 vita:
765 1986 831 2040 ad
873 2000 1035 2056 quam
1078 1985 1394 2050 transimus,
1444 1992 1499 2038 et
1552 1993 1768 2053 propter
1819 1999 2014 2037 novum

422 2077 695 2131 hominem
725 2092 884 2146 quem
903 2075 1159 2145 jubemur
1184 2077 1407 2131 induere
1433 2085 1489 2130 et
1519 2091 1719 2130 exuere
1748 2084 2011 2142 veterem,

422 2177 780 2237 expurgantes
804 2176 961 2223 vetus
988 2167 1336 2233 fermentum,
1382 2174 1442 2221 ut
1484 2167 1652 2221 simus
1696 2182 1835 2221 nova
1880 2182 2012 2221 con-

422 2261 646 2330 spersio,
711 2261 965 2330 quoniam
1015 2259 1222 2314 Pascha
1279 2265 1525 2313 nostrum
1574 2256 1881 2313 immolatus
1932 2265 2013 2312 est

419 2350 690 2417 Christus,
718 2363 939 2423 propter
966 2353 1105 2407 hanc
1128 2352 1252 2406 vitm
1288 2352 1606 2413 novitatem,
1631 2351 1839 2419 primus
1862 2366 2013 2404 men-

421 2441 496 2496 sis
526 2442 580 2495 in
610 2442 738 2496 anni
768 2442 1045 2497 mensibus
1067 2441 1416 2495 celebrationi
1434 2441 1727 2495 attributus
1748 2450 1860 2501 est;
1886 2457 2013 2496 nam

422 2533 537 2603 ipse
558 2534 755 2589 dicitur
780 2543 835 2589 et
871 2535 1075 2589 mensis
1119 2548 1401 2587 novorum.
1453 2532 1605 2601 Quod
1637 2549 1767 2589 vero
1813 2535 1867 2590 in
1900 2544 2013 2591 toto

420 2632 664 2695 tempore
688 2625 869 2681 saeculi
906 2641 1049 2680 nunc
1083 2624 1302 2681 tertium
1333 2632 1547 2694 tempus
1576 2626 1847 2695 apparuit,
1890 2627 2013 2683 ideo

420 2719 746 2775 resurrectio
767 2718 984 2774 Domini
1016 2716 1262 2772 triduana
1296 2725 1399 2771 est.
1436 2716 1675 2771 Primum
1701 2718 1846 2771 enim
1876 2728 2013 2773 tem-

417 2825 518 2880 pus
543 2818 628 2864 est
653 2818 779 2866 ante
804 2809 997 2881 legem,
1042 2809 1337 2864 secundum
1366 2807 1465 2863 sub
1494 2808 1631 2878 lege,
1664 2808 1881 2862 tertium
1910 2811 2011 2864 sub

418 2903 615 2974 gratia,
645 2903 737 2957 ubi
754 2900 870 2971 jam
892 2900 1298 2957 manifestatum
1332 2908 1415 2956 est
1443 2912 1841 2956 sacramentum
1868 2903 2011 2972 quod

417 2993 621 3047 eratin
660 2993 979 3063 prophetico
1025 2994 1311 3064 aenigmate
1359 2992 1651 3047 occultum.
1711 2991 1824 3047 Hoc
1878 3008 2009 3064 ergo

416 3094 471 3138 et
500 3084 557 3138 in
583 3084 758 3141 lunari
788 3100 1013 3140 numero
1036 3085 1389 3155 significatur.
1420 3084 1557 3157 Quia
1577 3085 1724 3140 enim
1751 3100 2008 3141 numerus

416 3176 755 3245 septenarius
782 3176 922 3233 solet
962 3177 1018 3231 in
1052 3176 1352 3247 Scripturis
1398 3179 1465 3232 ad
1503 3178 1794 3248 quamdam
1825 3179 2006 3249 perfe-

415 3270 648 3325 ctionem
702 3270 963 3341 mysticus
1015 3285 1298 3340 apparere,
1352 3271 1407 3326 in
1462 3271 1619 3325 tertia
1670 3271 2001 3327 hebdomada

416 3362 553 3417 luna
576 3362 787 3418 Pascha
811 3362 1134 3428 celebratur,
1165 3364 1217 3419 id
1246 3372 1347 3427 est,
1380 3364 1471 3433 qui
1502 3364 1620 3419 dies
1643 3364 1942 3420 occurrerit
1973 3380 2003 3419 a

416 3453 484 3507 15
512 3454 566 3507 in
600 3453 694 3518 21,
728 3453 823 3509 sed
872 3469 979 3509 non
1016 3455 1191 3510 solum
1241 3464 1464 3526 propter
1511 3463 1722 3524 tempus
1763 3456 2003 3523 tertium,

418 3546 546 3615 quia
574 3545 764 3614 incipit
798 3546 1135 3602 hebdomada
1162 3548 1345 3614 tertia,
1376 3549 1472 3603 sed
1502 3549 1669 3602 etiam
1693 3556 1915 3617 propter
1943 3546 2006 3601 il-

418 3635 526 3692 lam
555 3637 963 3693 conversionem
993 3638 1151 3693 lnnae.
1184 3638 1336 3694 Tunc
1374 3639 1518 3694 enim
1550 3638 1637 3692 illa
1681 3639 1749 3692 ab
1790 3637 2007 3692 inferio-

417 3731 569 3786 ribus
593 3731 662 3785 ad
685 3731 963 3800 superiora
988 3733 1351 3798 convertitur;
1384 3741 1440 3786 et
1466 3734 1582 3788 haec
1605 3733 1761 3789 nobis
1785 3734 1852 3788 de
1878 3733 2005 3787 luna

418 3819 711 3876 similitudo
759 3824 1073 3889 assumitur,
1128 3825 1193 3880 de
1223 3825 1528 3880 visibilibus
1577 3826 1645 3879 ad
1692 3825 2004 3892 invisibilia,

423 3915 490 3970 de
515 3916 886 3984 corporalibus
923 3917 990 3971 ad
1034 3918 1335 3988 spiritualia
1379 3927 1717 3974 sacramenta
1750 3920 2003 3985 transire,

419 4015 481 4060 ut
522 4008 692 4075 magis
723 4010 1003 4079 magisque
1036 4010 1164 4064 huic
1194 4009 1391 4065 sarculo
1433 4010 1750 4075 moriamur,
1797 4020 1854 4066 et
1896 4013 2003 4066 vita

420 4108 604 4153 nostra
635 4101 1000 4155 abscondatur
1039 4117 1160 4157 cum
1191 4102 1427 4170 Christo,
1461 4120 1784 4173 omnemque
1830 4105 2005 4160 lucem

421 4190 581 4243 studii
610 4191 780 4245 nostri
809 4207 929 4261 qua:
950 4193 1016 4246 ad
1044 4193 1301 4248 inferiora
1324 4195 1601 4265 vergebat,
1634 4197 1701 4251 ad
1725 4197 2004 4265 superiora

424 4289 820 4347 convertemus,
856 4283 925 4336 ad
956 4283 1103 4338 illam
1146 4283 1354 4340 scilicet
1387 4294 1643 4340 mternam
1676 4286 2006 4355 contempla-

424 4372 627 4426 tionem
652 4374 1002 4429 immutabilis
1050 4376 1311 4431 veritatis.
1354 4377 1533 4447 Usque
1581 4378 1648 4431 ad
1690 4377 2005 4432 vicesimam

424 4465 653 4533 primam
692 4466 811 4521 ideo
853 4467 1061 4523 Pascha
1103 4469 1443 4535 observatur,
1464 4477 1692 4540 propter
1719 4485 2005 4526 numerum

424 4556 784 4627 septenarium
808 4573 916 4628 quo
945 4560 1317 4617 universitatis
1341 4562 1664 4632 signiﬁcatio
1694 4576 1836 4631 stupe
1871 4561 2005 4632 ﬁgu-

425 4656 595 4713 ratur,
620 4649 712 4720 qui
739 4651 903 4706 etiam
952 4652 1054 4722 ipsi
1093 4653 1346 4710 Ecclesiae
1373 4654 1648 4722 tribuitur,
1675 4665 1894 4726 propter
1925 4656 2009 4711 in-

425 4750 539 4795 star
570 4742 980 4811 universitatis;
1017 4746 1242 4817 ideoque
1284 4756 1339 4803 et
1366 4745 1600 4802 Joannes
1647 4749 1923 4818 apostolus
1950 4750 2005 4806 in

423 4834 743 4905 Apocalypsi
784 4844 990 4907 septem
1032 4839 1222 4893 scribit
1262 4839 1538 4896 Ecclesiis.
1590 4841 1830 4897 Ecclesia
1878 4857 2007 4898 vero

427 4925 604 4979 adhuc
634 4926 692 4979 in
716 4926 822 4982 ista
855 4929 1203 4985 mortalitatis
1228 4945 1394 4986 carne
1420 4932 1712 4987 constituta
1740 4973 1753 4995 ,
1786 4941 2007 5001 propter

429 5014 589 5069 istam
620 5018 1063 5085 mutabilitatem,
1093 5020 1235 5075 lunae
1262 5021 1479 5076 nomine
1500 5022 1555 5075 in
1579 5020 1876 5090 Scripturis
1903 5036 2005 5076 sa:-

427 5119 494 5172 pe
523 5114 765 5162 vocatur.
797 5108 949 5174 Quod
985 5126 1113 5165 vero
1151 5112 1552 5167 anniversarias
1595 5112 1711 5167 dies
1740 5113 2009 5180 paschalis

430 5210 538 5249 non
566 5197 635 5250 ad
664 5200 912 5255 eumdem
943 5202 1081 5257 redit
1131 5204 1258 5258 anni
1305 5203 1470 5268 diem,
1514 5203 1593 5258 sic
1621 5211 1680 5256 ut
1720 5211 1868 5272 puta;
1894 5204 2007 5258 dies

430 5300 539 5356 quo
593 5289 834 5345 creditur
872 5291 1133 5348 Dominus
1174 5303 1356 5359 natus,
1400 5294 1502 5349 hoc
1546 5292 1608 5347 fit
1637 5302 1860 5364 propter
1904 5294 2010 5349 Do-

433 5380 691 5436 minicum
721 5382 865 5440 diem
892 5393 946 5440 et
974 5386 1177 5441 lunam.
1221 5384 1561 5440 Manifestum
1595 5393 1679 5440 est
1718 5386 1859 5440 enim
1901 5401 2007 5455 quo

431 5472 520 5528 die
560 5472 818 5530 Dominus
858 5476 1149 5532 crucifixus
1191 5477 1283 5542 sit,
1323 5484 1379 5532 et
1409 5477 1461 5530 in
1489 5476 1735 5546 sepulcro
1759 5476 1924 5532 fuerit
1953 5487 2010 5536 et

432 5569 810 5623 resurrexerit.
835 5569 1102 5639 Adjuncta
1141 5576 1225 5623 est
1254 5568 1399 5624 enim
1421 5570 1660 5639 ipsorum
1679 5571 1887 5625 dierum
1907 5573 2007 5628 ob-

433 5662 669 5716 servatio
698 5677 795 5732 per
824 5661 1100 5716 Nicamum
1125 5662 1412 5718 concilium
1432 5704 1447 5729 ,
1499 5673 1556 5720 et
1592 5665 1711 5720 orbi
1753 5667 2008 5724 universo

431 5752 742 5809 Christiano
779 5768 1098 5824 persuasum
1154 5771 1220 5812 eo
1276 5756 1437 5812 modo
1488 5756 1695 5812 Pascha
1745 5759 2008 5815 celebrari

433 5857 686 5916 oportere
711 5887 728 5915 ,
769 5855 832 5903 ut
855 5862 965 5905 non
998 5848 1173 5906 solum
1207 5850 1393 5908 lunam
1431 5851 1740 5921 paschalem
1763 5893 1779 5920 ,
1834 5852 1929 5910 sed
1952 5860 2011 5909 et

2119 610 2365 673 spectare
2388 602 2697 656 debeamus.
2720 601 2848 656 lnde
2879 609 2965 656 est
3007 603 3150 672 quod
3189 603 3257 658 ad
3290 605 3544 661 eumdem
3580 610 3719 664 anni

2122 691 2310 768 [diem]
2329 709 2433 749 non
2457 704 2758 750 revertetur
2778 694 3005 750 Pascha.
3022 694 3157 751 Nam
3180 695 3350 755 Judaai
3372 704 3722 759 tantumdem

2120 803 2359 842 mensem
2406 804 2669 844 novorum
2696 798 2751 843 et
2781 789 2964 844 lunam
2988 790 3278 848 observant
3306 811 3320 846 :
3351 794 3497 850 diem
3528 806 3719 853 autem

2121 875 2422 931 addendum
2475 886 2662 948 patres
2709 880 2881 934 nostri
2927 891 3294 949 censuerunt,
3322 893 3382 939 ut
3420 893 3477 940 et
3521 897 3720 943 nostra

2121 969 2388 1024 festivitas
2444 986 2475 1023 a
2532 969 2842 1025 Iudaeorum
2904 970 3199 1028 festivitate
3264 975 3718 1048 distingueretur.

2122 1058 2340 1113 Initium
2384 1060 2637 1115 videlicet
2661 1062 2821 1131 primi
2847 1063 3050 1117 mensis
3080 1063 3475 1121 observandum
3507 1076 3615 1132 est,
3650 1070 3721 1123 ab

2120 1158 2315 1204 octavo
2354 1150 2543 1204 ldunm
2587 1150 2902 1206 Martiarum
2945 1170 3113 1224 usque
3157 1155 3212 1209 in
3245 1154 3520 1212 Nonarum
3554 1156 3723 1229 Apri-

2120 1239 2251 1293 lium
2291 1240 2452 1295 diem.
2498 1242 2697 1308 Quarta
2726 1244 2933 1298 decima
2968 1261 3096 1300 vero
3125 1245 3249 1300 luna
3281 1247 3505 1305 Pascha:
3530 1267 3562 1304 a
3586 1251 3723 1306 duo-

2122 1330 2331 1385 decima
2375 1332 2599 1388 Kalend.
2644 1334 2847 1403 Aprilis
2889 1351 3060 1406 usque
3087 1337 3138 1391 in
3164 1338 3430 1394 decimam
3455 1352 3719 1411 quartam

2122 1424 2388 1479 Kalendas
2418 1425 2577 1492 Maii,
2627 1429 2914 1497 quaerenda
2966 1439 3071 1484 est.
3112 1430 3287 1486 Porro
3328 1433 3445 1487 dies
3485 1433 3719 1491 Pascbae

2122 1515 2420 1580 Dominica,
2468 1517 2537 1571 ab
2575 1518 2859 1572 undecima
2905 1518 3159 1574 Kalendis
3198 1520 3399 1591 Aprilis
3441 1538 3620 1592 usque
3665 1525 3720 1578 in

2120 1609 2402 1678 septimam
2443 1610 2711 1666 Kalendas
2748 1612 2908 1679 Maii,
2931 1622 2984 1666 et
3016 1614 3119 1668 hoc
3140 1630 3169 1667 a
3192 1614 3319 1668 luna
3358 1616 3717 1685 quindecima

2119 1720 2291 1773 usque
2314 1703 2379 1758 ad
2402 1705 2714 1760 vicesimam
2738 1707 2989 1775 primam.
3012 1706 3297 1776 Nunquam
3336 1724 3468 1780 ergo
3503 1712 3720 1765 coutin-

2119 1810 2245 1864 gere
2280 1804 2487 1866 potest,
2528 1804 2587 1851 ut
2634 1797 2759 1851 luna
2800 1797 3008 1852 decima
3061 1807 3252 1867 quarta
3304 1799 3469 1867 primi
3512 1802 3721 1855 mensis

2042 1865 2090 1924 Β
2118 1894 2243 1939 ante
2274 1865 2491 1942 vernale
2523 1888 2907 1959 aequinoctium
2928 1930 2941 1954 ,
2984 1865 3126 1958 quod
3163 1891 3223 1943 fit
3254 1865 3317 1943 in
3350 1906 3425 1944 xu
3458 1890 3719 1945 Kalendis

2115 1978 2338 2047 Aprilis,
2361 1981 2598 2045 eveniat,
2636 1980 2762 2049 quia
2789 1981 3058 2036 luminare
3081 1981 3262 2034 minus
3301 1981 3573 2036 luminare
3610 1997 3720 2035 ma-

2108 2070 2199 2139 jus
2237 2072 2387 2139 sequi
2428 2072 2482 2125 in
2524 2072 2864 2141 plenitudine
2898 2089 2992 2127 sua
3042 2089 3147 2127 non
3189 2073 3501 2143 praecedere
3534 2075 3715 2130 debet.

2115 2159 2249 2213 Nam
2272 2176 2393 2215 cum
2422 2161 2474 2215 in
2492 2160 2673 2217 Veteri
2697 2162 3041 2218 Testamento
3064 2164 3236 2218 tribus
3265 2175 3718 2235 argumentorum

2115 2251 2330 2307 indiciis
2356 2254 2614 2322 paschale
2669 2263 2882 2324 tempus
2919 2256 3198 2311 observari
3240 2258 3312 2311 sit
3355 2269 3715 2329 praeceptum,

2113 2344 2365 2398 videlicet
2406 2353 2464 2399 ut
2512 2352 2635 2414 post
2681 2348 3064 2416 aequinoctium
3092 2389 3105 2412 ,
3158 2358 3215 2403 et
3264 2365 3454 2404 mense
3496 2352 3715 2420 primo,

2113 2444 2173 2490 ut
2220 2438 2380 2491 tertia
2435 2438 2551 2508 ejus
2596 2439 2898 2507 septimana
2926 2481 2941 2507 ,
2987 2441 3040 2494 id
3092 2448 3211 2505 est,
3272 2457 3303 2496 a
3339 2457 3573 2511 vespera
3622 2444 3716 2496 dc-

2114 2530 2268 2584 cimae
2289 2538 2496 2600 quartae
2526 2531 2665 2586 lunae
2702 2534 2842 2601 quod
2879 2541 2962 2587 est
2996 2533 3210 2588 initium
3245 2534 3470 2590 decima:
3513 2537 3718 2604 quintae

2114 2637 2285 2690 usque
2322 2623 2377 2676 in
2424 2638 2708 2694 vesperam
2739 2666 2753 2691 ,
2807 2624 2861 2679 id
2910 2633 3033 2692 est,
3088 2626 3382 2681 terminum
3436 2628 3719 2699 vigesima:

2112 2715 2299 2782 prima:
2328 2756 2341 2779 ,
2387 2716 2693 2771 celebretur
2725 2758 2739 2782 ,
2786 2726 2981 2787 quarta
3052 2718 3106 2772 in
3155 2719 3396 2789 ejusdem
3450 2721 3716 2774 observa-

2113 2808 2260 2861 tione
2310 2808 2495 2879 regula
2535 2818 2620 2863 est
2660 2810 2816 2865 nobis
2848 2826 2879 2863 a
2915 2819 3154 2881 tempore
3204 2811 3501 2865 Dominicae
3540 2828 3722 2866 resur-

2112 2901 2367 2955 rectionis
2419 2902 2690 2971 imposita.
2736 2911 2796 2957 ut
2846 2919 2969 2957 cum
3027 2904 3350 2974 aequinoctio
3397 2913 3721 2960 transcenso

2110 2989 2292 3045 lunam
2332 2992 2490 3062 primi
2527 2994 2728 3048 mensis
2764 3002 3013 3063 quartam
3057 2993 3321 3048 decimam
3359 3009 3592 3064 vespere
3624 3010 3717 3049 or-

2112 3088 2222 3136 tum
2245 3079 2423 3137 facere
2434 3082 2743 3146 viderimus,
2769 3098 2875 3137 non
2892 3083 3072 3137 statim
3094 3084 3159 3139 ad
3181 3083 3489 3139 faciendum
3503 3084 3718 3139 Pascha

2111 3174 2489 3243 prosiliamus,
2529 3176 2622 3231 sed
2674 3175 3012 3231 Dominicum
3059 3185 3434 3248 exspectantes
3494 3178 3551 3231 in
3602 3179 3720 3248 ipso

2110 3282 2344 3337 congrue
2368 3266 2578 3323 Pascha
2610 3267 2962 3323 celebremus.
2995 3268 3062 3323 Et
3107 3269 3152 3324 si
3188 3268 3306 3323 fieri
3332 3280 3517 3340 posset
3543 3279 3607 3324 ut
3631 3287 3721 3326 ea-

2109 3358 2232 3411 dem
2273 3358 2524 3414 omuibus
2567 3359 2723 3412 annis
2760 3358 2967 3413 sabbati
2998 3359 3084 3413 die
3119 3358 3241 3412 luna
3274 3370 3467 3427 quarta
3504 3360 3716 3417 decima

2108 3448 2439 3518 contigisset,
2486 3448 2619 3502 nihil
2650 3458 2848 3503 nostra:
2872 3449 3143 3518 paschalis
3181 3448 3543 3504 observantia:
3573 3460 3715 3505 tem-

2107 3552 2209 3607 pus
2234 3554 2266 3592 a
2288 3538 2447 3609 legali
2477 3538 2827 3609 discreparet.
2861 3539 2997 3594 Nam
3020 3549 3075 3595 et
3110 3556 3210 3596 nos
3252 3540 3353 3611 ipsi
3392 3542 3555 3611 juxta
3581 3542 3715 3614 legis

2107 3629 2302 3691 edicta,
2337 3645 2552 3700 semper
2581 3639 2774 3701 quarta
2812 3631 3021 3686 decima
3063 3631 3189 3685 luna
3218 3630 3377 3702 primi
3408 3633 3619 3687 mensis
3648 3635 3713 3690 ad

2106 3735 2412 3791 vesperam,
2440 3721 2782 3776 immolantes
2795 3730 2849 3777 et
2865 3723 3207 3778 comedentes
3237 3722 3356 3793 agni
3380 3723 3711 3781 immaculati

2108 3826 2347 3877 carnem,
2380 3814 2806 3884 sanguinemque
2834 3815 3000 3879 illius,
3031 3814 3097 3869 ad
3133 3814 3503 3884 repellendum
3536 3825 3708 3871 exter-

2107 3904 2450 3969 minatorem,
2486 3904 2685 3960 nostris
2714 3908 2958 3975 postibus
2985 3915 3354 3978 aspergentes,
3384 3907 3437 3962 id
3465 3917 3571 3974 est,
3586 3909 3710 3980 bap-

2108 3995 2255 4050 tismi
2284 4004 2339 4051 et
2364 3996 2698 4066 paschalium
2735 3998 3069 4054 celebrantes
3098 4000 3358 4055 solemnia
3394 4001 3706 4067 missarum,

2106 4086 2404 4156 spiritalem
2436 4104 2816 4157 superaremus
2837 4090 3151 4161 Egyptum,
3178 4102 3338 4163 atque
3364 4093 3707 4149 illucescente

2107 4192 2266 4231 mane
2293 4180 2345 4232 in
2376 4179 2499 4233 luna
2523 4182 2731 4235 decima
2754 4182 2942 4251 quinta
2969 4184 3169 4238 mensis
3199 4184 3707 4256 ejusdem,primum

2105 4267 2432 4339 Azymorum
2455 4271 2595 4325 diem
2621 4273 2968 4340 intraremus,
2993 4283 3307 4346 septemque
3333 4277 3449 4331 dies
3466 4276 3707 4344 ejusdem

2108 4360 2438 4416 celebritatis
2481 4362 2783 4433 legitimos,
2823 4382 2853 4419 a
2899 4381 3055 4420 mane
3110 4368 3303 4422 decimi
3363 4371 3538 4437 quinti
3584 4372 3707 4436 dici,

2107 4468 2278 4523 usque
2312 4455 2364 4509 in
2396 4471 2676 4525 vesperam
2713 4458 2957 4513 vicesimi
2998 4459 3156 4529 primi
3187 4461 3387 4515 mensis
3436 4462 3624 4530 ipsius,
3660 4465 3711 4519 id

2110 4555 2214 4613 est,
2255 4563 2286 4601 a
2314 4548 2592 4603 Dominico
2620 4549 2871 4616 Pascha},
2904 4566 3074 4620 usque
3102 4551 3157 4605 in
3184 4551 3520 4607 Dominicum
3562 4565 3712 4609 octa-

2115 4657 2242 4697 vum
2267 4641 2507 4709 Pascha),
2552 4643 2733 4698 debita
2769 4646 3117 4701 veneratione
3156 4648 3571 4718 compleremus.
3606 4650 3711 4707 Sed

2116 4735 2371 4805 quoniam
2394 4735 2532 4789 lunm
2574 4736 2688 4791 dies
2716 4738 2858 4792 idem
2888 4738 3126 4794 diversas
3167 4741 3479 4810 septimana!
3531 4744 3712 4797 devel-

2114 4825 2258 4879 vitur
2306 4825 2357 4878 in
2401 4824 2598 4891 ferias,
2631 4827 2755 4882 inde
2784 4829 2845 4883 fit
2881 4839 2940 4883 ut
2985 4830 3075 4899 qui
3100 4839 3321 4901 propter
3354 4835 3711 4889 resurrectio-

2114 4932 2237 4970 nem
2275 4916 2649 4987 Redemptoris
2698 4921 2868 4974 nostri
2911 4920 3247 4977 Dominicum
3295 4924 3437 4979 diem
3486 4924 3710 4981 Pascha:

2114 5012 2322 5066 initium
2349 5025 2566 5067 servare
2585 5014 2867 5082 docemur,
2902 5014 3188 5085 aliquoties
3217 5025 3401 5071 nostra
3436 5017 3708 5076 festivitas

2114 5104 2342 5173 septimo
2386 5114 2506 5174 post
2554 5105 2801 5176 legalium
2831 5106 3159 5177 Azymorum
3212 5109 3493 5163 exordium
3528 5122 3707 5166 sumat

2112 5196 2437 5266 ingressum,
2464 5211 2850 5266 nonnunquam
2884 5204 3065 5251 tamen
3091 5199 3398 5270 contingat,
3431 5208 3491 5255 ut
3520 5211 3707 5258 nostra

2113 5287 2426 5343 solemnitas
2477 5289 2743 5358 paschalis
2792 5288 3025 5359 aliquem
3056 5288 3304 5361 legalium
3348 5293 3569 5362 pascha:
3596 5295 3708 5349 die-

2114 5398 2254 5448 rum,
2273 5396 2414 5451 smpe
2428 5390 2606 5435 autem
2625 5396 2814 5437 omnes
2845 5383 2984 5437 intra
3001 5398 3057 5438 se
3070 5383 3482 5453 complectatur.
3506 5384 3683 5441 Notan

2112 5474 2238 5530 dum
2272 5485 2449 5530 tamen
2482 5475 2624 5545 quod
2666 5476 2807 5530 inter
2857 5477 3057 5546 pascha
3105 5485 3160 5531 et
3187 5492 3377 5547 azyma
3422 5478 3561 5549 legis
3604 5479 3705 5533 hoc

2114 5569 2298 5633 distat,
2325 5567 2469 5638 quod
2491 5566 2581 5622 illa
2618 5583 2725 5621 una
2760 5566 2875 5623 dies
2902 5583 3008 5637 qua
3039 5584 3233 5640 agnum
3274 5570 3447 5625 occidi
3486 5585 3706 5625 necesse

2114 5668 2250 5722 erat,
2268 5668 2323 5712 et
2336 5669 2490 5713 nocte
2518 5658 2763 5727 sequenti
2788 5658 3057 5713 transiens
3068 5658 3326 5713 Dominus
3344 5660 3703 5729 primogenita

2114 5751 2489 5822 Egyptiorum
2506 5749 2791 5821 percussit,
2819 5748 3055 5805 liberans
3076 5750 3267 5805 domus
3284 5747 3520 5804 ﬁliorum
3539 5747 3703 5804 Israel

2115 5849 2351 5918 signatas
2376 5846 2497 5913 agni
2514 5844 2769 5915 sanguine
2790 5841 2986 5913 (Exod.
3012 5844 3136 5914 xu),
3155 5843 3357 5913 pascha
3397 5841 3700 5911 dicebatur,
