  <div class='ocr_page' id='page_1' title='image "/cluster/home/n/w/nwhite01/storage/ocr_20150623/107/hvd.32044015466832/182.png"; bbox 0 0 3970 6460; ppageno 0'>
   <div class='ocr_carea' id='block_1_1' title="bbox 242 450 355 506">
    <p class='ocr_par' dir='ltr' id='par_1_1' title="bbox 242 450 355 506">
     <span class='ocr_line' id='line_1_1' title="bbox 242 450 355 506; baseline 0.009 -1"><span class='ocrx_word' id='word_1_1' title='bbox 242 450 355 506; x_wconf 77' lang='lat'><strong>555</strong></span> 
     </span>
    </p>
   </div>
   <div class='ocr_carea' id='block_1_2' title="bbox 1044 446 2715 532">
    <p class='ocr_par' dir='ltr' id='par_1_2' title="bbox 1044 446 2715 532">
     <span class='ocr_line' id='line_1_2' title="bbox 1044 446 2715 532; baseline 0.007 -29"><span class='ocrx_word' id='word_1_2' title='bbox 1044 446 1133 503; x_wconf 87' lang='lat' dir='ltr'><strong>DE</strong></span> <span class='ocrx_word' id='word_1_3' title='bbox 1170 447 1615 532; x_wconf 81' lang='lat' dir='ltr'><strong>CLERICORUM</strong></span> <span class='ocrx_word' id='word_1_4' title='bbox 1654 449 2159 523; x_wconf 83' lang='lat' dir='ltr'><strong>INSTITUTIONE,</strong></span> <span class='ocrx_word' id='word_1_5' title='bbox 2197 456 2351 514; x_wconf 88' lang='lat' dir='ltr'><strong>ETC.</strong></span> <span class='ocrx_word' id='word_1_6' title='bbox 2382 488 2452 500; x_wconf 92' lang='lat'><strong><em>—</em></strong></span> <span class='ocrx_word' id='word_1_7' title='bbox 2485 457 2611 514; x_wconf 82' lang='lat' dir='ltr'><strong>LIB.</strong></span> <span class='ocrx_word' id='word_1_8' title='bbox 2652 457 2715 515; x_wconf 85' lang='lat' dir='ltr'><strong>ll.</strong></span> 
     </span>
    </p>
   </div>
   <div class='ocr_carea' id='block_1_3' title="bbox 3407 468 3515 524">
    <p class='ocr_par' dir='ltr' id='par_1_3' title="bbox 3407 468 3515 524">
     <span class='ocr_line' id='line_1_3' title="bbox 3407 468 3515 524; baseline 0 0"><span class='ocrx_word' id='word_1_9' title='bbox 3407 468 3515 524; x_wconf 73' lang='grc'><strong>554</strong></span> 
     </span>
    </p>
   </div>
   <div class='ocr_carea' id='block_1_4' title="bbox 239 557 3526 646">
    <p class='ocr_par' dir='ltr' id='par_1_4' title="bbox 239 557 3526 646">
     <span class='ocr_line' id='line_1_4' title="bbox 239 557 3526 646; baseline 0.006 -30"><span class='ocrx_word' id='word_1_10' title='bbox 239 568 533 633; x_wconf 85' lang='lat' dir='ltr'><strong>sequentes</strong></span> <span class='ocrx_word' id='word_1_11' title='bbox 559 573 691 616; x_wconf 87' lang='lat' dir='ltr'><strong>vero</strong></span> <span class='ocrx_word' id='word_1_12' title='bbox 715 557 830 616; x_wconf 85' lang='lat' dir='ltr'><strong>dies</strong></span> <span class='ocrx_word' id='word_1_13' title='bbox 854 566 1080 631; x_wconf 78' lang='lat' dir='ltr'><strong>septem,</strong></span> <span class='ocrx_word' id='word_1_14' title='bbox 1108 562 1163 618; x_wconf 88' lang='lat' dir='ltr'><strong>id</strong></span> <span class='ocrx_word' id='word_1_15' title='bbox 1190 572 1306 628; x_wconf 89' lang='lat' dir='ltr'><strong>est,</strong></span> <span class='ocrx_word' id='word_1_16' title='bbox 1338 579 1370 617; x_wconf 91' lang='lat' dir='ltr'><strong>a</strong></span> <span class='ocrx_word' id='word_1_17' title='bbox 1418 564 1625 619; x_wconf 91' lang='lat' dir='ltr'><strong>decimo</strong></span> <span class='ocrx_word' id='word_1_18' title='bbox 1644 563 1832 634; x_wconf 90' lang='lat' dir='ltr'><strong>quinto</strong></span> <span class='ocrx_word' id='word_1_19' title='bbox 1858 566 1913 627; x_wconf 79' lang='grc' dir='ltr'><strong>Α</strong></span> <span class='ocrx_word' id='word_1_20' title='bbox 1934 567 2272 638; x_wconf 86' lang='lat' dir='ltr'><strong>complantati</strong></span> <span class='ocrx_word' id='word_1_21' title='bbox 2300 570 2427 641; x_wconf 79' lang='lat' dir='ltr'><strong>facti</strong></span> <span class='ocrx_word' id='word_1_22' title='bbox 2452 588 2632 626; x_wconf 86' lang='lat' dir='ltr'><strong>sumus</strong></span> <span class='ocrx_word' id='word_1_23' title='bbox 2657 570 2985 628; x_wconf 73' lang='lat' dir='ltr'><strong>similitudini</strong></span> <span class='ocrx_word' id='word_1_24' title='bbox 3015 576 3197 631; x_wconf 82' lang='lat' dir='ltr'><strong>mortis</strong></span> <span class='ocrx_word' id='word_1_25' title='bbox 3217 578 3526 646; x_wconf 81' lang='lat' dir='ltr'><strong>eius,simut</strong></span> 
     </span>
    </p>
   </div>
   <div class='ocr_carea' id='block_1_5' title="bbox 239 652 1837 726">
    <p class='ocr_par' dir='ltr' id='par_1_5' title="bbox 239 652 1837 726">
     <span class='ocr_line' id='line_1_5' title="bbox 239 652 1837 726; baseline -0.003 -15"><span class='ocrx_word' id='word_1_26' title='bbox 239 669 416 725; x_wconf 88' lang='lat' dir='ltr'><strong>usque</strong></span> <span class='ocrx_word' id='word_1_27' title='bbox 437 653 504 708; x_wconf 91' lang='lat' dir='ltr'><strong>ad</strong></span> <span class='ocrx_word' id='word_1_28' title='bbox 531 653 844 709; x_wconf 88' lang='lat' dir='ltr'><strong>vicesimum</strong></span> <span class='ocrx_word' id='word_1_29' title='bbox 865 652 1099 723; x_wconf 88' lang='lat' dir='ltr'><strong>primum</strong></span> <span class='ocrx_word' id='word_1_30' title='bbox 1115 655 1317 710; x_wconf 87' lang='lat' dir='ltr'><strong>mensis</strong></span> <span class='ocrx_word' id='word_1_31' title='bbox 1340 655 1600 725; x_wconf 87' lang='lat' dir='ltr'><strong>ejusdem,</strong></span> <span class='ocrx_word' id='word_1_32' title='bbox 1629 670 1837 726; x_wconf 86' lang='lat' dir='ltr'><strong>azymo-</strong></span> 
     </span>
    </p>
   </div>
   <div class='ocr_carea' id='block_1_6' title="bbox 240 744 1838 817">
    <p class='ocr_par' dir='ltr' id='par_1_6' title="bbox 240 744 1838 817">
     <span class='ocr_line' id='line_1_6' title="bbox 240 744 1838 817; baseline 0.001 -15"><span class='ocrx_word' id='word_1_33' title='bbox 240 761 366 802; x_wconf 88' lang='lat' dir='ltr'><strong>rum</strong></span> <span class='ocrx_word' id='word_1_34' title='bbox 423 745 639 815; x_wconf 83' lang='lat' dir='ltr'><strong>proprie</strong></span> <span class='ocrx_word' id='word_1_35' title='bbox 695 744 1045 800; x_wconf 82' lang='lat' dir='ltr'><strong>vocabantur.</strong></span> <span class='ocrx_word' id='word_1_36' title='bbox 1092 744 1264 812; x_wconf 87' lang='lat' dir='ltr'><strong>Quem</strong></span> <span class='ocrx_word' id='word_1_37' title='bbox 1317 745 1569 817; x_wconf 83' lang='lat' dir='ltr'><strong>legalium</strong></span> <span class='ocrx_word' id='word_1_38' title='bbox 1597 762 1838 803; x_wconf 81' lang='lat' dir='ltr'><strong>&#39;morem</strong></span> 
     </span>
    </p>
   </div>
   <div class='ocr_carea' id='block_1_7' title="bbox 242 834 1838 907">
    <p class='ocr_par' dir='ltr' id='par_1_7' title="bbox 242 834 1838 907">
     <span class='ocr_line' id='line_1_7' title="bbox 242 834 1838 907; baseline 0.002 -16"><span class='ocrx_word' id='word_1_39' title='bbox 242 837 489 892; x_wconf 84' lang='lat' dir='ltr'><strong>Ecclesia</strong></span> <span class='ocrx_word' id='word_1_40' title='bbox 508 836 626 889; x_wconf 90' lang='lat' dir='ltr'><strong>non</strong></span> <span class='ocrx_word' id='word_1_41' title='bbox 664 834 971 907; x_wconf 73' lang='lat' dir='ltr'><strong>ignobiliter</strong></span> <span class='ocrx_word' id='word_1_42' title='bbox 1006 835 1169 889; x_wconf 90' lang='lat' dir='ltr'><strong>etiam</strong></span> <span class='ocrx_word' id='word_1_43' title='bbox 1212 837 1473 903; x_wconf 76' lang='lat' dir='ltr'><strong>imitatur,</strong></span> <span class='ocrx_word' id='word_1_44' title='bbox 1501 854 1662 892; x_wconf 92' lang='lat' dir='ltr'><strong>unam</strong></span> <span class='ocrx_word' id='word_1_45' title='bbox 1692 839 1838 894; x_wconf 85' lang='lat' dir='ltr'><strong>vide-</strong></span> 
     </span>
    </p>
   </div>
   <div class='ocr_carea' id='block_1_8' title="bbox 242 927 1837 987">
    <p class='ocr_par' dir='ltr' id='par_1_8' title="bbox 242 927 1837 987">
     <span class='ocr_line' id='line_1_8' title="bbox 242 927 1837 987; baseline 0.003 -4"><span class='ocrx_word' id='word_1_46' title='bbox 242 930 371 984; x_wconf 91' lang='lat' dir='ltr'><strong>licet</strong></span> <span class='ocrx_word' id='word_1_47' title='bbox 418 937 631 983; x_wconf 88' lang='lat' dir='ltr'><strong>noctem</strong></span> <span class='ocrx_word' id='word_1_48' title='bbox 684 928 949 983; x_wconf 80' lang='lat' dir='ltr'><strong>transitus</strong></span> <span class='ocrx_word' id='word_1_49' title='bbox 1008 927 1302 985; x_wconf 65' lang='lat' dir='ltr'><strong>Dominicze</strong></span> <span class='ocrx_word' id='word_1_50' title='bbox 1345 933 1761 987; x_wconf 90' lang='lat' dir='ltr'><strong>resurrectionis</strong></span> <span class='ocrx_word' id='word_1_51' title='bbox 1806 948 1837 987; x_wconf 90' lang='lat' dir='ltr'><strong>a</strong></span> 
     </span>
    </p>
   </div>
   <div class='ocr_carea' id='block_1_9' title="bbox 241 1019 1835 1091">
    <p class='ocr_par' dir='ltr' id='par_1_9' title="bbox 241 1019 1835 1091">
     <span class='ocr_line' id='line_1_9' title="bbox 241 1019 1835 1091; baseline 0.001 -16"><span class='ocrx_word' id='word_1_52' title='bbox 241 1020 510 1084; x_wconf 86' lang='lat' dir='ltr'><strong>mortuis,</strong></span> <span class='ocrx_word' id='word_1_53' title='bbox 552 1034 691 1089; x_wconf 92' lang='lat' dir='ltr'><strong>qua,</strong></span> <span class='ocrx_word' id='word_1_54' title='bbox 731 1019 922 1089; x_wconf 91' lang='lat' dir='ltr'><strong>impios</strong></span> <span class='ocrx_word' id='word_1_55' title='bbox 970 1020 1368 1091; x_wconf 87' lang='lat' dir='ltr'><strong>triumphando,</strong></span> <span class='ocrx_word' id='word_1_56' title='bbox 1401 1021 1585 1077; x_wconf 84' lang='lat' dir='ltr'><strong>fideles</strong></span> <span class='ocrx_word' id='word_1_57' title='bbox 1628 1023 1835 1077; x_wconf 83' lang='lat' dir='ltr'><strong>salvare</strong></span> 
     </span>
    </p>
   </div>
   <div class='ocr_carea' id='block_1_10' title="bbox 244 1109 1837 1182">
    <p class='ocr_par' dir='ltr' id='par_1_10' title="bbox 244 1109 1837 1182">
     <span class='ocr_line' id='line_1_10' title="bbox 244 1109 1837 1182; baseline 0.002 -17"><span class='ocrx_word' id='word_1_58' title='bbox 244 1111 497 1182; x_wconf 86' lang='lat' dir='ltr'><strong>dignatus</strong></span> <span class='ocrx_word' id='word_1_59' title='bbox 521 1117 620 1173; x_wconf 90' lang='lat' dir='ltr'><strong>est,</strong></span> <span class='ocrx_word' id='word_1_60' title='bbox 653 1109 1024 1179; x_wconf 84' lang='lat' dir='ltr'><strong>principaliter</strong></span> <span class='ocrx_word' id='word_1_61' title='bbox 1052 1111 1365 1175; x_wconf 85' lang='lat' dir='ltr'><strong>observans,</strong></span> <span class='ocrx_word' id='word_1_62' title='bbox 1404 1127 1468 1165; x_wconf 90' lang='lat' dir='ltr'><strong>ac</strong></span> <span class='ocrx_word' id='word_1_63' title='bbox 1493 1112 1683 1167; x_wconf 88' lang='lat' dir='ltr'><strong>deinde</strong></span> <span class='ocrx_word' id='word_1_64' title='bbox 1704 1111 1837 1167; x_wconf 88' lang='lat' dir='ltr'><strong>alios</strong></span> 
     </span>
    </p>
   </div>
   <div class='ocr_carea' id='block_1_11' title="bbox 242 1200 1836 1272">
    <p class='ocr_par' dir='ltr' id='par_1_11' title="bbox 242 1200 1836 1272">
     <span class='ocr_line' id='line_1_11' title="bbox 242 1200 1836 1272; baseline 0.002 -17"><span class='ocrx_word' id='word_1_65' title='bbox 242 1210 451 1272; x_wconf 84' lang='lat' dir='ltr'><strong>septem</strong></span> <span class='ocrx_word' id='word_1_66' title='bbox 481 1200 595 1255; x_wconf 91' lang='lat' dir='ltr'><strong>dies</strong></span> <span class='ocrx_word' id='word_1_67' title='bbox 624 1200 676 1253; x_wconf 94' lang='lat' dir='ltr'><strong>in</strong></span> <span class='ocrx_word' id='word_1_68' title='bbox 706 1200 1021 1255; x_wconf 89' lang='lat' dir='ltr'><strong>memoriam</strong></span> <span class='ocrx_word' id='word_1_69' title='bbox 1065 1200 1305 1269; x_wconf 89' lang='lat' dir='ltr'><strong>ejusdem</strong></span> <span class='ocrx_word' id='word_1_70' title='bbox 1350 1202 1630 1259; x_wconf 55' lang='lat' dir='ltr'><strong>dominicae</strong></span> <span class='ocrx_word' id='word_1_71' title='bbox 1660 1219 1836 1258; x_wconf 86' lang='lat' dir='ltr'><strong>resur-</strong></span> 
     </span>
    </p>
   </div>
   <div class='ocr_carea' id='block_1_12' title="bbox 241 1289 1836 1365">
    <p class='ocr_par' dir='ltr' id='par_1_12' title="bbox 241 1289 1836 1365">
     <span class='ocr_line' id='line_1_12' title="bbox 241 1289 1836 1365; baseline 0.003 -20"><span class='ocrx_word' id='word_1_72' title='bbox 241 1291 498 1345; x_wconf 84' lang='lat' dir='ltr'><strong>rectionis</strong></span> <span class='ocrx_word' id='word_1_73' title='bbox 524 1306 760 1361; x_wconf 89' lang='lat' dir='ltr'><strong>congrua</strong></span> <span class='ocrx_word' id='word_1_74' title='bbox 783 1289 1073 1346; x_wconf 81' lang='lat' dir='ltr'><strong>festivitate</strong></span> <span class='ocrx_word' id='word_1_75' title='bbox 1115 1292 1442 1364; x_wconf 88' lang='lat' dir='ltr'><strong>subjungens</strong></span> <span class='ocrx_word' id='word_1_76' title='bbox 1470 1310 1605 1364; x_wconf 90' lang='lat' dir='ltr'><strong>quos</strong></span> <span class='ocrx_word' id='word_1_77' title='bbox 1630 1305 1836 1365; x_wconf 86' lang='lat' dir='ltr'><strong>septem</strong></span> 
     </span>
    </p>
   </div>
   <div class='ocr_carea' id='block_1_13' title="bbox 241 1380 1835 1455">
    <p class='ocr_par' dir='ltr' id='par_1_13' title="bbox 241 1380 1835 1455">
     <span class='ocr_line' id='line_1_13' title="bbox 241 1380 1835 1455; baseline 0.003 -18"><span class='ocrx_word' id='word_1_78' title='bbox 241 1381 361 1437; x_wconf 88' lang='lat' dir='ltr'><strong>dies</strong></span> <span class='ocrx_word' id='word_1_79' title='bbox 379 1380 542 1436; x_wconf 86' lang='lat' dir='ltr'><strong>Albas</strong></span> <span class='ocrx_word' id='word_1_80' title='bbox 561 1382 883 1448; x_wconf 78' lang='lat' dir='ltr'><strong>vocitamus,</strong></span> <span class='ocrx_word' id='word_1_81' title='bbox 913 1391 1135 1452; x_wconf 87' lang='lat' dir='ltr'><strong>propter</strong></span> <span class='ocrx_word' id='word_1_82' title='bbox 1163 1400 1257 1439; x_wconf 90' lang='lat' dir='ltr'><strong>eos</strong></span> <span class='ocrx_word' id='word_1_83' title='bbox 1279 1386 1371 1455; x_wconf 89' lang='lat' dir='ltr'><strong>qui</strong></span> <span class='ocrx_word' id='word_1_84' title='bbox 1394 1387 1451 1440; x_wconf 90' lang='lat' dir='ltr'><strong>in</strong></span> <span class='ocrx_word' id='word_1_85' title='bbox 1471 1398 1657 1441; x_wconf 89' lang='lat' dir='ltr'><strong>sancta</strong></span> <span class='ocrx_word' id='word_1_86' title='bbox 1679 1396 1835 1443; x_wconf 90' lang='lat' dir='ltr'><strong>nocte</strong></span> 
     </span>
    </p>
   </div>
   <div class='ocr_carea' id='block_1_14' title="bbox 240 1476 1833 1546">
    <p class='ocr_par' dir='ltr' id='par_1_14' title="bbox 240 1476 1833 1546">
     <span class='ocr_line' id='line_1_14' title="bbox 240 1476 1833 1546; baseline 0.004 -15"><span class='ocrx_word' id='word_1_87' title='bbox 240 1476 520 1546; x_wconf 87' lang='lat' dir='ltr'><strong>baptizati,</strong></span> <span class='ocrx_word' id='word_1_88' title='bbox 553 1476 690 1531; x_wconf 75' lang='lat' dir='ltr'><strong>albis</strong></span> <span class='ocrx_word' id='word_1_89' title='bbox 716 1492 814 1546; x_wconf 88' lang='lat' dir='ltr'><strong>per</strong></span> <span class='ocrx_word' id='word_1_90' title='bbox 850 1485 1017 1531; x_wconf 90' lang='lat' dir='ltr'><strong>totam</strong></span> <span class='ocrx_word' id='word_1_91' title='bbox 1052 1478 1445 1535; x_wconf 86' lang='lat' dir='ltr'><strong>hebdomadam</strong></span> <span class='ocrx_word' id='word_1_92' title='bbox 1486 1490 1711 1536; x_wconf 89' lang='lat' dir='ltr'><strong>utuntur</strong></span> <span class='ocrx_word' id='word_1_93' title='bbox 1739 1498 1833 1538; x_wconf 85' lang='lat' dir='ltr'><strong>ve—</strong></span> 
     </span>
    </p>
   </div>
   <div class='ocr_carea' id='block_1_15' title="bbox 241 1567 1836 1645">
    <p class='ocr_par' dir='ltr' id='par_1_15' title="bbox 241 1567 1836 1645">
     <span class='ocr_line' id='line_1_15' title="bbox 241 1567 1836 1645; baseline 0.006 -24"><span class='ocrx_word' id='word_1_94' title='bbox 241 1567 448 1633; x_wconf 91' lang='lat' dir='ltr'><strong>stibus;</strong></span> <span class='ocrx_word' id='word_1_95' title='bbox 480 1574 533 1621; x_wconf 90' lang='lat' dir='ltr'><strong>et</strong></span> <span class='ocrx_word' id='word_1_96' title='bbox 559 1577 686 1623; x_wconf 92' lang='lat' dir='ltr'><strong>tunc</strong></span> <span class='ocrx_word' id='word_1_97' title='bbox 706 1569 939 1622; x_wconf 80' lang='lat' dir='ltr'><strong>maxime</strong></span> <span class='ocrx_word' id='word_1_98' title='bbox 967 1570 1091 1624; x_wconf 90' lang='lat' dir='ltr'><strong>dum</strong></span> <span class='ocrx_word' id='word_1_99' title='bbox 1121 1569 1238 1625; x_wconf 90' lang='lat' dir='ltr'><strong>alba</strong></span> <span class='ocrx_word' id='word_1_100' title='bbox 1264 1572 1523 1628; x_wconf 91' lang='lat' dir='ltr'><strong>tolluntur</strong></span> <span class='ocrx_word' id='word_1_101' title='bbox 1542 1590 1572 1627; x_wconf 91' lang='lat' dir='ltr'><strong>a</strong></span> <span class='ocrx_word' id='word_1_102' title='bbox 1598 1576 1836 1645; x_wconf 89' lang='lat' dir='ltr'><strong>baptiza-</strong></span> 
     </span>
    </p>
   </div>
   <div class='ocr_carea' id='block_1_16' title="bbox 242 1660 1836 1735">
    <p class='ocr_par' dir='ltr' id='par_1_16' title="bbox 242 1660 1836 1735">
     <span class='ocr_line' id='line_1_16' title="bbox 242 1660 1836 1735; baseline 0.005 -22"><span class='ocrx_word' id='word_1_103' title='bbox 242 1660 314 1713; x_wconf 87' lang='lat' dir='ltr'><strong>tis</strong></span> <span class='ocrx_word' id='word_1_104' title='bbox 361 1661 703 1727; x_wconf 82' lang='lat' dir='ltr'><strong>vestimenta,</strong></span> <span class='ocrx_word' id='word_1_105' title='bbox 728 1676 827 1731; x_wconf 87' lang='lat' dir='ltr'><strong>per</strong></span> <span class='ocrx_word' id='word_1_106' title='bbox 853 1676 1048 1716; x_wconf 89' lang='lat' dir='ltr'><strong>manus</strong></span> <span class='ocrx_word' id='word_1_107' title='bbox 1088 1663 1484 1732; x_wconf 89' lang='lat' dir='ltr'><strong>impositionem</strong></span> <span class='ocrx_word' id='word_1_108' title='bbox 1513 1681 1545 1719; x_wconf 89' lang='lat' dir='ltr'><strong>a</strong></span> <span class='ocrx_word' id='word_1_109' title='bbox 1582 1667 1836 1735; x_wconf 84' lang='lat' dir='ltr'><strong>pontifice</strong></span> 
     </span>
    </p>
   </div>
   <div class='ocr_carea' id='block_1_17' title="bbox 241 1755 1837 1835">
    <p class='ocr_par' dir='ltr' id='par_1_17' title="bbox 241 1755 1837 1835">
     <span class='ocr_line' id='line_1_17' title="bbox 241 1755 1837 1835; baseline 0.007 -27"><span class='ocrx_word' id='word_1_110' title='bbox 241 1755 502 1825; x_wconf 89' lang='lat' dir='ltr'><strong>Spiritum</strong></span> <span class='ocrx_word' id='word_1_111' title='bbox 548 1766 793 1813; x_wconf 91' lang='lat' dir='ltr'><strong>sanctum</strong></span> <span class='ocrx_word' id='word_1_112' title='bbox 845 1760 1090 1828; x_wconf 90' lang='lat' dir='ltr'><strong>accipere</strong></span> <span class='ocrx_word' id='word_1_113' title='bbox 1135 1762 1460 1817; x_wconf 86' lang='lat' dir='ltr'><strong>conveniens</strong></span> <span class='ocrx_word' id='word_1_114' title='bbox 1507 1771 1617 1829; x_wconf 92' lang='lat' dir='ltr'><strong>est,</strong></span> <span class='ocrx_word' id='word_1_115' title='bbox 1651 1765 1742 1835; x_wconf 91' lang='lat' dir='ltr'><strong>qui</strong></span> <span class='ocrx_word' id='word_1_116' title='bbox 1772 1765 1837 1819; x_wconf 80' lang='lat' dir='ltr'><strong>in’</strong></span> 
     </span>
    </p>
   </div>
   <div class='ocr_carea' id='block_1_18' title="bbox 238 1846 1835 1924">
    <p class='ocr_par' dir='ltr' id='par_1_18' title="bbox 238 1846 1835 1924">
     <span class='ocr_line' id='line_1_18' title="bbox 238 1846 1835 1924; baseline 0.006 -22"><span class='ocrx_word' id='word_1_117' title='bbox 238 1846 509 1917; x_wconf 86' lang='lat' dir='ltr'><strong>baptismo</strong></span> <span class='ocrx_word' id='word_1_118' title='bbox 552 1850 791 1905; x_wconf 90' lang='lat' dir='ltr'><strong>omnium</strong></span> <span class='ocrx_word' id='word_1_119' title='bbox 832 1859 1150 1920; x_wconf 89' lang='lat' dir='ltr'><strong>receperunt</strong></span> <span class='ocrx_word' id='word_1_120' title='bbox 1182 1852 1557 1909; x_wconf 89' lang='lat' dir='ltr'><strong>remissionem</strong></span> <span class='ocrx_word' id='word_1_121' title='bbox 1593 1864 1835 1924; x_wconf 87' lang='lat' dir='ltr'><strong>peccato-</strong></span> 
     </span>
    </p>
   </div>
   <div class='ocr_carea' id='block_1_19' title="bbox 1941 664 2942 740">
    <p class='ocr_par' dir='ltr' id='par_1_19' title="bbox 1941 664 2942 740">
     <span class='ocr_line' id='line_1_19' title="bbox 1941 664 2942 740; baseline 0.01 -28"><span class='ocrx_word' id='word_1_122' title='bbox 1941 667 1989 712; x_wconf 88' lang='lat' dir='ltr'><strong>et</strong></span> <span class='ocrx_word' id='word_1_123' title='bbox 2014 664 2404 719; x_wconf 74' lang='lat' dir='ltr'><strong>resurrectionis</strong></span> <span class='ocrx_word' id='word_1_124' title='bbox 2424 666 2616 720; x_wconf 77' lang='lat' dir='ltr'><strong>erimus</strong></span> <span class='ocrx_word' id='word_1_125' title='bbox 2644 664 2821 736; x_wconf 88' lang='lat' dir='ltr'><strong>(Rom.</strong></span> <span class='ocrx_word' id='word_1_126' title='bbox 2846 666 2942 740; x_wconf 82' lang='lat' dir='ltr'><strong>vi).</strong></span> 
     </span>
    </p>
   </div>
   <div class='ocr_carea' id='block_1_20' title="bbox 2465 757 2996 817">
    <p class='ocr_par' dir='ltr' id='par_1_20' title="bbox 2465 757 2996 817">
     <span class='ocr_line' id='line_1_20' title="bbox 2465 757 2996 817; baseline 0.006 -3"><span class='ocrx_word' id='word_1_127' title='bbox 2465 757 2765 816; x_wconf 86' lang='lat' dir='ltr'><strong>CAPUT</strong></span> <span class='ocrx_word' id='word_1_128' title='bbox 2823 759 2996 817; x_wconf 79' lang='lat' dir='ltr'><strong>XLI.</strong></span> 
     </span>
    </p>
   </div>
   <div class='ocr_carea' id='block_1_21' title="bbox 2509 847 2940 905">
    <p class='ocr_par' dir='ltr' id='par_1_21' title="bbox 2509 847 2940 905">
     <span class='ocr_line' id='line_1_21' title="bbox 2509 847 2940 905; baseline 0.009 -4"><span class='ocrx_word' id='word_1_129' title='bbox 2509 848 2589 902; x_wconf 88' lang='lat' dir='ltr'><strong>De</strong></span> <span class='ocrx_word' id='word_1_130' title='bbox 2618 847 2940 905; x_wconf 82' lang='lat' dir='ltr'><strong>Pentecoste.</strong></span> 
     </span>
    </p>
   </div>
   <div class='ocr_carea' id='block_1_22' title="bbox 2008 933 3531 1014">
    <p class='ocr_par' dir='ltr' id='par_1_22' title="bbox 2008 933 3531 1014">
     <span class='ocr_line' id='line_1_22' title="bbox 2008 933 3531 1014; baseline 0.011 -26"><span class='ocrx_word' id='word_1_131' title='bbox 2008 933 2225 990; x_wconf 87' lang='lat' dir='ltr'><strong>Initium</strong></span> <span class='ocrx_word' id='word_1_132' title='bbox 2267 952 2397 992; x_wconf 90' lang='lat' dir='ltr'><strong>sane</strong></span> <span class='ocrx_word' id='word_1_133' title='bbox 2424 945 2479 991; x_wconf 90' lang='lat' dir='ltr'><strong>et</strong></span> <span class='ocrx_word' id='word_1_134' title='bbox 2520 953 2681 994; x_wconf 89' lang='lat' dir='ltr'><strong>causa</strong></span> <span class='ocrx_word' id='word_1_135' title='bbox 2720 938 3034 997; x_wconf 81' lang='lat' dir='ltr'><strong>festivitatis</strong></span> <span class='ocrx_word' id='word_1_136' title='bbox 3071 943 3442 1014; x_wconf 90' lang='lat' dir='ltr'><strong>Pentecostes,</strong></span> <span class='ocrx_word' id='word_1_137' title='bbox 3474 947 3531 1004; x_wconf 89' lang='lat' dir='ltr'><strong>id</strong></span> 
     </span>
    </p>
   </div>
   <div class='ocr_carea' id='block_1_23' title="bbox 1938 1025 3532 1102">
    <p class='ocr_par' dir='ltr' id='par_1_23' title="bbox 1938 1025 3532 1102">
     <span class='ocr_line' id='line_1_23' title="bbox 1938 1025 3532 1102; baseline 0.008 -22"><span class='ocrx_word' id='word_1_138' title='bbox 1938 1032 2040 1091; x_wconf 91' lang='lat' dir='ltr'><strong>est,</strong></span> <span class='ocrx_word' id='word_1_139' title='bbox 2073 1025 2549 1098; x_wconf 80' lang='lat' dir='ltr'><strong>quinquagesimae,</strong></span> <span class='ocrx_word' id='word_1_140' title='bbox 2579 1029 2737 1098; x_wconf 90' lang='lat' dir='ltr'><strong>paulo</strong></span> <span class='ocrx_word' id='word_1_141' title='bbox 2763 1029 2923 1086; x_wconf 87' lang='lat' dir='ltr'><strong>altius</strong></span> <span class='ocrx_word' id='word_1_142' title='bbox 2946 1035 3234 1102; x_wconf 90' lang='lat' dir='ltr'><strong>repetenda</strong></span> <span class='ocrx_word' id='word_1_143' title='bbox 3263 1045 3365 1091; x_wconf 90' lang='lat' dir='ltr'><strong>est.</strong></span> <span class='ocrx_word' id='word_1_144' title='bbox 3391 1037 3532 1093; x_wconf 88' lang='lat' dir='ltr'><strong>Pen-</strong></span> 
     </span>
    </p>
   </div>
   <div class='ocr_carea' id='block_1_24' title="bbox 1938 1117 3529 1196">
    <p class='ocr_par' dir='ltr' id='par_1_24' title="bbox 1938 1117 3529 1196">
     <span class='ocr_line' id='line_1_24' title="bbox 1938 1117 3529 1196; baseline 0.01 -27"><span class='ocrx_word' id='word_1_145' title='bbox 1938 1122 2172 1171; x_wconf 86' lang='lat' dir='ltr'><strong>tecostes</strong></span> <span class='ocrx_word' id='word_1_146' title='bbox 2198 1117 2341 1172; x_wconf 90' lang='lat' dir='ltr'><strong>enim</strong></span> <span class='ocrx_word' id='word_1_147' title='bbox 2370 1118 2485 1173; x_wconf 92' lang='lat' dir='ltr'><strong>dies</strong></span> <span class='ocrx_word' id='word_1_148' title='bbox 2512 1119 2637 1174; x_wconf 87' lang='lat' dir='ltr'><strong>hinc</strong></span> <span class='ocrx_word' id='word_1_149' title='bbox 2667 1122 2809 1192; x_wconf 88' lang='lat' dir='ltr'><strong>cepit</strong></span> <span class='ocrx_word' id='word_1_150' title='bbox 2834 1124 3135 1192; x_wconf 81' lang='lat' dir='ltr'><strong>exordium,</strong></span> <span class='ocrx_word' id='word_1_151' title='bbox 3167 1129 3382 1196; x_wconf 91' lang='lat' dir='ltr'><strong>quando</strong></span> <span class='ocrx_word' id='word_1_152' title='bbox 3430 1130 3529 1185; x_wconf 91' lang='lat' dir='ltr'><strong>Dei</strong></span> 
     </span>
    </p>
   </div>
   <div class='ocr_carea' id='block_1_25' title="bbox 1937 1206 3533 1286">
    <p class='ocr_par' dir='ltr' id='par_1_25' title="bbox 1937 1206 3533 1286">
     <span class='ocr_line' id='line_1_25' title="bbox 1937 1206 3533 1286; baseline 0.011 -27"><span class='ocrx_word' id='word_1_153' title='bbox 1937 1221 2041 1261; x_wconf 89' lang='lat' dir='ltr'><strong>vox</strong></span> <span class='ocrx_word' id='word_1_154' title='bbox 2074 1207 2128 1261; x_wconf 94' lang='lat' dir='ltr'><strong>in</strong></span> <span class='ocrx_word' id='word_1_155' title='bbox 2159 1206 2291 1262; x_wconf 91' lang='lat' dir='ltr'><strong>Sina</strong></span> <span class='ocrx_word' id='word_1_156' title='bbox 2335 1217 2519 1264; x_wconf 90' lang='lat' dir='ltr'><strong>monte</strong></span> <span class='ocrx_word' id='word_1_157' title='bbox 2562 1210 2791 1281; x_wconf 86' lang='lat' dir='ltr'><strong>desuper</strong></span> <span class='ocrx_word' id='word_1_158' title='bbox 2820 1212 3071 1271; x_wconf 90' lang='lat' dir='ltr'><strong>intonans</strong></span> <span class='ocrx_word' id='word_1_159' title='bbox 3119 1218 3301 1273; x_wconf 90' lang='lat' dir='ltr'><strong>audita</strong></span> <span class='ocrx_word' id='word_1_160' title='bbox 3343 1229 3445 1286; x_wconf 90' lang='lat' dir='ltr'><strong>est,</strong></span> <span class='ocrx_word' id='word_1_161' title='bbox 3478 1231 3533 1277; x_wconf 88' lang='lat' dir='ltr'><strong>et</strong></span> 
     </span>
    </p>
   </div>
   <div class='ocr_carea' id='block_1_26' title="bbox 1938 1293 3531 1368">
    <p class='ocr_par' dir='ltr' id='par_1_26' title="bbox 1938 1293 3531 1368">
     <span class='ocr_line' id='line_1_26' title="bbox 1938 1293 3531 1368; baseline 0.011 -21"><span class='ocrx_word' id='word_1_162' title='bbox 1938 1293 2030 1359; x_wconf 41' lang='lat' dir='ltr'><strong>lex,</strong></span> <span class='ocrx_word' id='word_1_163' title='bbox 2046 1295 2169 1349; x_wconf 87' lang='lat' dir='ltr'><strong>data</strong></span> <span class='ocrx_word' id='word_1_164' title='bbox 2192 1304 2276 1351; x_wconf 90' lang='lat' dir='ltr'><strong>est</strong></span> <span class='ocrx_word' id='word_1_165' title='bbox 2298 1296 2486 1368; x_wconf 86' lang='lat' dir='ltr'><strong>Moysi.</strong></span> <span class='ocrx_word' id='word_1_166' title='bbox 2514 1298 2571 1353; x_wconf 91' lang='lat' dir='ltr'><strong>In</strong></span> <span class='ocrx_word' id='word_1_167' title='bbox 2592 1298 2742 1355; x_wconf 88' lang='lat' dir='ltr'><strong>Novo</strong></span> <span class='ocrx_word' id='word_1_168' title='bbox 2767 1309 2946 1357; x_wconf 90' lang='lat' dir='ltr'><strong>autem</strong></span> <span class='ocrx_word' id='word_1_169' title='bbox 2968 1305 3317 1362; x_wconf 90' lang='lat' dir='ltr'><strong>Testamento</strong></span> <span class='ocrx_word' id='word_1_170' title='bbox 3340 1309 3531 1363; x_wconf 89' lang='lat' dir='ltr'><strong>Pente-</strong></span> 
     </span>
    </p>
   </div>
   <div class='ocr_carea' id='block_1_27' title="bbox 1936 1389 3532 1471">
    <p class='ocr_par' dir='ltr' id='par_1_27' title="bbox 1936 1389 3532 1471">
     <span class='ocr_line' id='line_1_27' title="bbox 1936 1389 3532 1471; baseline 0.009 -30"><span class='ocrx_word' id='word_1_171' title='bbox 1936 1395 2114 1441; x_wconf 86' lang='lat' dir='ltr'><strong>costes</strong></span> <span class='ocrx_word' id='word_1_172' title='bbox 2143 1389 2324 1457; x_wconf 70' lang='lat' dir='ltr'><strong>coepit,</strong></span> <span class='ocrx_word' id='word_1_173' title='bbox 2358 1392 2571 1459; x_wconf 84' lang='lat' dir='ltr'><strong>quando</strong></span> <span class='ocrx_word' id='word_1_174' title='bbox 2597 1393 2885 1447; x_wconf 85' lang='lat' dir='ltr'><strong>adventum</strong></span> <span class='ocrx_word' id='word_1_175' title='bbox 2917 1397 3089 1451; x_wconf 90' lang='lat' dir='ltr'><strong>sancti</strong></span> <span class='ocrx_word' id='word_1_176' title='bbox 3111 1396 3342 1468; x_wconf 88' lang='lat' dir='ltr'><strong>Spiritus</strong></span> <span class='ocrx_word' id='word_1_177' title='bbox 3371 1418 3532 1471; x_wconf 87' lang='lat' dir='ltr'><strong>quem</strong></span> 
     </span>
    </p>
   </div>
   <div class='ocr_carea' id='block_1_28' title="bbox 1937 1474 3533 1554">
    <p class='ocr_par' dir='ltr' id='par_1_28' title="bbox 1937 1474 3533 1554">
     <span class='ocr_line' id='line_1_28' title="bbox 1937 1474 3533 1554; baseline 0.01 -25"><span class='ocrx_word' id='word_1_178' title='bbox 1937 1474 2185 1532; x_wconf 87' lang='lat' dir='ltr'><strong>Christus</strong></span> <span class='ocrx_word' id='word_1_179' title='bbox 2251 1480 2538 1548; x_wconf 90' lang='lat' dir='ltr'><strong>promisit,</strong></span> <span class='ocrx_word' id='word_1_180' title='bbox 2582 1482 2865 1549; x_wconf 84' lang='lat' dir='ltr'><strong>exhibuit,</strong></span> <span class='ocrx_word' id='word_1_181' title='bbox 2911 1500 3071 1554; x_wconf 89' lang='lat' dir='ltr'><strong>quem</strong></span> <span class='ocrx_word' id='word_1_182' title='bbox 3121 1488 3195 1541; x_wconf 91' lang='lat' dir='ltr'><strong>ait</strong></span> <span class='ocrx_word' id='word_1_183' title='bbox 3248 1504 3354 1543; x_wconf 90' lang='lat' dir='ltr'><strong>non</strong></span> <span class='ocrx_word' id='word_1_184' title='bbox 3411 1505 3533 1545; x_wconf 85' lang='lat' dir='ltr'><strong>esse</strong></span> 
     </span>
    </p>
   </div>
   <div class='ocr_carea' id='block_1_29' title="bbox 1935 1570 3532 1651">
    <p class='ocr_par' dir='ltr' id='par_1_29' title="bbox 1935 1570 3532 1651">
     <span class='ocr_line' id='line_1_29' title="bbox 1935 1570 3532 1651; baseline 0.01 -32"><span class='ocrx_word' id='word_1_185' title='bbox 1935 1576 2243 1634; x_wconf 89' lang='lat' dir='ltr'><strong>venturum,</strong></span> <span class='ocrx_word' id='word_1_186' title='bbox 2277 1570 2381 1625; x_wconf 89' lang='lat' dir='ltr'><strong>nisi</strong></span> <span class='ocrx_word' id='word_1_187' title='bbox 2422 1570 2537 1640; x_wconf 91' lang='lat' dir='ltr'><strong>ipse</strong></span> <span class='ocrx_word' id='word_1_188' title='bbox 2583 1574 2915 1629; x_wconf 88' lang='lat' dir='ltr'><strong>ascendisset</strong></span> <span class='ocrx_word' id='word_1_189' title='bbox 2964 1576 3018 1629; x_wconf 93' lang='lat' dir='ltr'><strong>in</strong></span> <span class='ocrx_word' id='word_1_190' title='bbox 3045 1577 3262 1633; x_wconf 73' lang='lat' dir='ltr'><strong>coelum.</strong></span> <span class='ocrx_word' id='word_1_191' title='bbox 3289 1580 3532 1651; x_wconf 88' lang='lat' dir='ltr'><strong>Denique</strong></span> 
     </span>
    </p>
   </div>
   <div class='ocr_carea' id='block_1_30' title="bbox 1938 1657 3531 1732">
    <p class='ocr_par' dir='ltr' id='par_1_30' title="bbox 1938 1657 3531 1732">
     <span class='ocr_line' id='line_1_30' title="bbox 1938 1657 3531 1732; baseline 0.008 -20"><span class='ocrx_word' id='word_1_192' title='bbox 1938 1657 2065 1712; x_wconf 91' lang='lat' dir='ltr'><strong>dum</strong></span> <span class='ocrx_word' id='word_1_193' title='bbox 2098 1666 2312 1726; x_wconf 90' lang='lat' dir='ltr'><strong>portam</strong></span> <span class='ocrx_word' id='word_1_194' title='bbox 2359 1660 2483 1715; x_wconf 70' lang='lat' dir='ltr'><strong>coeli</strong></span> <span class='ocrx_word' id='word_1_195' title='bbox 2524 1660 2771 1718; x_wconf 86' lang='lat' dir='ltr'><strong>Christus</strong></span> <span class='ocrx_word' id='word_1_196' title='bbox 2805 1663 3083 1732; x_wconf 86' lang='lat' dir='ltr'><strong>intrasset,</strong></span> <span class='ocrx_word' id='word_1_197' title='bbox 3131 1667 3315 1722; x_wconf 89' lang='lat' dir='ltr'><strong>decem</strong></span> <span class='ocrx_word' id='word_1_198' title='bbox 3344 1668 3531 1724; x_wconf 89' lang='lat' dir='ltr'><strong>diebus</strong></span> 
     </span>
    </p>
   </div>
   <div class='ocr_carea' id='block_1_31' title="bbox 1937 1746 3533 1826">
    <p class='ocr_par' dir='ltr' id='par_1_31' title="bbox 1937 1746 3533 1826">
     <span class='ocr_line' id='line_1_31' title="bbox 1937 1746 3533 1826; baseline 0.011 -27"><span class='ocrx_word' id='word_1_199' title='bbox 1937 1746 2296 1817; x_wconf 89' lang='lat' dir='ltr'><strong>interpositis,</strong></span> <span class='ocrx_word' id='word_1_200' title='bbox 2336 1749 2619 1805; x_wconf 90' lang='lat' dir='ltr'><strong>intremuit</strong></span> <span class='ocrx_word' id='word_1_201' title='bbox 2649 1754 2827 1809; x_wconf 92' lang='lat' dir='ltr'><strong>subito</strong></span> <span class='ocrx_word' id='word_1_202' title='bbox 2856 1755 3138 1810; x_wconf 89' lang='lat' dir='ltr'><strong>orantibus</strong></span> <span class='ocrx_word' id='word_1_203' title='bbox 3177 1758 3433 1826; x_wconf 89' lang='lat' dir='ltr'><strong>apostolis</strong></span> <span class='ocrx_word' id='word_1_204' title='bbox 3453 1759 3533 1815; x_wconf 90' lang='lat' dir='ltr'><strong>lo-</strong></span> 
     </span>
    </p>
   </div>
   <div class='ocr_carea' id='block_1_32' title="bbox 1938 1840 3533 1917">
    <p class='ocr_par' dir='ltr' id='par_1_32' title="bbox 1938 1840 3533 1917">
     <span class='ocr_line' id='line_1_32' title="bbox 1938 1840 3533 1917; baseline 0.01 -26"><span class='ocrx_word' id='word_1_205' title='bbox 1938 1852 2057 1904; x_wconf 88' lang='lat' dir='ltr'><strong>cus,</strong></span> <span class='ocrx_word' id='word_1_206' title='bbox 2097 1848 2152 1892; x_wconf 88' lang='lat' dir='ltr'><strong>et</strong></span> <span class='ocrx_word' id='word_1_207' title='bbox 2176 1840 2535 1896; x_wconf 86' lang='lat' dir='ltr'><strong>descendente</strong></span> <span class='ocrx_word' id='word_1_208' title='bbox 2561 1840 2766 1912; x_wconf 88' lang='lat' dir='ltr'><strong>Spiritu</strong></span> <span class='ocrx_word' id='word_1_209' title='bbox 2801 1854 2987 1900; x_wconf 90' lang='lat' dir='ltr'><strong>sancto</strong></span> <span class='ocrx_word' id='word_1_210' title='bbox 3034 1861 3198 1917; x_wconf 90' lang='lat' dir='ltr'><strong>super</strong></span> <span class='ocrx_word' id='word_1_211' title='bbox 3246 1865 3359 1914; x_wconf 91' lang='lat' dir='ltr'><strong>eos,</strong></span> <span class='ocrx_word' id='word_1_212' title='bbox 3402 1866 3533 1907; x_wconf 85' lang='lat' dir='ltr'><strong>con-</strong></span> 
     </span>
    </p>
   </div>
   <div class='ocr_carea' id='block_1_33' title="bbox 238 1921 1829 2016">
    <p class='ocr_par' dir='ltr' id='par_1_33' title="bbox 238 1921 1827 2016">
     <span class='ocr_line' id='line_1_33' title="bbox 238 1921 1827 2016; baseline 0.007 -24"><span class='ocrx_word' id='word_1_213' title='bbox 238 1954 384 2003; x_wconf 87' lang='lat' dir='ltr'><strong>rum,</strong></span> <span class='ocrx_word' id='word_1_214' title='bbox 417 1947 472 1994; x_wconf 88' lang='lat' dir='ltr'><strong>et</strong></span> <span class='ocrx_word' id='word_1_215' title='bbox 497 1956 594 2010; x_wconf 91' lang='lat' dir='ltr'><strong>per</strong></span> <span class='ocrx_word' id='word_1_216' title='bbox 633 1950 837 2010; x_wconf 88' lang='lat' dir='ltr'><strong>septem</strong></span> <span class='ocrx_word' id='word_1_217' title='bbox 863 1941 979 1998; x_wconf 91' lang='lat' dir='ltr'><strong>dies</strong></span> <span class='ocrx_word' id='word_1_218' title='bbox 1000 1943 1308 2016; x_wconf 90' lang='lat' dir='ltr'><strong>evangelico</strong></span> <span class='ocrx_word' id='word_1_219' title='bbox 1337 1921 1610 2001; x_wconf 77' lang='lat' dir='ltr'><strong>castitatis</strong></span> <span class='ocrx_word' id='word_1_220' title='bbox 1646 1949 1827 2003; x_wconf 91' lang='lat' dir='ltr'><strong>habitu</strong></span> 
     </span>
    </p>
   </div>
   <div class='ocr_carea' id='block_1_34' title="bbox 1931 1921 3529 2016">
    <p class='ocr_par' dir='ltr' id='par_1_34' title="bbox 1933 1927 3529 2008">
     <span class='ocr_line' id='line_1_34' title="bbox 1933 1927 3529 2008; baseline 0.009 -26"><span class='ocrx_word' id='word_1_221' title='bbox 1933 1927 2195 1985; x_wconf 86' lang='lat' dir='ltr'><strong>ﬂammati</strong></span> <span class='ocrx_word' id='word_1_222' title='bbox 2240 1939 2394 1997; x_wconf 88' lang='lat' dir='ltr'><strong>sunt,</strong></span> <span class='ocrx_word' id='word_1_223' title='bbox 2432 1931 2507 1985; x_wconf 90' lang='lat' dir='ltr'><strong>ita</strong></span> <span class='ocrx_word' id='word_1_224' title='bbox 2536 1940 2596 1986; x_wconf 89' lang='lat' dir='ltr'><strong>ut</strong></span> <span class='ocrx_word' id='word_1_225' title='bbox 2639 1933 2837 2006; x_wconf 83' lang='lat' dir='ltr'><strong>linguis</strong></span> <span class='ocrx_word' id='word_1_226' title='bbox 2885 1936 3125 1991; x_wconf 90' lang='lat' dir='ltr'><strong>omnium</strong></span> <span class='ocrx_word' id='word_1_227' title='bbox 3170 1940 3409 2008; x_wconf 89' lang='lat' dir='ltr'><strong>gentium</strong></span> <span class='ocrx_word' id='word_1_228' title='bbox 3434 1941 3529 1996; x_wconf 89' lang='lat' dir='ltr'><strong>Dei</strong></span> 
     </span>
    </p>
   </div>
   <div class='ocr_carea' id='block_1_35' title="bbox 236 2029 1832 2094">
    <p class='ocr_par' dir='ltr' id='par_1_35' title="bbox 236 2029 1832 2094">
     <span class='ocr_line' id='line_1_35' title="bbox 236 2029 1832 2094; baseline 0.009 -13"><span class='ocrx_word' id='word_1_229' title='bbox 236 2039 295 2082; x_wconf 88' lang='lat' dir='ltr'><strong>et</strong></span> <span class='ocrx_word' id='word_1_230' title='bbox 324 2029 615 2085; x_wconf 88' lang='lat' dir='ltr'><strong>luminibus</strong></span> <span class='ocrx_word' id='word_1_231' title='bbox 660 2031 891 2088; x_wconf 58' lang='lat' dir='ltr'><strong>caelestis</strong></span> <span class='ocrx_word' id='word_1_232' title='bbox 936 2032 1199 2088; x_wconf 88' lang='lat' dir='ltr'><strong>claritatis</strong></span> <span class='ocrx_word' id='word_1_233' title='bbox 1239 2036 1441 2091; x_wconf 90' lang='lat' dir='ltr'><strong>sanctis</strong></span> <span class='ocrx_word' id='word_1_234' title='bbox 1467 2037 1719 2093; x_wconf 90' lang='lat' dir='ltr'><strong>assistere</strong></span> <span class='ocrx_word' id='word_1_235' title='bbox 1746 2054 1832 2094; x_wconf 87' lang='lat' dir='ltr'><strong>sa-</strong></span> 
     </span>
    </p>
   </div>
   <div class='ocr_carea' id='block_1_36' title="bbox 237 2105 790 2177">
    <p class='ocr_par' dir='ltr' id='par_1_36' title="bbox 237 2105 790 2177">
     <span class='ocr_line' id='line_1_36' title="bbox 237 2105 790 2177; baseline 0.011 -4"><span class='ocrx_word' id='word_1_236' title='bbox 237 2116 468 2176; x_wconf 81' lang='lat' dir='ltr'><strong>crificiis</strong></span> <span class='ocrx_word' id='word_1_237' title='bbox 489 2120 678 2177; x_wconf 88' lang='lat' dir='ltr'><strong>solent.</strong></span> <span class='ocrx_word' id='word_1_238' title='bbox 782 2105 790 2108; x_wconf 50' lang='grc'><em>’</em></span> 
     </span>
    </p>
   </div>
   <div class='ocr_carea' id='block_1_37' title="bbox 850 2212 1230 2271">
    <p class='ocr_par' dir='ltr' id='par_1_37' title="bbox 850 2212 1230 2271">
     <span class='ocr_line' id='line_1_37' title="bbox 850 2212 1230 2271; baseline 0.008 -3"><span class='ocrx_word' id='word_1_239' title='bbox 850 2212 1078 2269; x_wconf 79' lang='lat' dir='ltr'><strong>CAPUT</strong></span> <span class='ocrx_word' id='word_1_240' title='bbox 1118 2214 1230 2271; x_wconf 81' lang='lat' dir='ltr'><strong>XL.</strong></span> 
     </span>
    </p>
   </div>
   <div class='ocr_carea' id='block_1_38' title="bbox 689 2342 1365 2403">
    <p class='ocr_par' dir='ltr' id='par_1_38' title="bbox 689 2342 1365 2403">
     <span class='ocr_line' id='line_1_38' title="bbox 689 2342 1365 2403; baseline 0.007 -5"><span class='ocrx_word' id='word_1_241' title='bbox 689 2342 768 2399; x_wconf 88' lang='lat' dir='ltr'><strong>De</strong></span> <span class='ocrx_word' id='word_1_242' title='bbox 791 2343 1104 2401; x_wconf 79' lang='lat' dir='ltr'><strong>Ascensione</strong></span> <span class='ocrx_word' id='word_1_243' title='bbox 1134 2346 1365 2403; x_wconf 86' lang='lat' dir='ltr'><strong>Domini.</strong></span> 
     </span>
    </p>
   </div>
   <div class='ocr_carea' id='block_1_39' title="bbox 310 2478 1828 2559">
    <p class='ocr_par' dir='ltr' id='par_1_39' title="bbox 310 2478 1828 2559">
     <span class='ocr_line' id='line_1_39' title="bbox 310 2478 1828 2559; baseline 0.008 -25"><span class='ocrx_word' id='word_1_244' title='bbox 310 2478 654 2539; x_wconf 84' lang='lat' dir='ltr'><strong>Ascensionis</strong></span> <span class='ocrx_word' id='word_1_245' title='bbox 676 2483 967 2541; x_wconf 77' lang='lat' dir='ltr'><strong>Dominicae</strong></span> <span class='ocrx_word' id='word_1_246' title='bbox 993 2486 1311 2543; x_wconf 90' lang='lat' dir='ltr'><strong>solemnitas</strong></span> <span class='ocrx_word' id='word_1_247' title='bbox 1353 2489 1473 2544; x_wconf 88' lang='lat' dir='ltr'><strong>ideo</strong></span> <span class='ocrx_word' id='word_1_248' title='bbox 1500 2490 1828 2559; x_wconf 87' lang='lat' dir='ltr'><strong>celebratur,</strong></span> 
     </span>
    </p>
   </div>
   <div class='ocr_carea' id='block_1_40' title="bbox 237 2570 1830 2650">
    <p class='ocr_par' dir='ltr' id='par_1_40' title="bbox 237 2570 1830 2650">
     <span class='ocr_line' id='line_1_40' title="bbox 237 2570 1830 2650; baseline 0.009 -28"><span class='ocrx_word' id='word_1_249' title='bbox 237 2570 367 2638; x_wconf 85' lang='lat' dir='ltr'><strong>quia</strong></span> <span class='ocrx_word' id='word_1_250' title='bbox 398 2571 585 2626; x_wconf 90' lang='lat' dir='ltr'><strong>eodem</strong></span> <span class='ocrx_word' id='word_1_251' title='bbox 629 2573 713 2628; x_wconf 91' lang='lat' dir='ltr'><strong>die</strong></span> <span class='ocrx_word' id='word_1_252' title='bbox 742 2583 863 2644; x_wconf 90' lang='lat' dir='ltr'><strong>post</strong></span> <span class='ocrx_word' id='word_1_253' title='bbox 911 2577 1094 2632; x_wconf 92' lang='lat' dir='ltr'><strong>mundi</strong></span> <span class='ocrx_word' id='word_1_254' title='bbox 1118 2578 1425 2645; x_wconf 87' lang='lat' dir='ltr'><strong>victoriam,</strong></span> <span class='ocrx_word' id='word_1_255' title='bbox 1467 2591 1587 2650; x_wconf 91' lang='lat' dir='ltr'><strong>post</strong></span> <span class='ocrx_word' id='word_1_256' title='bbox 1634 2582 1830 2638; x_wconf 84' lang='lat' dir='ltr'><strong>inferni</strong></span> 
     </span>
    </p>
   </div>
   <div class='ocr_carea' id='block_1_41' title="bbox 231 2667 1828 2742">
    <p class='ocr_par' dir='ltr' id='par_1_41' title="bbox 231 2667 1828 2742">
     <span class='ocr_line' id='line_1_41' title="bbox 231 2667 1828 2742; baseline 0.011 -28"><span class='ocrx_word' id='word_1_257' title='bbox 231 2676 563 2731; x_wconf 84' lang='lat' dir='ltr'><strong>regressum,</strong></span> <span class='ocrx_word' id='word_1_258' title='bbox 588 2667 879 2722; x_wconf 88' lang='lat' dir='ltr'><strong>ascendere</strong></span> <span class='ocrx_word' id='word_1_259' title='bbox 904 2667 1150 2725; x_wconf 85' lang='lat' dir='ltr'><strong>Christus</strong></span> <span class='ocrx_word' id='word_1_260' title='bbox 1195 2681 1527 2729; x_wconf 84' lang='lat' dir='ltr'><strong>memoratur</strong></span> <span class='ocrx_word' id='word_1_261' title='bbox 1548 2675 1615 2730; x_wconf 92' lang='lat' dir='ltr'><strong>ad</strong></span> <span class='ocrx_word' id='word_1_262' title='bbox 1638 2675 1828 2742; x_wconf 82' lang='lat' dir='ltr'><strong>caelos,</strong></span> 
     </span>
    </p>
   </div>
   <div class='ocr_carea' id='block_1_42' title="bbox 233 2752 1830 2839">
    <p class='ocr_par' dir='ltr' id='par_1_42' title="bbox 233 2752 1830 2839">
     <span class='ocr_line' id='line_1_42' title="bbox 233 2752 1830 2839; baseline 0.011 -34"><span class='ocrx_word' id='word_1_263' title='bbox 233 2752 381 2807; x_wconf 89' lang='lat' dir='ltr'><strong>sicut</strong></span> <span class='ocrx_word' id='word_1_264' title='bbox 407 2754 808 2826; x_wconf 86' lang='lat' dir='ltr'><strong>scriptumest:</strong></span> <span class='ocrx_word' id='word_1_265' title='bbox 840 2761 1135 2816; x_wconf 85' lang='lat' dir='ltr'><strong>Ascendens</strong></span> <span class='ocrx_word' id='word_1_266' title='bbox 1165 2763 1221 2816; x_wconf 85' lang='lat' dir='ltr'><strong>in</strong></span> <span class='ocrx_word' id='word_1_267' title='bbox 1268 2764 1457 2831; x_wconf 88' lang='lat' dir='ltr'><strong>altum,</strong></span> <span class='ocrx_word' id='word_1_268' title='bbox 1493 2767 1625 2837; x_wconf 88' lang='lat' dir='ltr'><strong>cepit</strong></span> <span class='ocrx_word' id='word_1_269' title='bbox 1666 2769 1830 2839; x_wconf 85' lang='lat' dir='ltr'><strong>capti-</strong></span> 
     </span>
    </p>
   </div>
   <div class='ocr_carea' id='block_1_43' title="bbox 232 2844 1830 2929">
    <p class='ocr_par' dir='ltr' id='par_1_43' title="bbox 232 2844 1830 2929">
     <span class='ocr_line' id='line_1_43' title="bbox 232 2844 1830 2929; baseline 0.013 -35"><span class='ocrx_word' id='word_1_270' title='bbox 232 2844 470 2909; x_wconf 80' lang='lat' dir='ltr'><strong>vitatem,</strong></span> <span class='ocrx_word' id='word_1_271' title='bbox 516 2846 657 2900; x_wconf 84' lang='lat' dir='ltr'><strong>dedit</strong></span> <span class='ocrx_word' id='word_1_272' title='bbox 702 2848 842 2903; x_wconf 85' lang='lat' dir='ltr'><strong>dona</strong></span> <span class='ocrx_word' id='word_1_273' title='bbox 892 2850 1187 2906; x_wconf 84' lang='lat' dir='ltr'><strong>hominibus</strong></span> <span class='ocrx_word' id='word_1_274' title='bbox 1235 2851 1408 2924; x_wconf 83' lang='lat' dir='ltr'><strong>(Psal.</strong></span> <span class='ocrx_word' id='word_1_275' title='bbox 1454 2856 1642 2929; x_wconf 78' lang='lat' dir='ltr'><strong>van).</strong></span> <span class='ocrx_word' id='word_1_276' title='bbox 1700 2857 1830 2924; x_wconf 68' lang='grc' dir='ltr'><strong>ρυω</strong></span> 
     </span>
    </p>
   </div>
   <div class='ocr_carea' id='block_1_44' title="bbox 232 2931 1832 3008">
    <p class='ocr_par' dir='ltr' id='par_1_44' title="bbox 232 2931 1832 3008">
     <span class='ocr_line' id='line_1_44' title="bbox 232 2931 1832 3008; baseline 0.011 -23"><span class='ocrx_word' id='word_1_277' title='bbox 232 2931 505 2991; x_wconf 80' lang='lat' dir='ltr'><strong>festivitas</strong></span> <span class='ocrx_word' id='word_1_278' title='bbox 530 2937 652 2993; x_wconf 91' lang='lat' dir='ltr'><strong>ideo</strong></span> <span class='ocrx_word' id='word_1_279' title='bbox 687 2953 784 3008; x_wconf 90' lang='lat' dir='ltr'><strong>per</strong></span> <span class='ocrx_word' id='word_1_280' title='bbox 807 2941 1104 2995; x_wconf 84' lang='lat' dir='ltr'><strong>revolutum</strong></span> <span class='ocrx_word' id='word_1_281' title='bbox 1129 2944 1388 2999; x_wconf 88' lang='lat' dir='ltr'><strong>circulum</strong></span> <span class='ocrx_word' id='word_1_282' title='bbox 1412 2962 1675 3002; x_wconf 90' lang='lat' dir='ltr'><strong>annorum</strong></span> <span class='ocrx_word' id='word_1_283' title='bbox 1697 2947 1832 3004; x_wconf 87' lang='lat' dir='ltr'><strong>cele-</strong></span> 
     </span>
    </p>
   </div>
   <div class='ocr_carea' id='block_1_45' title="bbox 229 3024 1830 3103">
    <p class='ocr_par' dir='ltr' id='par_1_45' title="bbox 229 3024 1830 3103">
     <span class='ocr_line' id='line_1_45' title="bbox 229 3024 1830 3103; baseline 0.009 -24"><span class='ocrx_word' id='word_1_284' title='bbox 229 3024 446 3092; x_wconf 85' lang='lat' dir='ltr'><strong>bratur,</strong></span> <span class='ocrx_word' id='word_1_285' title='bbox 477 3035 537 3082; x_wconf 90' lang='lat' dir='ltr'><strong>ut</strong></span> <span class='ocrx_word' id='word_1_286' title='bbox 568 3029 879 3086; x_wconf 87' lang='lat' dir='ltr'><strong>humanitas</strong></span> <span class='ocrx_word' id='word_1_287' title='bbox 918 3043 1205 3103; x_wconf 60' lang='lat' dir='ltr'><strong>assumpta:</strong></span> <span class='ocrx_word' id='word_1_288' title='bbox 1226 3035 1407 3090; x_wconf 86' lang='lat' dir='ltr'><strong>carnis</strong></span> <span class='ocrx_word' id='word_1_289' title='bbox 1434 3038 1733 3092; x_wconf 90' lang='lat' dir='ltr'><strong>ascendens</strong></span> <span class='ocrx_word' id='word_1_290' title='bbox 1763 3038 1830 3093; x_wconf 90' lang='lat' dir='ltr'><strong>ad</strong></span> 
     </span>
    </p>
   </div>
   <div class='ocr_carea' id='block_1_46' title="bbox 232 3117 1827 3199">
    <p class='ocr_par' dir='ltr' id='par_1_46' title="bbox 232 3117 1827 3199">
     <span class='ocr_line' id='line_1_46' title="bbox 232 3117 1827 3199; baseline 0.01 -28"><span class='ocrx_word' id='word_1_291' title='bbox 232 3117 519 3174; x_wconf 87' lang='lat' dir='ltr'><strong>dexteram</strong></span> <span class='ocrx_word' id='word_1_292' title='bbox 552 3120 731 3178; x_wconf 87' lang='lat' dir='ltr'><strong>Patris</strong></span> <span class='ocrx_word' id='word_1_293' title='bbox 760 3124 815 3178; x_wconf 92' lang='lat' dir='ltr'><strong>in</strong></span> <span class='ocrx_word' id='word_1_294' title='bbox 843 3126 1159 3182; x_wconf 90' lang='lat' dir='ltr'><strong>memoriam</strong></span> <span class='ocrx_word' id='word_1_295' title='bbox 1182 3137 1467 3185; x_wconf 89' lang='lat' dir='ltr'><strong>revocetur</strong></span> <span class='ocrx_word' id='word_1_296' title='bbox 1495 3146 1509 3183; x_wconf 89' lang='lat'><strong>:</strong></span> <span class='ocrx_word' id='word_1_297' title='bbox 1533 3129 1685 3199; x_wconf 86' lang='lat' dir='ltr'><strong>cujus</strong></span> <span class='ocrx_word' id='word_1_298' title='bbox 1704 3146 1827 3187; x_wconf 85' lang='lat' dir='ltr'><strong>cor-</strong></span> 
     </span>
    </p>
   </div>
   <div class='ocr_carea' id='block_1_47' title="bbox 228 3213 1825 3292">
    <p class='ocr_par' dir='ltr' id='par_1_47' title="bbox 228 3213 1825 3292">
     <span class='ocr_line' id='line_1_47' title="bbox 228 3213 1825 3292; baseline 0.01 -28"><span class='ocrx_word' id='word_1_299' title='bbox 228 3226 340 3281; x_wconf 87' lang='lat' dir='ltr'><strong>pus</strong></span> <span class='ocrx_word' id='word_1_300' title='bbox 361 3213 434 3267; x_wconf 89' lang='lat' dir='ltr'><strong>ita</strong></span> <span class='ocrx_word' id='word_1_301' title='bbox 447 3214 503 3268; x_wconf 90' lang='lat' dir='ltr'><strong>in</strong></span> <span class='ocrx_word' id='word_1_302' title='bbox 518 3216 654 3271; x_wconf 69' lang='lat' dir='ltr'><strong>melo</strong></span> <span class='ocrx_word' id='word_1_303' title='bbox 676 3232 796 3273; x_wconf 89' lang='lat' dir='ltr'><strong>esse</strong></span> <span class='ocrx_word' id='word_1_304' title='bbox 817 3219 1106 3286; x_wconf 87' lang='lat' dir='ltr'><strong>credimus,</strong></span> <span class='ocrx_word' id='word_1_305' title='bbox 1123 3229 1182 3275; x_wconf 93' lang='lat' dir='ltr'><strong>ut</strong></span> <span class='ocrx_word' id='word_1_306' title='bbox 1194 3231 1315 3277; x_wconf 90' lang='lat' dir='ltr'><strong>erat</strong></span> <span class='ocrx_word' id='word_1_307' title='bbox 1330 3223 1545 3292; x_wconf 89' lang='lat' dir='ltr'><strong>quando</strong></span> <span class='ocrx_word' id='word_1_308' title='bbox 1559 3226 1825 3291; x_wconf 88' lang='lat' dir='ltr'><strong>ascendit,</strong></span> 
     </span>
    </p>
   </div>
   <div class='ocr_carea' id='block_1_48' title="bbox 1936 2021 3529 2100">
    <p class='ocr_par' dir='ltr' id='par_1_48' title="bbox 1936 2021 3529 2100">
     <span class='ocr_line' id='line_1_48' title="bbox 1936 2021 3529 2100; baseline 0.006 -24"><span class='ocrx_word' id='word_1_309' title='bbox 1936 2021 2207 2093; x_wconf 89' lang='lat' dir='ltr'><strong>magnalia</strong></span> <span class='ocrx_word' id='word_1_310' title='bbox 2275 2023 2645 2092; x_wconf 86' lang='lat' dir='ltr'><strong>loquerentur.</strong></span> <span class='ocrx_word' id='word_1_311' title='bbox 2701 2025 2979 2082; x_wconf 88' lang='lat' dir='ltr'><strong>Adventus</strong></span> <span class='ocrx_word' id='word_1_312' title='bbox 3042 2029 3223 2098; x_wconf 87' lang='lat' dir='ltr'><strong>itaque</strong></span> <span class='ocrx_word' id='word_1_313' title='bbox 3296 2029 3529 2100; x_wconf 91' lang='lat' dir='ltr'><strong>Spiritus</strong></span> 
     </span>
    </p>
   </div>
   <div class='ocr_carea' id='block_1_49' title="bbox 1932 2115 3527 2193">
    <p class='ocr_par' dir='ltr' id='par_1_49' title="bbox 1932 2115 3527 2193">
     <span class='ocr_line' id='line_1_49' title="bbox 1932 2115 3527 2193; baseline 0.004 -22"><span class='ocrx_word' id='word_1_314' title='bbox 1932 2116 2108 2171; x_wconf 90' lang='lat' dir='ltr'><strong>sancti</strong></span> <span class='ocrx_word' id='word_1_315' title='bbox 2134 2116 2200 2171; x_wconf 91' lang='lat' dir='ltr'><strong>de</strong></span> <span class='ocrx_word' id='word_1_316' title='bbox 2221 2115 2360 2171; x_wconf 64' lang='lat' dir='ltr'><strong>coelo</strong></span> <span class='ocrx_word' id='word_1_317' title='bbox 2382 2132 2545 2185; x_wconf 91' lang='lat' dir='ltr'><strong>super</strong></span> <span class='ocrx_word' id='word_1_318' title='bbox 2566 2118 2838 2187; x_wconf 89' lang='lat' dir='ltr'><strong>apostolos</strong></span> <span class='ocrx_word' id='word_1_319' title='bbox 2866 2120 2921 2173; x_wconf 91' lang='lat' dir='ltr'><strong>in</strong></span> <span class='ocrx_word' id='word_1_320' title='bbox 2942 2120 3203 2174; x_wconf 85' lang='lat' dir='ltr'><strong>varietate</strong></span> <span class='ocrx_word' id='word_1_321' title='bbox 3224 2120 3527 2193; x_wconf 83' lang='lat' dir='ltr'><strong>linguarum</strong></span> 
     </span>
    </p>
   </div>
   <div class='ocr_carea' id='block_1_50' title="bbox 1933 2203 3528 2282">
    <p class='ocr_par' dir='ltr' id='par_1_50' title="bbox 1933 2203 3528 2282">
     <span class='ocr_line' id='line_1_50' title="bbox 1933 2203 3528 2282; baseline 0.005 -23"><span class='ocrx_word' id='word_1_322' title='bbox 1933 2203 2181 2259; x_wconf 76' lang='lat' dir='ltr'><strong>ditl‘usam</strong></span> <span class='ocrx_word' id='word_1_323' title='bbox 2215 2204 2611 2260; x_wconf 86' lang='lat' dir='ltr'><strong>solemnitatem</strong></span> <span class='ocrx_word' id='word_1_324' title='bbox 2650 2207 2951 2262; x_wconf 87' lang='lat' dir='ltr'><strong>transmisit</strong></span> <span class='ocrx_word' id='word_1_325' title='bbox 2984 2207 3039 2262; x_wconf 90' lang='lat' dir='ltr'><strong>in</strong></span> <span class='ocrx_word' id='word_1_326' title='bbox 3060 2219 3327 2278; x_wconf 89' lang='lat' dir='ltr'><strong>posteros,</strong></span> <span class='ocrx_word' id='word_1_327' title='bbox 3356 2226 3528 2282; x_wconf 87' lang='lat' dir='ltr'><strong>eaque</strong></span> 
     </span>
    </p>
   </div>
   <div class='ocr_carea' id='block_1_51' title="bbox 1934 2296 3525 2372">
    <p class='ocr_par' dir='ltr' id='par_1_51' title="bbox 1934 2296 3525 2372">
     <span class='ocr_line' id='line_1_51' title="bbox 1934 2296 3525 2372; baseline 0.004 -20"><span class='ocrx_word' id='word_1_328' title='bbox 1934 2298 2000 2353; x_wconf 87' lang='lat' dir='ltr'><strong>de</strong></span> <span class='ocrx_word' id='word_1_329' title='bbox 2027 2313 2189 2353; x_wconf 92' lang='lat' dir='ltr'><strong>causa</strong></span> <span class='ocrx_word' id='word_1_330' title='bbox 2232 2297 2550 2354; x_wconf 88' lang='lat' dir='ltr'><strong>Pentecoste</strong></span> <span class='ocrx_word' id='word_1_331' title='bbox 2579 2296 2900 2366; x_wconf 86' lang='lat' dir='ltr'><strong>celebratur,</strong></span> <span class='ocrx_word' id='word_1_332' title='bbox 2936 2310 2988 2357; x_wconf 91' lang='lat' dir='ltr'><strong>et</strong></span> <span class='ocrx_word' id='word_1_333' title='bbox 3023 2302 3137 2358; x_wconf 90' lang='lat' dir='ltr'><strong>dies</strong></span> <span class='ocrx_word' id='word_1_334' title='bbox 3161 2303 3274 2372; x_wconf 92' lang='lat' dir='ltr'><strong>ipse</strong></span> <span class='ocrx_word' id='word_1_335' title='bbox 3300 2304 3525 2372; x_wconf 89' lang='lat' dir='ltr'><strong>proinde</strong></span> 
     </span>
    </p>
   </div>
   <div class='ocr_carea' id='block_1_52' title="bbox 1931 2387 3527 2457">
    <p class='ocr_par' dir='ltr' id='par_1_52' title="bbox 1931 2387 3527 2457">
     <span class='ocr_line' id='line_1_52' title="bbox 1931 2387 3527 2457; baseline 0.004 -14"><span class='ocrx_word' id='word_1_336' title='bbox 1931 2387 2158 2457; x_wconf 83' lang='lat' dir='ltr'><strong>insignis</strong></span> <span class='ocrx_word' id='word_1_337' title='bbox 2208 2388 2456 2443; x_wconf 89' lang='lat' dir='ltr'><strong>habetur.</strong></span> <span class='ocrx_word' id='word_1_338' title='bbox 2515 2388 2817 2445; x_wconf 84' lang='lat' dir='ltr'><strong>Concordat</strong></span> <span class='ocrx_word' id='word_1_339' title='bbox 2869 2403 3048 2446; x_wconf 92' lang='lat' dir='ltr'><strong>autem</strong></span> <span class='ocrx_word' id='word_1_340' title='bbox 3102 2392 3217 2448; x_wconf 65' lang='lat' dir='ltr'><strong>haec</strong></span> <span class='ocrx_word' id='word_1_341' title='bbox 3263 2393 3527 2450; x_wconf 81' lang='lat' dir='ltr'><strong>festivitas</strong></span> 
     </span>
    </p>
   </div>
   <div class='ocr_carea' id='block_1_53' title="bbox 1931 2478 3525 2552">
    <p class='ocr_par' dir='ltr' id='par_1_53' title="bbox 1931 2478 3525 2552">
     <span class='ocr_line' id='line_1_53' title="bbox 1931 2478 3525 2552; baseline 0.003 -20"><span class='ocrx_word' id='word_1_342' title='bbox 1931 2478 2229 2549; x_wconf 85' lang='lat' dir='ltr'><strong>Evangelii,</strong></span> <span class='ocrx_word' id='word_1_343' title='bbox 2246 2495 2369 2533; x_wconf 91' lang='lat' dir='ltr'><strong>cum</strong></span> <span class='ocrx_word' id='word_1_344' title='bbox 2398 2478 2691 2535; x_wconf 85' lang='lat' dir='ltr'><strong>festivitate</strong></span> <span class='ocrx_word' id='word_1_345' title='bbox 2711 2480 2865 2549; x_wconf 87' lang='lat' dir='ltr'><strong>legis.</strong></span> <span class='ocrx_word' id='word_1_346' title='bbox 2880 2481 2994 2537; x_wconf 87' lang='lat' dir='ltr'><strong>Illic</strong></span> <span class='ocrx_word' id='word_1_347' title='bbox 3005 2482 3149 2535; x_wconf 90' lang='lat' dir='ltr'><strong>enim</strong></span> <span class='ocrx_word' id='word_1_348' title='bbox 3173 2489 3525 2552; x_wconf 89' lang='lat' dir='ltr'><strong>posteaquam</strong></span> 
     </span>
    </p>
   </div>
   <div class='ocr_carea' id='block_1_54' title="bbox 1933 2566 3528 2640">
    <p class='ocr_par' dir='ltr' id='par_1_54' title="bbox 1933 2566 3528 2640">
     <span class='ocr_line' id='line_1_54' title="bbox 1933 2566 3528 2640; baseline 0.003 -19"><span class='ocrx_word' id='word_1_349' title='bbox 1933 2582 2106 2637; x_wconf 88' lang='lat' dir='ltr'><strong>agnus</strong></span> <span class='ocrx_word' id='word_1_350' title='bbox 2135 2566 2443 2622; x_wconf 90' lang='lat' dir='ltr'><strong>immolatus</strong></span> <span class='ocrx_word' id='word_1_351' title='bbox 2470 2576 2585 2635; x_wconf 86' lang='lat' dir='ltr'><strong>est,</strong></span> <span class='ocrx_word' id='word_1_352' title='bbox 2636 2568 2971 2639; x_wconf 88' lang='lat' dir='ltr'><strong>interpositis</strong></span> <span class='ocrx_word' id='word_1_353' title='bbox 3001 2570 3391 2640; x_wconf 87' lang='lat' dir='ltr'><strong>quinquaginta</strong></span> <span class='ocrx_word' id='word_1_354' title='bbox 3413 2572 3528 2626; x_wconf 86' lang='lat' dir='ltr'><strong>die-</strong></span> 
     </span>
    </p>
   </div>
   <div class='ocr_carea' id='block_1_55' title="bbox 1930 2658 3529 2731">
    <p class='ocr_par' dir='ltr' id='par_1_55' title="bbox 1930 2658 3529 2731">
     <span class='ocr_line' id='line_1_55' title="bbox 1930 2658 3529 2731; baseline 0.001 -17"><span class='ocrx_word' id='word_1_355' title='bbox 1930 2658 2056 2725; x_wconf 89' lang='lat' dir='ltr'><strong>bus,</strong></span> <span class='ocrx_word' id='word_1_356' title='bbox 2082 2658 2206 2714; x_wconf 89' lang='lat' dir='ltr'><strong>data</strong></span> <span class='ocrx_word' id='word_1_357' title='bbox 2232 2667 2316 2714; x_wconf 86' lang='lat' dir='ltr'><strong>est</strong></span> <span class='ocrx_word' id='word_1_358' title='bbox 2352 2658 2438 2713; x_wconf 81' lang='lat' dir='ltr'><strong>lex</strong></span> <span class='ocrx_word' id='word_1_359' title='bbox 2473 2659 2641 2731; x_wconf 83' lang='lat' dir='ltr'><strong>Moysi</strong></span> <span class='ocrx_word' id='word_1_360' title='bbox 2685 2659 2885 2730; x_wconf 91' lang='lat' dir='ltr'><strong>scripta</strong></span> <span class='ocrx_word' id='word_1_361' title='bbox 2906 2660 3073 2731; x_wconf 84' lang='lat' dir='ltr'><strong>digito</strong></span> <span class='ocrx_word' id='word_1_362' title='bbox 3093 2660 3209 2715; x_wconf 90' lang='lat' dir='ltr'><strong>Dei.</strong></span> <span class='ocrx_word' id='word_1_363' title='bbox 3236 2660 3336 2715; x_wconf 84' lang='lat' dir='ltr'><strong>Hic</strong></span> <span class='ocrx_word' id='word_1_364' title='bbox 3380 2673 3529 2730; x_wconf 87' lang='lat' dir='ltr'><strong>post-</strong></span> 
     </span>
    </p>
   </div>
   <div class='ocr_carea' id='block_1_56' title="bbox 1932 2750 3523 2822">
    <p class='ocr_par' dir='ltr' id='par_1_56' title="bbox 1932 2750 3523 2822">
     <span class='ocr_line' id='line_1_56' title="bbox 1932 2750 3523 2822; baseline 0.003 -19"><span class='ocrx_word' id='word_1_365' title='bbox 1932 2764 2094 2819; x_wconf 89' lang='lat' dir='ltr'><strong>quam</strong></span> <span class='ocrx_word' id='word_1_366' title='bbox 2143 2751 2354 2806; x_wconf 89' lang='lat' dir='ltr'><strong>occisus</strong></span> <span class='ocrx_word' id='word_1_367' title='bbox 2398 2758 2481 2806; x_wconf 89' lang='lat' dir='ltr'><strong>est</strong></span> <span class='ocrx_word' id='word_1_368' title='bbox 2532 2750 2813 2815; x_wconf 88' lang='lat' dir='ltr'><strong>Christus,</strong></span> <span class='ocrx_word' id='word_1_369' title='bbox 2861 2751 2953 2820; x_wconf 88' lang='lat' dir='ltr'><strong>qui</strong></span> <span class='ocrx_word' id='word_1_370' title='bbox 2996 2759 3251 2822; x_wconf 83' lang='lat' dir='ltr'><strong>tanquam</strong></span> <span class='ocrx_word' id='word_1_371' title='bbox 3288 2752 3405 2807; x_wconf 92' lang='lat' dir='ltr'><strong>ovis</strong></span> <span class='ocrx_word' id='word_1_372' title='bbox 3454 2753 3523 2807; x_wconf 89' lang='lat' dir='ltr'><strong>ad</strong></span> 
     </span>
    </p>
   </div>
   <div class='ocr_carea' id='block_1_57' title="bbox 1932 2838 3523 2909">
    <p class='ocr_par' dir='ltr' id='par_1_57' title="bbox 1932 2838 3523 2909">
     <span class='ocr_line' id='line_1_57' title="bbox 1932 2838 3523 2909; baseline 0.002 -15"><span class='ocrx_word' id='word_1_373' title='bbox 1932 2838 2321 2895; x_wconf 89' lang='lat' dir='ltr'><strong>immolandum</strong></span> <span class='ocrx_word' id='word_1_374' title='bbox 2361 2840 2554 2894; x_wconf 88' lang='lat' dir='ltr'><strong>ductus</strong></span> <span class='ocrx_word' id='word_1_375' title='bbox 2591 2849 2695 2905; x_wconf 90' lang='lat' dir='ltr'><strong>est,</strong></span> <span class='ocrx_word' id='word_1_376' title='bbox 2745 2840 3050 2895; x_wconf 88' lang='lat' dir='ltr'><strong>celebratur</strong></span> <span class='ocrx_word' id='word_1_377' title='bbox 3074 2856 3262 2895; x_wconf 90' lang='lat' dir='ltr'><strong>verum</strong></span> <span class='ocrx_word' id='word_1_378' title='bbox 3292 2840 3523 2909; x_wconf 86' lang='lat' dir='ltr'><strong>Pascha,</strong></span> 
     </span>
    </p>
   </div>
   <div class='ocr_carea' id='block_1_58' title="bbox 1933 2929 3526 3001">
    <p class='ocr_par' dir='ltr' id='par_1_58' title="bbox 1933 2929 3526 3001">
     <span class='ocr_line' id='line_1_58' title="bbox 1933 2929 3526 3001; baseline 0.002 -16"><span class='ocrx_word' id='word_1_379' title='bbox 1933 2936 1989 2985; x_wconf 92' lang='lat' dir='ltr'><strong>et</strong></span> <span class='ocrx_word' id='word_1_380' title='bbox 2016 2929 2347 3000; x_wconf 72' lang='lat' dir='ltr'><strong>interpdsitis</strong></span> <span class='ocrx_word' id='word_1_381' title='bbox 2376 2930 2763 3000; x_wconf 84' lang='lat' dir='ltr'><strong>quinquaginta</strong></span> <span class='ocrx_word' id='word_1_382' title='bbox 2796 2930 2999 2995; x_wconf 90' lang='lat' dir='ltr'><strong>diebus,</strong></span> <span class='ocrx_word' id='word_1_383' title='bbox 3037 2929 3271 3001; x_wconf 86' lang='lat' dir='ltr'><strong>Spiritus</strong></span> <span class='ocrx_word' id='word_1_384' title='bbox 3305 2941 3526 2988; x_wconf 90' lang='lat' dir='ltr'><strong>sanctus</strong></span> 
     </span>
    </p>
   </div>
   <div class='ocr_carea' id='block_1_59' title="bbox 1932 3021 3522 3096">
    <p class='ocr_par' dir='ltr' id='par_1_59' title="bbox 1932 3021 3522 3096">
     <span class='ocr_line' id='line_1_59' title="bbox 1932 3021 3522 3096; baseline 0.001 -19"><span class='ocrx_word' id='word_1_385' title='bbox 1932 3023 2111 3088; x_wconf 90' lang='lat' dir='ltr'><strong>datur,</strong></span> <span class='ocrx_word' id='word_1_386' title='bbox 2146 3022 2238 3093; x_wconf 91' lang='lat' dir='ltr'><strong>qui</strong></span> <span class='ocrx_word' id='word_1_387' title='bbox 2281 3029 2365 3077; x_wconf 90' lang='lat' dir='ltr'><strong>est</strong></span> <span class='ocrx_word' id='word_1_388' title='bbox 2401 3022 2601 3092; x_wconf 85' lang='lat' dir='ltr'><strong>digitus</strong></span> <span class='ocrx_word' id='word_1_389' title='bbox 2640 3021 2757 3087; x_wconf 91' lang='lat' dir='ltr'><strong>Dei,</strong></span> <span class='ocrx_word' id='word_1_390' title='bbox 2789 3037 2951 3093; x_wconf 90' lang='lat' dir='ltr'><strong>super</strong></span> <span class='ocrx_word' id='word_1_391' title='bbox 2977 3032 3191 3078; x_wconf 89' lang='lat' dir='ltr'><strong>centum</strong></span> <span class='ocrx_word' id='word_1_392' title='bbox 3239 3034 3294 3079; x_wconf 87' lang='lat' dir='ltr'><strong>et</strong></span> <span class='ocrx_word' id='word_1_393' title='bbox 3335 3025 3522 3096; x_wconf 88' lang='lat' dir='ltr'><strong>viginti</strong></span> 
     </span>
    </p>
   </div>
   <div class='ocr_carea' id='block_1_60' title="bbox 1933 3111 3525 3183">
    <p class='ocr_par' dir='ltr' id='par_1_60' title="bbox 1933 3111 3525 3183">
     <span class='ocr_line' id='line_1_60' title="bbox 1933 3111 3525 3183; baseline 0.001 -15"><span class='ocrx_word' id='word_1_394' title='bbox 1933 3111 2222 3183; x_wconf 88' lang='lat' dir='ltr'><strong>discipulos</strong></span> <span class='ocrx_word' id='word_1_395' title='bbox 2247 3111 2494 3167; x_wconf 60' lang='lat' dir='ltr'><strong>Mosaicae</strong></span> <span class='ocrx_word' id='word_1_396' title='bbox 2521 3111 2700 3167; x_wconf 73' lang='lat' dir='ltr'><strong>aetatis</strong></span> <span class='ocrx_word' id='word_1_397' title='bbox 2728 3127 2953 3166; x_wconf 90' lang='lat' dir='ltr'><strong>numero</strong></span> <span class='ocrx_word' id='word_1_398' title='bbox 2972 3113 3313 3168; x_wconf 88' lang='lat' dir='ltr'><strong>constitutos.</strong></span> <span class='ocrx_word' id='word_1_399' title='bbox 3344 3113 3525 3183; x_wconf 89' lang='lat' dir='ltr'><strong>Siqui-</strong></span> 
     </span>
    </p>
   </div>
   <div class='ocr_carea' id='block_1_61' title="bbox 1932 3203 3519 3262">
    <p class='ocr_par' dir='ltr' id='par_1_61' title="bbox 1932 3203 3519 3262">
     <span class='ocr_line' id='line_1_61' title="bbox 1932 3203 3519 3262; baseline 0.001 -2"><span class='ocrx_word' id='word_1_400' title='bbox 1932 3205 2055 3260; x_wconf 90' lang='lat' dir='ltr'><strong>dem</strong></span> <span class='ocrx_word' id='word_1_401' title='bbox 2092 3212 2147 3259; x_wconf 90' lang='lat' dir='ltr'><strong>et</strong></span> <span class='ocrx_word' id='word_1_402' title='bbox 2187 3204 2303 3259; x_wconf 62' lang='lat' dir='ltr'><strong>haec</strong></span> <span class='ocrx_word' id='word_1_403' title='bbox 2355 3204 2621 3260; x_wconf 80' lang='lat' dir='ltr'><strong>festivitas</strong></span> <span class='ocrx_word' id='word_1_404' title='bbox 2660 3203 2803 3259; x_wconf 91' lang='lat' dir='ltr'><strong>aliud</strong></span> <span class='ocrx_word' id='word_1_405' title='bbox 2850 3206 3055 3260; x_wconf 90' lang='lat' dir='ltr'><strong>obtinet</strong></span> <span class='ocrx_word' id='word_1_406' title='bbox 3102 3215 3519 3262; x_wconf 88' lang='lat' dir='ltr'><strong>sacramentum.</strong></span> 
     </span>
    </p>
   </div>
   <div class='ocr_carea' id='block_1_62' title="bbox 230 3296 1829 3380">
    <p class='ocr_par' dir='ltr' id='par_1_62' title="bbox 230 3305 1829 3380">
     <span class='ocr_line' id='line_1_62' title="bbox 230 3305 1829 3380; baseline 0.008 -24"><span class='ocrx_word' id='word_1_407' title='bbox 230 3305 382 3372; x_wconf 90' lang='lat' dir='ltr'><strong>quod</strong></span> <span class='ocrx_word' id='word_1_408' title='bbox 420 3314 474 3361; x_wconf 87' lang='lat' dir='ltr'><strong>et</strong></span> <span class='ocrx_word' id='word_1_409' title='bbox 498 3321 603 3361; x_wconf 85' lang='lat' dir='ltr'><strong>vox</strong></span> <span class='ocrx_word' id='word_1_410' title='bbox 643 3307 884 3380; x_wconf 88' lang='lat' dir='ltr'><strong>angelica</strong></span> <span class='ocrx_word' id='word_1_411' title='bbox 920 3318 1252 3380; x_wconf 89' lang='lat' dir='ltr'><strong>protestatur</strong></span> <span class='ocrx_word' id='word_1_412' title='bbox 1279 3313 1502 3369; x_wconf 89' lang='lat' dir='ltr'><strong>dicens:</strong></span> <span class='ocrx_word' id='word_1_413' title='bbox 1542 3313 1632 3369; x_wconf 87' lang='lat' dir='ltr'><strong>Sic</strong></span> <span class='ocrx_word' id='word_1_414' title='bbox 1669 3317 1829 3371; x_wconf 83' lang='lat' dir='ltr'><strong>veniet</strong></span> 
     </span>
    </p>
   </div>
   <div class='ocr_carea' id='block_1_63' title="bbox 1931 3296 3520 3380">
    <p class='ocr_par' dir='ltr' id='par_1_63' title="bbox 1935 3296 3520 3365">
     <span class='ocr_line' id='line_1_63' title="bbox 1935 3296 3520 3365; baseline 0.001 -13"><span class='ocrx_word' id='word_1_415' title='bbox 1935 3296 2159 3355; x_wconf 86' lang='lat' dir='ltr'><strong>Constat</strong></span> <span class='ocrx_word' id='word_1_416' title='bbox 2206 3296 2351 3351; x_wconf 90' lang='lat' dir='ltr'><strong>enim</strong></span> <span class='ocrx_word' id='word_1_417' title='bbox 2406 3312 2473 3351; x_wconf 84' lang='lat' dir='ltr'><strong>ex</strong></span> <span class='ocrx_word' id='word_1_418' title='bbox 2522 3304 2726 3365; x_wconf 90' lang='lat' dir='ltr'><strong>septem</strong></span> <span class='ocrx_word' id='word_1_419' title='bbox 2773 3296 3105 3365; x_wconf 89' lang='lat' dir='ltr'><strong>septimanis.</strong></span> <span class='ocrx_word' id='word_1_420' title='bbox 3159 3296 3266 3352; x_wconf 88' lang='lat' dir='ltr'><strong>Sed</strong></span> <span class='ocrx_word' id='word_1_421' title='bbox 3311 3296 3520 3353; x_wconf 90' lang='lat' dir='ltr'><strong>dierum</strong></span> 
     </span>
    </p>
   </div>
   <div class='ocr_carea' id='block_1_64' title="bbox 228 3395 1825 3475">
    <p class='ocr_par' dir='ltr' id='par_1_64' title="bbox 228 3395 1825 3475">
     <span class='ocr_line' id='line_1_64' title="bbox 228 3395 1825 3475; baseline 0.008 -28"><span class='ocrx_word' id='word_1_422' title='bbox 228 3395 672 3464; x_wconf 83' lang='lat' dir='ltr'><strong>quemadmodum</strong></span> <span class='ocrx_word' id='word_1_423' title='bbox 705 3399 903 3454; x_wconf 75' lang='lat' dir='ltr'><strong>vidistis</strong></span> <span class='ocrx_word' id='word_1_424' title='bbox 928 3417 1046 3455; x_wconf 85' lang='lat' dir='ltr'><strong>eum</strong></span> <span class='ocrx_word' id='word_1_425' title='bbox 1071 3410 1275 3456; x_wconf 86' lang='lat' dir='ltr'><strong>euntem</strong></span> <span class='ocrx_word' id='word_1_426' title='bbox 1300 3403 1355 3455; x_wconf 85' lang='lat' dir='ltr'><strong>in</strong></span> <span class='ocrx_word' id='word_1_427' title='bbox 1386 3402 1571 3457; x_wconf 75' lang='lat' dir='ltr'><strong>caelum</strong></span> <span class='ocrx_word' id='word_1_428' title='bbox 1599 3402 1736 3474; x_wconf 85' lang='lat' dir='ltr'><strong>(Act.</strong></span> <span class='ocrx_word' id='word_1_429' title='bbox 1762 3402 1825 3475; x_wconf 80' lang='grc' dir='ltr'><strong>ι),</strong></span> 
     </span>
    </p>
   </div>
   <div class='ocr_carea' id='block_1_65' title="bbox 232 3484 1830 3565">
    <p class='ocr_par' dir='ltr' id='par_1_65' title="bbox 232 3484 1830 3565">
     <span class='ocr_line' id='line_1_65' title="bbox 232 3484 1830 3565; baseline 0.006 -26"><span class='ocrx_word' id='word_1_430' title='bbox 232 3484 292 3539; x_wconf 86' lang='lat' dir='ltr'><strong>id</strong></span> <span class='ocrx_word' id='word_1_431' title='bbox 315 3495 416 3550; x_wconf 88' lang='lat' dir='ltr'><strong>est,</strong></span> <span class='ocrx_word' id='word_1_432' title='bbox 443 3489 630 3543; x_wconf 87' lang='lat' dir='ltr'><strong>eadem</strong></span> <span class='ocrx_word' id='word_1_433' title='bbox 661 3490 841 3544; x_wconf 90' lang='lat' dir='ltr'><strong>carnis</strong></span> <span class='ocrx_word' id='word_1_434' title='bbox 860 3491 1038 3559; x_wconf 86' lang='lat' dir='ltr'><strong>specie</strong></span> <span class='ocrx_word' id='word_1_435' title='bbox 1061 3499 1219 3560; x_wconf 92' lang='lat' dir='ltr'><strong>atque</strong></span> <span class='ocrx_word' id='word_1_436' title='bbox 1249 3493 1568 3559; x_wconf 89' lang='lat' dir='ltr'><strong>substantia,</strong></span> <span class='ocrx_word' id='word_1_437' title='bbox 1600 3494 1684 3548; x_wconf 92' lang='lat' dir='ltr'><strong>cui</strong></span> <span class='ocrx_word' id='word_1_438' title='bbox 1705 3508 1830 3565; x_wconf 86' lang='lat' dir='ltr'><strong>pro-</strong></span> 
     </span>
    </p>
   </div>
   <div class='ocr_carea' id='block_1_66' title="bbox 231 3574 1869 3645">
    <p class='ocr_par' dir='ltr' id='par_1_66' title="bbox 231 3574 1869 3645">
     <span class='ocr_line' id='line_1_66' title="bbox 231 3574 1869 3645; baseline 0.005 -16"><span class='ocrx_word' id='word_1_439' title='bbox 231 3574 384 3631; x_wconf 83' lang='lat' dir='ltr'><strong>fecto</strong></span> <span class='ocrx_word' id='word_1_440' title='bbox 410 3578 565 3631; x_wconf 90' lang='lat' dir='ltr'><strong>carni</strong></span> <span class='ocrx_word' id='word_1_441' title='bbox 602 3578 1061 3634; x_wconf 86' lang='lat' dir='ltr'><strong>immortalitatem</strong></span> <span class='ocrx_word' id='word_1_442' title='bbox 1098 3580 1262 3645; x_wconf 91' lang='lat' dir='ltr'><strong>dedit,</strong></span> <span class='ocrx_word' id='word_1_443' title='bbox 1289 3589 1539 3635; x_wconf 92' lang='lat' dir='ltr'><strong>naturam</strong></span> <span class='ocrx_word' id='word_1_444' title='bbox 1571 3596 1678 3637; x_wconf 91' lang='lat' dir='ltr'><strong>non</strong></span> <span class='ocrx_word' id='word_1_445' title='bbox 1705 3583 1828 3638; x_wconf 88' lang='lat' dir='ltr'><strong>abs-</strong></span> <span class='ocrx_word' id='word_1_446' title='bbox 1862 3604 1869 3611; x_wconf 73' lang='grc'><strong>’</strong></span> 
     </span>
    </p>
   </div>
   <div class='ocr_carea' id='block_1_67' title="bbox 232 3666 1827 3740">
    <p class='ocr_par' dir='ltr' id='par_1_67' title="bbox 232 3666 1827 3740">
     <span class='ocr_line' id='line_1_67' title="bbox 232 3666 1827 3740; baseline 0.006 -21"><span class='ocrx_word' id='word_1_447' title='bbox 232 3666 380 3720; x_wconf 89' lang='lat' dir='ltr'><strong>tulit.</strong></span> <span class='ocrx_word' id='word_1_448' title='bbox 425 3667 655 3722; x_wconf 84' lang='lat' dir='ltr'><strong>Dextera</strong></span> <span class='ocrx_word' id='word_1_449' title='bbox 704 3676 884 3722; x_wconf 89' lang='lat' dir='ltr'><strong>autem</strong></span> <span class='ocrx_word' id='word_1_450' title='bbox 932 3668 1109 3724; x_wconf 89' lang='lat' dir='ltr'><strong>Patris</strong></span> <span class='ocrx_word' id='word_1_451' title='bbox 1152 3671 1219 3725; x_wconf 91' lang='lat' dir='ltr'><strong>ad</strong></span> <span class='ocrx_word' id='word_1_452' title='bbox 1256 3687 1419 3740; x_wconf 90' lang='lat' dir='ltr'><strong>quam</strong></span> <span class='ocrx_word' id='word_1_453' title='bbox 1463 3672 1603 3726; x_wconf 89' lang='lat' dir='ltr'><strong>idem</strong></span> <span class='ocrx_word' id='word_1_454' title='bbox 1659 3673 1827 3729; x_wconf 90' lang='lat' dir='ltr'><strong>Filius</strong></span> 
     </span>
    </p>
   </div>
   <div class='ocr_carea' id='block_1_68' title="bbox 229 3757 1825 3831">
    <p class='ocr_par' dir='ltr' id='par_1_68' title="bbox 229 3757 1825 3831">
     <span class='ocr_line' id='line_1_68' title="bbox 229 3757 1825 3831; baseline 0.006 -20"><span class='ocrx_word' id='word_1_455' title='bbox 229 3757 430 3811; x_wconf 84' lang='lat' dir='ltr'><strong>sedere</strong></span> <span class='ocrx_word' id='word_1_456' title='bbox 456 3757 712 3824; x_wconf 88' lang='lat' dir='ltr'><strong>creditur,</strong></span> <span class='ocrx_word' id='word_1_457' title='bbox 748 3775 855 3814; x_wconf 91' lang='lat' dir='ltr'><strong>non</strong></span> <span class='ocrx_word' id='word_1_458' title='bbox 880 3767 965 3815; x_wconf 89' lang='lat' dir='ltr'><strong>est</strong></span> <span class='ocrx_word' id='word_1_459' title='bbox 991 3775 1268 3830; x_wconf 87' lang='lat' dir='ltr'><strong>corporea,</strong></span> <span class='ocrx_word' id='word_1_460' title='bbox 1305 3762 1448 3831; x_wconf 94' lang='lat' dir='ltr'><strong>quod</strong></span> <span class='ocrx_word' id='word_1_461' title='bbox 1469 3764 1619 3819; x_wconf 86' lang='lat' dir='ltr'><strong>nefas</strong></span> <span class='ocrx_word' id='word_1_462' title='bbox 1647 3772 1732 3819; x_wconf 88' lang='lat' dir='ltr'><strong>est.</strong></span> <span class='ocrx_word' id='word_1_463' title='bbox 1760 3764 1825 3820; x_wconf 88' lang='lat' dir='ltr'><strong>de</strong></span> 
     </span>
    </p>
   </div>
   <div class='ocr_carea' id='block_1_69' title="bbox 230 3838 1824 3925">
    <p class='ocr_par' dir='ltr' id='par_1_69' title="bbox 230 3838 1824 3925">
     <span class='ocr_line' id='line_1_69' title="bbox 230 3838 1824 3925; baseline 0.003 -21"><span class='ocrx_word' id='word_1_464' title='bbox 230 3849 348 3904; x_wconf 91' lang='lat' dir='ltr'><strong>Deo</strong></span> <span class='ocrx_word' id='word_1_465' title='bbox 374 3849 600 3914; x_wconf 85' lang='lat' dir='ltr'><strong>sentire,</strong></span> <span class='ocrx_word' id='word_1_466' title='bbox 624 3849 716 3904; x_wconf 89' lang='lat' dir='ltr'><strong>sed</strong></span> <span class='ocrx_word' id='word_1_467' title='bbox 743 3850 960 3905; x_wconf 85' lang='lat' dir='ltr'><strong>dextera</strong></span> <span class='ocrx_word' id='word_1_468' title='bbox 1002 3838 1198 3917; x_wconf 83' lang='lat' dir='ltr'><strong>Patris,</strong></span> <span class='ocrx_word' id='word_1_469' title='bbox 1222 3860 1303 3907; x_wconf 87' lang='lat' dir='ltr'><strong>est</strong></span> <span class='ocrx_word' id='word_1_470' title='bbox 1330 3853 1607 3908; x_wconf 90' lang='lat' dir='ltr'><strong>beatitudo</strong></span> <span class='ocrx_word' id='word_1_471' title='bbox 1628 3870 1824 3925; x_wconf 88' lang='lat' dir='ltr'><strong>perpe-</strong></span> 
     </span>
    </p>
   </div>
   <div class='ocr_carea' id='block_1_70' title="bbox 232 3940 1803 4014">
    <p class='ocr_par' dir='ltr' id='par_1_70' title="bbox 232 3940 1803 4014">
     <span class='ocr_line' id='line_1_70' title="bbox 232 3940 1803 4014; baseline 0.004 -19"><span class='ocrx_word' id='word_1_472' title='bbox 232 3950 353 4004; x_wconf 88' lang='lat' dir='ltr'><strong>tua,</strong></span> <span class='ocrx_word' id='word_1_473' title='bbox 389 3955 509 4009; x_wconf 77' lang='lat' dir='ltr'><strong>qua:</strong></span> <span class='ocrx_word' id='word_1_474' title='bbox 536 3940 736 3996; x_wconf 90' lang='lat' dir='ltr'><strong>sanctis</strong></span> <span class='ocrx_word' id='word_1_475' title='bbox 764 3941 818 3995; x_wconf 90' lang='lat' dir='ltr'><strong>in</strong></span> <span class='ocrx_word' id='word_1_476' title='bbox 844 3944 1236 3999; x_wconf 88' lang='lat' dir='ltr'><strong>resurrectione</strong></span> <span class='ocrx_word' id='word_1_477' title='bbox 1266 3946 1619 4014; x_wconf 90' lang='lat' dir='ltr'><strong>promittitur,</strong></span> <span class='ocrx_word' id='word_1_478' title='bbox 1646 3947 1699 4001; x_wconf 90' lang='lat' dir='ltr'><strong>id</strong></span> <span class='ocrx_word' id='word_1_479' title='bbox 1719 3956 1803 4002; x_wconf 90' lang='lat' dir='ltr'><strong>est</strong></span> 
     </span>
    </p>
   </div>
   <div class='ocr_carea' id='block_1_71' title="bbox 231 4030 1826 4105">
    <p class='ocr_par' dir='ltr' id='par_1_71' title="bbox 231 4030 1826 4105">
     <span class='ocr_line' id='line_1_71' title="bbox 231 4030 1826 4105; baseline 0.004 -20"><span class='ocrx_word' id='word_1_480' title='bbox 231 4032 504 4087; x_wconf 61' lang='lat' dir='ltr'><strong>universie</strong></span> <span class='ocrx_word' id='word_1_481' title='bbox 548 4030 801 4086; x_wconf 67' lang='lat' dir='ltr'><strong>Ecclesiae</strong></span> <span class='ocrx_word' id='word_1_482' title='bbox 846 4049 963 4103; x_wconf 82' lang='lat' dir='ltr'><strong>quae</strong></span> <span class='ocrx_word' id='word_1_483' title='bbox 996 4042 1078 4089; x_wconf 89' lang='lat' dir='ltr'><strong>est</strong></span> <span class='ocrx_word' id='word_1_484' title='bbox 1125 4050 1321 4105; x_wconf 87' lang='lat' dir='ltr'><strong>corpus</strong></span> <span class='ocrx_word' id='word_1_485' title='bbox 1347 4035 1581 4101; x_wconf 88' lang='lat' dir='ltr'><strong>Christi;</strong></span> <span class='ocrx_word' id='word_1_486' title='bbox 1609 4038 1747 4092; x_wconf 90' lang='lat' dir='ltr'><strong>sicut</strong></span> <span class='ocrx_word' id='word_1_487' title='bbox 1771 4045 1826 4092; x_wconf 87' lang='lat' dir='ltr'><strong>et</strong></span> 
     </span>
    </p>
   </div>
   <div class='ocr_carea' id='block_1_72' title="bbox 233 4119 1827 4198">
    <p class='ocr_par' dir='ltr' id='par_1_72' title="bbox 233 4119 1827 4198">
     <span class='ocr_line' id='line_1_72' title="bbox 233 4119 1827 4198; baseline 0.006 -24"><span class='ocrx_word' id='word_1_488' title='bbox 233 4119 457 4174; x_wconf 90' lang='lat' dir='ltr'><strong>sinistra</strong></span> <span class='ocrx_word' id='word_1_489' title='bbox 506 4119 622 4189; x_wconf 89' lang='lat' dir='ltr'><strong>ejus</strong></span> <span class='ocrx_word' id='word_1_490' title='bbox 669 4120 983 4192; x_wconf 90' lang='lat' dir='ltr'><strong>intelligitur</strong></span> <span class='ocrx_word' id='word_1_491' title='bbox 1025 4125 1243 4179; x_wconf 89' lang='lat' dir='ltr'><strong>miseria</strong></span> <span class='ocrx_word' id='word_1_492' title='bbox 1281 4134 1335 4179; x_wconf 93' lang='lat' dir='ltr'><strong>et</strong></span> <span class='ocrx_word' id='word_1_493' title='bbox 1361 4140 1520 4196; x_wconf 71' lang='lat' dir='ltr'><strong>ptena</strong></span> <span class='ocrx_word' id='word_1_494' title='bbox 1543 4137 1827 4198; x_wconf 78' lang='lat' dir='ltr'><strong>perpetua,</strong></span> 
     </span>
    </p>
   </div>
   <div class='ocr_carea' id='block_1_73' title="bbox 232 4211 1821 4287">
    <p class='ocr_par' dir='ltr' id='par_1_73' title="bbox 232 4211 1821 4287">
     <span class='ocr_line' id='line_1_73' title="bbox 232 4211 1821 4287; baseline 0.008 -24"><span class='ocrx_word' id='word_1_495' title='bbox 232 4225 357 4280; x_wconf 84' lang='lat' dir='ltr'><strong>quae</strong></span> <span class='ocrx_word' id='word_1_496' title='bbox 378 4211 555 4280; x_wconf 89' lang='lat' dir='ltr'><strong>impiis</strong></span> <span class='ocrx_word' id='word_1_497' title='bbox 579 4212 811 4267; x_wconf 87' lang='lat' dir='ltr'><strong>dabitur.</strong></span> <span class='ocrx_word' id='word_1_498' title='bbox 835 4213 976 4269; x_wconf 85' lang='lat' dir='ltr'><strong>Ante</strong></span> <span class='ocrx_word' id='word_1_499' title='bbox 997 4214 1138 4269; x_wconf 90' lang='lat' dir='ltr'><strong>hanc</strong></span> <span class='ocrx_word' id='word_1_500' title='bbox 1160 4230 1290 4287; x_wconf 89' lang='lat' dir='ltr'><strong>ergo</strong></span> <span class='ocrx_word' id='word_1_501' title='bbox 1309 4217 1451 4271; x_wconf 89' lang='lat' dir='ltr'><strong>diem</strong></span> <span class='ocrx_word' id='word_1_502' title='bbox 1477 4218 1821 4275; x_wconf 87' lang='lat' dir='ltr'><strong>Ascensionis</strong></span> 
     </span>
    </p>
   </div>
   <div class='ocr_carea' id='block_1_74' title="bbox 232 4302 1820 4378">
    <p class='ocr_par' dir='ltr' id='par_1_74' title="bbox 232 4302 1820 4378">
     <span class='ocr_line' id='line_1_74' title="bbox 232 4302 1820 4378; baseline 0.005 -21"><span class='ocrx_word' id='word_1_503' title='bbox 232 4302 474 4368; x_wconf 88' lang='lat' dir='ltr'><strong>Domini,</strong></span> <span class='ocrx_word' id='word_1_504' title='bbox 521 4319 639 4358; x_wconf 91' lang='lat' dir='ltr'><strong>mos</strong></span> <span class='ocrx_word' id='word_1_505' title='bbox 682 4313 765 4359; x_wconf 92' lang='lat' dir='ltr'><strong>est</strong></span> <span class='ocrx_word' id='word_1_506' title='bbox 809 4304 1174 4360; x_wconf 89' lang='lat' dir='ltr'><strong>Ecclesiarum</strong></span> <span class='ocrx_word' id='word_1_507' title='bbox 1216 4305 1521 4362; x_wconf 88' lang='lat' dir='ltr'><strong>Occidentis</strong></span> <span class='ocrx_word' id='word_1_508' title='bbox 1567 4323 1665 4378; x_wconf 92' lang='lat' dir='ltr'><strong>per</strong></span> <span class='ocrx_word' id='word_1_509' title='bbox 1712 4318 1820 4365; x_wconf 90' lang='lat' dir='ltr'><strong>tres</strong></span> 
     </span>
    </p>
   </div>
   <div class='ocr_carea' id='block_1_75' title="bbox 230 4395 1815 4473">
    <p class='ocr_par' dir='ltr' id='par_1_75' title="bbox 230 4395 1815 4473">
     <span class='ocr_line' id='line_1_75' title="bbox 230 4395 1815 4473; baseline 0.006 -23"><span class='ocrx_word' id='word_1_510' title='bbox 230 4395 350 4450; x_wconf 89' lang='lat' dir='ltr'><strong>dies</strong></span> <span class='ocrx_word' id='word_1_511' title='bbox 373 4396 647 4466; x_wconf 86' lang='lat' dir='ltr'><strong>proximos</strong></span> <span class='ocrx_word' id='word_1_512' title='bbox 669 4395 935 4466; x_wconf 87' lang='lat' dir='ltr'><strong>jejunium</strong></span> <span class='ocrx_word' id='word_1_513' title='bbox 981 4413 1265 4465; x_wconf 83' lang='lat' dir='ltr'><strong>exercere,</strong></span> <span class='ocrx_word' id='word_1_514' title='bbox 1316 4407 1372 4467; x_wconf 84' lang='lat' dir='ltr'><strong>et</strong></span> <span class='ocrx_word' id='word_1_515' title='bbox 1392 4400 1607 4456; x_wconf 89' lang='lat' dir='ltr'><strong>litanias</strong></span> <span class='ocrx_word' id='word_1_516' title='bbox 1635 4418 1815 4473; x_wconf 89' lang='lat' dir='ltr'><strong>agere,</strong></span> 
     </span>
    </p>
   </div>
   <div class='ocr_carea' id='block_1_76' title="bbox 229 4489 1818 4559">
    <p class='ocr_par' dir='ltr' id='par_1_76' title="bbox 229 4489 1818 4559">
     <span class='ocr_line' id='line_1_76' title="bbox 229 4489 1818 4559; baseline 0.006 -17"><span class='ocrx_word' id='word_1_517' title='bbox 229 4499 287 4542; x_wconf 91' lang='lat' dir='ltr'><strong>et</strong></span> <span class='ocrx_word' id='word_1_518' title='bbox 315 4489 418 4542; x_wconf 91' lang='lat' dir='ltr'><strong>hoc</strong></span> <span class='ocrx_word' id='word_1_519' title='bbox 467 4504 717 4559; x_wconf 89' lang='lat' dir='ltr'><strong>congrue.</strong></span> <span class='ocrx_word' id='word_1_520' title='bbox 749 4489 883 4544; x_wconf 85' lang='lat' dir='ltr'><strong>Nam</strong></span> <span class='ocrx_word' id='word_1_521' title='bbox 930 4491 973 4546; x_wconf 92' lang='lat' dir='ltr'><strong>si</strong></span> <span class='ocrx_word' id='word_1_522' title='bbox 1000 4492 1269 4548; x_wconf 89' lang='lat' dir='ltr'><strong>credimus</strong></span> <span class='ocrx_word' id='word_1_523' title='bbox 1311 4492 1582 4548; x_wconf 89' lang='lat' dir='ltr'><strong>Christum</strong></span> <span class='ocrx_word' id='word_1_524' title='bbox 1626 4495 1679 4548; x_wconf 90' lang='lat' dir='ltr'><strong>in</strong></span> <span class='ocrx_word' id='word_1_525' title='bbox 1714 4495 1818 4551; x_wconf 87' lang='lat' dir='ltr'><strong>hoc</strong></span> 
     </span>
    </p>
   </div>
   <div class='ocr_carea' id='block_1_77' title="bbox 232 4579 1816 4653">
    <p class='ocr_par' dir='ltr' id='par_1_77' title="bbox 232 4579 1816 4653">
     <span class='ocr_line' id='line_1_77' title="bbox 232 4579 1816 4653; baseline 0.005 -20"><span class='ocrx_word' id='word_1_526' title='bbox 232 4588 477 4647; x_wconf 90' lang='lat' dir='ltr'><strong>tempore</strong></span> <span class='ocrx_word' id='word_1_527' title='bbox 509 4579 577 4633; x_wconf 86' lang='lat' dir='ltr'><strong>ad</strong></span> <span class='ocrx_word' id='word_1_528' title='bbox 624 4580 790 4650; x_wconf 76' lang='lat' dir='ltr'><strong>caelos</strong></span> <span class='ocrx_word' id='word_1_529' title='bbox 831 4582 1156 4649; x_wconf 87' lang='lat' dir='ltr'><strong>ascendisse,</strong></span> <span class='ocrx_word' id='word_1_530' title='bbox 1201 4582 1419 4653; x_wconf 90' lang='lat' dir='ltr'><strong>dignum</strong></span> <span class='ocrx_word' id='word_1_531' title='bbox 1455 4592 1540 4638; x_wconf 90' lang='lat' dir='ltr'><strong>est</strong></span> <span class='ocrx_word' id='word_1_532' title='bbox 1565 4585 1729 4640; x_wconf 90' lang='lat' dir='ltr'><strong>etiam</strong></span> <span class='ocrx_word' id='word_1_533' title='bbox 1756 4595 1816 4641; x_wconf 92' lang='lat' dir='ltr'><strong>ut</strong></span> 
     </span>
    </p>
   </div>
   <div class='ocr_carea' id='block_1_78' title="bbox 1936 3386 3521 3460">
    <p class='ocr_par' dir='ltr' id='par_1_78' title="bbox 1936 3386 3521 3460">
     <span class='ocr_line' id='line_1_78' title="bbox 1936 3386 3521 3460; baseline -0.001 -16"><span class='ocrx_word' id='word_1_534' title='bbox 1936 3389 2151 3460; x_wconf 90' lang='lat' dir='ltr'><strong>quidem</strong></span> <span class='ocrx_word' id='word_1_535' title='bbox 2188 3390 2498 3460; x_wconf 63' lang='lat' dir='ltr'><strong>septimanae</strong></span> <span class='ocrx_word' id='word_1_536' title='bbox 2537 3394 2797 3456; x_wconf 90' lang='lat' dir='ltr'><strong>generant</strong></span> <span class='ocrx_word' id='word_1_537' title='bbox 2820 3386 3062 3441; x_wconf 89' lang='lat' dir='ltr'><strong>eamdem</strong></span> <span class='ocrx_word' id='word_1_538' title='bbox 3086 3386 3436 3443; x_wconf 88' lang='lat' dir='ltr'><strong>Pentecosten</strong></span> <span class='ocrx_word' id='word_1_539' title='bbox 3468 3390 3521 3442; x_wconf 91' lang='lat' dir='ltr'><strong>in</strong></span> 
     </span>
    </p>
   </div>
   <div class='ocr_carea' id='block_1_79' title="bbox 1935 3475 3521 3551">
    <p class='ocr_par' dir='ltr' id='par_1_79' title="bbox 1935 3475 3521 3551">
     <span class='ocr_line' id='line_1_79' title="bbox 1935 3475 3521 3551; baseline -0.001 -16"><span class='ocrx_word' id='word_1_540' title='bbox 1935 3496 2042 3551; x_wconf 90' lang='lat' dir='ltr'><strong>quo</strong></span> <span class='ocrx_word' id='word_1_541' title='bbox 2070 3480 2132 3535; x_wconf 86' lang='lat' dir='ltr'><strong>ﬁt</strong></span> <span class='ocrx_word' id='word_1_542' title='bbox 2154 3479 2364 3549; x_wconf 89' lang='lat' dir='ltr'><strong>peccati</strong></span> <span class='ocrx_word' id='word_1_543' title='bbox 2388 3477 2635 3533; x_wconf 89' lang='lat' dir='ltr'><strong>remissio</strong></span> <span class='ocrx_word' id='word_1_544' title='bbox 2658 3491 2758 3545; x_wconf 89' lang='lat' dir='ltr'><strong>per</strong></span> <span class='ocrx_word' id='word_1_545' title='bbox 2776 3475 3032 3545; x_wconf 88' lang='lat' dir='ltr'><strong>Spiritum</strong></span> <span class='ocrx_word' id='word_1_546' title='bbox 3060 3484 3323 3532; x_wconf 88' lang='lat' dir='ltr'><strong>sanctum.</strong></span> <span class='ocrx_word' id='word_1_547' title='bbox 3338 3478 3521 3533; x_wconf 84' lang='lat' dir='ltr'><strong>Anno-</strong></span> 
     </span>
    </p>
   </div>
   <div class='ocr_carea' id='block_1_80' title="bbox 1935 3567 3515 3642">
    <p class='ocr_par' dir='ltr' id='par_1_80' title="bbox 1935 3567 3515 3642">
     <span class='ocr_line' id='line_1_80' title="bbox 1935 3567 3515 3642; baseline 0 -17"><span class='ocrx_word' id='word_1_548' title='bbox 1935 3585 2057 3627; x_wconf 89' lang='lat' dir='ltr'><strong>rum</strong></span> <span class='ocrx_word' id='word_1_549' title='bbox 2078 3587 2208 3627; x_wconf 88' lang='lat' dir='ltr'><strong>vero</strong></span> <span class='ocrx_word' id='word_1_550' title='bbox 2222 3572 2535 3642; x_wconf 64' lang='lat' dir='ltr'><strong>septimanae</strong></span> <span class='ocrx_word' id='word_1_551' title='bbox 2548 3567 3050 3639; x_wconf 88' lang='lat' dir='ltr'><strong>quinquagesimum</strong></span> <span class='ocrx_word' id='word_1_552' title='bbox 3070 3583 3269 3623; x_wconf 90' lang='lat' dir='ltr'><strong>annum</strong></span> <span class='ocrx_word' id='word_1_553' title='bbox 3288 3568 3515 3636; x_wconf 88' lang='lat' dir='ltr'><strong>faciunt,</strong></span> 
     </span>
    </p>
   </div>
   <div class='ocr_carea' id='block_1_81' title="bbox 1934 3658 3522 3735">
    <p class='ocr_par' dir='ltr' id='par_1_81' title="bbox 1934 3658 3522 3735">
     <span class='ocr_line' id='line_1_81' title="bbox 1934 3658 3522 3735; baseline -0.003 -16"><span class='ocrx_word' id='word_1_554' title='bbox 1934 3667 2025 3734; x_wconf 90' lang='lat' dir='ltr'><strong>qui</strong></span> <span class='ocrx_word' id='word_1_555' title='bbox 2051 3664 2193 3735; x_wconf 92' lang='lat' dir='ltr'><strong>apud</strong></span> <span class='ocrx_word' id='word_1_556' title='bbox 2221 3663 2477 3718; x_wconf 65' lang='lat' dir='ltr'><strong>Hebrreos</strong></span> <span class='ocrx_word' id='word_1_557' title='bbox 2505 3659 2754 3731; x_wconf 75' lang='lat' dir='ltr'><strong>jubilaeus</strong></span> <span class='ocrx_word' id='word_1_558' title='bbox 2790 3658 3121 3726; x_wconf 89' lang='lat' dir='ltr'><strong>nominatur,</strong></span> <span class='ocrx_word' id='word_1_559' title='bbox 3152 3660 3206 3714; x_wconf 90' lang='lat' dir='ltr'><strong>in</strong></span> <span class='ocrx_word' id='word_1_560' title='bbox 3235 3676 3342 3731; x_wconf 92' lang='lat' dir='ltr'><strong>quo</strong></span> <span class='ocrx_word' id='word_1_561' title='bbox 3376 3661 3522 3716; x_wconf 88' lang='lat' dir='ltr'><strong>simi-</strong></span> 
     </span>
    </p>
   </div>
   <div class='ocr_carea' id='block_1_82' title="bbox 1931 3751 3523 3817">
    <p class='ocr_par' dir='ltr' id='par_1_82' title="bbox 1931 3751 3523 3817">
     <span class='ocr_line' id='line_1_82' title="bbox 1931 3751 3523 3817; baseline -0.003 -7"><span class='ocrx_word' id='word_1_562' title='bbox 1931 3755 2056 3813; x_wconf 88' lang='lat' dir='ltr'><strong>liter</strong></span> <span class='ocrx_word' id='word_1_563' title='bbox 2108 3766 2265 3812; x_wconf 83' lang='lat' dir='ltr'><strong>terrae</strong></span> <span class='ocrx_word' id='word_1_564' title='bbox 2313 3756 2373 3809; x_wconf 86' lang='lat' dir='ltr'><strong>fit</strong></span> <span class='ocrx_word' id='word_1_565' title='bbox 2414 3753 2705 3817; x_wconf 89' lang='lat' dir='ltr'><strong>remissio,</strong></span> <span class='ocrx_word' id='word_1_566' title='bbox 2749 3759 2804 3806; x_wconf 88' lang='lat' dir='ltr'><strong>et</strong></span> <span class='ocrx_word' id='word_1_567' title='bbox 2847 3767 3126 3807; x_wconf 84' lang='lat' dir='ltr'><strong>servorum</strong></span> <span class='ocrx_word' id='word_1_568' title='bbox 3180 3751 3421 3817; x_wconf 89' lang='lat' dir='ltr'><strong>libertas,</strong></span> <span class='ocrx_word' id='word_1_569' title='bbox 3468 3762 3523 3807; x_wconf 87' lang='lat' dir='ltr'><strong>et</strong></span> 
     </span>
    </p>
   </div>
   <div class='ocr_carea' id='block_1_83' title="bbox 1930 3840 3518 3920">
    <p class='ocr_par' dir='ltr' id='par_1_83' title="bbox 1930 3840 3518 3920">
     <span class='ocr_line' id='line_1_83' title="bbox 1930 3840 3518 3920; baseline -0.006 -16"><span class='ocrx_word' id='word_1_570' title='bbox 1930 3849 2329 3920; x_wconf 89' lang='lat' dir='ltr'><strong>possessionum</strong></span> <span class='ocrx_word' id='word_1_571' title='bbox 2373 3844 2662 3908; x_wconf 89' lang='lat' dir='ltr'><strong>restitutio,</strong></span> <span class='ocrx_word' id='word_1_572' title='bbox 2689 3856 2805 3911; x_wconf 77' lang='lat' dir='ltr'><strong>quae</strong></span> <span class='ocrx_word' id='word_1_573' title='bbox 2846 3842 3023 3912; x_wconf 90' lang='lat' dir='ltr'><strong>pretio</strong></span> <span class='ocrx_word' id='word_1_574' title='bbox 3064 3840 3279 3895; x_wconf 88' lang='lat' dir='ltr'><strong>fuerant</strong></span> <span class='ocrx_word' id='word_1_575' title='bbox 3299 3856 3518 3910; x_wconf 89' lang='lat' dir='ltr'><strong>compa-</strong></span> 
     </span>
    </p>
   </div>
   <div class='ocr_carea' id='block_1_84' title="bbox 1931 3934 3517 4009">
    <p class='ocr_par' dir='ltr' id='par_1_84' title="bbox 1931 3934 3517 4009">
     <span class='ocr_line' id='line_1_84' title="bbox 1931 3934 3517 4009; baseline -0.004 -14"><span class='ocrx_word' id='word_1_576' title='bbox 1931 3949 2064 3995; x_wconf 90' lang='lat' dir='ltr'><strong>rata.</strong></span> <span class='ocrx_word' id='word_1_577' title='bbox 2120 3938 2337 4009; x_wconf 90' lang='lat' dir='ltr'><strong>Septem</strong></span> <span class='ocrx_word' id='word_1_578' title='bbox 2384 3936 2584 3992; x_wconf 91' lang='lat' dir='ltr'><strong>etenim</strong></span> <span class='ocrx_word' id='word_1_579' title='bbox 2628 3934 2824 4005; x_wconf 85' lang='lat' dir='ltr'><strong>septies</strong></span> <span class='ocrx_word' id='word_1_580' title='bbox 2870 3934 3206 4003; x_wconf 88' lang='lat' dir='ltr'><strong>multiplicati</strong></span> <span class='ocrx_word' id='word_1_581' title='bbox 3250 3934 3517 4004; x_wconf 86' lang='lat' dir='ltr'><strong>quinqua-</strong></span> 
     </span>
    </p>
   </div>
   <div class='ocr_carea' id='block_1_85' title="bbox 1930 4029 3520 4103">
    <p class='ocr_par' dir='ltr' id='par_1_85' title="bbox 1930 4029 3520 4103">
     <span class='ocr_line' id='line_1_85' title="bbox 1930 4029 3520 4103; baseline -0.001 -18"><span class='ocrx_word' id='word_1_582' title='bbox 1930 4031 2208 4103; x_wconf 87' lang='lat' dir='ltr'><strong>genarium</strong></span> <span class='ocrx_word' id='word_1_583' title='bbox 2228 4045 2291 4085; x_wconf 84' lang='lat' dir='ltr'><strong>ex</strong></span> <span class='ocrx_word' id='word_1_584' title='bbox 2315 4044 2374 4084; x_wconf 91' lang='lat' dir='ltr'><strong>se</strong></span> <span class='ocrx_word' id='word_1_585' title='bbox 2393 4036 2654 4100; x_wconf 88' lang='lat' dir='ltr'><strong>generant</strong></span> <span class='ocrx_word' id='word_1_586' title='bbox 2672 4041 2973 4093; x_wconf 89' lang='lat' dir='ltr'><strong>numerum,</strong></span> <span class='ocrx_word' id='word_1_587' title='bbox 2988 4035 3261 4097; x_wconf 90' lang='lat' dir='ltr'><strong>assumpta</strong></span> <span class='ocrx_word' id='word_1_588' title='bbox 3290 4029 3520 4084; x_wconf 86' lang='lat' dir='ltr'><strong>monade</strong></span> 
     </span>
    </p>
   </div>
   <div class='ocr_carea' id='block_1_86' title="bbox 1928 4109 3522 4194">
    <p class='ocr_par' dir='ltr' id='par_1_86' title="bbox 1928 4109 3522 4194">
     <span class='ocr_line' id='line_1_86' title="bbox 1928 4109 3522 4194; baseline -0.003 -15"><span class='ocrx_word' id='word_1_589' title='bbox 1928 4140 2090 4194; x_wconf 89' lang='lat' dir='ltr'><strong>quam</strong></span> <span class='ocrx_word' id='word_1_590' title='bbox 2118 4140 2186 4179; x_wconf 81' lang='lat' dir='ltr'><strong>ex</strong></span> <span class='ocrx_word' id='word_1_591' title='bbox 2216 4122 2384 4178; x_wconf 90' lang='lat' dir='ltr'><strong>futuri</strong></span> <span class='ocrx_word' id='word_1_592' title='bbox 2410 4121 2592 4177; x_wconf 64' lang='lat' dir='ltr'><strong>seaculi</strong></span> <span class='ocrx_word' id='word_1_593' title='bbox 2623 4109 2793 4189; x_wconf 84' lang='lat' dir='ltr'><strong>figura</strong></span> <span class='ocrx_word' id='word_1_594' title='bbox 2834 4127 3215 4190; x_wconf 63' lang='lat' dir='ltr'><strong>praesumptam</strong></span> <span class='ocrx_word' id='word_1_595' title='bbox 3261 4135 3380 4175; x_wconf 90' lang='lat' dir='ltr'><strong>esse</strong></span> <span class='ocrx_word' id='word_1_596' title='bbox 3405 4136 3522 4175; x_wconf 87' lang='lat' dir='ltr'><strong>ma-</strong></span> 
     </span>
    </p>
   </div>
   <div class='ocr_carea' id='block_1_87' title="bbox 1872 4210 3519 4286">
    <p class='ocr_par' dir='ltr' id='par_1_87' title="bbox 1872 4210 3519 4286">
     <span class='ocr_line' id='line_1_87' title="bbox 1872 4210 3519 4286; baseline -0.002 -16"><span class='ocrx_word' id='word_1_597' title='bbox 1872 4276 1881 4281; x_wconf 80' lang='grc' dir='ltr'><strong> </strong></span> <span class='ocrx_word' id='word_1_598' title='bbox 1921 4216 2101 4286; x_wconf 89' lang='lat' dir='ltr'><strong>jorum</strong></span> <span class='ocrx_word' id='word_1_599' title='bbox 2152 4214 2445 4271; x_wconf 90' lang='lat' dir='ltr'><strong>auctoritas</strong></span> <span class='ocrx_word' id='word_1_600' title='bbox 2492 4212 2674 4268; x_wconf 88' lang='lat' dir='ltr'><strong>tradit.</strong></span> <span class='ocrx_word' id='word_1_601' title='bbox 2731 4210 2819 4265; x_wconf 85' lang='lat' dir='ltr'><strong>Fit</strong></span> <span class='ocrx_word' id='word_1_602' title='bbox 2872 4211 3018 4267; x_wconf 90' lang='lat' dir='ltr'><strong>enim</strong></span> <span class='ocrx_word' id='word_1_603' title='bbox 3066 4211 3183 4281; x_wconf 85' lang='lat' dir='ltr'><strong>ipsa</strong></span> <span class='ocrx_word' id='word_1_604' title='bbox 3226 4222 3281 4266; x_wconf 87' lang='lat' dir='ltr'><strong>et</strong></span> <span class='ocrx_word' id='word_1_605' title='bbox 3327 4220 3519 4267; x_wconf 89' lang='lat' dir='ltr'><strong>octava</strong></span> 
     </span>
    </p>
   </div>
   <div class='ocr_carea' id='block_1_88' title="bbox 1880 4304 3518 4379">
    <p class='ocr_par' dir='ltr' id='par_1_88' title="bbox 1880 4304 3518 4379">
     <span class='ocr_line' id='line_1_88' title="bbox 1880 4304 3518 4379; baseline -0.005 -14"><span class='ocrx_word' id='word_1_606' title='bbox 1880 4312 1898 4339; x_wconf 68' lang='grc'><strong><em>⁵</em></strong></span> <span class='ocrx_word' id='word_1_607' title='bbox 1926 4323 2139 4379; x_wconf 86' lang='lat' dir='ltr'><strong>semper</strong></span> <span class='ocrx_word' id='word_1_608' title='bbox 2159 4308 2438 4378; x_wconf 81' lang='lat' dir='ltr'><strong>etprima,</strong></span> <span class='ocrx_word' id='word_1_609' title='bbox 2469 4306 2578 4360; x_wconf 91' lang='lat' dir='ltr'><strong>imo</strong></span> <span class='ocrx_word' id='word_1_610' title='bbox 2618 4304 2734 4375; x_wconf 89' lang='lat' dir='ltr'><strong>ipsa</strong></span> <span class='ocrx_word' id='word_1_611' title='bbox 2761 4311 2848 4358; x_wconf 90' lang='lat' dir='ltr'><strong>est</strong></span> <span class='ocrx_word' id='word_1_612' title='bbox 2892 4316 3106 4372; x_wconf 89' lang='lat' dir='ltr'><strong>semper</strong></span> <span class='ocrx_word' id='word_1_613' title='bbox 3135 4317 3263 4368; x_wconf 90' lang='lat' dir='ltr'><strong>una,</strong></span> <span class='ocrx_word' id='word_1_614' title='bbox 3289 4317 3409 4371; x_wconf 85' lang='lat' dir='ltr'><strong>quae</strong></span> <span class='ocrx_word' id='word_1_615' title='bbox 3434 4312 3518 4357; x_wconf 84' lang='lat' dir='ltr'><strong>est</strong></span> 
     </span>
    </p>
   </div>
   <div class='ocr_carea' id='block_1_89' title="bbox 1924 4395 3521 4457">
    <p class='ocr_par' dir='ltr' id='par_1_89' title="bbox 1924 4395 3521 4457">
     <span class='ocr_line' id='line_1_89' title="bbox 1924 4395 3521 4457; baseline -0.004 -1"><span class='ocrx_word' id='word_1_616' title='bbox 1924 4403 2100 4457; x_wconf 87' lang='lat' dir='ltr'><strong>omnis</strong></span> <span class='ocrx_word' id='word_1_617' title='bbox 2127 4402 2259 4456; x_wconf 90' lang='lat' dir='ltr'><strong>dies.</strong></span> <span class='ocrx_word' id='word_1_618' title='bbox 2293 4400 2525 4455; x_wconf 90' lang='lat' dir='ltr'><strong>Necesse</strong></span> <span class='ocrx_word' id='word_1_619' title='bbox 2572 4406 2656 4453; x_wconf 89' lang='lat' dir='ltr'><strong>est</strong></span> <span class='ocrx_word' id='word_1_620' title='bbox 2687 4398 2831 4452; x_wconf 89' lang='lat' dir='ltr'><strong>enim</strong></span> <span class='ocrx_word' id='word_1_621' title='bbox 2876 4395 3260 4451; x_wconf 85' lang='lat' dir='ltr'><strong>sabbatismum</strong></span> <span class='ocrx_word' id='word_1_622' title='bbox 3312 4396 3521 4450; x_wconf 87' lang='lat' dir='ltr'><strong>anima-</strong></span> 
     </span>
    </p>
   </div>
   <div class='ocr_carea' id='block_1_90' title="bbox 1922 4485 3519 4564">
    <p class='ocr_par' dir='ltr' id='par_1_90' title="bbox 1922 4485 3519 4564">
     <span class='ocr_line' id='line_1_90' title="bbox 1922 4485 3519 4564; baseline -0.006 -16"><span class='ocrx_word' id='word_1_623' title='bbox 1922 4510 2042 4548; x_wconf 90' lang='lat' dir='ltr'><strong>rum</strong></span> <span class='ocrx_word' id='word_1_624' title='bbox 2056 4493 2233 4564; x_wconf 89' lang='lat' dir='ltr'><strong>populi</strong></span> <span class='ocrx_word' id='word_1_625' title='bbox 2258 4491 2382 4546; x_wconf 90' lang='lat' dir='ltr'><strong>illuc</strong></span> <span class='ocrx_word' id='word_1_626' title='bbox 2395 4504 2683 4546; x_wconf 88' lang='lat' dir='ltr'><strong>occurrere</strong></span> <span class='ocrx_word' id='word_1_627' title='bbox 2697 4497 2858 4557; x_wconf 91' lang='lat' dir='ltr'><strong>atque</strong></span> <span class='ocrx_word' id='word_1_628' title='bbox 2873 4485 2945 4540; x_wconf 90' lang='lat' dir='ltr'><strong>ibi</strong></span> <span class='ocrx_word' id='word_1_629' title='bbox 2968 4486 3222 4555; x_wconf 89' lang='lat' dir='ltr'><strong>compleri</strong></span> <span class='ocrx_word' id='word_1_630' title='bbox 3246 4486 3338 4540; x_wconf 91' lang='lat' dir='ltr'><strong>ubi</strong></span> <span class='ocrx_word' id='word_1_631' title='bbox 3362 4487 3519 4547; x_wconf 75' lang='lat' dir='ltr'><strong>datur</strong></span> 
     </span>
    </p>
   </div>
   <div class='ocr_carea' id='block_1_91' title="bbox 1920 4576 3521 4657">
    <p class='ocr_par' dir='ltr' id='par_1_91' title="bbox 1920 4576 3521 4657">
     <span class='ocr_line' id='line_1_91' title="bbox 1920 4576 3521 4657; baseline -0.007 -16"><span class='ocrx_word' id='word_1_632' title='bbox 1920 4602 2046 4657; x_wconf 90' lang='lat' dir='ltr'><strong>pars</strong></span> <span class='ocrx_word' id='word_1_633' title='bbox 2074 4587 2158 4641; x_wconf 87' lang='lat' dir='ltr'><strong>his</strong></span> <span class='ocrx_word' id='word_1_634' title='bbox 2186 4586 2278 4656; x_wconf 90' lang='lat' dir='ltr'><strong>qui</strong></span> <span class='ocrx_word' id='word_1_635' title='bbox 2318 4593 2462 4648; x_wconf 92' lang='lat' dir='ltr'><strong>octo,</strong></span> <span class='ocrx_word' id='word_1_636' title='bbox 2494 4583 2635 4638; x_wconf 89' lang='lat' dir='ltr'><strong>sicut</strong></span> <span class='ocrx_word' id='word_1_637' title='bbox 2659 4580 2875 4650; x_wconf 88' lang='lat' dir='ltr'><strong>quidam</strong></span> <span class='ocrx_word' id='word_1_638' title='bbox 2904 4579 3173 4633; x_wconf 87' lang='lat' dir='ltr'><strong>disserens</strong></span> <span class='ocrx_word' id='word_1_639' title='bbox 3217 4576 3521 4631; x_wconf 69' lang='lat' dir='ltr'><strong>Salomoniii</strong></span> 
     </span>
    </p>
   </div>
   <div class='ocr_carea' id='block_1_92' title="bbox 231 4657 3517 4748">
    <p class='ocr_par' dir='ltr' id='par_1_92' title="bbox 231 4657 3517 4748">
     <span class='ocr_line' id='line_1_92' title="bbox 231 4657 3517 4748; baseline -0.001 -25"><span class='ocrx_word' id='word_1_640' title='bbox 231 4678 363 4724; x_wconf 79' lang='lat' dir='ltr'><strong>ante</strong></span> <span class='ocrx_word' id='word_1_641' title='bbox 409 4670 754 4743; x_wconf 82' lang='lat' dir='ltr'><strong>Ascensionis</strong></span> <span class='ocrx_word' id='word_1_642' title='bbox 786 4671 902 4741; x_wconf 89' lang='lat' dir='ltr'><strong>ejus</strong></span> <span class='ocrx_word' id='word_1_643' title='bbox 942 4675 1081 4729; x_wconf 91' lang='lat' dir='ltr'><strong>diem</strong></span> <span class='ocrx_word' id='word_1_644' title='bbox 1125 4690 1343 4744; x_wconf 91' lang='lat' dir='ltr'><strong>operam</strong></span> <span class='ocrx_word' id='word_1_645' title='bbox 1377 4675 1566 4731; x_wconf 90' lang='lat' dir='ltr'><strong>demus</strong></span> <span class='ocrx_word' id='word_1_646' title='bbox 1599 4676 1820 4748; x_wconf 90' lang='lat' dir='ltr'><strong>jejuniis</strong></span> <span class='ocrx_word' id='word_1_647' title='bbox 1845 4657 1898 4716; x_wconf 80' lang='lat' dir='ltr'><strong>D</strong></span> <span class='ocrx_word' id='word_1_648' title='bbox 1925 4679 2068 4733; x_wconf 88' lang='lat' dir='ltr'><strong>dicta</strong></span> <span class='ocrx_word' id='word_1_649' title='bbox 2116 4678 2390 4747; x_wconf 89' lang='lat' dir='ltr'><strong>sapienter</strong></span> <span class='ocrx_word' id='word_1_650' title='bbox 2432 4672 2682 4741; x_wconf 87' lang='lat' dir='ltr'><strong>exposuit</strong></span> <span class='ocrx_word' id='word_1_651' title='bbox 2729 4668 2926 4741; x_wconf 86' lang='lat' dir='ltr'><strong>(Eccle.</strong></span> <span class='ocrx_word' id='word_1_652' title='bbox 2958 4666 3055 4740; x_wconf 83' lang='lat' dir='ltr'><strong>xi).</strong></span> <span class='ocrx_word' id='word_1_653' title='bbox 3088 4667 3293 4721; x_wconf 90' lang='lat' dir='ltr'><strong>Idcirco</strong></span> <span class='ocrx_word' id='word_1_654' title='bbox 3336 4677 3517 4721; x_wconf 88' lang='lat' dir='ltr'><strong>autem</strong></span> 
     </span>
    </p>
   </div>
   <div class='ocr_carea' id='block_1_93' title="bbox 230 4764 1824 4837">
    <p class='ocr_par' dir='ltr' id='par_1_93' title="bbox 230 4764 1824 4837">
     <span class='ocr_line' id='line_1_93' title="bbox 230 4764 1824 4837; baseline 0.006 -21"><span class='ocrx_word' id='word_1_655' title='bbox 230 4773 289 4817; x_wconf 88' lang='lat' dir='ltr'><strong>et</strong></span> <span class='ocrx_word' id='word_1_656' title='bbox 315 4764 673 4830; x_wconf 85' lang='lat' dir='ltr'><strong>orationibus,</strong></span> <span class='ocrx_word' id='word_1_657' title='bbox 715 4767 1036 4837; x_wconf 86' lang='lat' dir='ltr'><strong>castigantes</strong></span> <span class='ocrx_word' id='word_1_658' title='bbox 1066 4784 1286 4822; x_wconf 87' lang='lat' dir='ltr'><strong>carnem</strong></span> <span class='ocrx_word' id='word_1_659' title='bbox 1333 4777 1596 4834; x_wconf 88' lang='lat' dir='ltr'><strong>nostram,</strong></span> <span class='ocrx_word' id='word_1_660' title='bbox 1620 4779 1676 4825; x_wconf 85' lang='lat' dir='ltr'><strong>et</strong></span> <span class='ocrx_word' id='word_1_661' title='bbox 1702 4788 1824 4826; x_wconf 90' lang='lat' dir='ltr'><strong>cru-</strong></span> 
     </span>
    </p>
   </div>
   <div class='ocr_carea' id='block_1_94' title="bbox 232 4857 1824 4929">
    <p class='ocr_par' dir='ltr' id='par_1_94' title="bbox 232 4857 1824 4929">
     <span class='ocr_line' id='line_1_94' title="bbox 232 4857 1824 4929; baseline 0.004 -19"><span class='ocrx_word' id='word_1_662' title='bbox 232 4872 352 4911; x_wconf 88' lang='lat' dir='ltr'><strong>cem</strong></span> <span class='ocrx_word' id='word_1_663' title='bbox 381 4857 500 4927; x_wconf 88' lang='lat' dir='ltr'><strong>ejus</strong></span> <span class='ocrx_word' id='word_1_664' title='bbox 539 4858 592 4912; x_wconf 90' lang='lat' dir='ltr'><strong>in</strong></span> <span class='ocrx_word' id='word_1_665' title='bbox 623 4858 1024 4928; x_wconf 87' lang='lat' dir='ltr'><strong>nobismetipsis</strong></span> <span class='ocrx_word' id='word_1_666' title='bbox 1044 4866 1335 4929; x_wconf 88' lang='lat' dir='ltr'><strong>gestantes,</strong></span> <span class='ocrx_word' id='word_1_667' title='bbox 1366 4866 1631 4929; x_wconf 89' lang='lat' dir='ltr'><strong>quatenus</strong></span> <span class='ocrx_word' id='word_1_668' title='bbox 1673 4860 1824 4916; x_wconf 90' lang='lat' dir='ltr'><strong>illum</strong></span> 
     </span>
    </p>
   </div>
   <div class='ocr_carea' id='block_1_95' title="bbox 231 4950 1824 5023">
    <p class='ocr_par' dir='ltr' id='par_1_95' title="bbox 231 4950 1824 5023">
     <span class='ocr_line' id='line_1_95' title="bbox 231 4950 1824 5023; baseline 0.003 -20"><span class='ocrx_word' id='word_1_669' title='bbox 231 4950 390 5018; x_wconf 83' lang='lat' dir='ltr'><strong>sequi</strong></span> <span class='ocrx_word' id='word_1_670' title='bbox 416 4966 740 5006; x_wconf 83' lang='lat' dir='ltr'><strong>mereamur.</strong></span> <span class='ocrx_word' id='word_1_671' title='bbox 780 4951 883 5018; x_wconf 84' lang='lat' dir='ltr'><strong>Qui</strong></span> <span class='ocrx_word' id='word_1_672' title='bbox 908 4952 1045 5005; x_wconf 87' lang='lat' dir='ltr'><strong>enim</strong></span> <span class='ocrx_word' id='word_1_673' title='bbox 1063 4992 1077 5017; x_wconf 91' lang='lat'><strong>,</strong></span> <span class='ocrx_word' id='word_1_674' title='bbox 1128 4952 1333 5022; x_wconf 90' lang='lat' dir='ltr'><strong>inquit,</strong></span> <span class='ocrx_word' id='word_1_675' title='bbox 1361 4951 1469 5006; x_wconf 84' lang='lat' dir='ltr'><strong>vult</strong></span> <span class='ocrx_word' id='word_1_676' title='bbox 1497 4962 1610 5023; x_wconf 80' lang='lat' dir='ltr'><strong>post</strong></span> <span class='ocrx_word' id='word_1_677' title='bbox 1639 4969 1718 5007; x_wconf 91' lang='lat' dir='ltr'><strong>me</strong></span> <span class='ocrx_word' id='word_1_678' title='bbox 1748 4971 1824 5007; x_wconf 83' lang='lat' dir='ltr'><strong>ve-</strong></span> 
     </span>
    </p>
   </div>
   <div class='ocr_carea' id='block_1_96' title="bbox 232 5042 1821 5114">
    <p class='ocr_par' dir='ltr' id='par_1_96' title="bbox 232 5042 1821 5114">
     <span class='ocr_line' id='line_1_96' title="bbox 232 5042 1821 5114; baseline 0.002 -19"><span class='ocrx_word' id='word_1_679' title='bbox 232 5043 371 5107; x_wconf 79' lang='lat' dir='ltr'><strong>nire,</strong></span> <span class='ocrx_word' id='word_1_680' title='bbox 413 5042 627 5113; x_wconf 81' lang='lat' dir='ltr'><strong>abneget</strong></span> <span class='ocrx_word' id='word_1_681' title='bbox 669 5045 1025 5114; x_wconf 80' lang='lat' dir='ltr'><strong>semetipsum,</strong></span> <span class='ocrx_word' id='word_1_682' title='bbox 1054 5053 1103 5098; x_wconf 90' lang='lat' dir='ltr'><strong>et</strong></span> <span class='ocrx_word' id='word_1_683' title='bbox 1145 5043 1296 5097; x_wconf 87' lang='lat' dir='ltr'><strong>tollat</strong></span> <span class='ocrx_word' id='word_1_684' title='bbox 1327 5060 1530 5098; x_wconf 87' lang='lat' dir='ltr'><strong>crucem</strong></span> <span class='ocrx_word' id='word_1_685' title='bbox 1575 5061 1747 5111; x_wconf 85' lang='lat' dir='ltr'><strong>suam,</strong></span> <span class='ocrx_word' id='word_1_686' title='bbox 1772 5052 1821 5099; x_wconf 89' lang='lat' dir='ltr'><strong>et</strong></span> 
     </span>
    </p>
   </div>
   <div class='ocr_carea' id='block_1_97' title="bbox 231 5138 1824 5212">
    <p class='ocr_par' dir='ltr' id='par_1_97' title="bbox 231 5138 1824 5212">
     <span class='ocr_line' id='line_1_97' title="bbox 231 5138 1824 5212; baseline 0.005 -23"><span class='ocrx_word' id='word_1_687' title='bbox 231 5146 490 5207; x_wconf 85' lang='lat' dir='ltr'><strong>sequatur</strong></span> <span class='ocrx_word' id='word_1_688' title='bbox 515 5155 595 5192; x_wconf 88' lang='lat' dir='ltr'><strong>me</strong></span> <span class='ocrx_word' id='word_1_689' title='bbox 618 5138 767 5209; x_wconf 90' lang='lat' dir='ltr'><strong>(Luc.</strong></span> <span class='ocrx_word' id='word_1_690' title='bbox 798 5138 897 5212; x_wconf 69' lang='grc' dir='ltr'><strong>ιι).</strong></span> <span class='ocrx_word' id='word_1_691' title='bbox 927 5138 1078 5195; x_wconf 88' lang='lat' dir='ltr'><strong>Sicut</strong></span> <span class='ocrx_word' id='word_1_692' title='bbox 1100 5155 1227 5211; x_wconf 91' lang='lat' dir='ltr'><strong>ergo</strong></span> <span class='ocrx_word' id='word_1_693' title='bbox 1252 5150 1531 5209; x_wconf 85' lang='lat' dir='ltr'><strong>portamus</strong></span> <span class='ocrx_word' id='word_1_694' title='bbox 1557 5143 1613 5197; x_wconf 91' lang='lat' dir='ltr'><strong>in</strong></span> <span class='ocrx_word' id='word_1_695' title='bbox 1651 5143 1824 5198; x_wconf 89' lang='lat' dir='ltr'><strong>mani-</strong></span> 
     </span>
    </p>
   </div>
   <div class='ocr_carea' id='block_1_98' title="bbox 233 5227 1823 5301">
    <p class='ocr_par' dir='ltr' id='par_1_98' title="bbox 233 5227 1823 5301">
     <span class='ocr_line' id='line_1_98' title="bbox 233 5227 1823 5301; baseline 0.005 -21"><span class='ocrx_word' id='word_1_696' title='bbox 233 5227 338 5281; x_wconf 87' lang='lat' dir='ltr'><strong>bus</strong></span> <span class='ocrx_word' id='word_1_697' title='bbox 371 5228 569 5282; x_wconf 89' lang='lat' dir='ltr'><strong>nostris</strong></span> <span class='ocrx_word' id='word_1_698' title='bbox 617 5230 848 5298; x_wconf 89' lang='lat' dir='ltr'><strong>speciem</strong></span> <span class='ocrx_word' id='word_1_699' title='bbox 878 5230 1054 5285; x_wconf 90' lang='lat' dir='ltr'><strong>crucis</strong></span> <span class='ocrx_word' id='word_1_700' title='bbox 1101 5230 1238 5301; x_wconf 87' lang='lat' dir='ltr'><strong>ejus,</strong></span> <span class='ocrx_word' id='word_1_701' title='bbox 1275 5230 1350 5282; x_wconf 91' lang='lat' dir='ltr'><strong>ita</strong></span> <span class='ocrx_word' id='word_1_702' title='bbox 1388 5240 1663 5300; x_wconf 89' lang='lat' dir='ltr'><strong>portemus</strong></span> <span class='ocrx_word' id='word_1_703' title='bbox 1691 5242 1744 5287; x_wconf 91' lang='lat' dir='ltr'><strong>et</strong></span> <span class='ocrx_word' id='word_1_704' title='bbox 1771 5234 1823 5288; x_wconf 91' lang='lat' dir='ltr'><strong>iu</strong></span> 
     </span>
    </p>
   </div>
   <div class='ocr_carea' id='block_1_99' title="bbox 235 5319 1825 5391">
    <p class='ocr_par' dir='ltr' id='par_1_99' title="bbox 235 5319 1825 5391">
     <span class='ocr_line' id='line_1_99' title="bbox 235 5319 1825 5391; baseline 0.004 -22"><span class='ocrx_word' id='word_1_705' title='bbox 235 5332 403 5371; x_wconf 87' lang='lat' dir='ltr'><strong>carne</strong></span> <span class='ocrx_word' id='word_1_706' title='bbox 429 5327 615 5373; x_wconf 90' lang='lat' dir='ltr'><strong>nostra</strong></span> <span class='ocrx_word' id='word_1_707' title='bbox 642 5319 1048 5376; x_wconf 89' lang='lat' dir='ltr'><strong>similitudinem</strong></span> <span class='ocrx_word' id='word_1_708' title='bbox 1072 5320 1342 5391; x_wconf 90' lang='lat' dir='ltr'><strong>passionis</strong></span> <span class='ocrx_word' id='word_1_709' title='bbox 1366 5319 1500 5389; x_wconf 86' lang='lat' dir='ltr'><strong>ejus.</strong></span> <span class='ocrx_word' id='word_1_710' title='bbox 1530 5321 1633 5386; x_wconf 83' lang='lat' dir='ltr'><strong>Qui</strong></span> <span class='ocrx_word' id='word_1_711' title='bbox 1652 5332 1825 5376; x_wconf 84' lang='lat' dir='ltr'><strong>autem</strong></span> 
     </span>
    </p>
   </div>
   <div class='ocr_carea' id='block_1_100' title="bbox 234 5407 1827 5479">
    <p class='ocr_par' dir='ltr' id='par_1_100' title="bbox 234 5407 1827 5479">
     <span class='ocr_line' id='line_1_100' title="bbox 234 5407 1827 5479; baseline 0.003 -20"><span class='ocrx_word' id='word_1_712' title='bbox 234 5417 359 5461; x_wconf 85' lang='lat' dir='ltr'><strong>sunt</strong></span> <span class='ocrx_word' id='word_1_713' title='bbox 391 5407 635 5475; x_wconf 87' lang='lat' dir='ltr'><strong>Christi,</strong></span> <span class='ocrx_word' id='word_1_714' title='bbox 678 5409 813 5464; x_wconf 85' lang='lat' dir='ltr'><strong>dixit</strong></span> <span class='ocrx_word' id='word_1_715' title='bbox 857 5409 1165 5479; x_wconf 81' lang='lat' dir='ltr'><strong>Apostolus,</strong></span> <span class='ocrx_word' id='word_1_716' title='bbox 1209 5426 1417 5464; x_wconf 84' lang='lat' dir='ltr'><strong>carnem</strong></span> <span class='ocrx_word' id='word_1_717' title='bbox 1460 5427 1611 5464; x_wconf 90' lang='lat' dir='ltr'><strong>suam</strong></span> <span class='ocrx_word' id='word_1_718' title='bbox 1659 5412 1827 5465; x_wconf 87' lang='lat' dir='ltr'><strong>cruci-</strong></span> 
     </span>
    </p>
   </div>
   <div class='ocr_carea' id='block_1_101' title="bbox 236 5499 1830 5573">
    <p class='ocr_par' dir='ltr' id='par_1_101' title="bbox 236 5499 1830 5573">
     <span class='ocr_line' id='line_1_101' title="bbox 236 5499 1830 5573; baseline 0.003 -22"><span class='ocrx_word' id='word_1_719' title='bbox 236 5499 471 5567; x_wconf 72' lang='lat' dir='ltr'><strong>fixerunt</strong></span> <span class='ocrx_word' id='word_1_720' title='bbox 504 5517 623 5553; x_wconf 91' lang='lat' dir='ltr'><strong>cum</strong></span> <span class='ocrx_word' id='word_1_721' title='bbox 669 5500 805 5555; x_wconf 81' lang='lat' dir='ltr'><strong>vitiis</strong></span> <span class='ocrx_word' id='word_1_722' title='bbox 850 5510 896 5553; x_wconf 88' lang='lat' dir='ltr'><strong>et</strong></span> <span class='ocrx_word' id='word_1_723' title='bbox 937 5502 1361 5571; x_wconf 86' lang='lat' dir='ltr'><strong>concupiscentiis</strong></span> <span class='ocrx_word' id='word_1_724' title='bbox 1384 5500 1525 5572; x_wconf 84' lang='lat' dir='ltr'><strong>(Gal.</strong></span> <span class='ocrx_word' id='word_1_725' title='bbox 1548 5500 1624 5573; x_wconf 89' lang='lat' dir='ltr'><strong>v).</strong></span> <span class='ocrx_word' id='word_1_726' title='bbox 1651 5501 1720 5556; x_wconf 87' lang='lat' dir='ltr'><strong>Et</strong></span> <span class='ocrx_word' id='word_1_727' title='bbox 1752 5502 1830 5556; x_wconf 81' lang='lat' dir='ltr'><strong>ita</strong></span> 
     </span>
    </p>
   </div>
   <div class='ocr_carea' id='block_1_102' title="bbox 238 5591 1830 5665">
    <p class='ocr_par' dir='ltr' id='par_1_102' title="bbox 238 5591 1830 5665">
     <span class='ocr_line' id='line_1_102' title="bbox 238 5591 1830 5665; baseline 0.003 -20"><span class='ocrx_word' id='word_1_728' title='bbox 238 5591 356 5655; x_wconf 87' lang='lat' dir='ltr'><strong>ﬁet,</strong></span> <span class='ocrx_word' id='word_1_729' title='bbox 383 5599 446 5645; x_wconf 88' lang='lat' dir='ltr'><strong>ut</strong></span> <span class='ocrx_word' id='word_1_730' title='bbox 468 5592 561 5648; x_wconf 90' lang='lat' dir='ltr'><strong>ubi</strong></span> <span class='ocrx_word' id='word_1_731' title='bbox 588 5592 837 5648; x_wconf 89' lang='lat' dir='ltr'><strong>Christus</strong></span> <span class='ocrx_word' id='word_1_732' title='bbox 870 5601 991 5665; x_wconf 88' lang='lat' dir='ltr'><strong>post</strong></span> <span class='ocrx_word' id='word_1_733' title='bbox 1020 5594 1467 5650; x_wconf 89' lang='lat' dir='ltr'><strong>resurrectionem</strong></span> <span class='ocrx_word' id='word_1_734' title='bbox 1516 5610 1664 5648; x_wconf 88' lang='lat' dir='ltr'><strong>suam</strong></span> <span class='ocrx_word' id='word_1_735' title='bbox 1706 5609 1830 5649; x_wconf 90' lang='lat' dir='ltr'><strong>cum</strong></span> 
     </span>
    </p>
   </div>
   <div class='ocr_carea' id='block_1_103' title="bbox 241 5681 1828 5756">
    <p class='ocr_par' dir='ltr' id='par_1_103' title="bbox 241 5681 1828 5756">
     <span class='ocr_line' id='line_1_103' title="bbox 241 5681 1828 5756; baseline 0.003 -21"><span class='ocrx_word' id='word_1_736' title='bbox 241 5681 416 5753; x_wconf 76' lang='lat' dir='ltr'><strong>gloria</strong></span> <span class='ocrx_word' id='word_1_737' title='bbox 451 5685 727 5752; x_wconf 88' lang='lat' dir='ltr'><strong>ascendit,</strong></span> <span class='ocrx_word' id='word_1_738' title='bbox 760 5685 886 5741; x_wconf 90' lang='lat' dir='ltr'><strong>illuc</strong></span> <span class='ocrx_word' id='word_1_739' title='bbox 927 5693 982 5740; x_wconf 90' lang='lat' dir='ltr'><strong>et</strong></span> <span class='ocrx_word' id='word_1_740' title='bbox 1019 5701 1118 5741; x_wconf 89' lang='lat' dir='ltr'><strong>nos</strong></span> <span class='ocrx_word' id='word_1_741' title='bbox 1156 5694 1499 5756; x_wconf 89' lang='lat' dir='ltr'><strong>resurgentes</strong></span> <span class='ocrx_word' id='word_1_742' title='bbox 1527 5702 1557 5739; x_wconf 91' lang='lat' dir='ltr'><strong>a</strong></span> <span class='ocrx_word' id='word_1_743' title='bbox 1580 5687 1828 5754; x_wconf 91' lang='lat' dir='ltr'><strong>mortuis,</strong></span> 
     </span>
    </p>
   </div>
   <div class='ocr_carea' id='block_1_104' title="bbox 246 5771 1833 5850">
    <p class='ocr_par' dir='ltr' id='par_1_104' title="bbox 246 5771 1833 5850">
     <span class='ocr_line' id='line_1_104' title="bbox 246 5771 1833 5850; baseline 0.006 -22"><span class='ocrx_word' id='word_1_744' title='bbox 246 5771 300 5829; x_wconf 88' lang='lat' dir='ltr'><strong>in</strong></span> <span class='ocrx_word' id='word_1_745' title='bbox 332 5790 498 5832; x_wconf 86' lang='lat' dir='ltr'><strong>carne</strong></span> <span class='ocrx_word' id='word_1_746' title='bbox 543 5778 935 5849; x_wconf 86' lang='lat' dir='ltr'><strong>incorruptibili</strong></span> <span class='ocrx_word' id='word_1_747' title='bbox 981 5793 1076 5848; x_wconf 90' lang='lat' dir='ltr'><strong>per</strong></span> <span class='ocrx_word' id='word_1_748' title='bbox 1122 5779 1237 5850; x_wconf 90' lang='lat' dir='ltr'><strong>ejus</strong></span> <span class='ocrx_word' id='word_1_749' title='bbox 1284 5783 1510 5849; x_wconf 87' lang='lat' dir='ltr'><strong>gratiam</strong></span> <span class='ocrx_word' id='word_1_750' title='bbox 1540 5785 1833 5838; x_wconf 88' lang='lat' dir='ltr'><strong>ascendere</strong></span> 
     </span>
    </p>
   </div>
   <div class='ocr_carea' id='block_1_105' title="bbox 246 5863 1828 5943">
    <p class='ocr_par' dir='ltr' id='par_1_105' title="bbox 246 5863 1828 5943">
     <span class='ocr_line' id='line_1_105' title="bbox 246 5863 1828 5943; baseline 0.006 -25"><span class='ocrx_word' id='word_1_751' title='bbox 246 5863 545 5934; x_wconf 87' lang='lat' dir='ltr'><strong>valeamus,</strong></span> <span class='ocrx_word' id='word_1_752' title='bbox 565 5869 704 5926; x_wconf 86' lang='lat' dir='ltr'><strong>sicut</strong></span> <span class='ocrx_word' id='word_1_753' title='bbox 722 5869 851 5927; x_wconf 91' lang='lat' dir='ltr'><strong>dicit</strong></span> <span class='ocrx_word' id='word_1_754' title='bbox 867 5870 1008 5928; x_wconf 87' lang='lat' dir='ltr'><strong>idem</strong></span> <span class='ocrx_word' id='word_1_755' title='bbox 1031 5869 1316 5940; x_wconf 85' lang='lat' dir='ltr'><strong>Apostolus</strong></span> <span class='ocrx_word' id='word_1_756' title='bbox 1340 5891 1353 5925; x_wconf 88' lang='lat'><strong>:</strong></span> <span class='ocrx_word' id='word_1_757' title='bbox 1377 5870 1436 5927; x_wconf 86' lang='lat' dir='ltr'><strong>Si</strong></span> <span class='ocrx_word' id='word_1_758' title='bbox 1456 5874 1615 5941; x_wconf 85' lang='lat' dir='ltr'><strong>enim,</strong></span> <span class='ocrx_word' id='word_1_759' title='bbox 1638 5873 1828 5943; x_wconf 89' lang='lat' dir='ltr'><strong>inquit,</strong></span> 
     </span>
    </p>
   </div>
   <div class='ocr_carea' id='block_1_106' title="bbox 1926 4758 3511 4839">
    <p class='ocr_par' dir='ltr' id='par_1_106' title="bbox 1926 4758 3511 4839">
     <span class='ocr_line' id='line_1_106' title="bbox 1926 4758 3511 4839; baseline -0.009 -13"><span class='ocrx_word' id='word_1_760' title='bbox 1926 4772 2091 4827; x_wconf 90' lang='lat' dir='ltr'><strong>totius</strong></span> <span class='ocrx_word' id='word_1_761' title='bbox 2138 4766 2597 4839; x_wconf 68' lang='lat' dir='ltr'><strong>quinquagesimae</strong></span> <span class='ocrx_word' id='word_1_762' title='bbox 2641 4764 2756 4818; x_wconf 92' lang='lat' dir='ltr'><strong>dies</strong></span> <span class='ocrx_word' id='word_1_763' title='bbox 2780 4771 2903 4832; x_wconf 87' lang='lat' dir='ltr'><strong>post</strong></span> <span class='ocrx_word' id='word_1_764' title='bbox 2936 4759 3147 4815; x_wconf 90' lang='lat' dir='ltr'><strong>Domini</strong></span> <span class='ocrx_word' id='word_1_765' title='bbox 3172 4758 3511 4813; x_wconf 89' lang='lat' dir='ltr'><strong>resurrectio-</strong></span> 
     </span>
    </p>
   </div>
   <div class='ocr_carea' id='block_1_107' title="bbox 1924 4848 3514 4916">
    <p class='ocr_par' dir='ltr' id='par_1_107' title="bbox 1924 4848 3514 4916">
     <span class='ocr_line' id='line_1_107' title="bbox 1924 4848 3514 4916; baseline -0.009 -1"><span class='ocrx_word' id='word_1_766' title='bbox 1924 4874 2047 4916; x_wconf 89' lang='lat' dir='ltr'><strong>nem</strong></span> <span class='ocrx_word' id='word_1_767' title='bbox 2077 4858 2313 4914; x_wconf 88' lang='lat' dir='ltr'><strong>resoluta</strong></span> <span class='ocrx_word' id='word_1_768' title='bbox 2343 4854 2669 4910; x_wconf 88' lang='lat' dir='ltr'><strong>abstinentia</strong></span> <span class='ocrx_word' id='word_1_769' title='bbox 2699 4853 2753 4907; x_wconf 92' lang='lat' dir='ltr'><strong>in</strong></span> <span class='ocrx_word' id='word_1_770' title='bbox 2792 4851 2903 4907; x_wconf 90' lang='lat' dir='ltr'><strong>sola</strong></span> <span class='ocrx_word' id='word_1_771' title='bbox 2932 4850 3118 4905; x_wconf 64' lang='lat' dir='ltr'><strong>laetitia</strong></span> <span class='ocrx_word' id='word_1_772' title='bbox 3143 4848 3514 4913; x_wconf 87' lang='lat' dir='ltr'><strong>celebrantur,</strong></span> 
     </span>
    </p>
   </div>
   <div class='ocr_carea' id='block_1_108' title="bbox 1922 4937 3517 5023">
    <p class='ocr_par' dir='ltr' id='par_1_108' title="bbox 1922 4937 3517 5023">
     <span class='ocr_line' id='line_1_108' title="bbox 1922 4937 3517 5023; baseline -0.01 -17"><span class='ocrx_word' id='word_1_773' title='bbox 1922 4959 2143 5023; x_wconf 84' lang='lat' dir='ltr'><strong>propter</strong></span> <span class='ocrx_word' id='word_1_774' title='bbox 2169 4950 2396 5020; x_wconf 86' lang='lat' dir='ltr'><strong>ﬁguram</strong></span> <span class='ocrx_word' id='word_1_775' title='bbox 2426 4945 2622 5000; x_wconf 72' lang='lat' dir='ltr'><strong>futurae</strong></span> <span class='ocrx_word' id='word_1_776' title='bbox 2664 4942 3098 5008; x_wconf 88' lang='lat' dir='ltr'><strong>resurrectionis,</strong></span> <span class='ocrx_word' id='word_1_777' title='bbox 3150 4940 3240 4994; x_wconf 90' lang='lat' dir='ltr'><strong>ubi</strong></span> <span class='ocrx_word' id='word_1_778' title='bbox 3267 4937 3379 5007; x_wconf 88' lang='lat' dir='ltr'><strong>jam</strong></span> <span class='ocrx_word' id='word_1_779' title='bbox 3410 4952 3517 4991; x_wconf 90' lang='lat' dir='ltr'><strong>non</strong></span> 
     </span>
    </p>
   </div>
   <div class='ocr_carea' id='block_1_109' title="bbox 1925 5029 3517 5109">
    <p class='ocr_par' dir='ltr' id='par_1_109' title="bbox 1925 5029 3517 5109">
     <span class='ocr_line' id='line_1_109' title="bbox 1925 5029 3517 5109; baseline -0.008 -14"><span class='ocrx_word' id='word_1_780' title='bbox 1925 5042 2101 5108; x_wconf 88' lang='lat' dir='ltr'><strong>labor,</strong></span> <span class='ocrx_word' id='word_1_781' title='bbox 2138 5041 2234 5097; x_wconf 91' lang='lat' dir='ltr'><strong>sed</strong></span> <span class='ocrx_word' id='word_1_782' title='bbox 2274 5040 2487 5109; x_wconf 89' lang='lat' dir='ltr'><strong>requies</strong></span> <span class='ocrx_word' id='word_1_783' title='bbox 2516 5037 2622 5093; x_wconf 86' lang='lat' dir='ltr'><strong>erit</strong></span> <span class='ocrx_word' id='word_1_784' title='bbox 2668 5035 2883 5090; x_wconf 67' lang='lat' dir='ltr'><strong>laetitiae.</strong></span> <span class='ocrx_word' id='word_1_785' title='bbox 2911 5033 3037 5089; x_wconf 85' lang='lat' dir='ltr'><strong>ideo</strong></span> <span class='ocrx_word' id='word_1_786' title='bbox 3078 5031 3165 5085; x_wconf 85' lang='lat' dir='ltr'><strong>his</strong></span> <span class='ocrx_word' id='word_1_787' title='bbox 3192 5029 3381 5084; x_wconf 81' lang='lat' dir='ltr'><strong>diebus</strong></span> <span class='ocrx_word' id='word_1_788' title='bbox 3413 5041 3517 5083; x_wconf 90' lang='lat' dir='ltr'><strong>nec</strong></span> 
     </span>
    </p>
   </div>
   <div class='ocr_carea' id='block_1_110' title="bbox 1928 5118 3519 5208">
    <p class='ocr_par' dir='ltr' id='par_1_110' title="bbox 1928 5118 3519 5208">
     <span class='ocr_line' id='line_1_110' title="bbox 1928 5118 3519 5208; baseline -0.011 -19"><span class='ocrx_word' id='word_1_789' title='bbox 1928 5149 2099 5208; x_wconf 88' lang='lat' dir='ltr'><strong>genua</strong></span> <span class='ocrx_word' id='word_1_790' title='bbox 2146 5133 2202 5186; x_wconf 93' lang='lat' dir='ltr'><strong>in</strong></span> <span class='ocrx_word' id='word_1_791' title='bbox 2246 5131 2493 5187; x_wconf 89' lang='lat' dir='ltr'><strong>oratione</strong></span> <span class='ocrx_word' id='word_1_792' title='bbox 2554 5126 2844 5183; x_wconf 82' lang='lat' dir='ltr'><strong>flectuntur</strong></span> <span class='ocrx_word' id='word_1_793' title='bbox 2869 5165 2885 5190; x_wconf 90' lang='lat'><strong>,</strong></span> <span class='ocrx_word' id='word_1_794' title='bbox 2941 5123 3067 5191; x_wconf 89' lang='lat' dir='ltr'><strong>quia</strong></span> <span class='ocrx_word' id='word_1_795' title='bbox 3109 5120 3249 5174; x_wconf 88' lang='lat' dir='ltr'><strong>sicut</strong></span> <span class='ocrx_word' id='word_1_796' title='bbox 3297 5118 3519 5188; x_wconf 81' lang='lat' dir='ltr'><strong>quidam</strong></span> 
     </span>
    </p>
   </div>
   <div class='ocr_carea' id='block_1_111' title="bbox 1928 5208 3518 5296">
    <p class='ocr_par' dir='ltr' id='par_1_111' title="bbox 1928 5208 3518 5296">
     <span class='ocr_line' id='line_1_111' title="bbox 1928 5208 3518 5296; baseline -0.011 -14"><span class='ocrx_word' id='word_1_797' title='bbox 1928 5227 2229 5296; x_wconf 90' lang='lat' dir='ltr'><strong>sapientum</strong></span> <span class='ocrx_word' id='word_1_798' title='bbox 2259 5224 2353 5288; x_wconf 89' lang='lat' dir='ltr'><strong>ait,</strong></span> <span class='ocrx_word' id='word_1_799' title='bbox 2384 5223 2437 5276; x_wconf 91' lang='lat' dir='ltr'><strong>in</strong></span> <span class='ocrx_word' id='word_1_800' title='bbox 2461 5220 2600 5276; x_wconf 83' lang='lat' dir='ltr'><strong>ﬂexu</strong></span> <span class='ocrx_word' id='word_1_801' title='bbox 2633 5232 2864 5290; x_wconf 88' lang='lat' dir='ltr'><strong>genuum</strong></span> <span class='ocrx_word' id='word_1_802' title='bbox 2891 5210 3220 5285; x_wconf 63' lang='lat' dir='ltr'><strong>paenitentiae</strong></span> <span class='ocrx_word' id='word_1_803' title='bbox 3244 5217 3299 5264; x_wconf 90' lang='lat' dir='ltr'><strong>et</strong></span> <span class='ocrx_word' id='word_1_804' title='bbox 3342 5208 3518 5265; x_wconf 85' lang='lat' dir='ltr'><strong>luctus</strong></span> 
     </span>
    </p>
   </div>
   <div class='ocr_carea' id='block_1_112' title="bbox 1929 5304 3519 5380">
    <p class='ocr_par' dir='ltr' id='par_1_112' title="bbox 1929 5304 3519 5380">
     <span class='ocr_line' id='line_1_112' title="bbox 1929 5304 3519 5380; baseline -0.008 -7"><span class='ocrx_word' id='word_1_805' title='bbox 1929 5319 2188 5375; x_wconf 91' lang='lat' dir='ltr'><strong>indicium</strong></span> <span class='ocrx_word' id='word_1_806' title='bbox 2215 5324 2318 5372; x_wconf 90' lang='lat' dir='ltr'><strong>est.</strong></span> <span class='ocrx_word' id='word_1_807' title='bbox 2348 5315 2501 5372; x_wconf 88' lang='lat' dir='ltr'><strong>Unde</strong></span> <span class='ocrx_word' id='word_1_808' title='bbox 2521 5314 2686 5369; x_wconf 90' lang='lat' dir='ltr'><strong>etiam</strong></span> <span class='ocrx_word' id='word_1_809' title='bbox 2719 5326 2816 5380; x_wconf 90' lang='lat' dir='ltr'><strong>per</strong></span> <span class='ocrx_word' id='word_1_810' title='bbox 2838 5308 3020 5363; x_wconf 89' lang='lat' dir='ltr'><strong>omnia</strong></span> <span class='ocrx_word' id='word_1_811' title='bbox 3059 5305 3305 5361; x_wconf 89' lang='lat' dir='ltr'><strong>eamdem</strong></span> <span class='ocrx_word' id='word_1_812' title='bbox 3332 5305 3387 5358; x_wconf 92' lang='lat' dir='ltr'><strong>in</strong></span> <span class='ocrx_word' id='word_1_813' title='bbox 3412 5304 3519 5360; x_wconf 87' lang='lat' dir='ltr'><strong>illis</strong></span> 
     </span>
    </p>
   </div>
   <div class='ocr_carea' id='block_1_113' title="bbox 1930 5396 3514 5479">
    <p class='ocr_par' dir='ltr' id='par_1_113' title="bbox 1930 5396 3514 5479">
     <span class='ocr_line' id='line_1_113' title="bbox 1930 5396 3514 5479; baseline -0.011 -12"><span class='ocrx_word' id='word_1_814' title='bbox 1930 5411 2326 5467; x_wconf 90' lang='lat' dir='ltr'><strong>solemnitatem</strong></span> <span class='ocrx_word' id='word_1_815' title='bbox 2349 5423 2510 5479; x_wconf 86' lang='lat' dir='ltr'><strong>quam</strong></span> <span class='ocrx_word' id='word_1_816' title='bbox 2547 5402 2828 5459; x_wconf 89' lang='lat' dir='ltr'><strong>Dominico</strong></span> <span class='ocrx_word' id='word_1_817' title='bbox 2849 5400 2936 5454; x_wconf 88' lang='lat' dir='ltr'><strong>die</strong></span> <span class='ocrx_word' id='word_1_818' title='bbox 2955 5398 3307 5463; x_wconf 86' lang='lat' dir='ltr'><strong>custodimus,</strong></span> <span class='ocrx_word' id='word_1_819' title='bbox 3331 5396 3387 5451; x_wconf 91' lang='lat' dir='ltr'><strong>in</strong></span> <span class='ocrx_word' id='word_1_820' title='bbox 3407 5411 3514 5468; x_wconf 89' lang='lat' dir='ltr'><strong>qua</strong></span> 
     </span>
    </p>
   </div>
   <div class='ocr_carea' id='block_1_114' title="bbox 1932 5492 3516 5576">
    <p class='ocr_par' dir='ltr' id='par_1_114' title="bbox 1932 5492 3516 5576">
     <span class='ocr_line' id='line_1_114' title="bbox 1932 5492 3516 5576; baseline -0.013 -14"><span class='ocrx_word' id='word_1_821' title='bbox 1932 5507 2164 5576; x_wconf 88' lang='lat' dir='ltr'><strong>majores</strong></span> <span class='ocrx_word' id='word_1_822' title='bbox 2208 5503 2379 5558; x_wconf 89' lang='lat' dir='ltr'><strong>nostri</strong></span> <span class='ocrx_word' id='word_1_823' title='bbox 2420 5517 2524 5557; x_wconf 91' lang='lat' dir='ltr'><strong>nec</strong></span> <span class='ocrx_word' id='word_1_824' title='bbox 2555 5496 2817 5569; x_wconf 85' lang='lat' dir='ltr'><strong>jejunium</strong></span> <span class='ocrx_word' id='word_1_825' title='bbox 2862 5492 3147 5564; x_wconf 88' lang='lat' dir='ltr'><strong>agendum,</strong></span> <span class='ocrx_word' id='word_1_826' title='bbox 3196 5504 3299 5545; x_wconf 88' lang='lat' dir='ltr'><strong>nec</strong></span> <span class='ocrx_word' id='word_1_827' title='bbox 3341 5503 3516 5560; x_wconf 85' lang='lat' dir='ltr'><strong>genua</strong></span> 
     </span>
    </p>
   </div>
   <div class='ocr_carea' id='block_1_115' title="bbox 1931 5584 3517 5658">
    <p class='ocr_par' dir='ltr' id='par_1_115' title="bbox 1931 5584 3517 5658">
     <span class='ocr_line' id='line_1_115' title="bbox 1931 5584 3517 5658; baseline -0.012 -6"><span class='ocrx_word' id='word_1_828' title='bbox 1931 5610 2052 5653; x_wconf 87' lang='lat' dir='ltr'><strong>esse</strong></span> <span class='ocrx_word' id='word_1_829' title='bbox 2090 5594 2377 5658; x_wconf 78' lang='lat' dir='ltr'><strong>flectenda,</strong></span> <span class='ocrx_word' id='word_1_830' title='bbox 2411 5593 2480 5647; x_wconf 89' lang='lat' dir='ltr'><strong>ob</strong></span> <span class='ocrx_word' id='word_1_831' title='bbox 2511 5587 2871 5645; x_wconf 89' lang='lat' dir='ltr'><strong>reverentiam</strong></span> <span class='ocrx_word' id='word_1_832' title='bbox 2916 5584 3210 5640; x_wconf 76' lang='lat' dir='ltr'><strong>Dominicae</strong></span> <span class='ocrx_word' id='word_1_833' title='bbox 3240 5595 3517 5636; x_wconf 89' lang='lat' dir='ltr'><strong>resurrec-</strong></span> 
     </span>
    </p>
   </div>
   <div class='ocr_carea' id='block_1_116' title="bbox 1934 5674 3516 5751">
    <p class='ocr_par' dir='ltr' id='par_1_116' title="bbox 1934 5674 3516 5751">
     <span class='ocr_line' id='line_1_116' title="bbox 1934 5674 3516 5751; baseline -0.013 -7"><span class='ocrx_word' id='word_1_834' title='bbox 1934 5688 2116 5751; x_wconf 89' lang='lat' dir='ltr'><strong>tionis,</strong></span> <span class='ocrx_word' id='word_1_835' title='bbox 2143 5685 2497 5742; x_wconf 88' lang='lat' dir='ltr'><strong>tradiderunt.</strong></span> <span class='ocrx_word' id='word_1_836' title='bbox 2516 5680 2612 5736; x_wconf 83' lang='lat' dir='ltr'><strong>His</strong></span> <span class='ocrx_word' id='word_1_837' title='bbox 2635 5678 2822 5735; x_wconf 88' lang='lat' dir='ltr'><strong>diebus</strong></span> <span class='ocrx_word' id='word_1_838' title='bbox 2840 5675 3043 5733; x_wconf 87' lang='lat' dir='ltr'><strong>sanctis</strong></span> <span class='ocrx_word' id='word_1_839' title='bbox 3061 5674 3273 5730; x_wconf 87' lang='lat' dir='ltr'><strong>alleluia</strong></span> <span class='ocrx_word' id='word_1_840' title='bbox 3292 5680 3516 5742; x_wconf 89' lang='lat' dir='ltr'><strong>propter</strong></span> 
     </span>
    </p>
   </div>
   <div class='ocr_carea' id='block_1_117' title="bbox 1934 5761 3514 5851">
    <p class='ocr_par' dir='ltr' id='par_1_117' title="bbox 1934 5761 3514 5851">
     <span class='ocr_line' id='line_1_117' title="bbox 1934 5761 3514 5851; baseline -0.011 -17"><span class='ocrx_word' id='word_1_841' title='bbox 1934 5780 2186 5851; x_wconf 88' lang='lat' dir='ltr'><strong>gaudium</strong></span> <span class='ocrx_word' id='word_1_842' title='bbox 2230 5772 2638 5832; x_wconf 87' lang='lat' dir='ltr'><strong>resurrectionis</strong></span> <span class='ocrx_word' id='word_1_843' title='bbox 2671 5771 2885 5826; x_wconf 86' lang='lat' dir='ltr'><strong>assidue</strong></span> <span class='ocrx_word' id='word_1_844' title='bbox 2924 5783 3044 5825; x_wconf 87' lang='lat' dir='ltr'><strong>esse</strong></span> <span class='ocrx_word' id='word_1_845' title='bbox 3082 5764 3410 5823; x_wconf 86' lang='lat' dir='ltr'><strong>cantandum</strong></span> <span class='ocrx_word' id='word_1_846' title='bbox 3458 5761 3514 5817; x_wconf 86' lang='lat' dir='ltr'><strong>in</strong></span> 
     </span>
    </p>
   </div>
   <div class='ocr_carea' id='block_1_118' title="bbox 1936 5857 3515 5939">
    <p class='ocr_par' dir='ltr' id='par_1_118' title="bbox 1936 5857 3515 5939">
     <span class='ocr_line' id='line_1_118' title="bbox 1936 5857 3515 5939; baseline -0.012 -12"><span class='ocrx_word' id='word_1_847' title='bbox 1936 5871 2175 5928; x_wconf 84' lang='lat' dir='ltr'><strong>Ecclesia</strong></span> <span class='ocrx_word' id='word_1_848' title='bbox 2200 5866 2449 5939; x_wconf 85' lang='lat' dir='ltr'><strong>magistri</strong></span> <span class='ocrx_word' id='word_1_849' title='bbox 2476 5864 2824 5923; x_wconf 83' lang='lat' dir='ltr'><strong>sanciverunt</strong></span> <span class='ocrx_word' id='word_1_850' title='bbox 2844 5860 3120 5917; x_wconf 56' lang='lat' dir='ltr'><strong>Ecclesiae.</strong></span> <span class='ocrx_word' id='word_1_851' title='bbox 3152 5857 3290 5925; x_wconf 83' lang='lat' dir='ltr'><strong>Quia</strong></span> <span class='ocrx_word' id='word_1_852' title='bbox 3318 5866 3445 5910; x_wconf 79' lang='lat' dir='ltr'><strong>rem</strong></span> <span class='ocrx_word' id='word_1_853' title='bbox 3476 5867 3515 5908; x_wconf 64' lang='grc' dir='ltr'>ι</span> 
     </span>
    </p>
   </div>
  </div>
