3970 6436
454 390 566 450 355

1096 389 1161 448 Β.
1197 387 1456 446 RABANI
1491 386 1714 447 MAURI
1750 384 2074 442 ARCHIEP.
2113 374 2427 445 MOGUNT.
2466 383 2754 444 OPERUM
2789 380 2970 442 PARS
3006 378 3049 440 I.

438 506 720 567 Dommica
742 506 1166 579 Septuagesima:
1202 513 1319 562 toto
1352 514 1595 576 tempore
1625 502 1840 573 jejunii,
1864 515 2035 577 usque
2062 505 2116 569 Α
2140 500 2197 556 in
2234 499 2343 557 ﬁne
2383 500 2590 568 saeculi,
2618 502 2763 573 quod
2806 500 2861 556 in
2903 499 3118 557 Domini
3157 498 3330 556 nostri
3366 497 3500 556 Jesu
3538 499 3751 557 Christi

439 600 494 655 in
523 597 748 662 Pascha,
780 612 887 667 quo
918 593 1250 666 pinnitentiae
1284 604 1337 652 et
1372 594 1618 667 corporis
1645 593 1816 650 nostri
1846 592 2036 649 morti—
2134 606 2361 664 corpore
2381 603 2858 665 prtemonstratum
2887 601 2989 661 est,
3031 593 3124 665 qui
3170 602 3254 649 est
3282 594 3686 665 primogenitus
3718 609 3749 650 :2

440 689 678 761 ﬁcationi
709 688 909 741 instare
941 686 1222 753 debemus,
1254 689 1320 743 ab
1346 684 1448 742 ista
1470 686 1629 743 laude
1661 684 2038 741 abstinendum

441 788 544 844 est,
592 778 718 832 licet
765 777 911 832 nullo
942 785 1184 849 tempore
1225 779 1281 833 in
1317 772 1559 834 Ecclesia
1603 774 1721 832 laus
1751 777 1845 832 Dei
1875 776 2036 842 desit,

440 869 514 925 ita
544 869 598 922 in
635 866 825 923 diebus
859 867 1217 923 solemnitatis
1268 866 1561 938 paschalis,
1590 868 1701 923 imo
1747 884 1844 938 per
1871 875 2042 922 totam

441 954 953 1030 Quinquagesimam
985 975 1155 1031 usque
1185 959 1240 1014 in
1274 960 1652 1025 Pentecosten,
1679 968 1842 1030 atque
1866 958 1920 1013 in
1940 956 2042 1014 Do—

441 1050 655 1109 minicis
678 1051 889 1120 diebus,
913 1042 1129 1122 quando
1155 1046 1326 1106 [reteri
1357 1067 1456 1108 nos
1472 1051 1743 1112 convenit,
1767 1060 1821 1107 et
1836 1047 2043 1120 jejunio

443 1141 702 1210 relaxari,
731 1141 848 1199 sine
878 1143 1184 1199 cessatione
1210 1138 1358 1197 illam
1390 1140 1444 1197 in
1494 1152 1657 1199 cantu
1700 1141 2045 1212 frequentare

441 1233 720 1289 debemus.
749 1232 891 1290 Ante
917 1235 1119 1306 pascha
1148 1249 1277 1306 ergo
1313 1245 1526 1306 tempus
1543 1230 1733 1307 jejunii
1765 1235 2046 1307 przesentis

439 1327 564 1382 vita:
584 1326 1035 1400 signiﬁcationem
1054 1338 1221 1395 tenet,
1241 1329 1366 1399 quia
1388 1337 1609 1400 propter
1619 1337 1841 1403 peccata
1861 1338 2044 1383 nostra

441 1418 622 1491 poenis
646 1418 1010 1491 aerumnisque
1044 1421 1283 1490 quotidie
1324 1420 1629 1492 alliigimur.
1662 1420 1895 1491 Tempus
1917 1434 2045 1475 vero

445 1514 908 1586 quinquagesima:
954 1515 1225 1586 paschalis
1277 1514 1516 1573 futuram
1591 1516 2046 1572 resurrectionem

445 1621 731 1677 corporum
772 1616 1106 1675 nostrorum,
1154 1608 1208 1663 id
1238 1616 1344 1674 est,
1391 1617 1646 1665 aeternam
1692 1608 1747 1662 in
1792 1608 1945 1663 ctelis
1966 1607 2045 1663 vi-

447 1707 660 1765 tam,eo
686 1700 827 1770 quod
859 1708 1022 1770 caput
1042 1709 1289 1756 nostrum
1310 1716 1376 1757 eo
1391 1710 1635 1772 tempore
1660 1700 2042 1771 resurrcxerit,

444 1789 801 1854 demonstrat,
826 1805 890 1844 ac
913 1791 1034 1845 ideo
1058 1790 1278 1847 caeleste
1318 1793 1588 1848 canticum
1632 1790 1866 1858 alleluia,
1898 1790 2044 1861 quod

2137 686 2386 742 mortuis.
2431 686 2733 743 Sabbatum
2778 695 2958 745 autem
3006 703 3037 742 a
3074 688 3259 760 priore
3302 688 3504 760 populo
3549 689 3606 743 in
3637 690 3755 746 otio

2138 778 2493 850 corporaliter
2536 778 2867 836 celebratum
2912 779 3163 852 legimus,
3215 788 3278 835 ut
3318 781 3492 852 ﬁgura
3520 783 3751 837 essetin

2141 876 2406 945 requiem,
2450 878 2591 933 unde
2628 886 2684 934 et
2734 878 3017 933 sabbatum
3066 878 3283 948 requies
3330 878 3748 949 interpretatur.

2143 966 2271 1022 Dies
2297 978 2479 1023 autem
2523 969 2855 1037 Dominicus,
2884 986 2993 1026 non
3034 967 3236 1025 ludatis
3276 969 3371 1025 sed
3416 968 3753 1025 Christianis

2141 1073 2240 1130 per
2272 1062 2728 1119 resurrectionem
2758 1062 2972 1118 Domini
3006 1062 3307 1118 declaratus
3350 1071 3459 1129 est,
3478 1070 3539 1117 et
3563 1079 3634 1118 ex
3664 1063 3751 1120 illo

2143 1150 2309 1222 caspit
2338 1151 2539 1208 habere
2584 1153 2934 1209 festivitatem
2961 1169 3135 1209 suam.
3178 1153 3298 1224 Ipse
3326 1161 3410 1209 est
3454 1155 3607 1209 enim
3638 1154 3754 1210 dia

2142 1243 2370 1314 primus,
2406 1244 2497 1314 qui
2530 1254 2650 1315 post
2675 1246 2967 1319 septimum
3004 1245 3274 1315 reperitur
3313 1254 3563 1309 octavus,
3611 1245 3756 1300 unde

2143 1340 2199 1387 et
2224 1332 2276 1386 in
2292 1331 2619 1388 Ecclesiaste
2642 1333 2708 1388 ad
2727 1333 2957 1389 duorum
2982 1334 3455 1389 Testamentorum
3476 1332 3754 1405 signiﬁca-

2144 1423 2346 1480 tionem
2396 1426 2594 1482 dicitur
2631 1441 2646 1481 :
2684 1424 2764 1482 Illi
2811 1434 3051 1498 septem,
3081 1428 3224 1483 idem
3268 1428 3343 1483 illi
3386 1437 3536 1484 octo.
3569 1428 3754 1483 Primo

2144 1515 2289 1571 enim
2337 1516 2511 1572 solum
2559 1517 2942 1573 celebrandum
2994 1518 3279 1574 sabbatum
3333 1520 3597 1574 traditum
3649 1528 3755 1586 est,
3798 1564 3801 1565 ν

2145 1610 2270 1681 quia
2298 1620 2417 1666 erat
2464 1620 2624 1668 antea
2661 1613 2881 1684 requies
2910 1622 3268 1680 mortuorum,
3303 1615 3639 1669 resurrectio
3661 1630 3757 1668 au-

2144 1711 2253 1761 tem
2283 1703 2481 1761 nullius
2514 1714 2634 1761 erat
2668 1721 2841 1778 usque
2884 1708 2955 1762 ad
2993 1705 3272 1762 Christum
3313 1705 3635 1772 Dominum,
3667 1709 3759 1776 qui

2148 1810 2422 1867 resurgens
2445 1813 2477 1851 a
2503 1798 2742 1862 mortuis,
2776 1814 2881 1852 non
2914 1798 3158 1865 moritur,
3188 1814 3329 1854 mors
3360 1798 3440 1852 illi
3482 1799 3629 1853 ultra
3654 1816 3761 1853 non

440 1879 680 1938 Joannes
699 1882 977 1955 apostolus
1000 1884 1053 1938 in
1075 1883 1228 1938 caelis
1254 1893 1565 1940 sanctorum
1590 1883 1799 1939 turbam
1821 1882 2045 1939 turritam
2073 1869 2123 1935 Β
2150 1886 2527 1943 dominabitur.
2551 1887 2672 1944 Iam
2706 1897 2993 1960 postquam
3032 1889 3178 1945 facta
3214 1899 3299 1947 est
3349 1891 3474 1946 talis
3504 1906 3757 1947 resurre-

445 1988 643 2030 canere
685 1974 738 2028 in
766 1973 1087 2045 Apocalypsi
1134 1983 1547 2041 commemorat,
1577 1991 1644 2030 eo
1670 1982 1913 2045 tempore
1937 1973 2048 2031 i‘re-

445 2065 816 2136 quentandum
844 2079 984 2130 esse,
1009 2080 1117 2135 quo
1140 2065 1604 2121 immortalitatem
1632 2074 1874 2120 nostram
1900 2064 2047 2120 desi-

444 2154 1037 2221 deramus,Salvatoris
1074 2157 1249 2211 nostri
1284 2156 1731 2228 gloriﬁcatiouem
1765 2156 2049 2211 celebran-

445 2252 556 2311 tes;
583 2256 640 2300 et
683 2246 787 2301 hoc
809 2246 1128 2317 Optandum,
1171 2257 1231 2301 ut
1262 2248 1353 2320 qui
1395 2248 1447 2302 in
1491 2256 1637 2303 terra
1682 2249 1859 2303 aliena
1883 2249 2047 2320 positi

447 2337 717 2393 canticum
748 2338 963 2392 Domini
1007 2348 1233 2394 cantare
1277 2339 1440 2411 digne
1488 2357 1594 2396 non
1637 2356 1946 2411 possumus,
1978 2341 2048 2396 ad

448 2436 648 2483 terram
679 2429 976 2484 viventium
1020 2430 1435 2500 perveniamus,
1474 2447 1582 2502 qua
1623 2433 1740 2488 sine
1781 2433 1887 2488 line
1911 2448 2045 2503 gau-

448 2520 638 2576 dentes
680 2520 952 2576 canticum
996 2538 1194 2580 novum
1244 2523 1471 2579 Domino
1502 2526 1620 2579 sine
1660 2526 1961 2580 cessatione
1991 2524 2045 2578 in

447 2618 710 2665 atternum
726 2611 1094 2668 decantemus.
1123 2614 1181 2669 In
1200 2616 1425 2671 sabbato
1449 2625 1626 2671 autem
1642 2626 1832 2672 sancto
1850 2617 2048 2672 Pente-

448 2711 646 2768 cosles,
671 2703 810 2758 sicut
845 2704 900 2759 in
934 2706 1161 2760 sabbato
1210 2715 1399 2763 sancto
1445 2706 1689 2775 Pascbae,
1718 2708 2046 2778 baptismum

447 2791 774 2862 celebratur,
805 2794 1124 2852 lectionibus
1153 2796 1365 2853 Veteris
1386 2797 1716 2854 Testamenti
1756 2808 1882 2857 ante
1909 2800 2046 2856 reci-

447 2882 597 2950 tatis,
640 2893 696 2940 et
737 2887 1076 2945 orationibus
1134 2898 1297 2960 atque
1338 2890 1543 2946 litaniis
1600 2900 1726 2947 ante
1784 2894 2042 2963 peractis,

447 2976 806 3046 subsequente
857 2990 1049 3036 sancta
1111 2983 1400 3038 missarum
1447 2984 1835 3043 celebratione.
1896 2986 2049 3043 Bene

451 3081 667 3135 quoque
708 3069 994 3123 sabbatum
1033 3080 1282 3126 sanctum
1323 3072 1671 3131 Pentecostes
1712 3076 1878 3133 simili
1907 3077 2047 3135 cels-

449 3158 700 3215 bratioue
724 3161 953 3216 sabbato
980 3172 1171 3217 sancto
1191 3162 1417 3219 Pasclue
1436 3178 1748 3234 veneratur,
1773 3168 1901 3239 quia
1930 3169 2046 3238 ipse

2149 1979 2259 2035 ctio
2282 1980 2335 2035 in
2361 1996 2589 2052 corpore
2612 1982 2846 2047 Domini,
2865 1989 2925 2036 ut
2941 1981 3170 2057 puniret
3191 1983 3246 2039 in
3272 1984 3452 2053 capite
3474 1982 3758 2049 Ecclesia,

2147 2072 2289 2141 quod
2316 2087 2513 2143 corpus
2532 2073 2788 2128 Ecclesim
2812 2083 3056 2144 speraret
3076 2075 3130 2128 in
3155 2076 3281 2141 line,
3306 2076 3425 2132 dies
3444 2076 3762 2132 Dominicus

2150 2170 2393 2229 octavus,
2419 2165 2510 2234 qui
2535 2165 2830 2235 etprimus,
2859 2165 2915 2219 in
2938 2164 3233 2223 festivitate
3267 2168 3558 2223 successit.
3587 2168 3763 2238 Appa-

2147 2264 2232 2307 ret
2262 2263 2444 2309 autem
2471 2256 2614 2310 hunc
2640 2256 2781 2310 diem
2808 2256 2974 2311 etiam
3003 2257 3054 2310 in
3080 2256 3381 2327 Scripturis
3403 2259 3617 2313 sanctis
3642 2273 3764 2314 ese

2147 2345 2465 2400 solemnem.
2498 2345 2617 2417 Ipse
2648 2345 2795 2401 enim
2823 2350 2907 2402 est
2933 2344 3048 2403 dies
3087 2342 3300 2420 primus
3328 2349 3536 2415 sreculi,
3563 2350 3618 2404 in
3644 2352 3763 2421 ipso

2146 2436 2379 2494 formata
2429 2448 2556 2495 sunt
2598 2439 2866 2495 elementa
2910 2442 3120 2510 mundi,
3169 2443 3227 2498 in
3274 2443 3392 2513 ipso
3431 2445 3608 2499 creati
3639 2454 3768 2499 sunt

2145 2518 2361 2598 Angeli.
2407 2529 2461 2582 in
2490 2528 2606 2599 ipso
2641 2544 2858 2599 quoque
2893 2546 2925 2585 a
2975 2531 3205 2585 mortuis
3255 2534 3565 2589 resurrexit
3607 2531 3767 2588 Chri-

2149 2626 2289 2685 stus,
2315 2634 2368 2675 tn
2407 2617 2525 2688 ipso
2553 2618 2618 2672 de
2642 2619 2796 2674 caelis
2826 2618 3065 2690 Spiritus
3095 2630 3321 2677 sanctus
3345 2637 3515 2694 super
3539 2634 3766 2695 aposto-

2145 2709 2227 2766 los
2269 2709 2569 2778 descendit,
2615 2727 2813 2767 manna
2842 2713 2992 2770 ineo
3036 2714 3123 2769 die
3173 2715 3227 2768 iu
3265 2730 3453 2772 eremo
3481 2718 3665 2787 primo
3695 2717 3768 2773 de

2147 2801 2287 2857 ctelo
2312 2802 2501 2857 datum
2529 2810 2633 2858 est.
2664 2802 2759 2858 Sic
2786 2804 2931 2860 enim
2961 2804 3093 2860 dicit
3119 2805 3383 2863 Dominus
3406 2823 3421 2862 :
3444 2806 3555 2863 Sea;
3578 2808 3764 2863 diebus

2147 2891 2399 2965 colligetis
2423 2910 2642 2959 manna,
2668 2896 2723 2950 in
2752 2895 2839 2949 die
2874 2906 3047 2951 autem
3071 2907 3217 2951 sexto
3252 2898 3473 2969 duplum
3506 2898 3767 2970 collipetis

2150 2982 2350 3057 (Exod.
2378 2984 2513 3059 xvr).
2545 2985 2743 3042 Sextus
2768 2987 2912 3042 enim
2944 2988 3061 3044 dies
3075 2997 3159 3044 est
3174 3005 3494 3060 parasccve,
3521 2993 3620 3062 qui
3638 3002 3770 3049 ante

2149 3074 2433 3131 sabbatum
2460 3077 2699 3147 ponitur,
2727 3079 3012 3134 sabbatum
3037 3090 3217 3136 autem
3246 3091 3475 3138 octavus
3503 3083 3630 3139 dies
3658 3096 3768 3151 est,

2147 3182 2309 3237 quem
2335 3178 2581 3241 sequitur
2611 3170 2924 3225 Dominicus
2955 3172 3007 3226 in
3044 3188 3152 3242 quo
3199 3174 3436 3245 primum
3465 3190 3677 3230 manna
3700 3176 3773 3232 de

448 3250 760 3321 unigenitus
786 3252 881 3308 Dei
910 3253 1080 3312 Filius
1108 3257 1162 3311 in
1180 3255 1288 3312 iide
1317 3259 1676 3325 credentium,
1702 3269 1759 3316 et
1779 3261 1833 3314 in
1852 3260 2050 3315 virtute
2078 3249 2123 3313 C
2155 3265 2293 3321 cmlo
2322 3268 2486 3321 venit.
2532 3267 2684 3323 Unde
2725 3268 3027 3337 intelligant
3070 3269 3240 3326 Judtri
3263 3271 3377 3343 jam
3406 3279 3541 3327 tunc
3563 3273 3770 3341 praela-

448 3357 694 3412 operum,
719 3345 922 3400 nullam
948 3347 1092 3405 inter
1122 3364 1181 3405 se
1207 3362 1264 3405 et
1288 3350 1554 3420 Spiritum
1605 3362 1850 3410 sanctum
1882 3354 2052 3415 voluit

450 3448 572 3488 esse
594 3434 925 3503 distantiam,
961 3440 1086 3508 quia
1130 3440 1277 3497 nulla
1321 3451 1406 3498 est
1428 3444 1718 3501 diversitas
1751 3446 1806 3501 in
1830 3454 2048 3515 natura,

451 3522 671 3579 dicens:
703 3526 818 3596 Ego
843 3530 1034 3599 rogabo
1064 3529 1280 3588 Patrem
1303 3549 1506 3601 meum,
1542 3545 1591 3590 et
1620 3536 1785 3593 alium
1806 3539 2047 3609 parcels-

451 3625 563 3671 tam
586 3618 731 3672 dabit
754 3620 916 3687 vobis,
949 3633 1005 3677 sit
1034 3625 1293 3680 vobiscum
1316 3628 1389 3683 sit
1413 3629 1469 3683 in
1494 3640 1769 3698 (sternunt,
1791 3630 2049 3703 Spiritum

446 3707 682 3762 veritatis
726 3708 912 3780 (Joan.
959 3713 1057 3785 tv).
1104 3715 1171 3769 Et
1218 3716 1417 3773 iterum
1461 3737 1475 3773 :
1521 3716 1831 3775 Paracletus
1872 3731 2049 3778 autem

449 3792 679 3865 Spiritus
705 3812 942 3865 sanctus,
969 3820 1124 3874 quem
1152 3808 1315 3863 mittet
1365 3806 1532 3865 Pater
1567 3826 1721 3867 meus
1762 3813 1818 3867 in
1842 3816 2050 3871 nomine

449 3904 586 3956 meo,
618 3893 708 3949 ille
738 3912 824 3950 vos
845 3897 1047 3955 docebit
1076 3902 1273 3965 omnia,
1306 3911 1354 3958 et
1376 3916 1611 3975 suggeret
1636 3907 1888 3964 universa
1913 3926 2052 3980 σαω-

449 3997 650 4053 cunque
672 3985 854 4039 dissero
887 3988 1027 4043 vobis
1054 3989 1326 4062 (Ibidem).
1361 3993 1428 4048 Et
1470 3995 1667 4051 iterum
1694 4015 1707 4051 :
1741 3996 1873 4052 Cum
1900 4016 2051 4054 verte-

452 4072 516 4125 rit
546 4073 635 4127 ille
662 4073 891 4145 Spiritus
921 4079 1171 4144 veritatis,
1199 4082 1398 4153 diriget
1422 4100 1509 4140 vos
1538 4087 1593 4140 in
1627 4104 1832 4144 omnem
1860 4092 2048 4146 verita-

450 4171 553 4216 tem
578 4163 760 4234 (Joan.
808 4168 941 4240 xvi).
976 4170 1111 4225 Cum
1148 4172 1335 4242 utique
1378 4177 1581 4234 veritas
1620 4178 1869 4237 Christus
1894 4183 1968 4238 sit
1992 4195 2049 4241 et

452 4254 688 4324 Spiritus
713 4269 934 4316 sanctus
971 4264 1193 4331 veritas,
1226 4283 1531 4340 nomenque
1551 4274 1810 4342 paracieti
1835 4276 2049 4347 utrique

452 4345 523 4400 sit
548 4350 847 4418 proprium,
894 4369 999 4409 non
1025 4356 1288 4415 dissimile
1316 4370 1401 4418 est
1445 4364 1662 4435 festum,
1695 4368 1787 4425 ubi
1830 4345 2049 4441 semper

451 4452 619 4492 unum
643 4449 727 4497 est
756 4454 1178 4504 sacramentum.

1032 4560 1263 4620 CAPUT
1301 4564 1461 4622 XLII.

965 4631 1042 4688 De
1091 4636 1177 4688 die
1229 4636 1525 4694 Dominico.

522 4714 861 4773 Dominicum
883 4720 1023 4777 diem
1048 4726 1278 4792 apostoli
1297 4728 1418 4784 ideo
1435 4730 1681 4804 religiosa
1702 4734 2047 4795 solemnitate

448 4821 767 4873 sanxerunt,
797 4814 922 4879 quia
950 4815 1004 4869 in
1027 4820 1215 4873 eodem
1248 4821 1576 4894 Redemptor
1610 4840 1799 4886 noster
1824 4847 1857 4885 a
1894 4849 2044 4888 mor-

450 4900 560 4954 tuis
586 4908 881 4958 resurrexit
909 4944 925 4969 ,
965 4907 1083 4964 ideo
1118 4909 1432 4970 Dominicus
1459 4919 1775 4988 appellatur,
1814 4932 1874 4977 ut
1897 4924 1950 4978 in
1980 4942 2045 4981 eo

450 5010 480 5047 a
506 4998 733 5053 terrenis
762 5001 1017 5069 operibus
1045 5003 1128 5057 vel
1164 5008 1349 5062 mundi
1390 5008 1658 5068 illecebris
1687 5016 2040 5085 abstinentes,

452 5096 661 5144 tantum
701 5091 900 5147 divinis
943 5094 1179 5152 cultibus
1233 5101 1553 5168 serviamus,
1603 5106 1795 5161 dantes
1838 5109 2047 5166 scilicet

451 5177 557 5231 diei
585 5180 709 5235 huic
735 5182 997 5239 honorem
1035 5195 1092 5243 et
1119 5192 1497 5258 reverentiam,
1542 5205 1762 5267 propter
1786 5214 1935 5270 spem
1967 5218 2049 5259 re-

451 5271 806 5329 snrrectionis
846 5286 1048 5335 nostra:
1073 5318 1090 5347 ,
1136 5298 1302 5352 quam
1355 5284 1617 5343 habemus
1664 5290 1717 5344 in
1758 5291 1868 5348 illa.
1908 5294 2046 5352 Nam

451 5359 593 5416 sicut
614 5362 730 5432 ipse
755 5365 1018 5426 Dominus
1042 5369 1202 5429 Jesus
1228 5374 1482 5433 Christus
1507 5387 1562 5433 et
1586 5379 1838 5440 Salvator
1861 5398 2048 5444 noster

451 5454 613 5508 tertia
637 5456 724 5513 die
750 5465 1052 5519 resurrexit
1089 5481 1121 5521 ι
1170 5469 1421 5536 mortuis,
1452 5471 1526 5528 ita
1570 5483 1626 5530 et
1672 5493 1772 5534 nos
1803 5496 2046 5539 resurre-

450 5551 635 5601 eturos
673 5546 730 5603 in
776 5552 1072 5610 novissimo
1116 5558 1553 5631 «speramus.
1606 5566 1758 5624 Unde
1783 5572 1948 5627 etiam
1986 5574 2042 5629 in

451 5634 734 5698 Dominico
750 5643 851 5739 die
862 5654 1070 5705 stantes
1096 5666 1333 5723 oramus,
1365 5660 1507 5728 quod
1538 5673 1625 5720 est
1649 5666 1863 5739 signum
1898 5669 2045 5726 futu-

455 5742 530 5830 ξω
567 5737 998 5833 resurrectionis.
1047 5742 1160 5801 Hoc
1195 5748 1304 5820 agit
1348 5751 1587 5810 Ecclesia
1621 5737 1896 5829 universa,
1923 5778 2043 5833 qua!

455 5827 510 5876 ia
531 5827 961 5896 peregrinatione
980 5837 1329 5896 mortalitatis
1356 5841 1573 5901 inventa
1593 5855 1696 5915 est,
1720 5827 2042 5922 exspectans

2155 3369 2268 3412 tam
2295 3374 2416 3413 esse
2444 3356 2671 3413 Iudaico
2710 3360 2936 3416 sabbato
2968 3361 3305 3417 Dominicam
3347 3369 3624 3429 nostrain,
3648 3362 3771 3431 jam

2150 3461 2281 3509 tunc
2305 3451 2600 3507 iudicatum
2634 3452 2861 3521 quodin
2908 3453 3134 3507 sabbato
3170 3453 3412 3523 ipsorum
3456 3454 3640 3525 gratia
3673 3453 3771 3510 Dei

2151 3548 2219 3607 de
2248 3546 2386 3605 coelo
2407 3548 2475 3603 ad
2509 3562 2604 3603 eos
2648 3548 2793 3602 nulla
2825 3549 3187 3615 descenderit,
3213 3550 3309 3606 sed
3353 3551 3405 3604 in
3436 3560 3633 3607 nostra
3660 3552 3772 3607 Do-

2150 3638 2352 3695 minlca
2399 3639 2456 3695 in
2484 3654 2589 3707 qua
2617 3640 2855 3709 primum
2884 3640 3143 3696 Dominus
3178 3658 3298 3697 eam
3326 3641 3479 3713 pluit.

2718 3749 2946 3805 CAPUT
2999 3750 3178 3807 XLIII.

2537 3819 2611 3875 De
2643 3820 3013 3890 festivitatibus
3042 3833 3364 3879 sanctorum.

2220 3912 2566 3969 Festivitates
2613 3914 2983 3985 apostolorum
3039 3917 3153 3971 sive
3196 3917 3253 3971 in
3306 3918 3569 3973 honorem
3609 3937 3772 3977 mar.

2148 4015 2332 4079 tyrum
2370 4009 2741 4066 solemnitates
2766 4052 2781 4078 ,
2817 4012 3022 4083 antiqui
3071 4022 3256 4084 patres
3297 4014 3352 4068 in
3390 4017 3773 4071 venerationis

2150 4101 2408 4171 mysterio
2434 4102 2712 4158 celebrare
2742 4113 3043 4160 sanxerunt
3070 4106 3317 4179 (August.
3341 4106 3404 4161 de
3429 4106 3581 4160 Cirit.
3613 4107 3769 4177 Dei),

2148 4194 2232 4249 vel
2261 4194 2329 4249 ad
2358 4197 2701 4252 excitandam
2728 4198 3108 4265 imitationem,
3140 4199 3222 4254 vei
3254 4207 3311 4253 ut
3334 4198 3544 4254 meritis
3562 4214 3770 4255 eorum

2149 4288 2543 4352 consociemur,
2560 4298 2724 4361 atque
2743 4292 3083 4347 orationibus
3099 4292 3433 4361 adiuvamur,
3454 4293 3527 4347 ita
3550 4303 3777 4350 tamen.

2120 4394 2207 4458 ,ιιι
2230 4385 2360 4439 nulli
2392 4395 2717 4457 martyrum,
2760 4390 2855 4444 sed
2891 4388 2992 4460 ipsi
3018 4388 3130 4443 Deo
3156 4398 3475 4462 martyrum,
3505 4391 3777 4459 quamvis

2149 4474 2205 4530 in
2231 4479 2506 4533 memoriis
2562 4490 2883 4552 martyrum,
2925 4484 3321 4539 constituamus
3366 4483 3577 4538 altaria.
3624 4483 3777 4552 Quis

2151 4569 2295 4623 enim
2331 4570 2633 4625 antistitum
2666 4573 2719 4626 in
2747 4572 2880 4629 locis
2917 4584 3231 4631 sanctorum
3278 4590 3564 4645 corporum
3611 4579 3772 4633 assi-

2156 4670 2306 4717 stens
2332 4662 2492 4717 altari
2541 4665 2829 4733 aliquando
2880 4669 3054 4723 dixit:
3086 4668 3377 4725 OII'erimus
3423 4669 3537 4735 tibi,
3573 4670 3770 4737 Pett‘e,

2154 4764 2247 4810 aut
2290 4756 2478 4823 Paule,
2524 4766 2616 4812 aut
2660 4759 2963 4829 Cypriane?
3009 4761 3116 4819 Sed
3162 4766 3303 4834 quod
3344 4764 3595 4830 olfertur,
3650 4766 3773 4823 Des

2152 4846 2412 4913 oii'ertur,
2469 4851 2559 4919 qui
2609 4860 2882 4922 martyres
2920 4857 3232 4921 coronavit,
3274 4858 3415 4929 apud
3462 4860 3775 4917 memorias

2153 4953 2339 4993 eorum
2363 4954 2498 5009 quos
2519 4946 2819 5010 coronavit,
2851 4948 2996 5017 quod
3018 4962 3081 5003 ex
3114 4950 3353 5019 ipsorum
3378 4967 3561 5008 amore
3581 4952 3779 5022 major

2154 5028 2377 5086 allectus
2400 5043 2657 5105 exsurgat
2687 5036 2753 5090 ad
2777 5042 3075 5095 acuendam
3106 5042 3449 5109 cbaritatem,
3481 5048 3534 5100 et
3558 5047 3612 5100 in
3632 5048 3775 5105 illos

2150 5136 2287 5190 quos
2315 5123 2515 5180 imitari
2541 5142 2839 5197 possemus,
2874 5136 2929 5185 et
2956 5131 3010 5186 in
3038 5132 3129 5187 illo
3149 5150 3256 5205 quo
3272 5136 3338 5189 ad
3339 5134 3559 5206 iuvante
3574 5142 3771 5207 possi-

2150 5228 2291 5269 mus.
2320 5213 2562 5274 Colimns
2606 5235 2735 5292 ergo
2770 5232 3041 5297 martyres
3079 5241 3145 5282 co
3172 5228 3321 5284 cuitu
3366 5229 3678 5288 dilectionis
3710 5243 3772 5289 et

2149 5308 2447 5377 societatis,
2484 5327 2591 5381 quo
2611 5315 2743 5370 etin
2768 5315 2871 5373 hac
2898 5320 3009 5374 vita
3040 5320 3290 5377 coluntur
3310 5323 3483 5380 sancti
3504 5324 3769 5384 homines

2151 5401 2266 5465 Dei,
2305 5418 2535 5473 quorum
2572 5421 2668 5462 cor
2710 5411 2777 5464 ad
2813 5411 2971 5467 talem
3016 5428 3116 5485 pro
3162 5418 3470 5489 evangelica
3519 5418 3768 5476 veritate

2151 5494 2460 5565 passionem
2479 5506 2729 5567 paratum
2756 5504 3041 5572 sentimus,
3056 5508 3150 5561 sed
3171 5507 3291 5564 illos
3308 5518 3459 5564 tanto
3480 5509 3762 5575 devotius,

2149 5594 2358 5656 quanto
2378 5588 2621 5645 securius
2644 5600 2767 5660 post
2795 5592 3002 5651 incerta
3034 5599 3216 5654 omnia
3246 5609 3520 5671 superata,
3547 5611 3765 5672 quanto

2147 5675 2313 5730 etiam
2343 5676 2615 5735 ﬁdentiori
2651 5680 2811 5739 laude
2844 5687 3220 5757 praedicamus,
3256 5689 3371 5759 jam
3400 5690 3457 5748 in
3490 5692 3607 5748 vita
3628 5690 3759 5749 feIio

2147 5766 2298 5822 ciore
2329 5768 2581 5839 victores,
2618 5787 2782 5843 quam
2813 5775 2868 5832 in
2892 5776 2995 5833 ista
3025 5779 3201 5837 adhuc
3224 5796 3396 5853 usque
3422 5792 3755 5856 pugnantes.

2149 5858 2218 5916 At
2243 5875 2375 5918 vero
2405 5863 2497 5920 illo
2526 5866 2674 5924 cuitu
2701 5870 2795 5940 qui
2820 5868 3008 5930 Graece
3034 5872 3249 5944 latreia,
3269 5876 3494 5953 λατρσὶα,
3527 5876 3754 5951 dicitur,
