3970 6462
271 486 378 548 557

1058 471 1149 541 DE
1185 472 1626 543 CLERlCORUM
1664 475 2168 554 INSTITUTIONE,
2208 475 2362 544 ETC.
2401 517 2471 531 -
2505 480 2635 544 LIB.
2673 477 2742 544 li.

3424 483 3532 555 382

270 609 468 689 Latii;
509 621 622 665 uno
661 607 829 664 verbo
857 603 962 662 dici
990 621 1098 662 non
1139 615 1339 678 potest,
1381 623 1505 663 eum
1540 605 1755 678 proprie
1788 600 1858 660 sit
1884 607 1938 665 Δ
1961 611 2106 658 ctum
2129 611 2214 658 est
2235 620 2265 659 a
2306 609 2495 672 sancto
2521 598 2848 676 Augustino,
2900 593 3272 689 defunctorum
3325 600 3536 665 animas

272 703 520 774 quaedam
547 700 816 756 divinitati
851 699 1029 755 debita
1069 700 1319 766 servitus,
1365 715 1465 756 nec
1497 699 1740 764 colimus,
1762 711 1863 753 nec

272 793 559 849 colendum
612 792 884 856 docemus,
917 791 1019 846 nisi
1077 807 1242 846 unum
1282 790 1471 846 Deum.
1515 789 1650 844 Cum
1682 798 1862 843 autem

274 889 340 941 ad
363 887 508 942 hunc
525 881 730 941 cultum
747 884 1015 955 pertineat
1035 883 1233 939 oblatio
1251 881 1520 947 sacriﬁcii,
1539 881 1678 936 unde
1697 879 1864 934 idolo-

275 979 432 1034 latria
459 979 657 1034 dicitur
683 993 892 1044 eorum,
925 978 1014 1048 qui
1052 978 1154 1033 hoc
1199 978 1359 1032 etiam
1403 975 1556 1032 idolis
1584 973 1859 1038 exhibent,

275 1071 424 1128 nullo
469 1071 629 1127 modo
679 1066 880 1141 aliquid
927 1072 1033 1126 tale
1074 1067 1349 1128 olferimus
1401 1079 1495 1124 aut
1531 1067 1863 1124 offerendum

274 1161 636 1232 praecipimus,
654 1162 737 1217 vel
759 1164 1010 1232 cuiquam
1028 1163 1272 1234 martyri,
1286 1161 1371 1216 vel
1392 1162 1642 1234 cuiquam
1665 1169 1862 1216 sancta:

271 1253 489 1318 auium,
516 1253 602 1308 vel
622 1254 875 1325 cuiquam
903 1253 1112 1326 angelo,
1135 1262 1190 1308 et
1209 1253 1453 1326 quisquis
1476 1253 1532 1308 in
1551 1253 1693 1308 hunc
1714 1266 1863 1306 erro-

274 1360 390 1399 rem
415 1345 693 1412 dilabitur,
725 1345 1048 1416 corripiatur
1066 1361 1164 1414 per
1199 1360 1384 1401 sanam
1410 1344 1726 1408 doctrinam,
1749 1341 1863 1397 sive

273 1444 332 1489 ut
355 1437 676 1507 corrigatur,
706 1436 820 1492 sive
857 1443 916 1490 ut
941 1446 1198 1493 caveatur
1231 1436 1358 1490 dum
1380 1436 1542 1490 etiam
1569 1435 1670 1506 ipsi
1691 1431 1860 1490 sancti

274 1526 360 1581 vel
383 1526 630 1582 homines
654 1525 736 1580 vel
768 1527 941 1597 angeli
967 1528 1206 1582 exhiberi
1237 1528 1336 1582 sibi
1369 1528 1560 1594 nolint,
1587 1527 1730 1597 quod
1768 1527 1860 1581 uni

275 1616 386 1671 Deo
417 1612 600 1670 deberi
633 1617 834 1673 norint.
860 1617 1120 1690 Apparuit
1145 1621 1247 1674 hoc
1270 1619 1322 1674 in
1345 1619 1512 1676 Paulo
1540 1629 1596 1674 et
1615 1617 1860 1674 Barnaba

272 1722 394 1760 cum
421 1749 436 1773 ,
471 1707 724 1764 commoti
775 1708 1048 1765 miraculis
1071 1751 1085 1776 ,
1117 1726 1236 1780 quae
1268 1726 1367 1780 per
1411 1726 1503 1766 eos
1546 1709 1688 1766 facta
1715 1719 1859 1777 sunt,

273 1793 550 1865 Lycaonii,
573 1805 828 1868 tanquam
845 1797 945 1852 diis
962 1797 1240 1854 immolare
1259 1800 1544 1856 voluerunt
1564 1800 1699 1872 (Act.
1724 1799 1858 1872 xiv).

272 1884 575 1942 (Zonscissis
594 1889 736 1942 enim
769 1887 1101 1944 vestimentis
1121 1890 1252 1956 suis,
1283 1891 1600 1947 conﬁtentes
1641 1901 1694 1946 et
1733 1907 1860 1962 per-

271 1977 564 2033 suadentes
597 1995 654 2034 se
681 1979 808 2034 deos
836 1997 940 2034 non
969 1997 1108 2048 esse,
1139 1983 1240 2037 ista
1287 1983 1390 2038 sibi
1420 1993 1722 2040 vetuerunt.
1748 1985 1859 2056 Ap-
1887 1957 1936 2017 Β

275 2070 462 2136 paruit
493 2071 622 2126 etin
665 2072 889 2144 angelis,
929 2073 1069 2128 sicut
1096 2083 1151 2129 et
1192 2079 1246 2130 in
1287 2074 1605 2148 Apocalypsi
1635 2077 1864 2148 legimus

272 2159 525 2230 angelum
551 2177 610 2217 se
639 2161 864 2218 adorare
889 2165 1263 2234 prohibentem
1293 2181 1356 2221 ac
1377 2167 1645 2222 dicentem
1675 2167 1864 2222 adora-

275 2246 380 2302 tdri
405 2266 502 2304 suo
551 2269 564 2304 :
620 2239 908 2308 Conscrvus
953 2265 1076 2310 tuus
1116 2271 1232 2310 sum
1275 2267 1322 2311 et
1361 2251 1586 2328 fratrum
1630 2269 1856 2323 tuorum,

267 2334 438 2394 Deum
470 2341 634 2397 adora
667 2344 848 2416 (Apoc.
879 2348 1016 2418 XIX).
1049 2348 1216 2403 Recte
1255 2349 1436 2420 itaque
1473 2343 1730 2405 scribitur
1759 2353 1860 2408 ho-

169 2438 174 2442 ’
269 2431 404 2485 mini
435 2433 502 2487 ab
528 2433 718 2504 angelo
745 2437 1068 2506 prohibitum
1093 2455 1212 2496 esse
1240 2442 1465 2496 adorare
1485 2457 1562 2508 se,
1587 2441 1680 2497 sed
1694 2459 1861 2499 unum

267 2521 436 2576 Deum
466 2523 566 2579 sub
594 2542 702 2595 quo
726 2529 775 2582 ei
807 2541 948 2586 esset
970 2540 1024 2586 et
1049 2532 1140 2586 ille
1161 2549 1473 2588 conservus.
1503 2531 1618 2588 Non
1634 2546 1770 2606 ergo
1790 2537 1861 2590 sit

269 2608 428 2662 nobis
455 2608 544 2664 ille
573 2610 766 2665 divinm
794 2609 1065 2686 religionis
1088 2617 1262 2672 cultus
1287 2619 1338 2672 in
1370 2619 1586 2690 angelos
1613 2629 1706 2676 aut
1723 2637 1864 2676 mar-

265 2704 434 2769 tyres,
455 2701 579 2770 quia
607 2719 712 2758 non
731 2703 809 2758 sic
839 2705 961 2761 habt
981 2720 1106 2763 mur
1129 2719 1186 2763 ut
1206 2709 1338 2764 tales
1362 2719 1607 2778 quaerant
1627 2711 1860 2769 honores

266 2797 329 2842 ut
357 2790 518 2857 Deus,
549 2795 673 2861 quia
721 2811 822 2850 nec
846 2798 945 2867 ipsi
992 2799 1176 2854 volunt
1215 2815 1274 2854 se
1315 2801 1417 2854 coli
1459 2818 1557 2872 pro
1597 2803 1737 2868 Deo,
1765 2803 1861 2858 sed

265 2875 420 2933 illum
452 2893 482 2934 a
517 2883 675 2938 nobis
709 2885 809 2939 coli
854 2887 1039 2941 volunt
1075 2905 1181 2959 quo
1220 2889 1556 2945 illuminante
1585 2893 1856 2946 laetantur.

267 2966 582 3026 Honorandi
610 2989 739 3046 ergo
769 2985 894 3032 sunt
919 2988 1205 3051 martyres,
1237 2989 1454 3052 pr0pter
1484 2981 1856 3050 imitationem,

267 3080 379 3120 non
402 3070 662 3126 adorandi
682 3083 902 3144 propter
923 3075 1258 3148 religionem,
1280 3075 1578 3134 honorandi
1595 3077 1862 3133 charitate

269 3173 378 3212 non
419 3161 700 3216 servitute.
740 3163 1042 3220 Notandum
1067 3183 1194 3224 vero
1216 3167 1356 3238 quod
1391 3167 1563 3235 Felix,
1585 3184 1724 3239 papa
1746 3167 1858 3224 Ro-

265 3265 482 3319 manus,
509 3255 802 3326 vigesimus
847 3259 1104 3328 septimus
1154 3269 1274 3331 post
1319 3271 1565 3317 sanctum
1613 3258 1854 3329 Petrum,

267 3343 466 3413 tegitur
491 3347 837 3404 constituisse
857 3365 1016 3422 supra
1036 3353 1324 3407 memorias
1351 3361 1649 3424 martyrum
1667 3353 1858 3410 missas

267 3430 555 3489 celebrari.
595 3436 849 3494 Attamen
881 3442 1074 3496 beatus
1099 3441 1389 3512 Gregorius
1411 3459 1549 3514 papa
1583 3447 1859 3517 sexagesi-

266 3535 393 3578 mus
433 3533 622 3580 sextus
649 3527 904 3584 Romana:
954 3531 1103 3586 urbis
1144 3530 1423 3588 constituit
1460 3551 1621 3605 supra
1665 3551 1861 3606 corpus

267 3613 468 3671 missas
496 3616 778 3676 celebrari.
808 3621 1070 3676 Dicuntur
1089 3625 1334 3694 quaedam
1362 3626 1682 3684 festivitates
1709 3639 1861 3686 nata-

260 3699 406 3769 lltia,
425 3713 482 3760 et
493 3707 708 3763 merito.
727 3709 1005 3776 Quomodo
1027 3715 1169 3768 enim
1193 3727 1450 3772 consuete
1466 3720 1614 3774 nasci
1639 3721 1856 3790 dicitur,

268 3806 401 3850 cum
433 3797 574 3867 quis,
603 3799 669 3856 de
697 3810 852 3857 utero
881 3806 1071 3861 matris
1098 3809 1412 3878 procedens,
1443 3809 1585 3866 hanc
1607 3811 1661 3865 in
1685 3811 1860 3867 lucem

261 3889 564 3960 egreditur,
591 3893 665 3947 ita
690 3897 987 3952 rectissime
1010 3909 1187 3970 potest
1233 3909 1394 3957 natus
1430 3901 1554 3966 dici,
1590 3903 1716 3974 quia
1741 3905 1859 3959 vin-

263 3981 404 4036 culis
432 3984 615 4039 carnis
637 3986 862 4054 solutus,
886 3991 953 4043 ad
977 3990 1146 4046 lucem
1165 3993 1484 4048 sublimatur
1504 4003 1783 4062 aeternam,
1804 4005 1860 4052 et

263 4071 395 4128 inde
435 4089 553 4130 mos
587 4075 818 4132 obtinuit
861 4079 1258 4138 ecclesiasticus
1287 4125 1300 4150 ,
1332 4093 1392 4138 ut
1423 4085 1537 4140 dies
1575 4086 1856 4141 beatorum

259 4173 588 4236 martyrum,
623 4167 736 4223 sive
769 4165 1135 4228 confessorum
1164 4174 1387 4240 Christi,
1428 4176 1521 4246 qui
1565 4177 1629 4231 de
1660 4177 1856 4232 saeculo

264 4261 620 4330 transierunt,
651 4267 858 4322 natales
879 4268 1198 4334 vocitemus,
1231 4285 1526 4341 eorumque
1569 4269 1852 4336 solemnia,

259 4365 374 4405 non
403 4349 672 4421 funebria,
706 4359 800 4412 sed
823 4359 1064 4414 natalitia
1095 4361 1360 4416 dicantur.

822 4469 1048 4526 CAPUT
1079 4471 1262 4526 XLIV.

495 4533 576 4590 De
597 4539 873 4606 sacriﬁciis
903 4557 997 4610 pro
1021 4535 1279 4611 defunctis
1310 4543 1612 4612 afferendis.

1967 697 2085 754 sine
2129 694 2288 752 dubio
2319 692 2519 769 pietate
2551 711 2772 754 suorum
2805 695 3098 753 viventium
3133 685 3382 766 relevari,
3413 713 3536 756 cum

1962 806 2060 860 pro
2090 789 2194 846 illis
2225 787 2549 845 sacriﬁcium
2594 787 2838 854 offertur,
2864 790 2950 846 Vel
2985 789 3338 862 eleemosynae
3377 789 3533 860 ﬁunt,

1963 883 2008 938 si
2038 890 2216 937 tamen
2267 882 2481 952 aliquod
2503 881 2731 954 quisque
2753 883 2855 938 sibi
2891 883 3140 942 meritum
3190 885 3534 957 praeparavit,

1963 973 2090 1028 dum
2121 973 2300 1028 adhuc
2322 974 2376 1028 in
2407 990 2638 1044 corpore
2671 969 2894 1039 viveret,
2927 992 3025 1047 pro
3053 991 3157 1048 qua
3183 977 3282 1032 ista
3303 977 3534 1048 prosint,

1962 1079 2296 1136 quaecunque
2331 1082 2428 1138 pro
2460 1059 2552 1120 illo
2601 1065 2753 1121 ﬁunt.
2812 1061 2948 1122 Nam
2977 1085 3083 1123 non
3115 1069 3366 1126 omnibus
3404 1084 3534 1140 pro-

1963 1165 2110 1220 sunt,
2138 1157 2241 1212 nisi
2279 1173 2378 1228 pro
2423 1151 2724 1212 diﬁcrentia
2754 1155 2896 1224 vita),
2931 1165 3049 1230 Quae
3099 1155 3328 1232 quisque
3369 1162 3538 1231 gessit

1961 1247 2015 1303 in
2041 1263 2284 1320 corpore.
2311 1247 2444 1304 Nam
2476 1265 2574 1319 pro
2607 1249 2763 1305 valde
2784 1251 2941 1307 bonis
2981 1253 3274 1324 gratiarum
3297 1255 3540 1326 actiones

1962 1350 2106 1406 sunt,
2141 1355 2240 1412 pro
2268 1358 2375 1398 non
2411 1333 2566 1398 valde
2595 1341 2773 1408 bonis,
2806 1347 2861 1398 et
2896 1360 3003 1399 non
3028 1339 3182 1400 valde
3203 1337 3378 1411 malis,
3407 1363 3538 1416 pro-

1960 1429 2271 1502 pitiationes
2297 1438 2440 1497 sunt,
2465 1447 2562 1501 pro
2587 1431 2741 1488 valde
2766 1432 2944 1500 malis,
2983 1432 3030 1490 si
3058 1435 3222 1490 etiam
3247 1435 3391 1491 nulla
3415 1446 3542 1492 sunt

1961 1518 2267 1589 adjumenta
2305 1531 2662 1589 mortuorum,
2711 1523 3113 1598 qualescunque
3151 1531 3336 1582 tamen
3383 1527 3537 1582 vivo-

1967 1628 2086 1667 rum
2125 1613 2524 1669 consolationes
2555 1623 2699 1668 sunt.
2735 1614 2938 1682 Quibus
2965 1621 3146 1671 autem
3167 1625 3412 1688 prosunt,
3445 1624 3541 1672 aut

1962 1703 2028 1758 ad
2064 1705 2169 1760 hoc
2196 1711 2443 1774 prosunt,
2470 1713 2530 1760 ut
2560 1699 2632 1761 sit
2664 1703 2820 1778 plena
2855 1699 3122 1774 remissio,
3170 1709 3263 1763 aut
3297 1715 3446 1765 certe
3481 1715 3542 1762 ut

1963 1789 2298 1853 tolerabilior
2317 1795 2414 1852 ﬁat
2436 1791 2550 1869 ipsa
2580 1797 2877 1854 damnatio.

2517 1907 2746 1964 CAPUT
2781 1900 2939 1963 XLV.

1962 1996 2043 2052 De
2076 1995 2367 2066 Enctrniis,
2399 2007 2446 2054 et
2493 1999 2632 2053 unde
2683 1999 2850 2081 omnis
2885 1998 3014 2054 ordo
3041 1986 3129 2054 ille
3156 1991 3408 2076 originem
3436 1997 3540 2055 du-

2646 2080 2798 2124 a'ertt.

2031 2159 2380 2218 Festivitates
2409 2177 2618 2219 annuas
2663 2162 3018 2220 dedicationis
3063 2151 3437 2230 ecclesiarum,
3473 2177 3543 2218 ex

1963 2269 2115 2309 more
2138 2262 2381 2311 veterum
2412 2255 2696 2322 celebrari,
2731 2257 2784 2310 in
2831 2253 3122 2327 Evangelio
3153 2255 3402 2326 legimus,
3449 2253 3542 2310 ubi

1962 2346 2199 2401 dicitur-
2261 2345 2432 2402 Facta
2483 2356 2605 2401 sunt
2666 2357 2842 2401 autem
2899 2340 3134 2402 enca’nia
3199 2336 3542 2416 Jerosolgmis

1962 2437 2145 2512 (Joan.
2173 2439 2251 2513 χ).
2287 2439 2537 2496 Eucaenia
2560 2440 2755 2511 quippe
2776 2437 3096 2496 festivitates
3133 2447 3288 2494 erant
3328 2435 3543 2493 dedica-
3599 2465 3621 2480 ο

1962 2532 2134 2588 tiones
2166 2531 2368 2603 templi.
2421 2531 2607 2587 Graece
2663 2532 2806 2586 enim
2860 2531 3020 2589 καινὸν
3075 2529 3271 2586 dicitur
3318 2543 3539 2585 novum.

1923 2628 1926 2630 ⁷
1960 2621 2327 2694 Quodcunque
2361 2623 2506 2678 enim
2535 2615 2735 2694 aliquid
2781 2638 2978 2678 novum
3022 2621 3188 2676 fuerit
3215 2613 3540 2688 dedicatum,

1959 2731 2128 2772 encaer
2151 2717 2200 2772 ia
2235 2725 2477 2772 vocatur.
2521 2713 2674 2772 illum
2728 2717 2872 2773 enim
2921 2715 3064 2772 diem
3091 2731 3201 2787 quo
3233 2709 3544 2770 dedicatum

1961 2817 2046 2863 est
2069 2805 2324 2878 templum
2357 2822 2388 2862 a
2427 2807 2736 2875 Salomone,
2769 2809 2910 2864 sicut
2939 2807 3146 2878 Regum
3178 2803 3316 2862 liber
3355 2812 3411 2862 et
3437 2805 3543 2860 Pa-

1963 2897 2334 2970 ralipomenon
2372 2911 2578 2963 narrat,
2609 2899 2779 2956 Judmi
2811 2900 3126 2956 solemniter
3171 2895 3544 2965 celebrabant,

1961 2997 2016 3046 et
2051 2990 2164 3060 ipse
2213 2991 2328 3048 dies
2378 2993 2517 3062 apud
2552 3008 2646 3048 eos
2689 2990 2859 3048 festus
2905 2990 3242 3057 habebatur;
3279 2989 3370 3062 qui
3409 3004 3540 3046 usus

1960 3082 2208 3138 videlicet
2235 3083 2290 3138 in
2343 3083 2448 3138 illis
2469 3084 2702 3138 exolevit
2729 3084 2818 3153 qui
2869 3091 3165 3139 caruerunt
3209 3089 3264 3137 et
3313 3081 3458 3136 cultu
3484 3089 3540 3136 et

1961 3177 2180 3248 templo.
2207 3175 2501 3233 Christiani
2529 3186 2705 3232 autem
2736 3186 2949 3232 servant
3001 3191 3204 3231 morem
3253 3173 3403 3229 illum
3433 3188 3532 3244 pa-

1965 3275 2128 3333 trum,
2162 3269 2216 3321 in
2240 3267 2436 3338 quibus
2466 3267 2634 3338 gloria
2687 3266 2944 3320 translata
2971 3265 3204 3319 videtur.
3234 3257 3368 3318 Nam
3395 3262 3539 3332 quod

1963 3358 2016 3413 in
2040 3357 2376 3413 dedicatione
2403 3353 2604 3427 templi,
2638 3355 2691 3411 in
2722 3365 2880 3410 nocte
2908 3354 3242 3426 praecedente
3279 3351 3422 3407 diem
3450 3351 3543 3407 de-

1965 3451 2274 3518 dicationis,
2312 3450 2554 3520 reliquiae
2604 3459 2914 3504 sanctorum
2960 3445 3161 3502 feretro
3215 3443 3444 3501 conditae
3484 3441 3542 3500 in

1963 3543 2196 3598 tentorio
2218 3540 2414 3614 vigiliis
2437 3539 2836 3606 custodiuntur,
2861 3537 2988 3609 quid
3015 3537 3158 3592 aliud
3183 3536 3538 3603 demonstrat,

1961 3651 2122 3706 quam
2171 3635 2312 3707 quod
2339 3651 2466 3690 arca
2506 3631 2813 3689 testamenti
2848 3648 2970 3688 cum
3019 3628 3222 3686 sanctis
3250 3645 3372 3700 quae
3399 3627 3453 3684 ln
3477 3644 3540 3684 ea

1960 3734 2136 3790 erant,
2169 3726 2224 3781 in
2278 3724 2626 3782 tabernaculo
2669 3721 2904 3780 Mosaico
2953 3733 3078 3778 ante
3127 3721 3538 3778 aediﬁcationem

1961 3819 2142 3888 templi
2169 3835 2265 3890 per
2311 3819 2568 3873 excubias
2597 3817 2903 3872 chitarum
2932 3807 3268 3870 servabatur.
3299 3809 3368 3867 Et
3395 3811 3538 3882 quod

1960 3907 2012 3962 in
2053 3916 2292 3976 tempore
2319 3907 2670 3962 dedicationis
2711 3903 3051 3960 multitudine
3076 3901 3311 3972 uiridique
3341 3916 3536 3956 convo-

1961 4009 2103 4064 cata,
2136 3995 2395 4052 feretrum
2432 4013 2555 4052 cum
2608 3995 2850 4065 reliquiis
2896 4003 3206 4050 sanctorum
3231 4007 3328 4063 per
3359 4007 3538 4048 sacer-

1959 4089 2110 4144 dotes
2141 4089 2205 4144 de
2237 4087 2464 4143 tentorio
2493 4087 2558 4142 ad
2592 4083 2845 4156 templum
2876 4083 3067 4151 fertur,
3117 4081 3246 4156 quid
3274 4081 3418 4138 aliud
3453 4081 3536 4138 in-

1957 4178 2129 4242 timat,
2165 4195 2326 4248 quam
2355 4178 2497 4248 quod
2524 4171 2658 4232 liber
2683 4171 3132 4245 Paralipomenon
3158 4181 3362 4238 narrat,
3389 4173 3534 4244 quod

1957 4281 2202 4324 venerunt
2231 4288 2406 4325 omnes
2454 4271 2550 4324 viri
2589 4267 2762 4323 Israel
2790 4268 2859 4322 ad
2909 4285 3076 4339 regem
3109 4262 3445 4322 Salomonem
3478 4265 3533 4320 in

1955 4361 2040 4417 die
2089 4362 2330 4428 solemni,
2389 4371 2436 4416 et
2480 4371 2814 4433 portaverant
2853 4359 3046 4414 Levita:
3100 4367 3278 4414 aream
3311 4358 3522 4429 fwderis

1853 4479 1862 4490 -
1955 4453 2170 4510 Domini
2189 4471 2311 4510 cum
2340 4451 2489 4510 omni
2511 4462 2771 4524 apparatu
2804 4451 3149 4518 tabernaculi,
3175 4463 3221 4506 et
3243 4451 3530 4506 intulerunt

1953 4563 2069 4600 eam
2108 4549 2398 4601 sacerdotes
2442 4548 2496 4602 in
2523 4546 2696 4601 locum
2745 4562 2898 4599 suum
2928 4543 3014 4616 (II
3045 4543 3175 4598 Par.
3205 4544 3284 4615 v),
3337 4543 3390 4599 id
3419 4552 3523 4610 est,

334 4622 673 4683 Sacriﬁcium
717 4643 814 4700 pro
853 4631 1224 4686 defunctorum
1265 4632 1500 4690 iidelium
1541 4636 1726 4706 requie
1765 4635 1848 4692 of-
1870 4667 1924 4728 Ι)
1953 4636 2228 4690 oraculum
2267 4637 2447 4707 templi
2496 4638 2548 4690 in
2601 4643 2785 4692 sancta
2837 4631 3184 4688 sanctorum?
3225 4635 3376 4702 Quod
3401 4651 3530 4690 vero

256 4711 426 4781 ferre,
458 4719 545 4775 vel
570 4737 669 4792 pro
712 4721 793 4778 eis
815 4739 994 4788 orare,
1025 4725 1152 4795 quia
1177 4742 1274 4794 per
1310 4735 1478 4781 totum
1525 4728 1713 4782 orbem
1743 4730 1846 4782 hoc

253 4809 582 4876 custoditur,
632 4813 902 4869 credimus
935 4817 1078 4885 quod
1106 4817 1173 4871 ab
1227 4817 1354 4887 ipsis
1389 4819 1646 4888 apostolis
1674 4821 1846 4875 tradi-

255 4907 370 4952 tum
399 4901 490 4954 sit.
531 4900 645 4958 Hoc
683 4900 826 4958 enim
861 4905 1057 4974 ubique
1107 4907 1370 4962 catholica
1404 4917 1548 4962 tenet
1579 4908 1840 4976 Ecclesia,

251 5001 376 5058 qua:
401 4991 503 5044 nisi
527 4993 772 5050 crederet
797 4991 1041 5052 ﬁdelibus
1067 4997 1332 5052 defunctis
1376 4997 1570 5052 dimitti
1597 5009 1841 5069 peccata,

249 5093 363 5132 non
387 5095 488 5150 pro
513 5097 700 5138 eorum
731 5087 1052 5156 specialibus
1081 5089 1162 5143 vel
1193 5090 1584 5161 elcemosynam
1617 5091 1834 5158 faceret,

250 5172 338 5226 vel
373 5175 702 5232 sacriﬁcium
729 5179 966 5234 oiferret.
1000 5179 1134 5236 Nam
1173 5195 1224 5236 et
1260 5199 1383 5237 cum
1415 5185 1562 5250 dicit,
1594 5185 1684 5255 qui
1713 5204 1836 5256 pec-

250 5268 446 5320 caverit
475 5269 530 5322 in
568 5267 824 5342 Spiritum
847 5283 1108 5338 sanctum,
1141 5290 1243 5327 non
1270 5276 1560 5328 remittetur
1586 5277 1632 5329 ei
1664 5275 1717 5330 in
1740 5276 1838 5330 hoc

248 5359 468 5425 sarculo,
493 5378 656 5434 neque
684 5363 738 5417 in
767 5364 944 5434 futuro
973 5364 1186 5438 (Matth.
1213 5365 1334 5438 χιι),
1359 5365 1693 5421 demonstrat
1715 5367 1835 5436 qui-

247 5450 480 5508 busdam
517 5453 626 5509 illic
653 5449 972 5512 dimittenda
1000 5466 1244 5527 peccata,
1273 5465 1326 5512 et
1353 5456 1599 5528 quaedam
1632 5473 1834 5529 purga-

249 5545 396 5598 torio
423 5547 543 5616 igne
596 5545 892 5618 purganda.
935 5543 1074 5619 Ergo
1106 5558 1164 5603 ut
1202 5547 1436 5604 inlibris
1473 5547 1667 5619 dialogi
1705 5565 1832 5604 san-

247 5642 373 5688 ctus
399 5633 696 5707 Gregorius
753 5645 960 5702 narrat,
1014 5645 1068 5692 et
1092 5639 1233 5694 Beda
1285 5640 1542 5710 magister
1573 5639 1627 5693 in
1655 5637 1834 5695 Gestis

247 5726 586 5796 angelorum,
631 5727 942 5800 frequenter
963 5731 1209 5800 exemplo
1233 5739 1506 5786 ostensum
1537 5745 1632 5786 seu
1666 5729 1832 5786 visio—

247 5830 320 5872 ne
364 5815 659 5874 revelatum
703 5829 806 5889 est,
860 5821 1142 5877 animabus
1173 5819 1546 5877 defunctorum
1600 5822 1830 5877 multum

249 5912 510 5978 prodesse
543 5929 640 5976 pro
689 5915 769 5972 cis
802 5915 1085 5974 sacriﬁcia.
1121 5913 1188 5971 Et
1218 5915 1270 5971 in
1321 5915 1549 5984 quodam
1582 5916 1698 5972 loco
1743 5915 1825 5972 di-

1948 4726 2186 4798 pontifex
2233 4725 2393 4782 simul
2447 4744 2568 4781 cum
2607 4724 2981 4780 sacerdotibus
3024 4721 3282 4780 feretrum
3308 4733 3500 4794 portan

1949 4817 2113 4884 tibus,
2151 4826 2202 4874 ct
2229 4819 2372 4875 omni
2409 4819 2554 4873 clero
2609 4835 2672 4872 ac
2699 4826 2894 4872 czetcro
2920 4817 3114 4887 populo
3142 4817 3354 4872 laudem
3383 4825 3435 4872 et
3460 4811 3526 4870 li-

1951 4909 2126 4962 tanias
2158 4910 2400 4963 canendo
2435 4917 2722 4977 antequam
2775 4907 3107 4978 ingrediatur
3155 4907 3206 4960 in
3243 4905 3521 4976 templum,

1951 5008 2032 5054 ter
2069 4999 2199 5055 foris
2251 4999 2378 5055 illud
2439 4999 2648 5064 circuit,
2683 4998 2809 5070 quid
2851 4997 2993 5051 aliud
3037 4997 3324 5068 signiﬁcat,
3361 5012 3521 5066 quam

1949 5092 2089 5165 quod
2117 5092 2170 5147 in
2209 5093 2440 5148 adventu
2469 5091 2678 5146 Domini
2725 5099 2778 5145 et
2811 5099 3120 5146 sanctorum
3175 5085 3308 5157 ejus,
3338 5089 3429 5158 qui
3464 5088 3524 5144 ﬁt

1947 5203 2044 5260 per
2079 5188 2472 5242 invocationem
2516 5187 2632 5258 ejus
2679 5184 2821 5239 sicut
2867 5183 2982 5254 ipse
3040 5179 3211 5236 dixit:
3263 5174 3363 5234 Ubi
3416 5180 3521 5236 duo

1947 5277 2022 5331 vel
2053 5287 2157 5330 tres
2185 5277 2481 5347 congregati
2534 5273 2735 5329 fuerint
2775 5275 2828 5327 in
2867 5273 3071 5326 nomine
3097 5287 3228 5338 meo,
3264 5271 3318 5326 in
3347 5271 3520 5326 medio

1945 5385 2124 5422 eorum
2151 5385 2268 5423 sum
2299 5367 2512 5440 (Matth.
2537 5366 2715 5439 xvin),
2757 5365 2934 5419 omnis
2985 5364 3234 5434 superbia
3265 5372 3320 5418 et
3348 5364 3520 5418 virtus

1945 5457 2162 5526 diaboli,
2189 5459 2236 5514 si
2273 5475 2392 5530 qua:
2418 5457 2470 5512 in
2503 5457 2661 5512 domo
2690 5456 3000 5521 latitaverit,
3033 5465 3249 5512 corruat
3268 5464 3324 5512 et
3357 5445 3518 5510 dissi-

1941 5559 2125 5620 petur,
2172 5559 2228 5605 et
2271 5549 2411 5620 quod
2453 5549 2748 5604 secundum
2799 5548 3116 5620 prophetam
3141 5565 3154 5602 :
3181 5545 3520 5602 Exaltabitur

1940 5635 2196 5698 Dominus
2235 5641 2376 5698 solus
2407 5643 2462 5697 in
2489 5642 2572 5696 die
2617 5641 2730 5708 illa,
2769 5651 2816 5696 et
2855 5640 3124 5696 vocabitur
3151 5639 3390 5712 deinceps
3424 5651 3521 5694 n0-

1938 5753 2058 5792 men
2101 5734 2200 5790 loci
2246 5735 2390 5790 illius
2447 5733 2702 5788 Dominus
2745 5731 2956 5806 (Ibid.).
2983 5729 3236 5804 Legimus
3266 5721 3516 5786 etiamin

1936 5828 2062 5886 Jesu
2099 5829 2270 5896 Nave,
2325 5827 2468 5899 quod
2499 5826 2807 5883 sacerdotes
2853 5834 2909 5881 et
2933 5825 3153 5892 LCVlltB,
3189 5831 3351 5893 atque
3389 5815 3512 5876 uni-

1935 5935 2124 5976 versus
2165 5917 2329 5976 Israel
2371 5915 2532 5973 simul
2561 5932 2684 5974 cum
2729 5931 2854 5972 arca
2904 5913 3114 5972 Domini
3164 5908 3512 5968 circumirent
