3970 6472
474 448 582 505 359

1117 446 1180 501 B.
1220 438 1475 500 RABANI
1513 436 1734 496 mum
1771 436 2091 494 meumr.
2130 434 2440 494 necum.
2481 396 2767 493 OPERUM
2805 433 2984 491 rans
3020 433 3063 488 ι.

3638 431 3746 485 360

475 559 669 617 urbem
694 556 928 621 Iericho,
961 561 1017 610 et
1050 555 1423 611 sacerdotibus
1470 552 1845 623 clangentibus
1865 549 2052 605 bucci—
2080 553 2134 614 Α
2159 548 2265 604 tius
2300 556 2385 605 est
2402 551 2573 605 veteri
2616 550 2693 605 illi
2730 547 3074 615 dedicationi,
3110 545 3255 617 quod
3292 544 3401 601 illic
3427 546 3751 603 mactaban-

477 655 565 709 nis
587 660 644 708 et
662 649 1037 707 conclamante
1066 647 1320 703 universo
1349 647 1564 717 populo,
1594 645 1786 701 ‘Subito
1834 658 2055 700 corrue-

480 752 609 800 runt
642 741 783 797 muri
809 738 1060 805 civitatis,
1094 737 1238 809 quod
1264 737 1450 807 utique
1474 734 1741 806 signiﬁcat
1775 732 1842 787 ad
1867 748 2054 788 vocem

477 831 877 905 praedicationis
909 836 968 885 et'
990 828 1163 885 laudis
1220 827 1433 883 Domini
1465 835 1586 897 post
1619 825 1919 881 Salvatoris
1956 825 2054 879 ad—

474 934 714 990 ventum,
743 924 1049 995 superbiam
1087 922 1415 977 mundanam
1438 921 1732 986 corruisse,
1753 928 1810 974 et
1831 934 2055 990 regnum

473 1014 673 1071 diaboli
724 1016 1059 1070 destructum
1113 1028 1252 1069 esse.
1293 1012 1448 1081 Quod
1488 1025 1619 1065 vero
1657 1010 1938 1076 duodecim
1973 1008 2055 1061 lu-

472 1125 649 1165 cernae
672 1109 815 1164 intus
839 1108 991 1178 juxta
1027 1109 1270 1180 parietes
1317 1105 1502 1177 templi
1536 1111 1832 1175 ponuntur,
1859 1101 2059 1157 duode-

474 1206 688 1259 narium
721 1220 1009 1259 numerum
1048 1203 1308 1274 exprimit
1337 1200 1705 1272 apostolorum
1750 1206 1805 1251 et
1827 1196 2060 1267 patriar-

474 1296 723 1359 charum,
751 1310 911 1363 quem
936 1294 1101 1348 etiam
1131 1291 1368 1347 Joannes
1410 1289 1685 1361 apostolus
1716 1288 1771 1342 in
1796 1285 2060 1355 Apocaly-

477 1388 561 1457 psi
600 1392 991 1441 commemorat
1019 1385 1072 1438 in
1099 1382 1325 1438 mdiﬁcio
1354 1380 1593 1436 caelestis
1613 1378 1909 1433 Jerusalem
1938 1391 2058 1431 esse

479 1476 768 1545 insignem.
812 1472 966 1541 Quod
1010 1487 1139 1528 vero
1166 1471 1337 1526 altare
1377 1480 1498 1541 post
1521 1468 1886 1540 aSpersionem
1908 1482 2061 1537 aquae

480 1567 775 1624 chrismate
820 1565 1154 1637 perungitur,
1217 1565 1286 1619 ad
1327 1563 1682 1618 imitationem
1741 1559 2061 1632 patriarcha:

478 1663 646 1721 Jacob
682 1664 884 1719 factum
914 1672 1037 1718 est:
1072 1662 1162 1732 qui
1194 1671 1317 1732 post
1353 1661 1620 1716 visionem
1668 1658 1814 1713 illam
1845 1655 2062 1711 terribi-

479 1759 607 1825 lem,
639 1760 802 1812 erea'it
835 1757 1060 1828 lapidem
1099 1756 1153 1809 in
1200 1754 1429 1819 titulum,
1462 1753 1686 1824 fundens
1718 1751 1889 1805 oleum
1909 1749 2061 1804 desu—

476 1870 590 1922 per,
619 1866 819 1907 vocans
843 1850 1041 1915 locum,
1077 1849 1264 1904 domus
1298 1850 1398 1902 Dei
1450 1846 1607 1919 (Gen.
1634 1847 1853 1914 xxvm).
1906 1844 2059 1915 Legi-

2157 648 2244 694 tur
2271 642 2436 696 boum
2464 650 2519 696 et
2551 642 2730 697 ovium
2760 642 2928 695 multa
2964 639 3151 703 millia,
3182 638 3270 694 hic
3318 654 3450 693 vero
3493 638 3751 695 immis—

2159 741 2246 787 tur
2281 734 2405 803 agni
2437 733 2579 788 illius
2619 749 2835 803 corpus.
2868 734 2959 803 qui
2990 732 3212 787 abstulit
3257 739 3478 803 peccata
3512 733 3744 798 mundi;

2158 825 2267 880 illic
2294 827 2659 898 concrepabat
2678 826 2963 881 multitudo
2997 825 3245 880 tubarum
3273 832 3329 879 et
3347 823 3748 895 cymbalorum,

2157 924 2213 970 et
2236 925 2430 971 extera
2460 918 2819 972 instrumenta
2848 918 3201 980 musicorum,
3229 916 3318 970 hic
3373 924 3564 971 autem
3598 917 3749 983 jubi-

2159 1004 2242 1059 lus
2272 1020 2341 1060 ex
2371 1007 2563 1063 devoto
2602 1017 2823 1077 pectore
2869 1008 3129 1079 prolatus,
3179 1009 3419 1063 suaviter
3457 1018 3625 1063 sonat
3657 1025 3752 1079 per

2159 1111 2322 1151 voces
2351 1098 2648 1153 hominum.
2694 1098 2967 1167 Quantum
3016 1108 3196 1154 autem
3235 1099 3400 1154 distat
3447 1100 3522 1155 ab
3557 1102 3751 1155 umbra

2160 1188 2381 1254 veritas,
2444 1197 2649 1244 tantum
2671 1190 2836 1245 distat
2861 1207 2893 1245 a
2923 1191 3079 1260 legali
3119 1191 3340 1245 victima
3376 1202 3638 1246 nostrum
3662 1209 3750 1247 sa-

2161 1278 2444 1347 crificium,
2472 1289 2527 1335 et
2554 1290 2814 1351 quantum
2843 1291 3063 1353 praestat
3112 1281 3415 1338 insensibili
3465 1284 3751 1351 sensibile,

2166 1379 2375 1425 tantum
2423 1381 2645 1442 prmstat
2680 1372 2797 1427 laus
2846 1374 2997 1428 vocis
3026 1374 3277 1430 humana:
3322 1391 3390 1429 ex
3416 1391 3559 1446 puro
3590 1377 3753 1431 corde

2161 1465 2393 1535 prolata,
2429 1465 2577 1520 inani
2606 1465 2734 1520 ﬂatu
2762 1455 3029 1531 tubarum,
3056 1477 3111 1524 et
3133 1471 3487 1539 percussione
3530 1471 3754 1541 cymba-

2161 1559 2356 1615 lorum.
2413 1558 2517 1615 Sed
2557 1560 2686 1630 quia
2736 1563 2919 1616 omnia
2968 1561 3023 1616 in
3075 1562 3304 1634 ﬁguram
3364 1567 3754 1636 contingebant

2162 1650 2287 1716 illis,
2317 1658 2373 1705 et
2398 1667 2497 1706 nos
2520 1652 2757 1707 revelata
2785 1651 2923 1708 facie
2974 1654 3202 1724 gloriam
3253 1656 3472 1711 Domini
3501 1666 3753 1712 contem-

2162 1741 2394 1811 plamur,
2433 1757 2642 1797 morem
2673 1743 2822 1797 illum
2852 1752 3097 1800 veterum
3124 1746 3452 1802 translatum
3483 1750 3541 1803 in
3568 1760 3754 1804 nostra

2162 1832 2419 1903 religione
2464 1842 2614 1889 tanto
2657 1838 3045 1906 congruentius
3079 1846 3284 1908 quanto
3332 1840 3521 1895 verius
3563 1841 3728 1894 obser

479 1950 676 2011 turque
702 1940 755 1994 in
786 1939 991 2004 Exodo,
1034 1938 1177 2008 quod
1224 1937 1433 2009 Moyses
1456 1936 1659 1992 faceret
1691 1946 1936 1992 sanctum
1960 1951 2059 1988 un-
2086 1941 2133 2000 Β
2160 1939 2370 1979 vamus.
2400 1923 2600 1980 Omnes
2646 1935 2827 1981 autem
2862 1927 3191 1984 festivitates
3230 1945 3333 2001 pro
3368 1932 3642 1986 varietate
3670 1948 3753 1986 re.

479 2027 675 2083 ctionis
702 2027 900 2093 oleum,
953 2034 1286 2098 ungeretque
1332 2042 1397 2081 ex
1436 2042 1502 2082 eo
1540 2024 1945 2081 tabernaculum
1982 2032 2061 2078 te-

479 2118 737 2183 stimonii,
797 2126 854 2172 et
892 2133 1074 2172 arcam
1129 2118 1458 2181 testamenti,
1521 2133 1874 2187 mensamque
1938 2132 2060 2171 cum

478 2208 625 2262 vasis
675 2207 809 2271 suis,
852 2206 1238 2262 candelabrum
1293 2216 1347 2263 et
1402 2207 1655 2262 utensilia
1695 2207 1834 2277 ejus,
1895 2206 2063 2261 altare

482 2297 853 2368 thymiamatis
889 2306 945 2352 et
981 2297 1316 2364 holocausti,
1366 2306 1421 2353 et
1464 2300 1776 2354 universam
1830 2297 2061 2367 supelle-

479 2389 659 2444 ctilem
695 2405 815 2459 qua:
840 2388 905 2443 ad
936 2389 1139 2445 cultum
1162 2405 1347 2445 eorum
1370 2390 1621 2460 pertinet.
1649 2389 1829 2444 Aaron
1850 2404 2064 2459 quoque

478 2488 533 2534 et
560 2479 699 2535 ﬁlios
736 2480 875 2550 ejus,
909 2489 971 2534 ut
992 2480 1296 2535 sacerdotio
1324 2480 1537 2536 Domini
1562 2480 1935 2551 fungerentur.
1965 2480 2067 2534 Be-

480 2569 701 2633 nedicit,
735 2577 795 2623 ut
817 2585 907 2624 res
941 2569 1313 2625 sacriﬁcanda:
1337 2586 1494 2627 sacro
1529 2572 1844 2627 chrismatis
1869 2570 2065 2625 linian-

482 2667 573 2713 tur
594 2667 888 2730 unguento,
939 2668 997 2714 ut
1037 2660 1435 2717 demonstretur
1476 2663 1619 2732 quod
1661 2663 1837 2717 omnis
1863 2661 2066 2717 sancti-

482 2750 664 2805 ficatio
691 2759 901 2806 constat
928 2750 985 2805 in
1036 2750 1241 2820 Spiritu
1291 2762 1501 2819 sancto,
1541 2752 1694 2821 cujus
1716 2753 1890 2807 virtus
1928 2750 2063 2805 invi-

479 2845 651 2900 sibilis
697 2855 887 2901 sancto
938 2847 1233 2902 chrismate
1265 2848 1333 2903 ad
1388 2849 1874 2904 sanctiﬁcationem
1928 2862 2065 2918 prae-

478 2935 711 2990 bendam
754 2938 1012 3007 permista
1060 2945 1162 2992 est.
1203 2938 1356 3005 Quod
1384 2955 1513 2994 vero
1566 2948 1695 2994 tunc
1724 2940 2004 2994 incensum
2033 2953 2063 2991 a

480 3026 736 3095 pontiﬁce
766 3043 928 3097 super
961 3028 1132 3083 altare
1177 3030 1415 3098 ponitur,
1456 3012 1723 3100 signiﬁcat
1770 3028 2065 3084 sacerdotis

480 3130 673 3185 puram
698 3132 861 3185 super
888 3118 1020 3172 illud
1069 3120 1375 3175 orationem
1397 3136 1517 3175 esse
1545 3122 1765 3185 debere,
1794 3128 1853 3173 ut
1894 3120 2066 3191 possit

482 3207 664 3263 dicere
695 3204 923 3265 Domino
957 3226 1080 3266 cum
1113 3211 1381 3282 Propheta
1409 3231 1422 3267 :
1461 3212 1734 3283 Dirigatur
1755 3214 1923 3267 oratio
1948 3229 2064 3267 mea

2168 2016 2448 2089 ligionum,
2500 2017 2820 2089 diversaque
2846 2020 2905 2074 in
2956 2021 3217 2076 honorem
3264 2032 3582 2094 martyrum
3616 2034 3753 2078 tem-

2165 2125 2320 2180 pora,
2381 2110 2714 2164 ideoaviris
2768 2112 3122 2183 prudentibus
3176 2113 3422 2168 instituta
3486 2124 3640 2177 sunt,
3694 2132 3754 2169 ne

2167 2202 2306 2257 forte
2328 2217 2449 2255 rara
2474 2204 2823 2273 congregatio
2843 2204 3021 2274 populi
3051 2204 3210 2260 ﬁdem
3237 2206 3509 2262 minueret
3530 2207 3588 2261 in
3609 2207 3757 2262 Chri.

2168 2300 2273 2347 sto.
2299 2289 2594 2362 Propterea
2620 2307 2751 2364 ergo
2784 2293 2897 2348 dies
2926 2293 3091 2363 aliqui
3118 2297 3397 2350 constituti
3421 2306 3580 2363 sunt,
3610 2308 3669 2353 ut
3700 2299 3751 2352 in

2167 2402 2337 2441 unum
2365 2402 2556 2443 omnes
2588 2389 2796 2458 pariter
2849 2389 3227 2455 convenirent,
3259 2398 3314 2445 et
3349 2405 3417 2444 ex
3455 2402 3755 2461 conspectu

2169 2489 2378 2548 mutuo,
2406 2489 2461 2535 et
2485 2480 2617 2536 ﬁdes
2638 2491 2869 2546 crescat,
2901 2491 2955 2536 et
2985 2481 3171 2537 laetitia
3204 2481 3380 2551 major
3408 2484 3646 2538 oriatur.

2744 2572 2971 2628 CAPUT
2998 2572 3181 2628 XLVI.

2168 2659 2247 2715 De
2271 2661 2547 2731 festiuitate
2589 2672 2839 2730 veterum,
2872 2673 2921 2718 et
2952 2663 3089 2717 unde
3117 2674 3165 2720 et
3192 2664 3325 2734 festa
3374 2665 3453 2721 vel
3478 2666 3634 2735 feria:
3661 2669 3757 2722 sint

2857 2754 3031 2808 dicttc.

2244 2842 2387 2897 resti
2423 2852 2601 2899 autem
2631 2841 2748 2898 dies
2779 2844 2833 2897 iu
2862 2844 3032 2898 veteri
3070 2843 3186 2916 lege
3216 2844 3307 2900 isti
3337 2842 3567 2903 fuerunt
3593 2866 3608 2901 :
3649 2849 3757 2903 dies

2167 2932 2499 3005 Azymorum
2529 2943 2585 2989 et
2632 2933 2826 3000 Pbase,
2859 2935 3097 3003 quando,
3126 2935 3251 2990 luna
3282 2937 3634 3007 plenissima,
3667 2939 3757 2993 ab.

2163 3024 2311 3094 jecto
2337 3025 2620 3087 fermento,
2670 3040 2841 3094 agnus
2897 3025 3296 3081 immolabatur.
3338 3028 3468 3083 Dies
3498 3028 3761 3086 Penteco-

2171 3126 2304 3184 stes,
2330 3133 2435 3187 qua
2461 3118 2516 3171 in
2543 3118 2749 3172 vertice
2772 3118 2990 3183 montis,
3025 3117 3154 3173 Sina
3180 3119 3267 3175 lex
3298 3120 3422 3176 data
3444 3133 3534 3177 est
3563 3123 3757 3194 Moysi,

2170 3212 2223 3265 in
2255 3227 2362 3281 quo
2389 3213 2453 3267 de
2504 3211 2749 3284 frugibus
2785 3212 2943 3283 primi
2977 3229 3147 3284 panes
3172 3212 3544 3270 offerebantur
3563 3231 3758 3284 propo-

479 3298 614 3351 sicut
656 3299 928 3354 incensum
975 3303 1030 3355 in
1062 3313 1336 3374 conspectu
1397 3314 1486 3357 tuo
1513 3301 1687 3375 (Psal.
1727 3304 1872 3375 CXL).
1911 3304 2065 3371 Quod
2093 3308 2138 3371 C
2171 3304 2402 3358 sitionis.
2444 3303 2570 3359 Dies
2609 3304 2977 3369 sabbatorum,
3018 3304 3072 3359 in
3099 3320 3206 3375 quo
3237 3306 3350 3361 otia
3394 3305 3757 3361 celebraban-

482 3398 663 3445 autem
711 3392 901 3448 subtus
947 3396 1185 3449 tabulam
1250 3396 1435 3451 altaris
1484 3396 1724 3466 reliquiae
1754 3406 2066 3452 sanctorum

479 3490 776 3551 ponuntur,
800 3483 1070 3554 signiﬁcat
1095 3494 1315 3541 sanctos
1340 3488 1438 3541 sub
1468 3488 1662 3542 throno
1698 3487 1793 3542 Dei
1830 3488 1987 3543 sedes
2012 3496 2067 3542 et

482 3570 726 3639 requiem
756 3573 975 3628 habere.
1003 3573 1258 3630 Testatur
1281 3577 1445 3631 etiam
1467 3576 1569 3632 hoc
1591 3578 1827 3633 Joannes
1850 3579 1902 3632 in
1924 3578 2066 3647 Apo~

483 3659 711 3731 calypsi,
745 3677 868 3717 cum
909 3664 1087 3718 dicit:
1136 3665 1257 3719 Vidi
1281 3667 1463 3721 subtus
1508 3668 1675 3722 altare
1729 3670 1934 3722 animas
1983 3671 2067 3723 in-

479 3752 814 3821 terfectorum
840 3766 1051 3827 propter
1078 3760 1289 3811 verbum
1335 3759 1455 3824 Dei,
1496 3768 1544 3813 et
1572 3771 1780 3831 propter
1828 3762 2065 3815 testimo-

479 3842 627 3896 nium
654 3845 793 3915 quod
826 3846 1105 3915 habebant,
1131 3857 1179 3903 et
1207 3848 1504 3904 clamabant
1525 3868 1643 3906 voce
1664 3869 1853 3922 magna
1885 3853 2062 3906 dicen-

477 3943 551 3987 tes
577 3949 595 3986 :
641 3934 915 4009 Usquequo
938 3939 1163 3993 Domine
1182 3951 1393 3996 sanctus
1434 3960 1602 4010 verus,
1636 3962 1737 3998 non
1762 3946 1994 4000 vindicas
2016 3954 2064 3999 et

477 4023 692 4093 judicas
724 4028 1033 4097 sanguinem
1071 4029 1135 4083 de
1180 4031 1261 4084 his
1290 4032 1380 4101 qui
1413 4033 1648 4087 habitant
1680 4035 1732 4087 in
1765 4045 1905 4089 terra
1937 4036 1963 4089 .9
1994 4035 2066 4089 Et

482 4117 621 4173 data:
647 4130 766 4173 sunt
791 4122 872 4175 his
915 4108 1136 4193 singultu
1162 4125 1311 4179 stolw
1346 4125 1501 4193 albw,
1538 4138 1587 4181 et
1618 4129 1811 4182 dictum
1832 4140 1905 4184 est
1934 4129 2063 4196 illis,

480 4218 538 4262 ut
568 4212 944 4281 requiescerent
992 4225 1192 4286 tempus
1215 4217 1387 4273 adhuc
1434 4221 1720 4287 modicum,
1757 4223 1919 4276 donec
1964 4224 2064 4276 im-

479 4300 725 4372 pleantur
752 4308 984 4359 conservi
1010 4324 1188 4362 eorum
1208 4320 1253 4364 et
1280 4310 1469 4381 fratres
1513 4330 1712 4377 eorum,
1736 4315 1827 4385 qui
1859 4315 2064 4385 interﬁ-

484 4391 656 4445 ciendi
699 4405 820 4448 sunt
874 4397 1006 4451 sicut
1043 4408 1090 4453 et
1136 4399 1213 4454 illi
1259 4402 1442 4472 (Apoc.
1482 4402 1578 4475 γι).
1636 4404 1880 4460 Perfecta
1934 4422 2064 4461 vero

482 4484 819 4543 dedicatione
870 4491 1052 4560 templi
1080 4500 1136 4546 et
1160 4493 1367 4559 altaris,
1425 4495 1603 4550 induit
1644 4513 1701 4551 se
1736 4496 1979 4566 pontifex
2012 4507 2065 4552 et

480 4574 658 4631 clerus
706 4579 1047 4636 vestimentis
1104 4584 1243 4650 aliis,
1303 4593 1357 4638 et
1414 4585 1694 4640 celebrant
1751 4588 2065 4644 solemniter

2171 3407 2275 3460 tur,
2306 3407 2361 3452 et
2382 3398 2434 3452 in
2460 3410 2567 3467 quo
2594 3411 2790 3451 manna
2813 3396 2866 3449 in
2894 3396 3108 3451 deserto
3125 3414 3232 3452 non
3258 3398 3455 3452 licebat
3479 3396 3753 3467 colligere.

2168 3495 2293 3549 Dies
2322 3494 2761 3559 Neomeniarum,
2804 3491 3101 3549 celebratio
3146 3504 3298 3543 nova:
3333 3488 3495 3541 lunae.
3530 3487 3759 3556 Semper

2168 3594 2348 3639 autem
2379 3582 2551 3638 Judaei
2588 3584 2644 3637 in
2697 3583 2965 3637 mensium
2997 3580 3280 3653 principio,
3314 3578 3419 3632 hoc
3443 3587 3535 3632 est
3583 3579 3754 3647 prima

2168 3674 2316 3737 luna,
2356 3673 2497 3727 diem
2525 3672 2718 3727 festum
2743 3674 2993 3743 agebant.
3030 3671 3136 3726 Sed
3160 3670 3364 3725 idcirco
3389 3669 3444 3723 in
3483 3667 3755 3738 principio

2168 3766 2370 3820 mensis
2395 3765 2499 3819 hoc
2520 3763 2812 3829 faciebant,
2853 3765 2979 3834 quia
3014 3763 3301 3819 deﬁciente
3352 3760 3505 3826 luna,
3547 3770 3756 3829 tempus

2169 3855 2373 3922 finitur,
2423 3864 2477 3909 et
2506 3855 2701 3910 iterum
2752 3864 3029 3921 nascente,
3091 3854 3367 3923 incipitur.
3411 3853 3543 3908 Dies
3574 3861 3755 3907 autem

2167 3946 2419 3999 tubarum
2450 3946 2662 4016 septimi
2699 3946 2901 4000 mensis
2931 3945 3258 4015 principium
3297 3954 3397 4007 est,
3423 3944 3645 4013 quando
3668 3940 3757 3996 Ju-

2167 4035 2268 4090 dmi
2307 4036 2702 4091 solemnitatem
2743 4043 2965 4104 agentes
2998 4034 3229 4105 amplius
3275 4034 3407 4087 tuba
3457 4033 3751 4096 canebant,

2169 4134 2224 4181 et
2250 4125 2405 4195 plura
2431 4124 2728 4180 offerebant
2768 4125 2821 4179 in
2854 4139 2918 4179 eo
2954 4123 3219 4179 sacriﬁcia
3247 4139 3413 4193 quam
3442 4138 3545 4193 per
3575 4122 3754 4192 singu-

2169 4221 2250 4275 los
2281 4236 2515 4276 menses.
2545 4221 2603 4274 ln
2640 4221 2744 4277 hoc
2763 4237 2949 4277 mense
2971 4222 3168 4292 primo,
3200 4221 3413 4275 decimo
3437 4220 3528 4274 die
3552 4218 3754 4274 mensis

2167 4315 2346 4385 hujus,
2380 4314 2496 4369 dies
2553 4314 2994 4384 propitiationum
3043 4316 3158 4371 sive
3199 4314 3578 4385 expiationum
3614 4324 3749 4377 erat,

2168 4405 2382 4475 quando
2408 4403 2652 4474 pontifex
2678 4404 2844 4460 semel
2882 4405 2936 4458 in
2968 4421 3109 4460 anno
3166 4405 3426 4460 introibat
3473 4404 3531 4458 in
3566 4413 3749 4460 sancta

2168 4503 2497 4562 sanctorum,
2526 4505 2581 4551 et
2616 4496 2813 4567 populo
2869 4496 3000 4551 foris
3027 4508 3241 4562 orante,
3273 4498 3387 4566 ipse
3427 4497 3581 4551 solus
3612 4499 3750 4551 intus

2166 4586 2375 4649 orabat,
2402 4594 2512 4640 tam
2538 4602 2637 4656 pro
2664 4602 2762 4642 sua
2799 4602 2958 4656 quam
2983 4586 3161 4657 populi
3190 4587 3495 4658 ignorantia
3523 4587 3752 4642 oﬁ'ercns

483 4677 795 4722 sanctarum
838 4671 1126 4728 missarum
1181 4675 1618 4732 celebrationem.
1659 4677 1726 4732 Et
1749 4678 1851 4734 hoc
1877 4696 1941 4735 ex
1970 4697 2062 4736 ve-
2086 4669 2141 4729 D
2168 4677 2445 4731 incensum
2485 4677 2712 4732 Domino
2734 4693 2896 4746 super
2926 4677 3094 4731 altare
3141 4677 3536 4749 thymiamatis.
3566 4678 3623 4734 In
3650 4693 3751 4748 quo

481 4759 583 4812 teri
606 4775 703 4814 usu
744 4773 1021 4818 servatum
1070 4776 1173 4830 est,
1212 4767 1336 4835 quia
1382 4767 1575 4839 legitur
1603 4770 1656 4823 in
1688 4769 2057 4841 Paralipome-

484 4862 613 4915 non,
642 4852 784 4918 quod
813 4862 1097 4923 postquam
1121 4856 1315 4911 collata
1343 4859 1414 4913 sit
1471 4875 1598 4914 arca
1628 4861 1683 4915 in
1715 4861 1833 4917 loco
1858 4878 1977 4929 suo,
2005 4861 2060 4917 id

482 4945 585 5001 est,
617 4939 671 4992 in
709 4942 915 4997 sanctis
966 4953 1294 5012 sanctorum,
1331 4956 1387 5001 et
1435 4951 1653 5019 egressis
1702 4951 2059 5006 sacerdotibus

484 5026 549 5080 de
579 5032 902 5098 sanctuario,
938 5050 1112 5088 omnes
1151 5037 1444 5091 sacerdotes
1498 5040 1813 5108 sanctificati
1848 5043 1974 5106 sint,
2004 5051 2061 5097 et

487 5123 593 5167 tam
620 5115 813 5173 Levita:
841 5137 999 5190 quam
1051 5134 1307 5190 cantores,
1353 5135 1400 5179 et
1431 5126 1521 5197 qui
1548 5129 1643 5180 sub
1674 5129 1848 5198 Asaph
1887 5140 2056 5196 erant,

479 5216 527 5260 et
547 5210 635 5276 qui
667 5211 762 5263 sub
792 5210 984 5281 Eman,
1016 5225 1063 5270 et
1110 5218 1199 5286 qui
1226 5217 1319 5271 sub
1355 5216 1598 5284 [dit/mn,
1627 5218 1727 5287 filii
1775 5229 1823 5273 et
1867 5222 2059 5292 fratres

479 5294 648 5346 vestiti
695 5295 939 5367 byssinis,
999 5301 1251 5371 cymbalis
1319 5312 1365 5355 et
1414 5303 1676 5373 psalteriis
1729 5314 1778 5357 et
1838 5305 2060 5362 citharis

482 5389 883 5458 concrepabant,
916 5402 1113 5447 stantes
1157 5398 1225 5447 ad
1280 5394 1583 5448 orientalem
1615 5396 1825 5466 plagam
1852 5397 2058 5466 altaris,

479 5482 535 5529 et
585 5477 791 5548 reliqua
818 5480 905 5552 (ΙΙ
931 5481 1063 5535 Par.
1086 5481 1164 5553 v).
1195 5482 1266 5537 Et
1289 5484 1420 5538 item
1447 5503 1461 5538 :
1508 5485 1623 5540 Rex
1651 5496 1830 5543 autem
1866 5497 1920 5543 et
1946 5506 2061 5545 om-

480 5568 566 5623 nis
598 5572 847 5642 populus,
892 5572 1246 5629 immolabant
1284 5576 1529 5632 victimas
1574 5594 1758 5635 coram
1806 5580 2051 5638 Domino.

481 5656 552 5714 Et
570 5663 728 5731 paulo
752 5671 874 5733 post.
905 5682 917 5717 :
953 5664 1023 5717 Et
1074 5666 1329 5723 dedicavit
1375 5667 1587 5724 domum
1619 5671 1714 5726 Dei
1751 5691 1841 5729 rex
1865 5684 1912 5729 et
1939 5678 2059 5730 uni-

484 5764 661 5806 uersus
691 5753 934 5823 populus.
987 5752 1290 5812 Sacerdotes
1321 5768 1495 5813 autem
1538 5762 1746 5817 stabant
1792 5766 1850 5819 in
1877 5768 2056 5837 ofﬁciis

481 5842 617 5909 suis,
641 5851 749 5899 etc.
789 5843 874 5914 (11
902 5842 1034 5900 Par.
1059 5846 1178 5919 vn).
1210 5849 1269 5905 lu
1294 5849 1397 5907 hoc
1426 5862 1605 5911 autem
1633 5855 1777 5912 istud
1798 5866 2058 5928 praestan-

2166 4786 2352 4827 mense
2376 4779 2430 4826 et
2461 4772 2577 4826 dies
2603 4783 2761 4827 erant
2790 4771 3128 4827 celeberrimi
3177 4773 3551 4844 Scenopegite,
3576 4775 3631 4829 id
3654 4783 3748 4840 est,

2167 4863 2688 4929 Tabernaculorum,
2720 4864 2933 4935 quando
2977 4879 3009 4917 a
3038 4864 3383 4933 quindecimo
3438 4865 3528 4919 die
3556 4865 3750 4919 mensis

2168 4950 2346 5020 hujus,
2377 4966 2474 5021 per
2524 4961 2730 5022 septem
2762 4953 2875 5007 dies
2918 4953 2973 5006 in
3030 4954 3362 5009 umbraculis
3408 4954 3745 5017 habitabant,

2166 5049 2446 5096 sumentes
2492 5042 2593 5096 sibi
2636 5042 2876 5113 spatulas
2918 5043 3246 5113 palmarum,
3295 5056 3351 5099 et
3382 5061 3573 5100 ramos
3624 5046 3745 5116 ligni

2167 5133 2455 5188 densarum
2486 5133 2775 5200 frondium,
2827 5145 2883 5191 et
2911 5137 3101 5193 salices
3129 5138 3195 5193 de
3216 5148 3478 5206 torrente,
3532 5151 3590 5196 et
3613 5141 3746 5195 [arta-

2165 5225 2366 5280 bantur
2400 5242 2582 5281 coram
2615 5227 2844 5284 Domino
2871 5229 2984 5284 Deo
3016 5246 3133 5297 suo,
3181 5232 3235 5285 in
3277 5237 3744 5290 commemoratio-

2164 5331 2289 5371 nem
2319 5318 2497 5372 exitus
2528 5318 2739 5373 illorum
2769 5321 2836 5376 de
2874 5321 3128 5393 Egypto,
3185 5325 3327 5394 quod
3364 5326 3629 5382 Dominus
3659 5341 3744 5382 eos

2164 5406 2219 5461 in
2250 5407 2613 5464 tabernaculis
2651 5411 2897 5467 habitare
2947 5412 3158 5482 fecerit,
3217 5430 3339 5470 cum
3369 5418 3624 5481 eduxerit
3659 5433 3744 5473 eos

2163 5498 2231 5554 de
2272 5507 2417 5554 terra
2445 5499 2681 5571 Aigypti.
2715 5500 2841 5556 Dies
2864 5501 3079 5573 jejunii,
3127 5505 3307 5575 primi,
3340 5504 3546 5576 quarti,
3588 5508 3742 5578 septi-

2162 5591 2238 5646 mi
2263 5599 2318 5645 et
2347 5591 2541 5646 decimi
2591 5594 2814 5660 mensis,
2872 5593 2941 5647 ob
2973 5611 3066 5651 eas
3093 5612 3284 5651 causas
3332 5597 3580 5654 celebres
3609 5597 3743 5667 apud

2162 5698 2255 5738 eos
2286 5682 2507 5736 fuerunt
2532 5683 2602 5737 ob
2635 5698 2768 5752 quas
2812 5699 2974 5754 supra
3007 5688 3577 5753 commemoravimus,
3622 5702 3739 5743 cum

2163 5771 2231 5826 de
2246 5770 2452 5840 jejunio
2480 5773 2905 5844 disputabamus.
2931 5774 3079 5831 Festi
3099 5786 3277 5832 autem
3300 5779 3421 5834 inde
3455 5790 3738 5844 vocantur,

2164 5862 2306 5934 quod
2332 5861 2423 5933 jus
2464 5865 2519 5920 in
2547 5866 2629 5921 eis
2682 5864 2851 5932 fatur,
2888 5865 2945 5923 id
2991 5875 3094 5938 est,
3136 5870 3351 5939 dicitur,
3410 5881 3465 5927 et
3519 5869 3739 5935 nefasti.
