3970 6464
219 409 321 472 661

1009 402 1093 456 DE
1130 398 1577 458 CLERICORUM
1614 396 2118 463 lNS'i‘i'l‘UTlONE,
2160 398 2312 453 ETC.
2352 427 2422 438 —-
2459 396 2587 451 LIB.
2618 396 2682 452 ll.

3376 401 3482 455 562

219 521 420 593 quibus
442 533 549 573 non
577 515 790 571 dicitur.
822 515 1083 570 Similiter
1119 523 1174 569 et
1201 514 1350 568 feriae
1374 529 1404 566 a
1435 513 1595 566 fando
1617 511 1805 565 ἁὶειιιιρ
1831 514 1883 572 Α
1908 517 1967 561 ιιι
1994 508 2205 563 modico
2235 509 2377 562 ﬂexu
2415 506 2565 563 vocis
2603 506 2808 561 faceret
2852 521 3113 563 resonare
3138 506 3476 578 psallentcm,

221 628 333 678 tur,
366 611 436 690 ob
462 624 626 678 quam
673 622 894 661 causam
938 604 1202 661 Silvester
1238 619 1375 676 papa
1427 603 1632 675 primus
1660 599 1802 671 apud

222 704 504 760 Romanos
556 700 837 755 constituit
883 705 944 752 ut
987 699 1194 754 dierum
1251 697 1470 752 nomina
1501 712 1620 766 qua:
1645 705 1804 750 antea

220 794 525 853 secundum
557 793 778 849 nomina
806 792 1027 847 deorum
1054 805 1272 845 suorum
1302 789 1587 854 vocabant,
1615 788 1671 843 id
1700 795 1804 853 est,

223 888 392 953 Solis,
454 885 644 951 Lunae,
699 883 904 949 Martis,
947 882 1221 947 Mercurii,
1262 880 1508 946 Veneris,
1566 879 1805 944 Saturni,

223 982 361 1037 feria
392 980 648 1050 deinceps
672 986 948 1042 vocarent,
973 977 1027 1031 id
1050 984 1153 1041 est,
1183 977 1358 1046 prima
1394 974 1551 1040 feria,
1575 972 1808 1029 secunda

221 1072 382 1137 feria,
419 1071 579 1126 tertia
602 1068 760 1132 feria,
791 1077 985 1137 quarta
1037 1065 1194 1132 feria,
1236 1067 1426 1137 quinta
1473 1065 1630 1131 feria,
1658 1071 1810 1119 sexta

224 1162 384 1224 feria,
419 1161 545 1230 quia
578 1161 632 1215 in
660 1159 922 1230 principio
971 1158 1200 1214 Genesis
1243 1158 1506 1228 scriptum
1549 1166 1633 1213 est
1667 1156 1810 1226 quod

225 1253 372 1308 Deus
397 1267 496 1324 per
544 1251 782 1324 singulos
841 1253 957 1308 dies
1013 1253 1245 1307 dixerit:
1275 1254 1472 1323 prima,
1525 1249 1646 1305 Fiat
1677 1249 1810 1315 lux;

224 1344 489 1410 secunda,
542 1341 668 1396 Fiat
697 1343 1084 1412 ﬁrmamentum
1111 1361 1129 1408 ;
1163 1344 1347 1410 tertia,
1379 1341 1648 1398 Producat
1672 1351 1812 1396 terra

227 1435 444 1490 herbam
473 1435 742 1499 virentem,
771 1433 1037 1499 similiter,
1063 1445 1168 1490 etc.
1193 1434 1488 1490 Sabbatum
1515 1441 1692 1488 autem
1722 1447 1814 1486 an-

230 1527 385 1596 tiquo
413 1525 548 1597 legis
574 1525 836 1580 vocabulo
861 1541 1060 1581 vocare
1092 1525 1366 1597 praecepit,
1399 1533 1453 1579 et
1477 1525 1708 1594 primam
1734 1521 1813 1576 fe-

229 1620 371 1674 riam
401 1619 544 1673 diem
586 1617 943 1680 Dominicam,
975 1632 1041 1671 eo
1078 1617 1221 1686 quod
1256 1617 1515 1671 Dominus
1544 1617 1596 1670 in
1620 1614 1707 1670 illa
1728 1630 1814 1669 rc-

228 1711 488 1766 surrexit.
528 1709 732 1765 Statuit
765 1721 942 1764 autem
973 1711 1116 1766 idem
1149 1727 1286 1782 papa
1321 1711 1381 1764 ut
1408 1710 1578 1765 otium
1605 1707 1812 1764 sabbati

229 1799 406 1869 magis
428 1799 482 1856 in
511 1799 655 1853 diem
680 1799 1017 1854 Dominicam
1057 1799 1466 1866 transferretur,
1492 1805 1550 1851 ut
1577 1813 1640 1852 ea
1667 1797 1753 1850 die
1782 1811 1813 1849 a

1905 600 1981 654 ita
2013 609 2070 654 ut
2099 599 2467 670 pronuntianti
2493 597 2722 654 vicinior
2746 606 2890 652 esset
2913 614 3079 669 quam
3101 601 3336 656 canenti.
3358 601 3486 657 Pro-

1904 698 2032 760 pter
2051 688 2298 745 carnales
2327 698 2506 744 autem
2557 689 2613 742 in
2650 687 2894 744 Ecclesia
2923 705 3028 745 non
3059 700 3280 762 propter
3325 693 3485 763 spiri-

1909 779 2063 846 tales,
2087 779 2418 835 consuetudo
2443 779 2696 836 cantandi
2725 789 2808 836 est
2849 780 3116 848 instituta,
3141 794 3200 837 ut
3220 784 3344 855 quia
3365 800 3486 848 ver-

1907 872 1994 927 bis
2023 888 2130 927 non
2156 881 2612 943 compunguntur,
2649 873 2918 928 suavitate
2963 873 3344 932 modulaminis
3371 893 3488 933 mo-

1907 969 2155 1017 veantur.
2217 960 2307 1016 Sic
2344 977 2579 1033 namque
2608 973 2662 1018 et
2697 963 3041 1020 beatissimus
3067 963 3400 1038 Augustinus
3435 969 3492 1023 in

1908 1052 2046 1108 libro
2077 1050 2489 1109 Confessionum
2524 1069 2766 1122 suarum,
2790 1056 3233 1113 consuetudinem
3262 1059 3492 1113 canendi

1911 1147 2175 1216 approbat
2201 1146 2256 1200 in
2289 1146 2548 1213 Ecclesia,
2606 1158 2666 1203 ut
2692 1165 2789 1219 per
2833 1150 3249 1218 oblectamenta,
3295 1152 3492 1224 inquit,

1911 1237 2144 1302 aurium,
2186 1237 2453 1292 infirmior
2477 1240 2690 1294 animus
2740 1241 2806 1296 ad
2832 1240 3082 1297 ellectum
3121 1243 3340 1312 pietatis
3393 1260 3494 1298 ex-

1911 1335 2114 1398 surgat.
2142 1326 2278 1382 Nam
2308 1328 2499 1397 idipsis
2539 1331 2746 1385 sanctis
2775 1331 2952 1395 dictis,
2985 1333 3290 1404 religiosius
3315 1342 3369 1389 et
3397 1349 3492 1387 ar-

1912 1418 2128 1473 dentius
2151 1428 2438 1475 moventur
2466 1421 2632 1475 animi
2680 1423 2851 1478 nostri
2878 1423 2947 1478 ad
2980 1422 3253 1478 ﬂammam
3278 1425 3497 1496 pietatis

1913 1525 2036 1565 cum
2073 1521 2342 1579 cantatur,
2368 1528 2533 1583 quam
2563 1515 2609 1570 si
2649 1531 2756 1570 non
2799 1525 3068 1571 cantetur.
3120 1514 3319 1572 Omnes
3350 1517 3496 1573 enim

1911 1601 2134 1660 affectus
2176 1605 2349 1660 nostri
2375 1623 2486 1676 prae
2512 1621 2766 1661 sonorum
2791 1607 3106 1664 diversitate
3125 1607 3211 1663 vel
3234 1609 3495 1675 novitate,

1913 1693 2098 1748 nescio
2129 1709 2237 1764 qua
2263 1695 2476 1750 occulta
2529 1697 2896 1752 familiaritate
2949 1699 3259 1755 excitantur
3306 1701 3498 1770 magis,

1915 1801 2039 1840 cum
2068 1785 2221 1840 suavi
2250 1795 2306 1841 et
2329 1787 2622 1843 artificiosa
2659 1804 2790 1843 voce
2831 1798 3101 1843 cantatur.
3153 1789 3499 1845 Psalmistam

229 1890 464 1946 terrenis
509 1888 763 1960 operibus
802 1891 871 1944 ad
900 1889 1230 1946 laudandum
1275 1888 1446 1944 Deum
1473 1902 1810 1952 vaca-emus,
1847 1880 1890 1938 Β
1919 1883 2099 1932 autem
2133 1885 2188 1932 et
2213 1892 2343 1932 voce
2377 1886 2431 1932 et
2455 1889 2572 1934 arte
2597 1879 2915 1950 praeclarum
2965 1879 3336 1950 illustremque
3378 1895 3500 1935 esse

223 1980 384 2052 juxta
409 1980 540 2035 illud
566 1981 707 2050 quod
733 1979 995 2051 scriptum
1019 1987 1104 2036 est
1127 1998 1140 2034 :
1192 1977 1382 2034 Vacate
1410 1989 1456 2033 et
1479 1978 1665 2045 videte,
1685 1995 1814 2049 quo-

231 2073 381 2126 niam
421 2087 514 2142 ego
565 2086 681 2125 sum
707 2069 850 2126 Deus
903 2068 1078 2143 (Psal.
1115 2070 1262 2142 va).
1306 2067 1616 2126 Secundum
1669 2069 1815 2123 hunc

228 2171 418 2217 autem
449 2177 653 2217 morem
681 2164 737 2217 in
760 2161 1022 2219 natalitiis
1049 2171 1362 2218 sanctorum
1387 2177 1601 2228 vacare,
1630 2161 1681 2216 id
1707 2169 1813 2227 est,

228 2251 302 2308 ad
328 2251 514 2308 laudes
548 2253 642 2308 Dei
682 2252 1058 2319 celebrandas,
1107 2261 1296 2309 sancta
1324 2268 1423 2309 nos
1446 2251 1601 2322 jubet
1629 2251 1818 2307 Eccle-

228 2343 332 2399 sia.
363 2342 632 2399 Caeterum
666 2344 760 2414 qui
786 2344 870 2400 his
904 2345 1097 2401 diebus
1121 2344 1189 2398 ad
1235 2345 1337 2401 hoc
1385 2359 1581 2400 vacare
1601 2343 1720 2398 vult
1747 2343 1816 2399 ab

231 2433 352 2504 agri
387 2433 619 2499 cultura,
652 2440 713 2488 ut
746 2434 983 2503 crapulae
1029 2441 1086 2489 et
1113 2433 1366 2490 ebrietati
1405 2433 1696 2501 deserviat,
1730 2432 1817 2488 vel

223 2524 368 2594 jocis
396 2525 649 2580 inanibus
681 2541 902 2596 operam
936 2527 1046 2593 det,
1075 2536 1333 2599 agnoscat
1380 2541 1439 2582 se
1487 2526 1660 2597 magis
1693 2541 1819 2596 pec-

229 2631 362 2672 care
406 2631 503 2687 per
537 2616 646 2672 tale
675 2618 847 2672 Otium
875 2633 1038 2687 quam
1070 2619 1117 2674 si
1160 2618 1322 2673 alicui
1351 2618 1470 2673 utili
1495 2617 1646 2688 operi
1678 2617 1816 2671 insi-

227 2714 422 2771 steret,
455 2706 747 2763 Salomone
780 2715 935 2774 teste,
977 2708 1068 2777 qui
1098 2708 1209 2763 ait:
1255 2707 1342 2764 Va:
1363 2708 1471 2763 illis
1499 2709 1588 2780 qui
1608 2725 1818 2762 moran-

229 2810 323 2853 tur
361 2801 418 2854 in
465 2799 606 2868 vino,
655 2810 703 2855 et
757 2802 968 2856 student
1020 2802 1270 2856 calicibus
1307 2804 1578 2871 epotandis
1633 2802 1814 2874 (Prov.

231 2891 418 2962 xxiii),
442 2901 500 2946 et
519 2891 648 2947 item
680 2911 694 2945 :
731 2893 1010 2964 Acceptus,
1041 2894 1236 2964 inquit,
1271 2896 1416 2966 regi,
1465 2896 1703 2950 minister
1744 2907 1820 2949 est

229 2981 550 3052 intelligens,
580 2983 915 3038 iracundiam
937 2986 1140 3041 inutilis
1169 2988 1441 3042 sustinebit
1471 2985 1652 3059 (Prov.
1683 2986 1817 3058 xiv).

233 3072 351 3128 Sed
379 3076 505 3144 quia
536 3077 602 3132 de
629 3076 1014 3134 festivitatibus
1059 3081 1470 3148 celebrioribus,
1519 3082 1588 3136 ad
1616 3082 1820 3136 instru-

231 3165 476 3222 ctionem
506 3183 694 3224 eorum
731 3171 825 3240 qui
850 3171 904 3225 in
931 3171 1172 3227 Ecclesia
1203 3173 1314 3227 Deo
1350 3174 1614 3239 serviunt,
1645 3181 1698 3228 et
1719 3188 1816 3244 po-

1917 1975 2154 2038 oportet,
2186 1968 2261 2022 ita
2288 1977 2348 2022 ut
2385 1968 2781 2026 oblectamento
2819 1971 3117 2027 dulcedinis
3156 1973 3367 2027 animos
3411 1972 3496 2026 in-

1919 2060 2050 2116 citet
2075 2060 2403 2116 auditorum.
2429 2061 2546 2117 Vox
2578 2070 2756 2116 autem
2780 2060 2898 2129 ejus
2931 2078 3036 2117 non
3065 2078 3226 2134 asper
3244 2062 3328 2117 vel
3371 2077 3501 2117 rau-

1919 2152 2120 2219 ca,°vel
2148 2152 2385 2218 dissona,
2411 2154 2506 2209 sed
2535 2169 2732 2209 canora
2759 2154 2884 2221 erit,
2915 2155 3115 2221 suavis,
3161 2155 3386 2226 liquida,
3415 2163 3500 2210 at-

1919 2258 2025 2313 que
2053 2253 2236 2309 acuta,
2262 2243 2470 2299 habens
2499 2259 2692 2300 sonum
2714 2253 2768 2299 et
2801 2244 3089 2301 melodiam
3132 2255 3335 2302 sancta:
3378 2245 3504 2301 reli-

1919 2336 2098 2405 gionis
2143 2344 2557 2405 congruentem,
2613 2354 2722 2394 non
2766 2355 2885 2410 qua:
2938 2341 3201 2412 tragicam
3231 2340 3503 2397 exclamet

1919 2436 2120 2495 artem,
2153 2423 2249 2484 scil
2300 2445 2421 2500 qua:
2471 2429 2834 2486 Christianam
2869 2433 3270 2504 simplicitatem
3297 2436 3350 2489 in
3384 2435 3502 2506 ipsa

1920 2520 2288 2576 modulatione
2315 2522 2667 2589 demonstret,
2699 2538 2873 2594 neque
2923 2541 3044 2594 qua:
3089 2525 3298 2582 musico
3323 2533 3500 2596 gestu,

1919 2612 2004 2668 vel
2030 2613 2280 2668 theatrali
2322 2622 2440 2670 arte
2478 2615 2737 2681 redoleat,
2766 2616 2861 2670 sed
2886 2631 3005 2690 qua:
3032 2617 3502 2688 compunctioncm

1919 2703 2095 2774 magis
2149 2704 2492 2760 audientibus
2540 2705 2723 2760 faciat.
2777 2704 3023 2761 Perfecta
3052 2714 3233 2762 autem
3263 2722 3368 2762 vox
3397 2717 3500 2772 est,

1921 2791 2052 2858 alta,
2092 2792 2239 2847 clara
2283 2801 2339 2848 et
2363 2793 2544 2849 suavis
2573 2813 2585 2848 :
2621 2795 2750 2861 alta,
2802 2802 2860 2849 ut
2887 2795 2941 2850 in
2972 2795 3204 2852 sublime
3230 2797 3499 2865 sufﬁciat;

1922 2882 2092 2948 clara,
2116 2894 2175 2938 ut
2197 2899 2355 2939 aures
2382 2885 2672 2956 adimpleat
2697 2903 2711 2952 ;
2754 2888 2955 2953 suavis,
2987 2895 3049 2942 ut
3069 2888 3263 2944 animis
3285 2890 3508 2946 audien-

1923 2973 2056 3028 tium
2096 2973 2427 3030 blandiatur.
2461 2973 2521 3030 Si
2549 2985 2727 3032 autem
2772 2992 2840 3032 ex
2885 2960 2970 3033 his
3016 2977 3220 3050 aliquid
3251 2979 3503 3048 defuerit,

1921 3065 2161 3134 perfecta
2199 3081 2302 3120 vox
2347 3083 2453 3122 non
2487 3068 2612 3122 crit.
2657 3067 2879 3140 Antiqui
2937 3072 3082 3126 enim
3125 3071 3300 3142 pridie
3341 3087 3504 3144 quam

1923 3157 2253 3212 cantandum
2297 3165 2434 3225 crat,
2486 3159 2623 3236 cibis
2675 3161 3042 3228 abstinebant,
3080 3161 3337 3234 pallentia
3381 3172 3504 3218 tan-

228 3259 365 3329 pulo
408 3269 664 3329 ρηεευηι,
695 3263 992 3318 secundum
1015 3279 1234 3320 sensum
1281 3264 1545 3334 majorum
1568 3263 1679 3334 iam
1731 3281 1823 3320 su.
1849 3240 1895 3304 C
1929 3257 2042 3303 tum
2065 3249 2335 3320 legumina
2361 3267 2526 3308 causa
2557 3254 2707 3310 vocis
2739 3255 3047 3320 sumebant,
3079 3258 3221 3311 unde
3268 3264 3324 3311 et
3348 3256 3507 3328 vulgo

229 3365 335 3420 pra
366 3351 620 3418 diximus,
672 3353 738 3408 de
781 3355 991 3423 origine
1031 3370 1249 3425 quoque
1275 3365 1486 3419 cantus,
1535 3365 1590 3410 et
1638 3356 1823 3412 lectio-

232 3455 395 3505 num,
424 3448 481 3495 et
509 3441 830 3499 auctoritate
866 3441 1130 3514 Symboli,
1166 3443 1343 3502 adhuc
1366 3444 1422 3500 in
1448 3446 1702 3514 praesenti
1746 3447 1824 3502 di-

233 3547 450 3588 camus.

799 3624 1029 3682 CAPUT
1079 3625 1287 3682 XLVII.

881 3716 960 3770 De
987 3717 1209 3772 cantico.

315 3803 604 3860 Canticum
655 3806 800 3862 enim
845 3808 1056 3878 primus
1103 3809 1345 3864 omnium
1393 3809 1605 3882 Moyses
1634 3811 1830 3884 legitur

236 3897 570 3962 instituisse,
599 3899 814 3969 quando
842 3915 1100 3970 percussa
1133 3899 1372 3973 Egypto
1416 3903 1602 3958 decem
1633 3903 1828 3976 plagis,

238 3999 299 4048 et
351 3991 636 4047 Pharaone
683 3994 985 4062 submerso,
1049 4012 1173 4052 cum
1231 3998 1432 4068 populo
1481 4014 1579 4070 per
1618 3999 1831 4055 insueta

243 4081 419 4136 maris
454 4081 674 4147 itinera,
708 4083 773 4138 ad
815 4083 1092 4140 desertum
1115 4087 1546 4156 gratulabundus
1580 4102 1832 4158 egressus

242 4179 354 4236 est,
391 4171 578 4228 dicens
605 4191 618 4227 :
653 4170 936 4229 Cantemus
963 4175 1210 4245 Domino,
1234 4177 1462 4248 gloriose
1501 4179 1639 4233 enim
1663 4179 1832 4234 hono-

245 4264 492 4333 riﬁcatus
525 4273 600 4320 est
631 4264 830 4336 (Exod.
863 4267 978 4340 xv).
1019 4269 1173 4338 Item,
1202 4271 1342 4326 idem
1393 4280 1586 4328 auctor
1605 4273 1661 4327 in
1687 4272 1832 4329 Deu-

245 4356 553 4412 teronomio
584 4358 856 4414 canticum
880 4363 1203 4431 praesagium
1230 4361 1542 4420 futurorum
1593 4365 1837 4422 conscri-

244 4448 378 4518 psit.
412 4448 613 4504 Deinde
647 4465 861 4521 quoque
889 4450 1138 4507 Debbora
1166 4467 1274 4508 non
1333 4453 1582 4525 ignobilis
1609 4454 1834 4523 femina,

246 4540 306 4594 in
364 4539 504 4596 libro
553 4539 805 4597 Iudicum
853 4543 956 4598 hoc
1004 4545 1272 4615 mysterio
1311 4544 1495 4601 functa
1526 4548 1831 4616 reperitur;

245 4639 440 4703 postea
465 4631 665 4688 multos
695 4648 804 4689 non
841 4633 1014 4689 solum
1053 4635 1220 4701 viros,
1253 4637 1346 4691 sed
1399 4637 1563 4692 etiam
1605 4637 1836 4694 feminas

247 4722 449 4792 spiritu
494 4722 677 4780 divino
729 4726 1049 4795 completas,
1111 4725 1207 4780 Dei
1239 4727 1504 4782 cecinisse
1548 4728 1830 4798 mysteria.

247 4816 538 4873 Canticum
566 4825 750 4874 autem
791 4834 895 4873 vox
923 4819 1159 4873 humana
1189 4828 1309 4886 est;
1349 4820 1593 4891 psalmus
1629 4829 1836 4888 autem,

248 4910 347 4980 qui
377 4910 594 4967 canitur
612 4911 680 4967 ad
704 4911 1042 4982 psalterium.

802 5024 1032 5081 CAPUT
1075 5025 1303 5081 XLVIII.

879 5095 957 5150 De
981 5095 1217 5166 psalmis.

329 5181 572 5240 Psallere
616 5193 798 5242 autem
829 5201 986 5240 usum
1022 5201 1144 5242 esse
1191 5188 1427 5258 primum
1457 5186 1695 5258 Moysen,
1735 5187 1838 5241 Da—

253 5275 348 5331 vid
372 5277 697 5348 prophetam
728 5277 784 5332 in
821 5293 1016 5348 magno
1043 5279 1321 5350 mysterio,
1350 5279 1532 5348 prodit
1576 5278 1836 5333 Ecclesia.

253 5367 359 5423 Hic
394 5368 542 5422 enim
568 5386 598 5424 a
621 5368 854 5438 pueritia
881 5369 935 5422 in
964 5370 1067 5424 hoc
1099 5385 1294 5424 munus
1320 5386 1351 5423 a
1377 5369 1602 5424 Domino
1627 5369 1840 5438 specia-

253 5457 384 5512 liter
421 5457 646 5524 electus,
679 5468 733 5514 et
773 5467 1053 5513 cantorum
1078 5460 1347 5528 princeps,
1402 5459 1842 5529 psalmorumque

259 5548 551 5603 thesaurus
577 5564 698 5604 esse
724 5550 1043 5619 promeruit.
1077 5549 1242 5617 Cujus
1290 5550 1608 5619 psalterium
1637 5549 1843 5605 idcirco

259 5654 386 5694 cum
410 5640 641 5698 melodia
667 5640 1064 5696 cantilenarum
1091 5642 1338 5696 suavium
1368 5643 1436 5696 ab
1468 5641 1712 5697 Ecclesia
1739 5641 1846 5696 fre-

262 5739 599 5800 quentatur,
651 5749 759 5802 quo
804 5733 1016 5787 facilius
1065 5733 1231 5786 animi
1278 5735 1344 5787 ad
1372 5735 1845 5804 compunctionem

262 5818 574 5878 ﬂectantur.
619 5821 899 5875 I’riinitiva
942 5831 1122 5876 autem
1155 5822 1396 5879 Ecclesia
1448 5824 1521 5879 ita
1559 5824 1838 5895 psallebat,

626 5913 898 5976 Ps'rnor.
951 5915 1135 5976 CVII.

1925 3350 2183 3399 cantores
2211 3344 2403 3400 fabarii
2431 3347 2560 3402 dicti
2600 3356 2744 3403 sunt.
2778 3347 2834 3403 Si
2870 3364 2999 3420 ergo
3025 3350 3127 3404 hoc
3163 3351 3306 3421 apud
3336 3351 3508 3422 genti-

1926 3433 2006 3489 les
2051 3443 2258 3489 tantum
2306 3437 2586 3492 servandae
2609 3439 2759 3494 vocis
2789 3453 2952 3493 causa
2981 3437 3263 3511 agebatur,
3304 3449 3507 3510 quanto

1927 3527 2100 3598 magis
2127 3528 2269 3598 apud
2313 3527 2672 3596 Christianos,
2722 3546 2858 3604 quos
2884 3546 2992 3586 non
3036 3539 3145 3586 tam
3173 3532 3322 3589 vocis
3347 3548 3510 3604 quam

1927 3617 2151 3672 virtutis
2179 3618 2349 3688 ipsius
2378 3627 2526 3674 tenet
2552 3635 2704 3688 cura,
2729 3620 2798 3677 ab
2820 3621 2969 3677 omni
2991 3621 3245 3678 illecebra
3274 3623 3510 3696 volupta-

1932 3714 2048 3762 tum
2075 3707 2350 3766 abstinere
2378 3721 2610 3783 oportet.

2475 3800 2704 3859 CAPUT
2755 3802 2941 3859 XLIX.

2543 3893 2621 3950 De
2644 3895 2870 3966 hymnis.

2005 3982 2248 4054 Hymnos
2277 3985 2514 4054 primum
2544 3989 2793 4044 eumdem
2832 3989 3000 4047 David
3036 3995 3352 4065 prophetam
3381 4011 3515 4054 con-

1935 4073 2136 4131 didisse
2161 4090 2226 4130 ac
2250 4077 2536 4145 cecinisse,
2583 4081 2930 4138 manifestum
2953 4093 3058 4151 est,
3083 4086 3280 4145 deinde
3305 4097 3360 4145 et
3385 4089 3519 4147 alios

1939 4168 2254 4239 prophetas.
2283 4169 2480 4226 Postea
2529 4173 2748 4245 quidem
2783 4184 2839 4231 et
2866 4184 2978 4234 tres
3003 4180 3155 4250 pueri
3211 4182 3267 4236 in
3300 4181 3522 4241 fornace

1935 4261 2120 4333 positi,
2173 4274 2472 4321 convocata
2498 4267 2742 4323 omnium
2799 4279 3072 4338 creatura,
3119 4275 3353 4330 creatori
3402 4290 3520 4331 om-

1937 4357 2088 4412 nium
2110 4358 2370 4430 hymnum
2401 4370 2660 4417 canentes
2685 4361 2960 4418 dixerunt.
3001 4365 3185 4436 Itaque
3209 4375 3264 4423 et
3287 4367 3343 4422 in
3365 4367 3518 4438 hym-

1937 4449 2024 4504 nis
2058 4459 2115 4505 et
2160 4451 2384 4521 psalmis
2408 4452 2688 4519 canendis,
2740 4469 2850 4510 non
2887 4455 3060 4511 solum
3106 4459 3520 4530 prophetarum,

1940 4541 2038 4596 sed
2071 4542 2235 4596 etiam
2267 4543 2436 4612 ipsius
2477 4543 2692 4599 Domini
2738 4553 2795 4599 et
2839 4547 3207 4616 apostolorum
3261 4549 3526 4604 habemus

1941 4633 2271 4703 exemplum,
2298 4644 2353 4689 et
2381 4645 2652 4706 prmeepta
2680 4637 2747 4691 de
2798 4638 2903 4693 hac
2933 4653 2992 4692 re
3025 4639 3174 4694 utilia
3203 4639 3272 4694 ad
3299 4655 3523 4695 moven-

1944 4725 2071 4778 dum
2086 4725 2172 4793 pie
2192 4725 2432 4778 animum
2459 4734 2515 4779 et
2530 4725 2975 4782 intlammandum
3001 4727 3195 4784 divinae
3215 4728 3522 4786 dilectionis

1945 4815 2216 4870 affectum.
2249 4815 2389 4870 Sunt
2427 4826 2609 4874 autem
2633 4817 2802 4874 divini
2840 4820 3048 4892 hymni,
3078 4829 3203 4876 sunt
3226 4830 3282 4877 et
3311 4821 3524 4892 ingenio

1947 4908 2184 4963 humano
2204 4908 2510 4979 compositi.
2543 4909 2780 4967 Hilarius
2806 4921 2988 4968 autem
3009 4911 3193 4970 Gallus
3219 4915 3522 4984 episcopus,

1947 4997 2186 5055 Pictavis
2212 5001 2445 5071 genitus,
2475 5001 2784 5071 eloquentia
2815 5005 3162 5074 conspicuus,
3200 5005 3521 5076 hymnorum

1945 5091 2188 5147 carmine
2230 5089 2413 5146 ﬂoruit
2463 5093 2690 5163 primus,
2723 5102 2848 5164 post
2881 5111 3041 5165 quem
3065 5095 3386 5150 Ambrosius
3413 5097 3529 5166 epi-

1945 5201 2142 5255 scopus
2174 5185 2257 5239 vir
2284 5200 2494 5256 magna:
2521 5185 2706 5256 gloria:
2747 5186 2804 5241 in
2835 5186 3073 5251 Christo,
3100 5196 3157 5241 et
3184 5187 3239 5241 in
3283 5187 3521 5243 Ecclesia

1945 5274 2283 5330 clarissimus
2310 5275 2520 5341 doctor,
2563 5276 2814 5346 copiosus
2847 5276 2903 5330 in
2927 5276 3233 5347 hujusmodi
3283 5279 3522 5335 carmine

1946 5363 2193 5419 floruisse
2221 5365 2589 5436 cognoscitur,
2622 5373 2785 5434 atque
2822 5366 2949 5422 inde
2988 5368 3171 5438 hymni
3197 5383 3262 5422 ex
3295 5369 3412 5438 ejus
3432 5384 3505 5425 no

1949 5456 2094 5509 mine
2119 5454 2465 5512 Ambrosiani
2505 5465 2792 5522 vocantur,
2818 5457 2945 5526 quia
2971 5457 3087 5526 ejus
3131 5468 3373 5531 tempore
3415 5462 3501 5530 pri

1948 5560 2098 5600 mum
2128 5545 2184 5600 in
2217 5545 2459 5601 Ecclesia
2485 5545 2872 5602 Mediolanensi
2915 5547 3178 5604 celebrari
3222 5557 3531 5622 eruperunt,

1949 5638 2103 5708 cujus
2151 5637 2486 5693 celebritatis
2533 5638 2748 5694 devotio
2781 5640 2977 5696 dehinc
3021 5657 3118 5711 per
3176 5643 3340 5698 totius
3370 5642 3530 5700 Occi-

1950 5729 2127 5786 dentis
2172 5730 2442 5786 Ecclesias
2496 5731 2833 5788 observatur.
2887 5733 3138 5790 Carmina
3174 5746 3355 5790 autem
3379 5749 3530 5804 quae-

1952 5837 2164 5895 cunque
2197 5823 2255 5880 in
2281 5821 2494 5880 laudem
2523 5821 2620 5878 Dei
2647 5821 2920 5894 dicuntur,
2951 5826 3140 5897 hymni
3161 5831 3444 5884 vocantur.

3020 5921 3096 5982 12
