3970 6454
484 365 589 423 563

1088 481 1316 540 CAPUT
1354 482 1417 538 L.

1051 573 1131 629 De
1172 573 1488 644 autipltonis.

544 674 886 745 Antiphanes
907 668 1083 727 Graeci
1116 668 1281 740 primi
1334 671 1786 737 composuerunt,
1850 664 2063 721 duobus

476 768 647 852 lberis
666 767 973 827 alternatim
999 765 1431 831 concinentibus,
1459 765 1613 835 quasi
1633 766 1740 821 duo
1760 764 2061 834 seraphim,

475 863 691 931 duoque
710 857 1057 922 Testamenta
1082 858 1313 914 invicem
1337 857 1441 915 sibi
1468 856 1885 915 conclamantia.
1902 855 2063 927 Apud

473 951 695 1009 Latinos
721 959 904 1013 autem
932 949 1140 1020 primus
1187 948 1331 1006 idem
1371 949 1719 1005 beatissimus
1740 947 2061 1004 Ambrosius

474 1044 797 1114 antiphonas
820 1043 1070 1109 instituit,
1095 1041 1409 1099 Graecorum
1440 1041 1750 1112 exemplum
1780 1040 2055 1105 imitatus;

470 1150 539 1191 ex
576 1135 704 1190 hinc
745 1135 800 1190 in
834 1134 1048 1193 cunctis
1071 1133 1325 1190 Occiduis
1371 1132 1681 1205 regionibus
1709 1147 1898 1188 earum
1924 1147 2065 1191 usus

470 1225 759 1283 incrcbuit.

1090 1312 1315 1373 CAPUT
1354 1313 1437 1369 LI.

1030 1407 1106 1463 De
1136 1408 1498 1479 responsoriis.

541 1500 905 1571 Responsoria
931 1500 998 1556 ab
1026 1500 1176 1556 Italis
1195 1499 1356 1571 longo
1383 1508 1626 1571 tempore
1655 1510 1780 1555 ante
1808 1508 1936 1556 sunt
1963 1516 2053 1557 re-

470 1600 644 1663 perta,
667 1599 724 1646 et
750 1599 939 1646 vocata
965 1592 1069 1646 hoc
1090 1591 1330 1656 nomine,
1363 1591 1506 1660 quod
1537 1607 1646 1647 uno
1669 1599 1898 1647 canente
1926 1592 2057 1647 cho-

1125 365 1188 421 n.
1228 362 1482 421 manu]
1522 360 1743 423 MAURl
1780 344 2099 419 autumn;
2142 357 2454 417 uocum.
2494 356 2785 420 orsum!
2818 358 3001 418 rans
3036 359 3078 419 l.

2087 478 2137 541 Α
2163 476 2217 532 in
2243 478 2573 533 contrariam
2616 478 2879 535 receth
2920 476 3280 543 sententiam,
3507 486 3599 536 est
3646 481 3788 541 illd

2162 568 2406 638 Apostoli
2437 588 2448 624 :
2487 568 2619 636 Qui:
2656 568 2923 627 accusabit
2952 568 3205 625 adversus
3243 568 3433 626 electos
3460 570 3609 627 Dei?
3632 572 3774 631 Dm

2161 661 2252 732 qui
2274 660 2535 731 justiﬁcat
2563 658 2737 732 (Rom.
2763 658 2905 733 vni).
2925 658 3082 727 Quod
3102 660 3148 715 si
3176 662 3334 730 quasi
3364 660 3770 733 infirmitatire,

2161 767 2271 811 non
2304 758 2519 810 servato
2540 765 2741 823 genere
2753 750 3208 822 pronuntiationis
3232 767 3367 819 suae,
3389 752 3634 821 dicatur,
3660 772 3771 812 ma-

2162 861 2270 918 gna
2302 844 2633 917 perversitas
2671 844 2862 900 oritur.
2887 843 2982 901 Sic
3003 859 3141 918 ergo
3169 846 3650 916 pronuntiandum
3666 859 3768 917 est,

2162 944 2224 993 ut
2250 938 2524 1007 praecedat
2544 936 2913 1008 percontatio,
2969 945 3229 1007 sequatur
3256 938 3650 1009 interrogatio.
3680 941 3767 996 ln-

2162 1036 2250 1087 ter
2277 1029 2744 1099 permutationem
2772 1036 2956 1085 autem
2997 1037 3055 1085 et
3093 1029 3620 1102 interrogationem,
3668 1033 3769 1089 hoc

2162 1127 2373 1177 veteres
2396 1121 2662 1178 interesse
2702 1120 2971 1185 dixerunt,
3002 1122 3148 1191 quod
3190 1123 3260 1178 ad
3290 1126 3767 1193 percontatione.

2160 1216 2330 1271 multa
2361 1215 2673 1287 responderi
2700 1222 2949 1286 possunt,
2980 1214 3049 1271 ad
3092 1216 3584 1288 interrogationem
3612 1233 3766 1286 vero,

2162 1315 2260 1364 aut
2286 1324 2414 1375 non,
2440 1316 2534 1365 aut
2581 1309 2769 1365 etiam.
2802 1308 3249 1366 Pronuntiabitur
3272 1326 3404 1381 ergo
3425 1312 3531 1377 ita,
3564 1322 3624 1367 ut
3650 1322 3772 1383 pes

2160 1401 2626 1472 percontationem
2652 1417 2761 1472 qua
2806 1402 3040 1458 dicimus
3065 1417 3080 1456 :
3112 1402 3246 1469 Quis
3276 1406 3554 1460 accusabit
3578 1405 3766 1460 adrer-

2161 1511 2251 1550 aus
2273 1494 2460 1549 electos
2478 1494 2620 1551 Dei?
2644 1495 2779 1551 Illud
2804 1495 2951 1565 quod
2976 1495 3245 1566 sequitur,
3268 1511 3406 1553 sono
3426 1496 3767 1569 interrogan-

2162 1587 2234 1643 tis
2265 1586 2613 1643 enuntietur:
2645 1587 2791 1643 Deur
2812 1588 2904 1658 qui
2945 1588 3235 1658 justiﬁcat,
3262 1597 3326 1645 ut
3348 1590 3518 1645 tacite
3544 1606 3767 1661 respon-

468 1700 564 1742 rus
588 1684 997 1741 reconsonando
1023 1684 1365 1754 respondeat.
1398 1683 1570 1739 Antea
1604 1692 1784 1739 autem
1812 1685 1867 1739 id
1907 1684 2057 1740 solus
2161 1682 2370 1746 deatur,
2391 1695 2520 1735 non.
2556 1679 2626 1735 Et
2654 1695 2754 1751 per
2777 1679 2907 1741 item
2949 1689 3371 1751 percontemur:
3406 1682 3545 1749 Qui:
3572 1695 3653 1739 est
3678 1687 3767 1755 qui

466 1775 697 1846 quisque
725 1775 937 1847 agebat,
962 1790 1107 1831 nunc
1135 1775 1409 1830 interdum
1438 1790 1596 1841 unus,
1630 1775 1905 1831 interdum
1949 1776 2059 1833 duo
2084 1842 2124 1847 _
2162 1770 2491 1836 condemnat,
2517 1785 2813 1840 rursusque
2842 1771 3278 1841 interrogemus,
3330 1772 3579 1830 Christus
3609 1774 3766 1832 Iesus

466 1842 553 1922 vel
593 1842 711 1925 tres.
748 1842 1112 1927 communiter
1138 1873 1354 1933 canent,
1383 1867 1553 1923 choro
1598 1867 1654 1921 in
1681 1866 1934 1937 plurimis
1964 1881 2052 1926 ω-
2081 1842 2134 1903 Β
2159 1863 2249 1934 qui
2272 1870 2511 1919 mortuus
2532 1871 2628 1924 est,
2650 1863 2825 1932 magis
2848 1871 3025 1919 autem
3040 1865 3138 1933 qui
3164 1866 3475 1930 rem-mw,
3496 1867 3596 1937 qui
3616 1868 3766 1921 artis

466 1957 784 2028 spondente.

1074 2048 1300 2107 CAPUT
1338 2048 1446 2105 ιιι.

1039 2140 1118 2196 De
1146 2141 1471 2197 lectionibus.

532 2237 821 2295 Lectiones
848 2236 1222 2307 pronuntiare,
1257 2234 1495 2304 antiquae
1522 2233 1880 2291 institutionis
1909 2249 2050 2301 esse,

461 2329 769 2387 Judaeorum
806 2328 1027 2385 traditio
1055 2328 1236 2383 habet.
1263 2326 1401 2381 Nam
1421 2333 1477 2382 et
1496 2325 1603 2396 ipsi
1626 2326 1889 2397 legitimis
1914 2341 2056 2397 prat-

462 2424 738 2494 fmitisque
766 2422 978 2488 diebus,
1012 2437 1082 2477 ex
1107 2420 1225 2491 lege
1275 2427 1331 2475 et
1371 2419 1652 2489 prophetis
1674 2459 1689 2485 ,
1732 2418 2055 2474 lectionibus

461 2522 778 2580 utuntur,et
804 2514 907 2570 hoc
936 2513 1004 2569 de
1024 2512 1194 2567 veteri
1222 2510 1448 2567 Patrum
1472 2512 1810 2567 institutione
1828 2527 2055 2567 servati»

461 2613 559 2660 tes.
595 2603 691 2659 Est
713 2610 895 2659 autem
921 2602 1085 2658 lectio
1123 2617 1232 2657 non
1262 2616 1433 2673 parva
1461 2602 1796 2658 audientium
1815 2602 2055 2658 aedifica-

463 2695 535 2751 tio
559 2710 573 2749 :
603 2695 747 2756 unde
775 2701 989 2764 oportet
1011 2700 1075 2748 ut
1101 2692 1318 2764 quando
1346 2691 1596 2765 psallitur
1622 2734 1638 2760 ,
1690 2692 1955 2764 psallatur
1982 2693 2054 2748 ab

459 2788 742 2853 omnibus;
786 2800 909 2843 eum
935 2792 1147 2851 oratur,
1184 2793 1369 2841 oretur
1398 2786 1468 2841 ab
1501 2785 1785 2852 omnibus;
1821 2801 1949 2841 cum
1976 2785 2053 2839 le-

459 2881 568 2936 ctio
596 2878 811 2950 legitur,
849 2877 993 2934 facto
1021 2876 1237 2932 silentio
1272 2892 1426 2947 neque
1474 2877 1727 2933 audiatur
1756 2893 1787 2932 a
1814 2877 2047 2933 cunctis.

458 2969 597 3026 Nam
625 2978 682 3025 et
708 2969 753 3023 si
779 2977 906 3025 tunc
934 2967 1284 3038 superveniat
1308 2968 1540 3036 quisque
1568 2983 1693 3022 cum
1722 2967 1883 3023 lectio
1910 2968 2053 3023 cele-

459 3063 670 3125 bratur,
702 3061 890 3119 adoret
917 3066 1128 3115 tantum
1157 3060 1350 3124 Deum,
1378 3069 1451 3124 et,
1484 3061 1811 3131 praesignem
1850 3061 2049 3127 fronte,

461 3170 650 3210 aurem
699 3152 927 3209 sollicite
956 3150 1348 3208 accommodet.
1403 3151 1561 3206 Patet
1588 3161 1803 3220 tempus
1824 3152 2048 3218 orandi,

459 3259 585 3301 cum
610 3258 798 3299 omnes
826 3258 1075 3309 oramus;
1130 3249 1282 3312 patet
1319 3257 1443 3298 cum
1474 3242 1710 3298 voluerit
1735 3258 1896 3298 orare
1939 3244 2052 3314 pri-

454 3334 642 3400 vatim,
669 3336 890 3391 obtentu
931 3333 1215 3389 orationis.
1278 3332 1356 3388 Ne
1398 3334 1699 3402 perdideris
1733 3332 2047 3399 lectionem,

457 3426 588 3499 quia
619 3441 728 3481 non
781 3439 995 3495 semper
1042 3423 1273 3494 quilibet
1299 3431 1547 3493 paratam
1595 3438 1718 3480 eam
1747 3432 1928 3495 potest
1953 3425 2053 3479 ha-

455 3516 608 3581 bere,
636 3529 761 3571 cum
778 3515 971 3571 orandi
1000 3521 1242 3583 potestas
1262 3514 1317 3569 in
1345 3513 1600 3584 promptu
1629 3514 1734 3581 sit;
1765 3529 1868 3570 nee
1894 3522 2063 3585 putes.

454 3621 682 3678 parvam
708 3605 862 3660 nasci
884 3604 1176 3661 utilitatem
1220 3605 1287 3659 ex
1335 3603 1584 3661 lectionis
1624 3605 1850 3660 auditu:
1884 3605 2055 3675 siqui-

456 3698 582 3754 dem
607 3698 783 3754 oratio
823 3698 938 3767 ipsa
976 3697 1035 3751 fit
1063 3696 1333 3767 pinguior,
1364 3697 1490 3753 dum
1539 3712 1694 3752 mens
1725 3698 1931 3752 recenti
1978 3698 2054 3751 le.

457 3789 636 3845 ctione
665 3789 896 3858 signata,
918 3803 1018 3859 per
1040 3788 1342 3847 divinarum
1367 3802 1547 3844 rerum
1571 3787 1730 3859 (quas
1765 3803 1940 3858 nuper
1960 3803 2055 3843 au-

458 3880 613 3953 divit)
645 3879 910 3950 imagines
933 3879 1123 3934 currit.
1150 3877 1287 3935 Nam
1330 3885 1387 3933 et
1417 3876 1584 3932 Maria
1614 3892 1771 3933 soror
1798 3878 2050 3945 Marthae,

457 3990 579 4045 qua:
600 3974 794 4030 sedens
824 3973 891 4028 ad
912 3971 1078 4042 pedes
1098 3969 1261 4037 Jesu,_
1279 3984 1468 4027 sorore
1495 3971 1741 4042 neglecta
1765 4010 1782 4037 ,
1826 3970 2054 4026 verbum

458 4066 720 4123 intentius
771 4063 1051 4127 audiebat,
1090 4063 1286 4118 bonam
1312 4069 1525 4131 partem
1555 4061 1658 4118 sibi
1690 4061 1924 4133 elegisse
1948 4062 2054 4116 Da-

458 4157 594 4213 mini
618 4170 753 4211 voce
779 4155 1028 4209 ﬁrmatur
1058 4152 1210 4226 (Luc.
1252 4153 1333 4223 χ).
1376 4153 1500 4210 ideo
1529 4161 1585 4209 et
1608 4153 1875 4208 diaconus
1905 4152 2059 4217 clara

461 4264 597 4306 voce
625 4246 897 4303 silentium
928 4245 1203 4312 admonet,
1225 4254 1285 4303 ut
1308 4246 1423 4301 sive
1446 4245 1575 4303 dum
1611 4245 1891 4315 psallitur,
1941 4246 2058 4301 sive

466 4342 596 4401 dum
641 4339 801 4397 lectio
850 4339 1238 4410 pronuntiatur
1264 4377 1280 4405 ,
1322 4339 1392 4395 ab
1416 4338 1671 4394 omnibus
1711 4338 1894 4395 unitas
1928 4354 2063 4394 ωηο.

461 4440 733 4500 servetur,
760 4440 820 4487 ut
858 4429 1005 4504 quod
1030 4429 1282 4487 omnibus
1308 4430 1653 4499 praedicatur,
1680 4428 1962 4499 atqualiter
1988 4429 2061 4486 ab

462 4524 715 4583 omnibus
740 4523 1010 4579 audiatur.
1046 4521 1363 4591 Quicunque
1403 4520 1548 4576 enim
1594 4518 1835 4577 cilicium
1862 4522 2059 4577 decen-

461 4626 548 4675 ter
566 4626 622 4673 et
641 4617 745 4673 rite
765 4629 1028 4688 peragere
1053 4613 1189 4681 vult,
1215 4613 1462 4669 doctrina
1490 4621 1547 4669 et
1576 4612 1733 4670 libris
1756 4613 1918 4671 debet
1936 4630 2057 4672 esse

461 4708 719 4777 imbutus,
744 4720 1109 4776 sensuumque
1137 4720 1204 4761 ac
1228 4706 1516 4763 verborum
1538 4706 1771 4763 scientia
1794 4722 2058 4778 perorna-

462 4810 574 4865 tus,
606 4800 684 4855 ita
710 4808 772 4853 ut
797 4800 853 4853 in
895 4798 1335 4855 distinctionibus
1360 4799 1759 4857 sententiarum
1793 4798 2060 4869 intelligat

462 4891 556 4948 ubi
575 4889 800 4947 finiatur
820 4888 1103 4959 iunctura,
1118 4889 1212 4945 ubi
1230 4890 1407 4949 adhuc
1424 4893 1873 4961 pendeatoratio,
1884 4907 2057 4961 usque

464 4987 556 5044 ubi
582 4983 854 5042 sententia
883 4990 1128 5037 extrema
1156 4982 1441 5041 claudatur
1468 5025 1483 5051 ,
1527 4984 1714 5055 sicque
1738 4983 2055 5055 expeditus,

461 5078 575 5132 vim
587 5072 1043 5146 pronuntiationis
1061 5072 1351 5141 obtinebit,
1371 5082 1432 5131 ut
1454 5077 1524 5133 ad
1536 5076 1877 5132 intellectum
1898 5089 2057 5131 men-

464 5179 549 5226 tes
576 5166 818 5224 omnium
855 5179 1159 5237 sensusque
1207 5178 1539 5236 permoveat.
1572 5168 1939 5226 Disceruendo
1962 5184 2059 5242 ge-
2112 5182 2113 5185 ‘

466 5274 601 5317 nera
621 5258 1124 5331 pronuntiationum
1147 5297 1163 5324 ,
1213 5266 1376 5329 atque
1422 5259 1776 5330 exprimendo
1806 5261 2057 5332 proprios

466 5351 860 5410 sententiarum
897 5350 1334 5418 aﬂ'ectus,_modo
1358 5365 1492 5406 voce
1518 5350 1809 5406 indicantis
1842 5351 2055 5423 simpli-

467 5444 628 5511 citer,
660 5443 822 5500 modo
857 5443 1111 5508 dolentis,
1154 5443 1316 5500 modo
1346 5442 1717 5514 indignantis,
1755 5444 1918 5500 modo
1970 5444 2057 5499 in-

2157 1954 2373 2008 dertera
2412 1953 2512 2012 Dei
2536 1993 2551 2019 ,
2601 1953 2692 2024 qui
2721 1960 2769 2009 et
2795 1952 3211 2025 interpellatpro
3257 1954 3450 2010 nobis?
3477 1965 3544 2010 ut
3567 1958 3763 2028 ubique

2158 2046 2323 2103 tacite
2353 2045 2766 2116 respondeatur,
2789 2046 3152 2101 non.Atvero
3173 2046 3229 2100 in
3257 2046 3359 2101 illo.
3374 2046 3505 2102 loco
3526 2048 3625 2102 ubi
3647 2049 3760 2103 ait:

2159 2138 2301 2207 Quid
2326 2146 2450 2209 ergo
2471 2138 2743 2195 dicemus?
2785 2139 2909 2210 quia
2926 2146 3115 2209 gentes
3131 2155 3249 2209 quae
3280 2155 3386 2193 non
3416 2141 3764 2194 sectabamur

2152 2230 2444 2301 justitiam,
2468 2228 2920 2301 apprehenderunt
2940 2227 3229 2298 Wet,
3249 2228 3359 2283 nisi
3381 2238 3507 2299 post
3542 2244 3767 2300 pem

2159 2320 2421 2377 tationem
2457 2335 2566 2390 qna
2588 2319 2792 2375 dictum
2823 2326 2946 2375 est:
2983 2316 3133 2384 Quid
3150 2334 3281 2390 ergo.
3302 2319 3591 2374 dicem?
3634 2320 3766 2376 [tem

2158 2412 2451 2485 responsio.
2470 2410 2813 2481 sulﬁiciatur,
2853 2412 2977 2482 quia
3008 2418 3183 2481 genus
3208 2426 3331 2481 eum
3351 2426 3459 2466 non
3495 2410 3767 2465 sectaban-

2158 2517 2247 2561 tur
2275 2506 2579 2577 justitiam,
2622 2503 3073 2575 apprehenderint
3123 2502 3403 2571 ῥωιϋῦαιι
3432 2500 3616 2573 (ﬂown.
3657 2502 3765 2572 ix),

2157 2610 2340 2658 textus
2392 2613 2735 2668 consequens
2779 2613 2889 2654 non
2946 2598 3263 2654 cohaerebit.
3318 2596 3391 2651 Et
3436 2594 3551 2651 alia
3598 2595 3766 2649 mula

2157 2701 2304 2759 sunt,
2336 2707 2458 2762 quae
2508 2691 2795 2761 propriam.
2835 2689 3090 2746 similiter
3136 2690 3243 2744 vim
3298 2687 3769 2758 pronuntiationis

2156 2791 2425 2854 quaarunt.
2441 2780 2713 2837 Paterna
2727 2787 2785 2836 et
2796 2787 3118 2835 accentuum
3130 2778 3240 2834 vim
3261 2786 3481 2848 oportet
3504 2777 3766 2833 leuorem

2156 2874 2318 2937 scire,
2332 2880 2393 2927 ut
2418 2871 2633 2927 noverit
2669 2872 2724 2925 in
2748 2886 2856 2940 qua
2872 2869 3079 2942 syllaba
3102 2884 3214 2926 vos.
3240 2869 3616 2938 protendatur
3638 2881 3764 2937 pro-

2155 2964 2455 3022 nuntiantis
2483 3004 2498 3029 ,
2546 2963 2673 3033 quia
2701 2961 2886 3018 multa
2925 2968 3058 3017 sunt
3088 2960 3362 3017 dictiones
3403 2973 3533 3030 qua!
3567 2958 3768 3014 soliu-

2157 3057 2319 3113 modo
2349 3064 2576 3113 accentu
2601 3053 2835 3111 discerni
2857 3053 3057 3109 debent
3080 3067 3121 3107 a.
3147 3052 3568 3123 pronuntiante,
3601 3065 3676 3106 ne
3714 3051 3765 3105 in

2159 3163 2321 3207 sensu
2352 3162 2541 3202 earum
2569 3154 2801 3203 erratur.
2839 3144 2949 3202 Sed
2985 3146 3104 3200 hate
3154 3159 3187 3199 a
3240 3142 3630 3214 grammaticis
3682 3142 3764 3197 di-

2136 3236 2315 3298 iscere
2340 3248 2574 3310 oportet.
2606 3239 2775 3296 Porro
2805 3254 2911 3293 vox
2933 3238 3152 3294 lectoris
3173 3237 3411 3308 simplex
3438 3251 3571 3292 esse
3613 3234 3767 3291 debet

2158 3343 2215 3391 et
2242 3333 2405 3396 clara,
2437 3341 2492 3388 et
2526 3333 2595 3387 ad
2621 3347 2783 3387 omne
2820 3331 3285 3401 pronuntiationis
3325 3343 3504 3401 genus
3551 3342 3766 3383 accom-

2157 3425 2399 3489 modata,
2424 3422 2582 3493 plena
2610 3435 2776 3477 succo
2800 3419 2966 3484 virili,
3001 3427 3275 3490 agrestem
3302 3426 3361 3473 et
3384 3417 3767 3473 subrusticum

2157 3516 2423 3583 effugiens
2461 3528 2672 3575 sonum,
2703 3527 2814 3566 non
2834 3510 3094 3575 humilis,
3148 3525 3253 3565 nec
3293 3509 3431 3565 adeo
3482 3508 3763 3572 sublimis;

2156 3622 2268 3662 non
2300 3606 2491 3671 fracta,
2515 3619 2621 3659 non
2663 3611 2869 3673 tenera,
2894 3601 3141 3671 nihilque
3192 3600 3489 3655 femineum
3527 3614 3760 3663 sonans;

2158 3712 2268 3752 non
2298 3696 2504 3751 habens
2535 3692 2720 3748 inflata
2749 3693 2835 3749 vel
2860 3692 3174 3749 anhelantia
3202 3691 3391 3756 verba,
3419 3708 3533 3747 non
3564 3694 3625 3747 in
3653 3692 3764 3746 fau-

2158 3790 2312 3849 cibus
2340 3787 2671 3852 frondentia,
2691 3800 2792 3842 nec
2815 3786 2929 3840 oris
2958 3785 3231 3840 inanitate
3268 3782 3620 3849 resonantia,
3668 3799 3767 3839 nec

2157 3894 2351 3952 aspera
2406 3879 2811 3944 frondentibus,
2836 3892 2961 3934 non.
2981 3877 3265 3932 hiantibus
3304 3877 3480 3933 labris
3519 3877 3760 3947 prolata,

2158 3973 2256 4029 sed
2279 3972 2535 4042 pressim,
2565 3979 2620 4026 et
2632 3969 2957 4039 oaequaliter,
2987 3976 3047 4024 et
3092 3968 3317 4034 leniter,
3344 3980 3403 4023 et
3444 3969 3597 4024 clare
3639 3985 3765 4039 pro-

2158 4065 2423 4128 nuntiata,
2467 4072 2528 4119 ut
2556 4064 2670 4119 suis
2695 4078 2925 4134 quisque
2957 4062 3157 4119 litterae
3194 4061 3346 4118 sonis
3372 4064 3761 4130 enuntientur,

2158 4164 2215 4212 et
2232 4156 2657 4225 unumquodque
2680 4154 2907 4211 verbum
2928 4153 3177 4225 legitimo
3194 4162 3424 4209 accentu
3450 4154 3762 4219 decoretur,

2157 4264 2267 4309 nec
2299 4249 2682 4306 ostentationis
2736 4262 2902 4304 causa
2943 4247 3226 4319 frangatur
3264 4245 3471 4302 oratio»
3507 4245 3766 4317 Corporis

2158 4356 2375 4415 quoque
2402 4350 2617 4400 motum
2638 4341 3015 4413 impudentem
3041 4341 3246 4397 habere
3285 4354 3399 4395 non
3422 4338 3587 4395 debet
3603 4378 3619 4403 ,
3672 4339 3763 4394 sed

2159 4435 2448 4509 gravitatis
2476 4434 2745 4505 speciem,
2762 4434 2989 4489 auribus
3015 4432 3164 4488 enim
3209 4440 3266 4488 et
3290 4430 3443 4488 cordi
3473 4432 3762 4488 consulem

2161 4530 2323 4586 debet
2351 4529 2554 4595 lector,
2591 4542 2701 4584 non
2723 4526 2916 4593 oculis,
2947 4541 3014 4581 ne
3042 4525 3226 4596 potius
3249 4539 3315 4581 ex
3338 4526 3761 4596 seipse-specta-

2120 4617 2133 4643 "
2162 4629 2312 4677 tom
2338 4620 2512 4692 magis
2526 4634 2696 4690 quam
2721 4618 3003 4674 auditores
3027 4617 3212 4673 faciat.
3242 4618 3421 4672 Vetus
3438 4617 3639 4686 opinio
3658 4624 3757 4681 est,

2157 4712 2392 4768 lectores
2419 4710 3013 4782 pronuntiandicausa,
3038 4709 3370 4781 praecipuam
3394 4723 3595 4765 curam
3616 4710 3761 4765 vocis

2158 4804 2436 4871 habuisse,
2464 4811 2527 4858 ut
2545 4802 2795 4859 exaudiri
2830 4804 2886 4858 in
2907 4801 3142 4858 tumultu
3167 4801 3398 4871 possint,
3416 4802 3575 4858 unde
3592 4803 3762 4859 etde-

2159 4897 2288 4952 dum
2331 4896 2562 4953 lectores
2600 4911 2880 4967 praecones
2909 4895 2997 4952 vel
3025 4894 3459 4966 proclamatores
3492 4896 3761 4952 vomitan-

2160 4991 2270 5039 tur.

2754 5077 2989 5135 CAPUT.
3020 5076 3152 5133 LIII.

2455 5172 2530 5229 De
2550 5172 2700 5228 libris
2740 5173 2985 5228 duom
3001 5171 3473 5227 Tetth

2234 5263 2665 5320 Pronuntiantur
2690 5272 2875 5321 autem
2894 5262 3239 5320 lectioneein
3268 5260 3757 5325 Christieedsiis,

2166 5358 2235 5414 de
2259 5356 2555 5429 Scripturis
2596 5358 2818 5414 sanctis.
2876 5355 3103 5413 Constat
3143 5360 3328 5411 autem
3358 5353 3569 5411 eadem
3609 5368 3759 5411 sacra

2167 5447 2445 5521 Scriptura
2474 5464 2542 5506 ex
2568 5450 2741 5506 veteri
2768 5450 2886 5522 lege
2911 5456 2968 5505 et
3010 5460 3170 5504 nova.
3202 5446 3375 5502 Vetus
3423 5444 3513 5501 lex
3563 5445 3661 5500 illa
3680 5450 3760 5499 est

468 5535 767 5607 crepantis,
796 5534 959 5593 modo
976 5535 1338 5601 exhortantis,
1361 5535 1522 5591 modo
1548 5535 1881 5602 miserantis,
1898 5535 2063 5591 modo
2163 5553 2284 5610 qua:
2308 5539 2438 5595 data
2464 5547 2548 5597 est
2572 5541 2809 5611 primum
2828 5539 3030 5596 Iudaeis
3057 5552 3156 5610 per
3188 5537 3407 5609 Moysen
3438 5542 3497 5592 et
3528 5535 3759 5607 propbe

468 5629 861 5703 percontantis,
889 5638 946 5684 et
975 5629 1063 5686 his
1088 5630 1285 5686 similia
1318 5629 1614 5686 secundum
1633 5644 1804 5702 genus
1828 5630 2061 5701 proprie
2163 5640 2270 5700 tas,
2305 5648 2427 5704 quae
2458 5634 2656 5690 dicitur
2699 5633 2865 5691 Vetus
2891 5633 3322 5689 Testamentum.
3351 5630 3757 5687 Testamentum

469 5721 949 5796 pronuntiationis,
984 5722 1347 5791 expromenda
1376 5731 1520 5777 sunt.
1547 5722 1714 5777 Multa
1760 5728 1886 5777 sunt
1913 5722 2059 5776 enim
2166 5734 2349 5781 autem
2373 5727 2587 5792 dicitur,
2618 5728 2743 5796 quia
2773 5727 2982 5782 idoneis
3009 5725 3236 5781 testibus
3264 5725 3453 5793 utique
3477 5739 3509 5776 a
3537 5720 3758 5792 prophe-

476 5816 531 5881 ιιι
558 5814 862 5885 scripturis,
904 5828 1025 5885 qua:
1055 5814 1159 5870 nisi
1194 5814 1413 5885 proprio
1439 5815 1600 5872 modo
1622 5814 2059 5889 pronuntiantur,
2167 5815 2237 5872 tis
2263 5815 2523 5888 scriptum
2555 5825 2637 5874 est
2668 5821 2831 5887 atque
2854 5815 3147 5888 signatum.
3201 5812 3350 5869 Nova
3400 5826 3535 5870 vero
3564 5811 3650 5867 lex
3676 5811 3758 5863 est
