3970 6470
289 381 399 441 365
1074 373 1164 431 DE
1200 371 1643 432 CLERiCORUM
1681 360 2192 440 INSTITUTIONE,
2232 366 2388 430 ETC.
2427 402 2498 415 -—
2534 370 2664 429 LIB.
2710 368 2779 429 Π.
3465 378 3571 438 366

239 506 251 515 -
287 460 821 563 Εαιιηαιῆιιφοδ
839 484 1038 542 dicitur
1057 484 1266 541 Novum
1289 482 1880 556 Testamentum,quod
1904 485 1962 547 Α
1984 500 2114 542 vero
2140 487 2475 560 scripserunt
2504 485 2693 547 decem
2738 491 3038 563 prophetae,
3070 489 3125 549 id
3165 501 3280 563 est,
3334 492 3569 571 Moyses,

286 601 387 657 per
412 584 590 654 ipsum
618 579 818 635 Filium
840 577 935 633 Dei
962 576 1237 635 Christum
1262 584 1319 634 et
1340 592 1467 633 suos
1494 577 1769 647 apostolos
1789 578 1881 634 de-
1982 579 2173 647 David,
2203 578 2480 649 Salomon,
2507 581 2690 654 Asaph
2716 623 2731 649 ,
2779 582 2973 651 Ethan,
3016 583 3261 654 ldithun,
3302 586 3475 647 Eman
3513 602 3573 649 et

289 675 389 730 dit.
420 670 516 727 illa
538 670 633 727 les
674 676 830 725 vetus
870 667 1019 723 velut
1068 667 1223 723 radix
1249 675 1368 734 est,
1416 668 1535 724 haec
1568 682 1709 724 nova
1735 667 1882 727 velut

289 763 503 822 fruetus
529 777 599 818 ex
622 759 833 818 radice.
876 759 955 814 Ex
984 758 1100 833 lege
1124 760 1277 833 enim
1304 759 1519 819 venitur
1543 758 1611 817 ad
1636 759 1881 833 Evange-

290 857 449 913 lium.
478 854 542 912 Si
570 852 789 925 quidem
818 851 1071 908 Christus
1097 850 1191 921 qui
1242 851 1332 908 hic
1359 850 1735 909 manifestatus
1758 858 1878 920 est,

296 948 501 1007 anteiri
522 946 644 1016 lege
674 944 969 1017 praedictus
998 950 1100 1003 est.
1131 944 1244 1001 lmo
1272 944 1389 1015 ipse
1424 943 1637 1001 locutus
1665 945 1721 1000 in
1751 959 1879 1015 pro-

291 1037 650 1113 pbetis,sieut
675 1035 936 1108 scriptum
954 1044 1039 1092 est
1064 1052 1077 1088 :
1108 1035 1212 1103 Qui
1230 1035 1499 1107 loquebar,
1527 1052 1642 1093 ecce
1667 1035 1875 1105 adsum,

292 1129 458 1202 (qua
480 1128 803 1199 praemittens
830 1125 967 1181 velut
996 1125 1286 1197 infantibus
1308 1127 1675 1200 nwdagogum,
1696 1127 1875 1184 Evan-

291 1222 485 1297 gelii“!
518 1237 659 1288 vero,
692 1219 981 1291 perfectum
1014 1220 1132 1275 vita
1166 1220 1554 1291 magisterium,
1577 1221 1695 1291 jam
1728 1220 1878 1275 adul-

289 1318 359 1372 tis
384 1314 628 1370 omnibus
673 1321 950 1383 praestans.
978 1311 1105 1369 Ideo
1130 1311 1187 1366 in
1226 1311 1315 1367 illa
1344 1312 1690 1382 operantibus
1736 1311 1878 1368 bona

292 1417 455 1466 terra
474 1406 952 1479 promittebantur,
980 1406 1074 1461 hic
1102 1421 1235 1461 vero
1252 1406 1354 1462 sub
1381 1406 1555 1477 gratia
1575 1420 1642 1460 ex
1669 1404 1774 1461 ﬁde
1802 1406 1878 1460 vi-

290 1500 547 1557 ventibus
571 1514 798 1572 regnum
835 1498 1057 1554 caeleste
1084 1498 1363 1555 tribuitur.
1396 1497 1749 1570 Evangelium
1774 1515 1874 1555 au-

295 1592 622 1651 tendicitur
647 1592 851 1647 bonum
877 1590 1148 1655 nuntium,
1171 1598 1229 1645 et
1266 1604 1455 1645 revera
1492 1590 1694 1646 bonum
1732 1607 1874 1647 nun-

290 1682 449 1748 tium,
482 1689 545 1737 ut
566 1680 661 1752 qui
686 1679 1058 1751 susceperint,
1091 1678 1185 1735 lilii
1221 1679 1317 1735 Dei
1352 1687 1632 1737 vocentur.

360 1775 431 1831 Ili
468 1781 600 1831 sunt
631 1787 763 1845 ergo
790 1772 913 1829 libri
956 1772 1165 1829 Veteris
1209 1771 1542 1829 Testamenti
1597 1788 1734 1843 quos
1775 1775 1876 1830 sub

1979 670 2076 745 ﬁlii
2105 669 2266 739 Core,
2297 671 2351 727 id
2386 681 2489 740 est,
2531 670 2680 741 Asir,
2711 670 2935 754 Eleana,
2969 674 3263 749 Ephiasab.
3304 679 3446 737 Sunt
3478 683 3572 754 qui

1980 771 2038 837 et
2058 762 2308 831 Esdram,
2336 773 2391 821 et
2410 763 2686 838 Aggteum,
2712 751 2774 821 et
2811 764 3131 824 Zachariam
3176 770 3464 842 scripsisse
3490 751 3574 829 di-

1980 864 2126 910 cant.
2158 854 2413 912 Salomon
2436 855 2655 927 scripsit
2685 852 3077 928 Proverbia,et
3095 856 3485 932 Ecclesiasten,
3514 871 3573 922 et

1979 944 2201 1005 Cantica
2251 950 2607 1007 canticorum.
2656 948 2823 1009 lsaias
2865 953 3083 1026 scripsit
3141 954 3339 1015 librum
3387 976 3569 1031 suum,

1979 1036 2233 1096 similiter
2270 1050 2327 1096 et
2376 1036 2637 1098 Ieremias
2699 1059 2824 1099 cum
2874 1042 3382 1107 Lamentationibus
3429 1052 3571 1125 ejus.
3662 1120 3673 1129 ,

1978 1126 2095 1187 Viri
2160 1128 2457 1205 Synagogze
2504 1133 2776 1204 sapientes
2808 1138 3144 1209 scripserunt
3192 1134 3529 1200 Ezechielem
3553 1185 3571 1215 ,

1980 1220 2280 1290 Danielem,
2309 1232 2363 1279 et
2391 1222 2863 1296 Paralipomenon,
2900 1237 2955 1285 et
2982 1228 3198 1287 Esther.
3230 1230 3402 1289 Esdra
3427 1235 3568 1291 scri-

1978 1313 2088 1385 psit
2114 1313 2314 1371 librum
2341 1332 2516 1372 suum.
2550 1316 2751 1374 Omnes
2777 1327 2959 1375 autem
2989 1321 3089 1377 hos
3116 1322 3281 1380 libros
3310 1325 3451 1381 idem
3473 1326 3572 1383 Es-

1979 1404 2077 1459 dra
2101 1413 2226 1475 post
2272 1405 2547 1462 incensam
2571 1406 2746 1479 legem
2777 1424 2807 1463 a
2830 1408 3121 1478 Chaldzeis,
3144 1413 3272 1469 dum
3294 1412 3462 1471 Iudaei
3487 1418 3573 1472 in-

1980 1496 2152 1568 gressi
2179 1493 2406 1552 fuissent
2430 1497 2485 1551 in
2514 1497 2814 1555 Jerusalem
2837 1540 2853 1567 ,
2908 1500 3092 1557 divino
3119 1501 3329 1561 amatus
3367 1505 3576 1578 Spiritu

1978 1588 2273 1658 reparavit,
2312 1599 2612 1660 cunctaque
2659 1593 3047 1663 prophetarum
3091 1595 3401 1665 volumina,
3454 1615 3576 1671 quae

1979 1675 2198 1733 fuerant
2225 1696 2265 1734 'a
2314 1679 2564 1752 gentibus
2609 1690 2861 1754 corrupta
2891 1725 2905 1750 ,
2964 1686 3231 1753 correxit;
3296 1695 3578 1762 totumque

1982 1767 2389 1827 Testamentum
2412 1772 2466 1827 in
2486 1773 2679 1846 viginti
2711 1773 2847 1830 duos
2869 1772 3035 1832 libros
3069 1778 3372 1845 constituit,
3405 1789 3466 1835 ut
3495 1789 3577 1837 tot

292 1879 480 1922 arnore
499 1864 760 1921 doctrinae
783 1872 842 1920 et
865 1864 1083 1934 pietatis
1107 1863 1363 1936 legendos
1410 1866 1876 1938 recipiendasque,
1904 1850 1955 1919 B
1983 1861 2107 1917 libri
2133 1868 2315 1919 essent
2339 1862 2391 1918 in
2414 1863 2533 1936 lege
2566 1874 2695 1937 quot
2721 1866 2993 1922 habentur
3011 1876 3067 1923 et
3094 1868 3306 1925 litterae.
3330 1871 3575 1928 Primum

287 1956 658 2014 Ecelesiarum
699 1956 972 2027 principes
1024 1956 1379 2013 tradiderunt.
1423 1954 1591 2012 Primi
1643 1972 1880 2028 namque

290 2048 430 2121 legis
454 2088 471 2115 ,
508 2048 567 2104 id
596 2055 708 2116 est,
742 2046 912 2119 Moysi
934 2047 1086 2103 'libri
1136 2048 1379 2119 quinque
1434 2057 1585 2114 sunt,
1617 2047 1876 2116 Genesis.

289 2140 488 2207 Exodi,
516 2140 761 2207 Levitici,
785 2139 1030 2207 Numeri,
1054 2138 1479 2199 Deuteronomii.
1507 2140 1619 2198 llos
1644 2157 1879 2212 sequun-

289 2238 380 2286 tur
408 2230 654 2287 histeriei
680 2231 806 2289 libri
835 2230 1178 2303 quindecim,
1219 2229 1347 2289 Iesu
1391 2230 1541 2288 Nave
1567 2230 1795 2299 scilicet,
1825 2236 1883 2289 et

284 2320 536 2380 Iudicum
556 2323 681 2379 libri
708 2323 928 2395 singuli,
962 2324 1080 2380 sive
1106 2323 1275 2382 Ruth.
1306 2324 1516 2397 Regum
1553 2326 1718 2383 etiam
1753 2327 1880 2385 libri

284 2422 537 2488 quatuor.
554 2417 998 2487 Paralipomenon
1012 2416 1138 2474 duo.
1156 2417 1340 2475 Tobiae
1356 2434 1573 2491 quoque
1584 2427 1642 2475 et
1658 2418 1878 2487 Esther,

284 2514 342 2562 et
362 2504 549 2563 Iudith
577 2507 796 2579 singuli.
825 2507 1011 2565 Esdrae
1050 2507 1178 2576 duo,
1200 2517 1257 2563 et
1281 2509 1389 2565 duo
1418 2509 1874 2566 Machabaeorum.

286 2596 463 2669 Super
488 2600 589 2657 hos
617 2600 921 2671 prophetici
952 2599 1076 2656 libri
1119 2600 1355 2657 sedecim
1394 2611 1540 2669 sunt,
1565 2602 1754 2668 Isaias,
1784 2601 1879 2659 Je-

284 2690 506 2759 remias,
535 2693 790 2750 Ezechiel
813 2702 870 2750 et
890 2694 1117 2763 Daniel,
1169 2694 1293 2750 libri
1328 2696 1543 2768 singuli.
1587 2697 1879 2752 Duodecim

283 2800 501 2858 quoque
527 2787 913 2858 prophetarum
943 2787 1067 2844 libri
1116 2787 1348 2860 singuli,
1408 2796 1465 2843 et
1496 2788 1614 2845 hare
1658 2789 1879 2859 quidem

282 2878 597 2949 prophetica
623 2886 771 2935 sunt.
800 2876 931 2934 Post
948 2880 1068 2935 haec
1092 2894 1348 2934 versuum
1382 2888 1507 2936 octo
1527 2878 1651 2935 libri
1675 2879 1878 2935 haben-

285 2977 411 3036 tur,
453 2971 547 3041 qui
588 2971 805 3028 diverso
859 2972 1000 3040 apud
1030 2969 1286 3027 Hebraea
1320 2978 1495 3029 metro
1520 2969 1873 3027 scribuntur:

280 3064 339 3121 id
364 3073 468 3131 est,
490 3064 593 3120 Iob
618 3063 777 3130 liber,
799 3071 858 3120 et
889 3064 1027 3120 liber
1046 3063 1385 3121 Psalmorum
1408 3104 1423 3131 ,
1466 3071 1523 3119 et
1558 3062 1879 3120 Proverbia-

285 3174 430 3227 ηε),
453 3168 511 3216 et
536 3160 918 3228 Ecclesiastes,
945 3168 1002 3217 et
1022 3158 1243 3217 Cantica
1276 3160 1635 3225 canticorum,
1652 3158 1879 3230 Sapien-

1980 1961 2105 2024 post
2133 1952 2363 2010 Esdram
2408 1955 2701 2013 editionem
2741 1958 2807 2013 de
2860 1956 3089 2016 Hebraeo
3115 1960 3170 2015 in
3198 1960 3445 2019 Graecum
3474 1963 3576 2021 Se-

1980 2045 2260 2117 ptuaginta
2288 2047 2611 2119 interpretes
2632 2050 2937 2118 ediderunt,
2958 2054 3059 2108 sub
3085 2052 3378 2112 Ptolemaeo
3406 2055 3575 2131 Egy-

1979 2135 2215 2205 p‘tiorum
2242 2153 2386 2209 rege,
2417 2153 2733 2195 successore
2761 2139 3087 2211 Alexandri,
3134 2144 3225 2216 qui
3252 2146 3309 2202 in
3351 2146 3576 2222 legendo

1981 2226 2259 2283 studiosus
2303 2227 2422 2294 fuit,
2450 2229 2801 2302 omniumque
2832 2230 2999 2289 libros
3018 2236 3259 2306 gentium
3278 2252 3578 2312 congrega-

1981 2319 2079 2373 vit.
2109 2319 2213 2375 lste
2236 2321 2383 2375 enim
2418 2322 2485 2378 ab
2516 2321 2797 2392 Eleazaro,
2826 2328 2921 2397 qui
2955 2336 3076 2384 erat
3111 2330 3365 2405 princeps
3392 2348 3573 2390 sacer—

1983 2411 2189 2478 dotum,
2223 2412 2390 2466 multa
2415 2411 2557 2469 dona
2586 2416 2807 2472 mittens
2836 2419 2903 2472 ad
2944 2419 3223 2491 templum,
3246 2424 3381 2493 petit
3401 2433 3463 2480 ut
3485 2440 3576 2481 se-

1982 2516 2082 2558 nes
2107 2503 2175 2558 de
2225 2503 2509 2559 duodecim
2543 2507 2788 2563 tribubus
2841 2509 3007 2565 Israel
3037 2512 3572 2582 transmitterentur,

1982 2597 2074 2666 qui
2099 2597 2588 2667 interpretarentur
2613 2614 2803 2657 omnes
2833 2601 3003 2660 libros
3022 2618 3231 2672 eorum,
3256 2613 3310 2660 et
3330 2616 3391 2662 ut
3413 2606 3575 2664 ﬁdem

1982 2688 2446 2759 interpretationis
2475 2691 2802 2759 adverteret,
2841 2695 3069 2767 singulis
3096 2712 3285 2753 eorum
3335 2699 3424 2769 qui
3459 2699 3572 2757 fue-

1983 2788 2112 2834 runt
2137 2781 2393 2836 destinati
2446 2783 2687 2856 singulas
2720 2785 2943 2842 cellulas
2972 2787 3159 2855 dedit,
3202 2798 3259 2845 et
3287 2792 3574 2864 assignans

1982 2871 2268 2938 omnibus,
2313 2887 2504 2930 omnes
2533 2875 2840 2947 Scripturas
2875 2880 3041 2950 jussit
3071 2882 3442 2954 interpretari.
3474 2884 3578 2953 Qui

1982 2977 2107 3017 eum
2147 2979 2246 3036 per
2269 2969 2608 3039 septuaginta
2653 2970 2770 3025 dies
2800 2971 2956 3027 istius
2982 2973 3062 3028 rei
3095 2976 3372 3045 negotium
3400 2975 3573 3032 adim-

1980 3055 2239 3126 plessent,
2272 3061 2514 3115 omnium
2549 3062 2709 3117 simul
2758 3064 3253 3137 interpretationes,
3301 3084 3438 3140 quas
3481 3086 3579 3142 per

1938 3147 2229 3233 :diversas
2264 3150 2430 3207 cellas
2473 3156 2740 3225 segregati
2784 3157 2931 3212 nullo
2977 3159 3043 3214 ad
3099 3159 3305 3215 nullum
3350 3163 3574 3233 propin-

278 3250 358 3305 τί,
396 3259 452 3306 α
491 3250 905 3309 mum;
925 3292 945 3318 ,ν
999 3249 1548 3323 Lamentationesun
1601 3249 1873 3308 Jeremm,
1900 3230 1952 3300 α
1982 3248 2185 3307 quante
2209 3238 2475 3310 iecerunt,
2504 3249 2852 3319 congregavit
2881 3249 2936 3303 in
2958 3266 3146 3317 unum,
3177 3230 3578 3322 atque'ita'om-

282 3339 378 3397 Sic
421 3342 764 3413 cmnplentur
810 3341 936 3397 libri
1000 3342 1213 3399 Veteris
1264 3342 1597 3399 Testamenti
1637 3341 1874 3413 quadra-

279 3432 429 3503 ginta
457 3432 715 3504 quinque.
740 3433 875 3490 Novi
902 3441 1083 3489 autem
1114 3433 1448 3490 Testamenti
1472 3434 1877 3504 primum,qua-

278 3534 406 3581 tuor
434 3526 726 3595 Evangelia
753 3536 880 3582 sunt
899 3565 915 3592 ,
961 3525 1229 3592 Matthaei,
1281 3525 1470 3591 Marci,
1497 3526 1676 3592 Lucae,
1704 3524 1873 3582 Ioan-

276 3617 385 3673 nis.
436 3618 549 3675 Hos
576 3618 987 3688 quatuordecim
1029 3617 1183 3673 Pauli
1222 3617 1451 3688 apostoli
1486 3618 1740 3688 Epistola:
1783 3633 1874 3675 se-

275 3718 523 3779 quuntur
552 3728 565 3765 :
593 3710 789 3779 quibus
812 3710 979 3765 etiam
1005 3707 1303 3778 subiunetze
1326 3717 1455 3765 sunt
1475 3718 1681 3781 septem
1712 3725 1875 3768 cano-

273 3801 419 3857 nica:
448 3800 721 3871 Epistolm,
740 3799 952 3867 Iaeobi,
978 3800 1148 3867 Petri,
1171 3800 1398 3857 Joannis
1423 3810 1482 3856 et
1503 3799 1675 3859 Iudae.
1703 3801 1874 3857 Actus

275 3906 496 3963 quoque
555 3892 838 3948 duodecim
890 3891 1296 3962 apostolorum:
1327 3907 1560 3962 quorum
1629 3892 1873 3949 omnium

277 3982 615 4054 signaculum
658 3990 743 4039 est
778 3982 1131 4055 Apocalypsis
1157 3981 1410 4050 Joannis,
1432 3984 1578 4054 quod
1605 3992 1691 4040 est
1718 3998 1874 4040 reve-

274 4074 410 4132 latio
435 4074 562 4132 Iesu
581 4076 807 4142 Christi,
834 4078 927 4148 qui
955 4092 1146 4134 omnes
1170 4079 1340 4136 libros
1379 4088 1435 4135 et
1464 4089 1706 4151 tempore
1735 4096 1871 4136 con-

276 4166 445 4224 cludit
472 4177 528 4223 et
555 4169 766 4224 ordine.
801 4168 867 4223 lli
896 4178 1022 4225 sunt
1057 4168 1181 4225 libri
1236 4171 1485 4228 canonici
1528 4173 1872 4243 septuaginta

278 4258 405 4323 duo,
431 4261 579 4316 et-ob
605 4261 710 4317 hoc
740 4260 951 4333 Moyses
976 4264 1318 4334 septuaginta
1342 4264 1504 4336 elegit
1526 4267 1874 4337 presbyteros

279 4351 373 4421 qui
400 4353 863 4421 prophetizarent;
894 4354 964 4409 ob
995 4354 1100 4410 hoc
1121 4362 1178 4408 et
1202 4353 1365 4411 Iesus
1394 4357 1656 4413 Dominus
1688 4366 1873 4413 noster

278 4443 618 4515 septuaginta
647 4443 783 4499 duos
832 4443 1121 4514 discipulos
1149 4447 1448 4516 praedicare
1477 4448 1773 4503 mandavit.
1802 4449 1871 4503 Et

277 4535 547 4604 quomodo
596 4534 935 4606 septuaginta
981 4537 1102 4592 duae
1165 4538 1359 4609 lingua:
1410 4540 1464 4594 in
1516 4541 1621 4597 hoc
1666 4544 1868 4599 mundo

275 4632 437 4683 eram
461 4623 689 4693 (ἥκω,
714 4641 954 4699 congrue
994 4627 1231 4699 providit
1276 4629 1515 4701 Spiritus
1566 4643 1789 4691 sanctus
1810 4643 1871 4690 ut

274 4723 361 4774 tot
379 4715 503 4773 libri
525 4724 711 4773 essent
741 4726 875 4788 quot
926 4719 1196 4787 nationes,
1222 4722 1420 4791 quibus
1445 4723 1626 4792 pepuli
1656 4733 1710 4780 et
1739 4740 1869 4796 gen-

242 4848 249 4856 ς
274 4816 362 4867 tes
384 4809 457 4867 ad
477 4809 863 4882 perﬁciendam
894 4811 1019 4869 ﬁdei
1045 4813 1276 4883 gratiam
1305 4813 1719 4872 azdiﬁcarentur.

869 4927 1099 4985 CAPUT
1124 4928 1254 4986 LIV.

542 4996 620 5053 De
648 4998 988 5069 scriptoribus
1020 5017 1292 5056 sacrarunt
1318 5000 1592 5062 librorum.

344 5085 555 5147 Veteris
586 5101 771 5149 autem
818 5092 1150 5150 Testamenti
1190 5095 1488 5153 secundum
1515 5097 1866 5161 Hebraeon

269 5181 619 5240 traditionem
646 5185 702 5239 hi
733 5185 1027 5255 scriptores
1056 5186 1345 5244 habentur.
1374 5188 1617 5248 Primum
1653 5193 1866 5268 Moyses

267 5274 493 5345 scripsit
545 5275 992 5333 Pentateuchum.
1061 5276 1189 5335 Iesu
1238 5279 1388 5335 Nave
1455 5281 1628 5339 edidit
1664 5286 1861 5344 librum

268 5380 450 5421 mum.
476 5366 726 5424 Iudicum
758 5378 962 5437 autem,
984 5378 1042 5426 et
1067 5370 1236 5439 Ruth,
1262 5382 1320 5429 et
1341 5371 1607 5433 Samuelis
1628 5379 1863 5448 primam

267 5468 483 5532 partem
535 5462 755 5532 scripsit
779 5462 1028 5529 Samuel;
1075 5466 1356 5536 sequentis
1387 5466 1656 5525 Samuelis
1691 5487 1863 5543 usque

273 5551 347 5606 ad
368 5550 611 5618 uicem,
668 5552 888 5623 scripsit
912 5552 1103 5610 David.
1159 5555 1442 5613 Malachim
1474 5567 1644 5615 totum
1697 5563 1864 5619 edidit

273 5638 543 5699 Ieremias
574 5662 587 5698 :
624 5659 750 5699 nam
804 5651 930 5699 ante
966 5659 1186 5714 sparsus
1232 5657 1349 5704 erat
1387 5665 1484 5720 per
1529 5652 1860 5723 singulorum

273 5748 469 5806 regum
506 5735 780 5791 historias.
832 5733 936 5791 Iob
977 5734 1173 5793 librum
1204 5736 1414 5797 Hebraei
1460 5741 1677 5813 Moysen
1726 5746 1862 5801 scri-

266 5824 450 5911 psisse
481 5832 702 5905 putant,
737 5825 827 5883 alii
880 5841 1047 5882 unum
1088 5841 1151 5882 ex
1190 5831 1489 5905 prephetis.
1535 5822 1859 5895 Psalterium

1980 3346 2081 3387 nes
2104 3332 2229 3388 libri
2256 3334 2595 3406 interpretati
2624 3354 2722 3409 per
2759 3338 3018 3410 Spiritum
3067 3351 3319 3398 sanctum
3371 3343 3574 3399 inventi

1980 3433 2124 3490 sunt,
2154 3434 2215 3482 ut
2254 3444 2363 3484 non
2402 3428 2574 3484 solum
2632 3431 2944 3499 intellectu,
2996 3449 3185 3491 verum
3224 3436 3387 3492 etiam
3425 3444 3477 3491 et
3518 3437 3574 3492 in
3662 3504 3679 3521 ν

1980 3518 2323 3575 sermonibus
2391 3531 2752 3579 consonantes
2822 3526 3212 3583 invenirentur.
3283 3526 3412 3583 Haec
3471 3526 3576 3583 fuit

1975 3611 2153 3680 prima
2184 3611 2562 3684 interpretatio
2592 3629 2721 3671 vera
2752 3631 2816 3673 ac
2845 3618 3045 3675 divina.
3089 3618 3200 3676 Hos
3243 3618 3414 3676 libros
3459 3635 3575 3676 me-

1977 3699 2141 3756 ditari
2172 3703 2411 3759 omnium
2440 3706 2680 3776 gentium
2714 3706 2971 3764 Ecclesiae
2999 3710 3234 3780 primum
3267 3718 3571 3782 eruperunt,

1977 3793 2306 3865 eosdemque
2361 3796 2428 3851 de
2470 3796 2659 3853 Graeco
2711 3799 2765 3852 in
2818 3799 3072 3855 Latinum
3112 3801 3568 3873 interpretantes,

1976 3883 2137 3953 primi
2163 3884 2529 3942 Ecelesiarum
2573 3889 2885 3960 provisores
2913 3891 3270 3947 tradiderunt.
3304 3892 3434 3949 Post
3453 3896 3571 3952 hare

1975 3978 2270 4033 secundam
2311 3979 2605 4035 editionem
2653 3980 2887 4051 Aquila,
2940 3984 3156 4039 tertiam
3212 3993 3267 4041 et
3316 3994 3567 4056 quartam

1974 4069 2311 4126 Theodotion
2336 4079 2391 4126 et
2431 4069 2791 4143 Symmachus
2835 4073 3153 4141 ediderunt,
3186 4076 3346 4132 ambo
3397 4075 3570 4135 Iudaei

1971 4162 2262 4232 prusclyti;
2304 4164 2547 4233 quintam
2575 4179 2704 4220 vero
2735 4173 2789 4221 et
2824 4173 3033 4222 sextam
3060 4167 3352 4225 editionem
3381 4166 3571 4242 Orige-

1972 4269 2071 4309 nes
2093 4255 2314 4325 reperit,
2346 4263 2401 4311 et
2447 4271 2569 4312 cum
2614 4259 2828 4313 caeteris
2874 4258 3199 4330 supradictis
3239 4258 3569 4318 editionihus

1972 4348 2326 4415 comparavit.
2378 4346 2444 4402 Hi
2492 4358 2617 4403 sunt
2661 4349 2844 4420 itaque
2874 4358 3104 4418 tantum,
3135 4351 3227 4421 qui
3257 4352 3569 4423 Scripturas

1973 4453 2159 4493 sacras
2189 4440 2255 4495 de
2286 4439 2512 4496 Hebraeo
2548 4440 2603 4494 in
2631 4438 2879 4496 Graecum
2914 4456 3222 4498 sermonem
3247 4452 3566 4511 verterunt,

1972 4531 2213 4601 quinque
2230 4531 2395 4586 etiam
2414 4539 2469 4586 et
2491 4539 2867 4586 numerantur.
2896 4529 3031 4586 Nam
3056 4532 3374 4589 Latinorum
3395 4534 3567 4589 inter-

1971 4629 2184 4691 pretum
2213 4620 2307 4690 qui
2337 4621 2404 4675 de
2426 4618 2616 4675 Gmco
2655 4620 2710 4675 in
2736 4629 2981 4675 nostrum
3008 4620 3281 4691 eloquium
3318 4630 3565 4678 transtu-

1970 4712 2191 4776 lerunt,
2239 4722 2302 4765 ut
2339 4709 2586 4766 meminit
2630 4718 2849 4767 sanctus
2884 4712 3219 4783 Augustinus
3244 4753 3262 4780 ,
3320 4711 3564 4773 inﬁnitus

1968 4822 2229 4864 numerus
2258 4815 2360 4863 est.
2391 4805 2449 4862 Si
2490 4807 2579 4863 cui
2620 4808 2788 4874 enim,
2817 4808 3011 4879 inquit,
3038 4808 3233 4881 primis
3269 4809 3394 4866 ﬁdei
3425 4818 3562 4867 tem—

1965 4898 2190 4971 poribus
2227 4899 2295 4954 ad
2328 4915 2524 4955 manus
2559 4900 2709 4956 venit
2735 4900 2906 4957 codex
2948 4898 3172 4958 Graecus
3197 4942 3214 4969 ,
3267 4908 3431 4972 atque
3460 4902 3562 4957 ali-

1968 4995 2288 5066 quantulum
2321 5010 2443 5051 esse
2469 4995 2573 5050 sibi
2600 4996 2882 5067 utriusque
2909 4995 3105 5069 linguae
3147 4995 3400 5067 peritiam
3440 5011 3563 5051 sen-

1970 5088 2066 5156 sit,
2088 5103 2252 5145 ausus
2280 5096 2366 5145 est
2393 5088 2574 5145 statim
2606 5087 2974 5160 interpretari,
3003 5096 3168 5160 atque
3209 5088 3334 5143 inde
3360 5090 3564 5147 accidit

1970 5192 2083 5239 tam
2112 5183 2532 5239 innumerabiles
2560 5184 2701 5254 apud
2722 5181 2943 5239 Latinos
2972 5181 3247 5238 exstitisse
3286 5181 3559 5254 interpre-

1968 5281 2069 5329 tes.
2096 5273 2171 5329 De
2195 5272 2420 5329 Hebraeo
2441 5282 2622 5330 autem
2648 5274 2703 5329 in
2734 5272 2985 5329 Latinum
3006 5271 3297 5341 eloquium,
3330 5280 3557 5327 tantum-

1966 5364 2129 5420 modo
2156 5364 2515 5435 Hieronymus
2541 5364 2827 5435 presbyter
2852 5375 3039 5419 sacras
3089 5359 3402 5432 Scripturas
3427 5377 3556 5418 con-

1968 5454 2171 5511 vertit:
2213 5452 2367 5524 cujus
2405 5453 2639 5510 editione
2683 5450 3008 5523 generaliter
3056 5466 3248 5509 omnes
3296 5451 3555 5508 Ecclesia

1968 5560 2354 5617 usquequaque
2380 5553 2624 5610 utuntur,
2657 5559 2757 5613 pro
2780 5558 2847 5599 eo
2895 5542 3037 5613 quod
3064 5542 3374 5599 veneratior
3398 5543 3467 5598 sit
3498 5543 3551 5597 in

1967 5638 2272 5703 sententiis,
2313 5637 2596 5692 et-clarior
2648 5635 2699 5689 in
2734 5635 2930 5691 verbis.
2981 5634 3201 5690 Librum
3258 5631 3549 5703 Sapientia:

1968 5727 2220 5784 Salomon
2249 5728 2529 5799 scripsisse
2553 5727 2831 5796 probatur,
2861 5724 3326 5783 testimoniis‘illis
3351 5723 3546 5795 quibus

1964 5818 2160 5888 legitur
2186 5838 2196 5873 :
2233 5818 2307 5871 Tu
2334 5834 2432 5881 me,
2464 5817 2661 5888 inquit,
2691 5818 2888 5890 elegisti
2914 5833 3084 5891 regem
3108 5813 3299 5890 populo
3322 5825 3447 5885 tuo,
3494 5817 3546 5869 et
