3970 6452
417 295 524 355 567

1069 295 1131 351 Β.
1173 294 1435 354 RABANI
1471 295 1694 354 MAURI
1731 293 2053 353 ARClllEP.
2095 291 2407 350 MOGUNT.
2449 290 2737 350 OPERUM
2775 288 2958 349 PARS
2994 289 3039 346 Ι.

3581 286 3704 345 368

411 410 597 468 dixisti
631 407 898 480 wdiﬁcare
927 409 1173 480 templum
1203 411 1401 466 nomini
1432 420 1610 466 sancto
1650 421 1762 475 tuo,
1792 411 1846 464 in
1873 409 2000 463 civi-
2026 406 2282 474 {minus
2306 423 2318 459 :
2353 405 2446 461 Sic
2472 405 2758 462 benediees
2777 403 3034 476 populum
3074 416 3275 468 meum,
3302 411 3357 458 et
3383 414 3487 471 ego
3519 399 3703 456 bene-2

411 510 520 557 tate
548 510 745 556 sancta:
771 501 1109 556 habitationis
1138 511 1244 557 tua:
1271 502 1424 574 (Sap.
1462 504 1559 572 ix).
1587 502 1700 557 Hoc
1728 517 1863 573 opus
1890 501 1997 555 He-

411 594 543 652 brmi
576 594 658 666 (ut
700 592 918 666 quidam
955 595 1259 666 sapientum
1314 595 1610 666 meminit),
1659 597 1802 650 inter
1837 610 2000 652 can0-.

393 688 563 758 jaicas
593 686 904 758 Scripturas
926 687 1278 758 recipiebant.
1309 687 1727 760 Sed.postquam
1754 703 1998 758 compre-

391 759 712 834 ‘hendentes
724 777 997 834 Christum
1024 759 1820 848 interfecerunt,imemorantes
1843 780 1894 834 in
1908 795 1999 835 eo-

410 871 533 927 dem
581 871 719 926 libro
756 879 866 926 tam
894 873 1298 929 evidentissima
1332 873 1399 930 de
1437 867 1997 931 Christo‘testimonia

407 962 604 1032 quibus
620 963 855 1018 dicitur:
886 962 1145 1020 Dixerunt
1168 965 1308 1020 inter
1333 980 1392 1022 se
1421 965 1605 1036 impii:
1637 964 2000 1037 Comprehen-

335 1082 342 1089 -
407 1055 599 1110 damus
617 1055 823 1126 justum
863 1057 989 1127 quia
1010 1058 1212 1113 inutilis
1236 1067 1311 1112 est
1337 1057 1505 1125 nobis,
1522 1068 1571 1112 et
1592 1059 1890 1113 contrarius
1921 1066 1998 1113 est

404 1148 646 1217 operibus
668 1148 885 1215 nostris,
912 1158 960 1203 et
998 1151 1253 1220 promittit
1289 1166 1343 1204 se
1362 1150 1635 1204 scientiam
1662 1148 1762 1203 Dei
1783 1148 1993 1216 habere,

403 1253 453 1297 et
480 1241 679 1297 Filium
703 1243 800 1298 Dei
826 1261 881 1299 se
912 1247 1143 1300 nominat
1176 1245 1326 1318 (Sap.
1357 1245 1438 1319 ιι).
1470 1246 1539 1302 Et
1563 1245 1740 1301 infra:
1777 1245 1838 1302 Si
1858 1247 1996 1300 enim

406 1347 483 1391 est
525 1355 638 1392 rere
677 1337 852 1393 Filius
885 1337 1003 1404 Dei,
1035 1341 1277 1409 suscipiet
1325 1339 1475 1394 illum
1504 1351 1552 1394 et
1582 1339 1818 1394 liberabit
1846 1337 1996 1392 illum

403 1428 469 1482 de
497 1445 654 1482 manu
683 1430 1088 1485 contrariorum.
1111 1429 1190 1485 Ac
1219 1430 1412 1486 deinde
1442 1449 1454 1486 :
1495 1429 1565 1485 Ut
1610 1432 1838 1484 sciamus
1863 1445 2000 1483 reve-

405 1518 628 1570 rentiam
659 1515 824 1584 illius,
854 1527 902 1572 et
954 1518 1231 1590 probemus
1285 1521 1597 1591 patientiam
1638 1519 1786 1590 ejus,
1832 1529 1996 1574 morte

403 1607 708 1676 turpissima
729 1609 1129 1665 condemnemus
1144 1628 1261 1665 eum
1277 1610 1329 1684 (I
1334 1611 1466 1686 bid.)
1484 1629 1497 1678 ;
1532 1612 1818 1668 collatione
1831 1611 1992 1675 facta,

401 1713 471 1753 ne
509 1699 678 1753 nostri
710 1715 804 1754 eos
829 1716 928 1771 pro
967 1710 1076 1755 tam
1105 1712 1294 1772 aperto
1338 1703 1621 1775 sacrilegio
1644 1703 1988 1775 derogarent,

2101 496 2278 552 dicam
2321 496 2461 552 illos.
2518 495 2801 551 Benedicat
2844 505 2894 549 te
2932 493 3190 549 Dominus
3244 501 3296 547 et
3329 491 3598 549 custodiat
3648 499 3703 544 te

2101 587 2290 660 (Num.
2316 587 2428 659 vi);
2481 587 2748 644 illuminet
2782 586 3044 642 Dominus
3090 585 3284 642 faciem
3326 601 3481 640 suam
3527 599 3704 654 super

2100 687 2174 745 te,
2199 687 2253 734 et
2280 678 2605 734 misereatur
2629 678 2708 733 tui
2746 675 2919 750 (Psal.
2950 674 3130 746 vat);
3183 683 3552 745 conoertatque
3591 672 3704 726 Do-

2097 771 2271 826 minus
2304 770 2503 827 vultum
2528 788 2684 827 suum
2713 770 2782 826 ad
2807 780 2856 826 te
2875 809 2892 836 ,
2945 779 2995 824 et
3023 769 3108 824 det
3136 769 3230 831 tibi
3278 783 3461 839 pacem
3492 765 3700 838 (Num.

2096 863 2194 936 v1).
2233 863 2372 921 Hinc
2408 881 2624 938 quoque
2668 880 2797 922 usus
2824 862 3079 920 Ecclesiae
3121 861 3446 933 multiplices
3470 860 3704 916 benedi-

2097 958 2304 1015 ctiones
2334 958 2390 1014 in
2418 959 2647 1015 diversis
2691 959 2854 1015 rebus
2891 957 3071 1014 habet.
3123 955 3470 1012 Benedicitur
3514 952 3704 1010 oleam

2096 1065 2162 1105 ex
2187 1049 2478 1121 apostolica
2499 1049 2842 1115 auctoritate,
2866 1049 2936 1104 ad
2959 1047 3296 1104 inﬁrmorum
3321 1044 3702 1101 medicamen-

2096 1149 2231 1206 tum,
2255 1137 2457 1196 Jacobo
2493 1138 2737 1210 apostolo
2771 1140 2876 1195 hoc
2904 1139 2979 1195 ita
3006 1136 3360 1208 praecipiente
3385 1153 3400 1190 :
3430 1133 3700 1204 Inﬁrma-

2096 1243 2204 1301 tur,
2225 1233 2551 1305 inquit,quis
2577 1234 2630 1287 in
2655 1231 3046 1299 vobis,inducat
3064 1229 3390 1302 presbyteros
3416 1226 3700 1293 Ecclesite,

2097 1337 2155 1378 ut
2183 1333 2329 1378 orent
2349 1339 2506 1394 super
2524 1332 2941 1393 eum,-ungentes
2969 1337 3090 1376 eum
3123 1320 3236 1374 oleo
3267 1321 3324 1374 in
3346 1317 3563 1373 nomine
3582 1315 3700 1370 Do-

2096 1416 2224 1470 mini
2249 1416 2413 1469 nostri
2449 1412 2579 1470 Jesu
2599 1413 2802 1470 Christi
2826 1412 2969 1485 (Jac.
3007 1411 3086 1484 v).
3122 1411 3469 1467 Benedicitur
3511 1407 3597 1465 sal
3643 1416 3703 1463 et

2095 1523 2238 1580 aqua
2261 1508 2317 1564 in
2343 1508 2587 1563 diversos
2606 1521 2736 1562 usus
2761 1504 3021 1570 ﬁdelium,
3045 1505 3112 1560 ad
3134 1504 3383 1559 homines
3413 1501 3696 1566 inﬁrmos,

2095 1609 2287 1655 contra
2320 1599 2662 1671 phantasiam
2709 1597 2936 1663 inimici,
2967 1597 3035 1652 ad
3065 1610 3323 1666 pecorum
3373 1593 3700 1660 sanitatem,

2095 1689 2165 1746 ad
2191 1691 2410 1747 morbos
2435 1689 2778 1757 auferendos,
2806 1696 2936 1755 etc.,
2975 1688 3118 1743 sicut
3137 1687 3334 1760 legitur
3357 1683 3699 1748 Alexander,

401 1803 431 1840 a
458 1789 790 1859 propheticis
817 1807 941 1846 eum
956 1792 1316 1848 voluminibus
1346 1795 1674 1860 reciderunt,
1689 1795 1989 1866 legendum-

2097 1781 2363 1855 septimus"
2382 1764 2503 1853 post
2531 1782 2775 1848 Petrum,
2820 1780 3077 1836 Romanae
3102 1778 3255 1834 urbis
3299 1777 3616 1849 episcopus,
3643 1783 3705 1829 et

400 1898 505 1952 que
535 1882 648 1937 suis
673 1885 1087 1954 prohibuerunt.
1105 1885 1329 1942 Librum
1357 1897 1539 1944 autem
1552 1889 1994 1945 Ecclesiasticum

395 1974 698 2041 composuit
723 1972 880 2030 Jesus
906 1974 1048 2029 ﬁlius
1077 1975 1272 2031 Sirach
1322 1967 1872 2050 Hierosolymitanus,
1898 1995 1995 2036 ne-

393 2076 492 2130 pos
519 2061 648 2117 Jesu
672 2065 994 2132 sacerdotis,
1018 2065 1083 2120 de
1130 2081 1236 2134 quo
1273 2069 1520 2123 meminit
1550 2067 1861 2124 Zacharias.
1887 2069 1992 2138 Qui

396 2153 533 2208 liber
551 2156 692 2224 apud
720 2155 978 2223 Latinos,
1031 2166 1252 2228 propter
1301 2158 1500 2230 eloquii
1546 2160 1987 2228 similitudinem,

396 2245 701 2301 Salomonis
731 2246 884 2302 titulo
913 2257 1262 2319 prmnotatur.
1296 2248 1568 2307 Praeterea
1588 2251 1774 2307 Judith
1798 2260 1852 2308 et
1879 2252 1989 2307 To-

394 2337 495 2392 bitt:
515 2339 630 2392 sive
661 2336 1090 2394 Maehabmorum
1124 2339 1312 2407 libros,
1344 2341 1436 2412 qui
1472 2350 1723 2398 auctores
1753 2344 1988 2414 scripse-

393 2425 524 2491 rint,
559 2427 785 2482 minime
812 2435 1044 2482 constat.

431 2499 435 2504 ί
462 2513 669 2570 Novum
706 2524 886 2571 autem
913 2517 1342 2586 Testamentum,
1367 2529 1601 2590 quatuor
1621 2521 1788 2578 libros
1811 2521 1990 2578 Evan-

389 2606 656 2678 geliorum
685 2615 918 2676 quatuor
944 2609 1289 2680 evangelista:
1332 2611 1573 2681 singulos
1611 2611 1984 2683 scripserunt:

389 2714 623 2769 quorum
649 2697 796 2754 solus
824 2697 1108 2754 Matthaeus
1137 2700 1365 2758 Hebrteo
1403 2703 1688 2773 scripsisse
1733 2705 1988 2774 perhibe-

392 2799 482 2869 tur
533 2789 775 2871 eloquio,
820 2791 1003 2846 caeteri
1036 2791 1246 2848 Graeco.
1299 2794 1500 2850 Paulus
1537 2795 1812 2866 apostolus
1859 2812 1988 2853 suas

389 2881 606 2951 scripsit
628 2881 921 2951 Epistolas,
948 2898 1017 2938 ex
1045 2884 1240 2954 quibus
1269 2901 1464 2941 novem
1506 2897 1713 2957 septem
1737 2888 2002 2944 ecclesiis.

387 2975 627 3046 scripsit,
671 2973 907 3044 reliquas
936 2977 1216 3047 discipulis
1245 2979 1377 3043 suis,
1413 2979 1720 3046 Timotheo,
1776 2980 1900 3036 Tito
1931 2988 1987 3035 et

386 3066 711 3121 Philemoni.
761 3068 844 3121 Ad
880 3067 1135 3122 Hebraeos
1183 3078 1364 3124 autem
1420 3071 1661 3141 Epistola
1710 3069 1986 3143 plerisque

2093 1883 2320 1947 martyr,
2353 1875 2700 1931 constituisse
2729 1887 2927 1944 aquam
2956 1870 3256 1942 sparsionis
3291 1884 3416 1924 cum
3459 1867 3579 1923 sale
3603 1866 3702 1920 be-

2092 1969 2274 2025 nedici
2324 1968 2379 2023 in
2426 1966 2750 2024 habitaculis
2799 1965 3101 2022 hominum.
3159 1959 3296 2016 Nam
3353 1959 3569 2015 nullum
3615 1967 3701 2012 est

2090 2059 2236 2115 aliud
2253 2058 2579 2115 elementum
2593 2056 2740 2129 quod
2770 2057 2825 2111 in
2852 2056 2958 2112 hoc
2985 2053 3188 2110 mundo
3209 2060 3402 2125 purget
3429 2050 3694 2104 universa

2090 2169 2254 2225 quam
2284 2168 2444 2224 aqua,
2475 2151 2728 2222 quodque
2756 2148 2995 2204 viviﬁcet
3023 2154 3216 2202 cuncta
3244 2163 3258 2198 :
3289 2145 3524 2213 ideoque
3571 2156 3700 2196 eum

2089 2244 2430 2315 baptizamur
2456 2243 2510 2298 in
2546 2242 2782 2305 Christo,
2824 2256 2922 2312 per
2971 2238 3148 2310 ipsum
3198 2236 3582 2298 renascimur,
3639 2241 3702 2286 ut

2087 2333 2362 2407 puriﬁcati
2416 2331 2786 2396 viviﬁcemur;
2829 2329 2975 2402 quod
3027 2329 3082 2383 in
3132 2334 3375 2399 tempore
3422 2323 3702 2396 passionis

2088 2443 2196 2483 una
2226 2443 2351 2483 eum
2385 2427 2649 2500 sanguine
2699 2425 2767 2480 de
2817 2423 2988 2478 latere
3030 2419 3234 2477 Christi
3282 2416 3580 2492 profluxit,
3629 2415 3700 2471 ad

2088 2518 2482 2576 ostendendum
2530 2517 2717 2587 utique
2743 2515 2921 2571 omnis
2961 2511 3412 2570 sanctiﬁcationis
3440 2519 3497 2566 et
3541 2527 3699 2593 mun-

2089 2611 2235 2668 ditiae
2259 2610 2496 2666 validum
2519 2623 2578 2665 se
2604 2608 2730 2664 inde
2754 2607 2956 2664 habere
2977 2613 3394 2661 sacramentum.
3419 2602 3582 2671 Quod
3603 2618 3704 2656 au-

2091 2711 2199 2759 tem
2230 2701 2308 2759 sal
2363 2700 2764 2757 sanctiﬁcatum
2808 2715 2964 2771 aqua:
3003 2697 3341 2754 immiscetur
3362 2736 3376 2760 ,
3407 2711 3477 2750 ex
3506 2693 3699 2748 divina

2088 2795 2409 2852 auctoritate
2445 2793 2737 2865 processit,
2761 2792 2888 2863 quia
2913 2787 3041 2846 illud
3074 2804 3170 2861 per
3196 2787 3453 2844 Elisazum
3482 2785 3539 2840 in
3571 2785 3697 2839 fon-

2089 2894 2202 2942 tem
2225 2885 2369 2941 mitti
2387 2883 2572 2953 jussit,
2611 2890 2673 2939 ut
2703 2891 2994 2940 sanaretur
3023 2879 3282 2937 sterilitas
3306 2891 3581 2948 aquarum
3610 2874 3702 2930 Je-

2089 2977 2261 3034 richo.
2290 2977 2434 3049 Ergo
2458 2985 2654 3032 natura
2683 2976 2814 3032 salis
2845 2983 3057 3030 naturae.
3087 2987 3241 3043 aqua;
3277 2970 3457 3025 vicina
3488 2976 3544 3024 et
3570 2984 3698 3024 con—

2079 3069 2424 3139 junctissima
2457 3078 2563 3135 est,
2593 3069 2720 3139 quia
2748 3066 2991 3136 ejusdem
3021 3063 3325 3122 clementia:
3354 3063 3520 3117 ambo
3541 3069 3694 3126 sunt,

386 3157 596 3212 Latinis
631 3157 745 3227 ejus
783 3175 903 3215 esse
939 3161 1142 3215 incerta
1176 3169 1293 3227 est,
1326 3171 1546 3233 propter
1587 3163 1981 3220 dissonantiam
2009 3147 2055 3211 C
2084 3172 2141 3220 et
2194 3163 2336 3218 idem
2387 3160 2622 3218 oﬁicium
2673 3171 2730 3218 et
2785 3158 3241 3232 signiﬁcationem
3288 3156 3515 3211 habent.
3553 3152 3702 3208 Nam

386 3251 673 3316 sermonis,
697 3251 1050 3321 eamdemque
1089 3252 1180 3306 alii
1223 3251 1527 3309 Barnabam
1569 3256 1980 3326 conscripsisse,

388 3341 479 3395 alii
514 3358 542 3395 a
575 3341 851 3398 Clemente
887 3345 1144 3415 scriptam
1178 3344 1348 3401 fuisse
1377 3347 1741 3417 suspicantur.
1790 3348 1984 3405 Petrus

303 3464 317 3480 ι
386 3434 607 3505 scripsit
649 3436 782 3490 duas
807 3436 1026 3492 nomine
1056 3453 1156 3492 suo
1205 3436 1497 3507 Epistolas,
1523 3454 1644 3508 qua:
1691 3439 1983 3494 Catholicae

386 3527 756 3594 nominantur,
779 3546 1011 3600 quarum
1051 3534 1284 3585 secunda
1313 3547 1341 3584 a
1366 3531 1688 3602 quibusdam
1713 3533 1831 3604 ejus
1861 3549 1984 3589 esse

386 3614 494 3671 non
534 3617 791 3683 creditur,
823 3630 1044 3689 propter
1069 3621 1191 3690 styli
1242 3621 1616 3690 sermonisque
1644 3622 1979 3677 distantiam.

386 3705 621 3762 Jacobus
652 3724 806 3763 suam
833 3710 1052 3781 scripsit
1078 3711 1392 3780 Epistulam,
1426 3729 1547 3783 qua:
1570 3723 1625 3768 et
1652 3714 1770 3783 ipsa
1793 3731 1825 3768 a
1846 3731 1981 3771 non-

386 3797 549 3854 nullis
583 3798 700 3868 ejus
729 3816 848 3856 csse
872 3810 1118 3874 negatur,
1145 3803 1238 3858 sed
1269 3803 1368 3858 sub
1397 3805 1616 3860 nomine
1647 3805 1763 3874 ejus
1785 3808 1852 3862 ab
1877 3807 1983 3862 alio

385 3890 586 3946 dictata
615 3891 978 3948 existimatur.
1013 3893 1247 3949 Joannes
1302 3895 1572 3964 Epistolas
1614 3907 1724 3952 tres
1773 3899 1979 3954 edidit:

386 3997 615 4052 quarum
643 3991 852 4038 tantum
881 3985 1056 4054 prima
1084 4000 1114 4038 a
1151 3985 1475 4055 quibusdam
1498 3985 1615 4055 ejus
1635 4003 1757 4044 esse
1785 3991 1983 4045 asseri-

389 4083 500 4138 tur,
531 4075 750 4143 reliqum
776 4076 893 4129 duae
917 4075 1138 4130 Joannis
1163 4075 1440 4144 cujusdam
1471 4077 1775 4149 presbyteri
1796 4080 1984 4136 existi-

389 4173 630 4240 mantur,
658 4165 832 4236 cujus,
868 4165 1024 4234 juxta
1049 4165 1362 4238 Ilieronymi
1389 4170 1732 4237 sententiam,
1755 4172 1985 4228 alterum

388 4255 693 4323 sepulcrum
717 4256 858 4326 apud
884 4256 1154 4326 Ephesum
1179 4257 1604 4316 demonstratur.
1641 4261 1808 4318 Judas
1829 4279 1984 4319 suam

389 4346 560 4428 edidit
596 4347 912 4418 Epistolam.
951 4349 1120 4405 Actus
1165 4350 1530 4421 apostolorum
1559 4353 1735 4411 Lucas
1768 4372 1987 4428 compo-

390 4441 517 4506 suit,
549 4441 688 4496 sicut
731 4442 937 4497 audivit
985 4444 1069 4499 vel
1125 4445 1276 4500 vidit.
1335 4443 1696 4517 Apocalypsin
1749 4447 1985 4506 Joannes

391 4533 716 4606 evangelista
757 4536 996 4606 scripsit,
1019 4538 1208 4593 eodcm
1238 4549 1480 4611 tempore
1503 4556 1611 4609 quo
1638 4542 1708 4597 ob
1737 4541 1984 4613 Evange-

390 4621 446 4677 lii
476 4625 914 4694 praedicationem
952 4628 1005 4682 in
1031 4628 1265 4684 insulam
1292 4629 1555 4686 Patbmos
1583 4630 1818 4686 traditur
1848 4631 1989 4688 rele-

392 4719 568 4781 gatus.
597 4712 665 4768 Hi
698 4724 824 4769 sunt
857 4716 1152 4786 scriptores
1185 4733 1464 4774 sacrorum
1495 4720 1778 4787 librorum,
1806 4722 1989 4780 divina

392 4802 746 4874 inspiratione
785 4805 1088 4875 loquentes,
1112 4810 1178 4862 ad
1201 4811 1561 4867 eruditionem
1585 4825 1828 4869 nostram
1852 4831 1984 4884 pne-

393 4903 548 4963 cepta
591 4894 837 4950 cwlestia
873 4895 928 4949 in
955 4896 1196 4951 Ecclesia
1229 4900 1624 4968 dispensantes.
1655 4904 1860 4959 Auctor
1891 4921 1990 4959 au-

394 4997 502 5052 tem
535 4990 850 5045 earumdem
899 4989 1305 5061 Seripturarum
1337 4993 1571 5063 Spiritus
1611 5006 1831 5051 sanctus
1867 5012 1990 5052 esse

394 5080 651 5135 creditur.
688 5080 808 5151 ipse
846 5081 990 5136 enim
1014 5081 1260 5152 scripsit,
1293 5085 1384 5153 qui
1411 5101 1510 5156 per
1542 5088 1836 5158 prophetas
1860 5101 1989 5142 suos

397 5173 682 5229 scribenda
703 5175 945 5231 dictavit.

1008 5265 1236 5324 CAPUT
1276 5267 1387 5324 LV.

899 5359 976 5413 De
1020 5359 1486 5416 benedictionibus.

468 5447 906 5504 BenediCtionem
934 5461 1114 5505 autem
1142 5452 1259 5505 dari
1282 5469 1313 5505 a
1345 5453 1720 5511 sacerdotibus
1765 5455 2000 5538 populo.

398 5543 621 5625 antiqua
659 5557 755 5612 per
789 5542 1005 5613 Moysen
1053 5544 1356 5625 benedictio
1404 5546 1593 5616 pandit
1647 5557 1701 5602 et
1748 5564 1998 5618 compro-

398 5621 531 5702 bat,
585 5652 690 5707 qua
736 5621 1293 5707 benedicere-populo
1331 5653 1462 5704 suo,
1507 5639 1608 5708 sub
1655 5649 1997 5714 sacramento

401 5715 558 5812 trina:
580 5728 942 5804 invocationis
964 5727 1203 5794 jubctnr.
1246 5728 1339 5784 Ait
1363 5731 1507 5787 enim
1549 5730 1617 5788 ad
1637 5730 1856 5802 Moysen
1885 5733 1988 5798 D0-

2085 3269 2226 3326 aqua
2255 3270 2286 3309 a
2310 3254 2561 3310 sordibus
2584 3253 2830 3319 mundat,
2854 3251 2930 3307 sal
2954 3250 3298 3321 putredinem
3330 3246 3515 3318 fugat;
3551 3260 3699 3316 aqua

2085 3345 2320 3401 nitorem
2350 3345 2575 3416 praebet,
2599 3343 2680 3399 sal
2708 3343 3078 3399 sinceritatem
3123 3339 3374 3406 adhibet;
3404 3353 3549 3410 aqua
3596 3352 3696 3407 po-

2086 3447 2201 3494 tum
2229 3437 2509 3508 sapientia:
2553 3435 2857 3507 signiﬁcat,
2909 3442 2966 3490 et
3011 3433 3092 3489 sal
3121 3442 3336 3504 gustum
3385 3428 3695 3501 prudentiae

2087 3531 2313 3595 indicat,
2345 3531 2488 3600 quod
2524 3529 2731 3585 scilicet
2756 3541 3040 3584 sacrorum
3071 3525 3334 3580 librorum
3363 3523 3501 3578 satis
3527 3530 3695 3577 testa-

2086 3630 2177 3678 tur
2214 3623 2531 3686 auctoritas,
2563 3629 2619 3676 et
2651 3618 2969 3689 multiplicia
3020 3631 3210 3673 eorum
3257 3612 3497 3686 predum
3544 3613 3696 3668 testi-

2087 3713 2289 3769 monia.
2320 3712 2410 3768 Fit
2431 3713 2578 3768 enim
2604 3712 2694 3769 hic
2739 3710 3002 3766 mirabilis
3031 3706 3363 3780 operationis
3390 3705 3592 3761 divina:
3615 3703 3693 3759 ef-

2085 3802 2282 3868 fectus,
2316 3811 2374 3858 ut
2421 3817 2520 3873 per
2546 3801 2890 3858 sacerdotum
2918 3815 3013 3856 ora
3052 3799 3196 3855 Deus
3225 3797 3342 3869 ipse
3371 3795 3688 3861 benedicat,

2086 3903 2143 3948 et
2173 3909 2272 3964 per
2297 3893 2554 3949 sensibile
2576 3908 2767 3950 eorum
2792 3891 3157 3948 ministerium
3185 3891 3366 3946 virtus
3394 3889 3583 3944 divina
3613 3888 3689 3942 in-

2094 3984 2387 4040 visibiliter
2408 3983 2607 4042 alliciat
2644 3994 3066 4042 sacramentum.
3105 3982 3438 4054 Deprecatur
3469 3981 3688 4052 quidem

2088 4093 2186 4148 pro
2214 4077 2386 4134 salute
2415 4079 2696 4134 hominum
2733 4078 2822 4149 pia
2847 4075 3147 4133 sacerdotis
3174 4073 3428 4138 intentio,
3468 4081 3526 4128 et
3555 4077 3690 4142 pre

2090 4177 2197 4224 stat
2225 4185 2347 4225 eam
2383 4170 2576 4225 divina:
2598 4169 2817 4242 pietatis
2863 4167 3111 4232 devotio;
3143 4166 3330 4236 sicque
3361 4164 3423 4218 lit
3451 4172 3513 4218 ut
3551 4165 3686 4220 cha-

2089 4262 2225 4316 ritas
2252 4277 2374 4332 qua:
2400 4261 2622 4316 exhibet
2647 4262 2702 4315 in
2731 4261 3016 4316 sacerdote
3048 4257 3525 4329 depreciationem,
3572 4256 3686 4328 ipsa

2088 4362 2311 4425 praestet
2346 4370 2378 4408 a
2409 4353 2639 4410 Domino
2661 4353 2930 4425 integram
2959 4351 3271 4408 sanitatem.

2689 4466 2919 4522 CAPUT
2957 4463 3090 4521 LVI.

2686 4537 2767 4593 De
2815 4536 3072 4609 symbolo.

2163 4629 2476 4702 Symbolum
2518 4629 2608 4684 tali
2642 4629 2854 4685 ratione
2893 4628 3204 4695 institutum
3242 4629 3480 4703 majores
3517 4630 3692 4686 nostri

2092 4720 2330 4785 tradunt,
2360 4720 2504 4789 quod
2526 4726 2649 4790 post
2676 4719 3050 4775 ascensionem
3069 4720 3283 4776 Domini
3308 4729 3364 4776 et
3385 4718 3694 4776 Salvatoris

2091 4812 2262 4866 nostri
2294 4811 2360 4865 ad
2384 4811 2619 4876 Patrem,
2663 4827 2786 4866 cum
2822 4819 2946 4880 post
2970 4811 3260 4867 adventum
3297 4813 3476 4869 sancti
3518 4811 3694 4884 Spiri-

2091 4913 2179 4958 tus
2204 4901 2452 4973 discipuli
2493 4900 2612 4971 ejus
2651 4900 2991 4968 inﬁammati,
3042 4903 3238 4975 linguis
3280 4903 3527 4960 omnium
3563 4920 3693 4976 geu-

2097 4999 2232 5052 tium
2275 4998 2643 5067 loquerentur,
2681 5006 2743 5052 ut
2781 4997 2924 5052 nulla
2971 4997 3076 5054 illis
3121 5014 3254 5071 gens
3289 5007 3501 5064 extera,
3547 4996 3690 5053 nulla

2095 5091 2276 5162 lingua
2293 5089 2543 5145 barbaris
2565 5090 2841 5145 inaccessa
2869 5088 2956 5145 vel
2985 5089 3130 5144 invia
3158 5089 3459 5157 videretur,
3480 5080 3688 5161 pmice;

2095 5191 2247 5252 ptum
2277 5180 2358 5235 eis
2381 5187 2465 5235 est
2488 5195 2519 5233 a
2554 5179 2783 5234 Domino
2809 5179 3016 5246 datum,
3058 5178 3125 5234 ad
3157 5178 3567 5250 praedicandum
3595 5179 3692 5235 Dei
3723 5169 3728 5180 ’

2094 5270 2341 5336 verbum,
2370 5269 2439 5325 ad
2468 5269 2709 5342 singulas
2731 5269 2974 5341 quaSque
2993 5269 3243 5327 irationes
3270 5270 3442 5326 adire.
3469 5268 3689 5326 Disces-

2099 5361 2213 5418 suri
2259 5362 2441 5430 itaque
2483 5362 2550 5417 ab
2599 5361 2850 5428 invicem,
2897 5369 3143 5416 nermam
3180 5361 3333 5431 prius
3360 5359 3466 5417 sibi
3494 5359 3724 5440 1”ιιιιιι·τιξ,Δ

2099 5453 2497 5534 praedicationis
2521 5451 2575 5506 in
2605 5450 2878 5508 communi
2917 5451 3275 5518 constituunt,
3319 5465 3390 5506 ne
3428 5440 3727 5534 velociter

2100 5535 2430 5625 abiinvicem
2466 5527 2834 5614 discedentes,
2862 5539 3134 5625 diversum
3163 5541 3489 5616 aliquod‘vel

2097 5623 2228 5720 num
2271 5639 2658 5712 praedicaretur
2691 5639 2777 5695 his
2823 5623 2921 5710 qui
2959 5639 3026 5718 ad
3063 5630 3225 5694 ﬁdem
3255 5631 3458 5718 Christi
3492 5623 3696 5722 invita?

2096 5717 2314 5796 bantur.
2372 5731 2572 5794 Qnmcs
2613 5729 2742 5806 ergo
2783 5731 2840 5787 in
2882 5731 2989 5787 uno
3014 5729 3201 5813 positi,
3232 5735 3289 5788 ct
3327 5727 3535 5812 Spiritu
3562 5717 3688 5810 sani
3719 5733 3728 5742 ‘

3242 5893 3420 5929 1⁷η.¹ι.Ι
3450 5897 3502 5931 L‘k
3536 5885 3729 5940 ξὲέενιγξέ
