3970 6466
291 426 404 490 369

1074 429 1166 492 DE
1201 429 1650 495 GLERICORUM
1686 434 2197 512 INS’I‘ITUTIONE,
2238 443 2392 504 ETC.
2428 476 2502 489 -—
2538 447 2669 505 LIB.
2707 448 2772 506 Il.

3464 459 3572 520 3'10

289 560 384 607 cto
413 545 627 620 repleti,
649 549 814 606 breve
841 547 956 641 sibi
971 549 1374 622 pradicationis
1404 552 1665 609 indicium
1693 551 1875 609 confe-
1901 554 1956 617 Λ
1978 565 2090 613 tate
2129 559 2472 620 dissentiunt.
2523 563 2632 621 Sed
2657 553 2712 622 in
2737 573 2968 641 utroque
3003 564 3354 627 Testamento
3388 572 3573 631 divina

286 641 460 698 rendo
485 680 501 708 ,
535 641 590 696 in
621 655 786 695 unum
818 639 961 710 quod
992 642 1296 699 sentiebant
1324 653 1654 716 componunt
1675 687 1692 713 ,
1722 654 1885 717 atque

284 733 432 789 hanc
453 732 803 789 credentibus
814 733 1044 790 dandam
1059 747 1180 791 esse
1190 732 1434 808 regulam
1449 745 1710 794 statuunt.
1727 737 1886 813 Sym-

285 821 474 880 bolum
499 830 682 880 autem
708 823 810 879 hoc
832 823 1016 882 multis
1029 825 1407 894 etjustissimis
1421 830 1600 886 causis
1613 830 1883 904 appellare

282 912 596 971 voluerunt.
638 913 950 988 Symbolum
970 917 1136 984 enim,
1157 916 1344 975 Graece
1369 919 1647 994 σῦμϐολον,
1669 931 1725 978 et
1744 921 1882 978 indi-

284 1005 432 1064 cium
463 1007 569 1064 dici
589 1015 769 1079 potest
794 1015 851 1065 et
876 1007 1114 1076 collatio,
1154 1009 1260 1066 hoc
1297 1019 1398 1080 est,
1437 1014 1580 1084 quod
1607 1014 1790 1085 plures
1822 1014 1878 1072 in

282 1114 454 1156 unum
479 1099 785 1156 conferunt.
829 1099 888 1156 Id
926 1101 1073 1157 enim
1109 1101 1358 1160 fecerunt
1406 1107 1657 1176 apostoli,
1697 1107 1751 1163 in
1791 1107 1877 1164 his

281 1192 626 1250 sermonibus
673 1193 728 1248 in
771 1209 941 1250 unum
981 1196 1312 1253 conferendo
1338 1200 1706 1271 unusquisque
1733 1201 1875 1270 quod

279 1287 474 1342 sensit.
530 1285 793 1344 Indicium
830 1294 1010 1343 autem
1043 1288 1128 1343 vel
1173 1290 1384 1361 signum
1418 1292 1620 1348 idcirco
1649 1291 1870 1360 dicitur,

278 1376 424 1448 quod
452 1375 544 1431 illo
584 1377 638 1432 in
675 1385 918 1449 tempore
945 1378 1088 1434 sicut
1111 1379 1312 1436 Paulus
1333 1381 1609 1452 apostolus
1637 1381 1789 1448 dicit,
1815 1389 1872 1439 et

280 1469 336 1525 in
367 1470 595 1527 Actibus
620 1472 990 1542 apostolorum
1037 1474 1272 1530 refertur
1300 1493 1315 1529 :
1346 1474 1496 1531 Multi
1544 1475 1870 1534 simulabant

276 1577 337 1618 se
365 1580 487 1620 esse
518 1565 790 1636 apostolos
817 1567 1039 1634 Christi,
1070 1570 1415 1626 nominantes
1452 1571 1668 1642 quidem
1711 1573 1870 1630 Chri-

275 1661 441 1720 stum,
472 1655 566 1710 sed
594 1671 701 1711 non
731 1656 955 1726 integris
979 1657 1326 1714 traditionum
1353 1659 1510 1716 lineis
1533 1663 1862 1722 nuntiantes.

272 1744 483 1803 Idcirco
523 1763 656 1820 ergo
699 1748 843 1804 istud
881 1749 1139 1804 indicium
1181 1765 1430 1822 posuere,
1477 1767 1576 1822 per
1607 1756 1747 1825 quod
1774 1773 1866 1813 co-

1983 661 2354 724 protestantur
2390 658 2636 730 eloquia,
2666 659 2770 717 hoc
2802 664 3176 720 tantummodo
3212 666 3570 733 sentiendum,

1984 746 2128 815 quod
2155 747 2266 803 sive
2287 748 2582 819 hominem,
2605 751 2720 809 sive
2740 754 3015 822 universa,
3040 756 3185 812 nulla
3209 757 3353 814 Deus
3378 773 3570 814 neces-

1983 837 2144 894 sitate
2194 843 2479 907 creaverit,
2527 859 2629 902 nec
2668 847 2834 903 ullam
2875 863 2996 905 esse
3039 850 3262 906 omnino
3302 850 3569 907 visibilem

1981 926 2415 1004 invisibilemque
2453 935 2830 1005 substantiam,
2879 939 2983 995 nisi
3021 946 3115 994 aut
3148 956 3269 1011 quas
3307 941 3449 997 Deus
3475 941 3568 1008 sit,

1982 1028 2075 1076 aut
2102 1035 2134 1075 a
2157 1021 2298 1078 bono
2333 1023 2443 1080 Deo
2465 1025 2606 1082 bona
2640 1037 2823 1084 creata
2858 1029 2962 1097 sit;
2991 1032 3084 1086 sed
3115 1030 3257 1087 Deus
3277 1047 3487 1088 summe
3515 1041 3574 1090 et

1979 1113 2489 1173 incommutabiliter
2531 1121 2726 1187 bonus,
2773 1133 3023 1179 creatura
3069 1141 3202 1180 vero
3241 1124 3467 1181 inferius
3514 1134 3570 1182 et

1976 1208 2306 1264 mutabiliter
2339 1211 2509 1277 bona;
2547 1219 2601 1267 et
2642 1215 2785 1285 quod
2818 1215 3010 1270 anima:
3042 1216 3194 1288 origo
3226 1217 3431 1272 incerta
3460 1217 3565 1282 sit;

1975 1305 2032 1352 et
2068 1299 2214 1369 quod
2248 1302 2564 1372 angelorum
2594 1313 2812 1372 natura,
2840 1307 2924 1361 vel
2959 1308 3173 1374 animas,
3206 1325 3313 1364 non
3344 1309 3416 1364 sit
3438 1325 3569 1380 pars

1974 1387 2170 1446 divina:
2215 1394 2554 1461 substantiae,
2586 1396 2682 1451 sed
2708 1395 2802 1450 Dei
2832 1405 3082 1452 creatura
3112 1414 3178 1454 ex
3224 1400 3394 1454 nihilo
3433 1416 3563 1454 con-

1973 1478 2107 1547 dita,
2153 1476 2380 1555 ideoque
2422 1485 2769 1556 incorporea,
2823 1487 2951 1556 quia
3004 1487 3073 1541 ad
3125 1487 3413 1558 imaginem
3470 1488 3563 1543 Dei

1971 1582 2155 1629 creata
2184 1583 2286 1631 est.
2342 1577 2419 1632 De
2447 1577 2648 1648 pietate
2683 1593 2896 1633 morum
2935 1577 3052 1633 sine
3087 1596 3193 1649 qua
3226 1578 3359 1634 ﬁdes
3393 1579 3562 1634 divini

1971 1665 2150 1722 cultus
2174 1668 2347 1724 otiosa
2375 1669 2653 1739 torpescit,
2695 1678 2750 1725 et
2786 1685 2908 1725 cum
2938 1686 3042 1741 qua
3086 1671 3367 1742 integritas
3396 1670 3562 1726 divini

1970 1756 2147 1812 cultus
2191 1759 2497 1829 perﬁcitur;
2549 1768 2604 1815 et
2640 1769 2700 1814 ut
2741 1763 3109 1833 unusquisque
3142 1762 3310 1816 Deum
3343 1770 3564 1832 propter

274 1848 627 1911 gnosceretur
668 1841 714 1896 is
753 1841 846 1911 qui
885 1841 1161 1898 Christum
1204 1859 1389 1900 verum
1417 1847 1708 1903 secundum
1736 1865 1865 1919 apo-
1890 1919 1924 1922 _
1973 1848 2160 1915 Deum,
2208 1859 2264 1905 et
2304 1851 2609 1922 proximum
2653 1852 2707 1906 in
2755 1853 2865 1907 Deo
2910 1852 3116 1922 diligat,
3147 1860 3206 1906 ut
3231 1852 3562 1922 perﬁciendo

268 1933 492 1991 stolicas
545 1935 752 1992 litteras
797 1938 1136 2007 praedicaret.
1196 1939 1295 1996 Est
1333 1950 1513 1997 autem
1548 1941 1861 2016 Symbolum
1890 1919 1939 1980 Β
1965 1940 2265 2011 perveniat.
2306 1919 2562 1997 wAlterum
2584 1958 2799 2012 quoque
2831 1919 3054 1997 alterius
3075 1959 3180 1998 non
3212 1919 3374 2012 pollui
3403 1956 3561 2012 posse

270 2026 510 2098 signum,
531 2044 629 2099 per
647 2028 787 2100 quod
816 2031 1126 2102 agnoscitur
1155 2032 1328 2100 Deus;
1362 2037 1613 2108 quodque
1640 2040 1864 2108 proinde

267 2121 556 2177 credentes
584 2123 869 2193 accipiunt,
897 2133 958 2178 ut
987 2126 1238 2182 noverint
1267 2127 1502 2198 qualiter
1533 2140 1722 2186 contra
1748 2134 1863 2188 dia-

267 2211 451 2267 bolum
491 2211 612 2267 ﬁdei
655 2214 954 2269 certamina
997 2225 1340 2288 praeparent;
1387 2218 1441 2273 in
1482 2235 1590 2290 quo
1643 2223 1862 2293 quidem

259 2318 437 2373 pauca
461 2313 586 2360 sunt
605 2306 794 2372 verba,
819 2307 913 2363 sed
929 2309 1109 2363 omnia
1130 2310 1477 2366 continentur
1498 2323 1856 2368 sacramenta.

264 2393 343 2450 De
370 2395 496 2451 totis
529 2397 674 2452 enim
704 2398 1020 2469 Scripturis,
1045 2399 1160 2456 haec
1193 2401 1479 2456 breviatim
1507 2402 1700 2458 collata
1734 2413 1860 2460 sunt

263 2485 335 2542 ab
362 2488 620 2558 apostolis
648 2507 661 2543 :
691 2499 752 2544 ut
787 2491 1044 2561 quoniam
1065 2491 1249 2562 plures
1273 2493 1612 2549 credentium
1647 2494 1858 2552 litteras

260 2579 557 2644 nesciunt,
606 2580 691 2634 vel
733 2581 825 2652 qui
874 2581 1091 2647 sciunt,
1140 2584 1603 2653 praeoccupatione
1653 2585 1854 2651 saeculi,

261 2671 574 2743 Scripturas
603 2673 782 2745 legere
816 2689 921 2729 non
946 2684 1193 2746 possunt,
1223 2675 1336 2732 haec
1353 2679 1515 2733 corde
1535 2678 1853 2744 retinentes,

257 2763 500 2820 habeant
536 2762 892 2822 suﬁicientem
939 2767 1040 2823 sibi
1077 2768 1359 2824 scientiam
1400 2769 1711 2827 salutarem.
1761 2772 1857 2828 Est

255 2855 403 2911 enim
428 2856 593 2914 breve
631 2856 756 2914 ﬁdei
788 2859 1030 2922 verbum,
1058 2868 1114 2916 et
1134 2861 1263 2916 olim
1298 2877 1328 2917 a
1365 2863 1630 2932 propheta
1655 2864 1852 2934 praedi-

256 2952 408 3000 ctum
442 2964 455 3000 :
489 2946 753 3014 Quoniam
794 2949 1002 3004 verbum
1049 2950 1335 3006 breviatum
1388 2951 1544 3020 faciet
1597 2951 1854 3008 Dominus

255 3053 416 3108 super
443 3047 657 3095 terram.

827 3132 1057 3192 CAPUT
1118 3133 1274 3192 LVII.

806 3223 884 3281 De
925 3229 1105 3300 regula
1147 3232 1293 3301 ﬁdei.

231 3351 244 3362 .
329 3309 456 3369 Haec
479 3323 561 3370 est
591 3323 770 3371 autem
808 3325 932 3388 post
978 3322 1328 3390 apostolicum
1371 3323 1685 3398 Symbolum
1732 3346 1851 3386 cer-

254 3400 469 3458 tissima
511 3402 665 3470 ﬁdes,
713 3421 876 3476 quam
918 3407 1168 3465 doctores
1196 3413 1370 3467 nostri
1398 3414 1758 3484 tradiderunt,
1789 3428 1850 3474 ut

249 3493 610 3564 proﬁteamur
631 3497 870 3566 Patrem,
899 3508 956 3555 et
973 3499 1191 3567 Filium,
1233 3511 1287 3557 et
1315 3502 1578 3574 Spiritum
1601 3517 1848 3565 sanctum

249 3587 414 3642 unius
451 3589 720 3654 essentite,
752 3588 993 3660 ejusdem
1030 3594 1319 3662 potestatis
1358 3605 1412 3650 et
1453 3599 1851 3668 sempiternita-

251 3679 344 3745 tis,
383 3697 552 3736 unum
591 3683 938 3751 invisibilem,
966 3685 1041 3739 ita
1067 3693 1126 3740 ut
1150 3687 1204 3740 in
1231 3686 1456 3759 singulis
1484 3706 1844 3762 personarum

246 3773 587 3844 proprietate
625 3783 857 3842 servata,
903 3791 1007 3832 nec
1048 3777 1476 3836 substantialiter
1508 3782 1724 3839 trinitas
1761 3785 1846 3840 di-

247 3863 385 3927 vidi,
417 3879 521 3920 nec
543 3866 898 3936 personaliter
928 3867 1123 3924 debeat
1151 3872 1373 3930 omnino
1411 3873 1702 3940 confundi;
1745 3876 1849 3931 Pa-

248 3965 388 4012 trem
411 3972 629 4028 quoque
652 3959 896 4015 conﬁteri
919 3961 1240 4033 ingenitum,
1263 3965 1460 4022 Filium
1485 3969 1842 4040 unigenitum,

249 4046 512 4118 Spiritum
559 4057 739 4106 autem
769 4060 1020 4107 sanctum
1066 4069 1168 4109 nec
1209 4056 1450 4124 genitum
1497 4075 1600 4115 nec
1639 4060 1848 4133 ingeni-

249 4147 402 4206 tum,
438 4141 532 4197 sed
572 4157 640 4197 ex
669 4140 833 4199 Patre
866 4152 920 4199 et
956 4144 1096 4202 Filio
1123 4149 1545 4218 procedentem;
1577 4151 1773 4210 Filium
1812 4172 1844 4212 a

247 4229 410 4285 Patre
450 4233 721 4290 nascendo
763 4235 1080 4305 procedere,
1121 4234 1383 4308 Spiritum
1430 4255 1560 4297 vero
1596 4253 1844 4300 sanctum

243 4322 588 4393 procedendo
622 4339 730 4379 non
758 4324 938 4391 nasci;
970 4325 1144 4396 ipsum
1184 4341 1397 4399 quoque
1425 4329 1620 4386 Filium
1667 4332 1846 4402 perfe-

246 4418 396 4466 ctum
427 4425 494 4466 ex
519 4410 759 4482 Virgine,
797 4413 915 4468 sine
940 4420 1184 4484 peccato,
1216 4415 1489 4471 hominem
1517 4419 1839 4489 suscepisse,

245 4511 310 4558 ut
347 4519 509 4573 quem
537 4503 650 4560 sola
677 4505 918 4560 bonitate
955 4513 1260 4573 creaverat,
1287 4517 1479 4577 sponte
1503 4509 1711 4581 lapsum
1744 4513 1844 4568 mi-

245 4594 598 4650 sericorditer
629 4604 940 4668 repararet;
982 4613 1144 4669 quem
1185 4600 1456 4655 veraciter
1497 4603 1838 4672 cruciﬁxum,
1863 4633 1920 4694 Β

243 4694 303 4743 et
345 4687 506 4743 tertia
542 4689 627 4744 die
659 4689 1044 4756 resurrexisse,
1075 4698 1129 4746 et
1155 4707 1276 4746 cum
1304 4693 1492 4748 eadem
1529 4695 1644 4766 ipsa
1675 4712 1841 4755 carne

241 4780 550 4853 gloriﬁcata
581 4783 890 4839 ascendisse
929 4783 981 4838 in
1029 4783 1224 4839 omium
1245 4826 1260 4850 ,
1292 4785 1344 4839 in
1375 4800 1483 4856 qua
1521 4795 1581 4843 et
1608 4775 1684 4842 ad.
1699 4789 1841 4860 judi-

241 4876 391 4931 cium
427 4876 672 4932 vivorum
700 4886 756 4933 et
789 4886 1127 4933 mortuorum
1174 4887 1521 4948 exspectatur
1545 4888 1836 4950 venturus;

242 4979 301 5026 et
330 4971 475 5043 quod
503 4971 740 5028 divinam
763 4973 1168 5045 humanamque
1199 4971 1558 5029 substantiam
1598 4975 1652 5030 in
1683 4984 1837 5034 utro-

242 5079 351 5134 que
375 5063 649 5134 perfectus
675 5081 782 5121 una
807 5065 1056 5122 Christus
1086 5079 1317 5136 persona
1343 5072 1668 5136 gestaverat,
1709 5067 1835 5138 quia

242 5170 346 5212 nec
380 5157 676 5228 geminavit
696 5158 976 5227 utriusque
1002 5155 1316 5212 substantia
1344 5155 1628 5228 integritas
1649 5173 1836 5228 perso-

244 5245 398 5314 nam,
426 5264 530 5305 nec
553 5248 794 5305 confudit
811 5249 1080 5321 geminam
1109 5248 1289 5303 unitas
1317 5263 1561 5318 personxe
1586 5249 1836 5305 substan-

242 5339 380 5396 tiam
396 5338 418 5372 ”
443 5339 615 5397 altero
659 5341 854 5412 quippe
897 5348 1150 5395 neutrum
1195 5339 1442 5404 exclusit,
1475 5339 1600 5410 quia
1625 5350 1835 5396 utrum-

240 5446 350 5502 que
396 5433 765 5504 unusquisque
819 5431 1138 5487 intemerato
1177 5431 1302 5502 jure
1359 5431 1616 5486 servavit.
1679 5430 1834 5499 Quod

241 5517 379 5579 Navi
418 5533 476 5580 et
499 5524 712 5580 Veteris
743 5521 1072 5578 Testamenti
1096 5521 1329 5577 salubris
1369 5522 1712 5577 commendat
1739 5537 1834 5576 au-

243 5615 490 5680 ctoritas,
519 5615 608 5670 illa
639 5629 737 5684 per
765 5613 1123 5684 prophetiam,
1151 5614 1252 5669 ista
1281 5629 1379 5685 per
1406 5614 1692 5669 historiam
1740 5629 1834 5669 ve-

243 5709 449 5764 raciter
471 5709 776 5780 persoluta;
809 5714 863 5762 et
886 5706 1029 5776 quod
1054 5721 1227 5775 neque
1270 5707 1336 5762 de
1376 5707 1505 5772 Deo,
1552 5722 1726 5776 neque
1765 5707 1832 5761 de

240 5780 496 5859 creauira
534 5799 714 5856 saeculi
755 5798 826 5854 sit
868 5812 989 5853 cum
1027 5796 1252 5866 paganis
1287 5806 1380 5851 aut
1411 5812 1533 5852 cum
1564 5797 1832 5853 haereticis

241 5891 452 5965 aliquid
477 5889 818 5964 sentiendum
855 5888 911 5945 in
947 5887 1033 5945 his
1062 5886 1244 5953 rebus,
1298 5885 1353 5942 in
1393 5887 1590 5958 quibus
1624 5903 1655 5943 a
1691 5887 1831 5944 veri-

1876 3273 1922 3334 C

1963 2041 2210 2103 peccato,
2243 2034 2336 2090 ubi
2373 2050 2470 2104 par
2517 2035 2805 2091 voluntatis
2848 2052 2954 2091 non
3003 2044 3214 2092 tenetur
3252 2037 3554 2091 consensio.

1962 2123 2257 2194 Legitimas
2283 2126 2498 2195 nuptias
2531 2140 2639 2180 non
2673 2125 2819 2180 credi
2849 2126 3202 2189 damnandas,
3235 2127 3357 2181 licet
3380 2143 3443 2181 ex
3479 2127 3558 2181 eis

1963 2230 2180 2288 quoque
2205 2217 2450 2288 originali
2483 2224 2706 2287 peccato
2737 2217 2972 2272 obnoxia
3003 2217 3261 2272 credatur
3287 2217 3437 2272 nasci
3469 2234 3558 2289 po-

1962 2308 2212 2374 steritas;
2248 2310 2433 2379 eisque
2465 2309 2589 2380 jure
2627 2308 2862 2364 ﬁdelium
2893 2311 3162 2380 virginum
3191 2319 3245 2364 et
3274 2310 3555 2364 continen-

1961 2400 2096 2453 tium
2133 2399 2469 2469 praeferenda
2498 2401 2757 2457 doceatur
2785 2401 3086 2472 integritas.
3135 2401 3210 2455 Ne
3251 2417 3419 2455 unum
3461 2402 3556 2457 ba-

1958 2489 2217 2560 ptismum
2250 2490 2533 2547 Trinitatis
2560 2491 2724 2565 (quod
2752 2493 2908 2548 nefas
2933 2494 3038 2563 est)
3078 2494 3338 2559 iteretur;
3378 2509 3556 2564 neque

1958 2596 2058 2652 pro
2085 2581 2397 2638 diversitate
2424 2584 2750 2639 tradentium
2789 2585 3158 2640 ministrorum
3195 2586 3420 2656 singulis
3455 2601 3556 2656 pu-

1959 2682 2104 2729 tetur
2133 2675 2435 2745 quibusque
2484 2674 2750 2742 conﬁteri,
2796 2676 2888 2731 sed
2929 2676 2997 2729 ab
3023 2691 3088 2731 eo
3115 2675 3372 2746 singulari
3400 2684 3552 2747 pote-

1958 2775 2097 2822 state
2136 2768 2348 2832 donari,
2396 2769 2461 2823 de
2497 2784 2605 2839 quo
2640 2769 2845 2827 dictum
2892 2769 3118 2841 legimus
3147 2788 3158 2823 :
3193 2768 3362 2840 Super
3396 2786 3550 2842 quem

1955 2861 2146 2916 videris
2195 2860 2455 2932 Spiritum
2491 2863 2880 2918 descendentem
2939 2873 2987 2916 et
3049 2873 3343 2917 manentem
3394 2880 3552 2933 super

1955 2950 2194 3016 eum,hic
2215 2963 2289 3006 est
2313 2954 2402 3022 qui
2431 2951 2661 3023 baptizat
2685 2953 2737 3006 in
2766 2951 2966 3023 Spiritu
2991 2962 3173 3007 sancto
3189 2969 3209 3017 ;
3231 2962 3277 3006 et
3298 2968 3390 3022 ego
3419 2951 3546 3017 vidi,

1955 3055 2002 3101 et
2034 3047 2384 3102 testimonium
2409 3047 2646 3118 perhibui
2667 3049 2789 3118 quia
2817 3048 2900 3102 hic
2926 3057 3001 3101 est
3029 3045 3206 3101 Filius
3234 3046 3332 3101 Dei
3360 3045 3542 3119 (Joan.

1955 3138 2017 3209 ι).
2066 3139 2132 3193 Et
2175 3153 2243 3193 ne
2277 3139 2608 3209 paenitentia:
2639 3140 2890 3194 remediis
2928 3155 3035 3194 non
3071 3152 3232 3210 egere
3271 3146 3543 3209 putemus,

1953 3244 2054 3298 pro
2088 3229 2416 3299 quotidianis
2446 3229 2694 3284 humanae
2718 3227 3030 3300 fragilitatis
3055 3228 3390 3292 excessibus,
3427 3227 3545 3282 sine

1953 3321 2149 3392 quibus
2193 3321 2248 3376 in
2277 3321 2380 3376 hac
2409 3321 2516 3375 vita
2544 3335 2665 3376 esse
2701 3336 2806 3375 non
2832 3335 3140 3391 possumus,
3184 3319 3257 3372 ita
3289 3327 3348 3371 ut
3373 3317 3545 3388 poeni-

1953 3414 2131 3468 tentia:
2188 3412 2600 3483 compunctione
2645 3411 2923 3466 fructuosa
2973 3412 3221 3466 universa
3276 3408 3545 3463 fateamur

1950 3507 2116 3562 deleri
2139 3517 2384 3578 peccata,
2414 3505 2554 3561 sicut
2583 3504 2847 3574 scriptum
2868 3509 2988 3557 est:
3019 3499 3172 3555 Beati
3200 3515 3423 3570 quorum
3456 3514 3540 3552 re-

1947 3601 2122 3654 missa:
2149 3607 2271 3653 sunt
2292 3598 2611 3668 iniquitates,
2643 3605 2690 3651 et
2717 3611 2940 3667 quorum
2971 3601 3105 3647 tecta
3143 3600 3264 3646 sunt
3303 3598 3538 3661 peccata.

1945 3689 2144 3745 Beatus
2169 3689 2247 3744 vir
2270 3689 2355 3743 cui
2377 3705 2479 3742 non
2504 3687 2774 3742 imputavit
2795 3685 3054 3741 Dominus
3069 3693 3337 3755 peccalum
3360 3679 3535 3752 (Psal.

1945 3781 2121 3855 xxxn).
2170 3781 2384 3837 Nullum
2417 3795 2630 3852 quoque
2663 3779 2778 3835 suis
2803 3779 3029 3842 viribus,
3056 3777 3150 3832 sed
3173 3791 3273 3846 per
3299 3775 3538 3829 divinam

1946 3873 2180 3945 gratiam
2209 3872 2370 3943 capiti
2399 3871 2616 3927 Christo
2636 3869 2908 3940 subiungi,
2942 3876 3104 3938 atque
3128 3865 3414 3936 indiruptte
3439 3880 3536 3936 pa-

1945 3965 2026 4020 cis
2052 3962 2452 4035 perseverantia
2493 3962 2546 4016 in
2576 3961 2782 4015 unitate
2818 3958 3073 4014 Ecclesim
3094 3957 3263 4026 ipsius
3288 3954 3532 4011 solidari.

1945 4055 2055 4112 Nec
2079 4057 2328 4111 humana:
2351 4054 2640 4110 voluntatis
2663 4051 2887 4108 arbitrio
2914 4051 3042 4107 boni
3080 4050 3333 4121 quiddam
3370 4049 3538 4117 depu-

1945 4146 2166 4202 tandam
2204 4145 2542 4210 existimari,
2585 4145 2679 4200 sed
2714 4143 3008 4199 secundum
3063 4139 3398 4213 propositum
3440 4154 3538 4194 vo-

1946 4238 2173 4294 luntatis
2208 4238 2302 4293 Dei
2347 4251 2564 4292 omnem
2612 4234 2898 4292 numerum
2950 4232 3244 4289 electorum
3299 4230 3530 4302 acquiri.

1944 4329 2092 4386 Bona
2122 4344 2336 4400 quoque
2366 4325 2681 4398 temporalia
2721 4325 2878 4381 bonis
2917 4323 3182 4395 malisque
3223 4321 3531 4379 communia

1947 4435 1978 4474 a
2002 4419 2114 4476 Deo
2143 4419 2340 4484 creari,
2373 4416 2594 4488 ejusque
2623 4417 3024 4487 dispensatione
3051 4414 3276 4485 singulis
3307 4413 3532 4483 quibus-

1945 4524 2050 4580 que
2071 4509 2156 4566 vel
2186 4509 2348 4564 tribui
2382 4507 2464 4562 vel
2500 4505 2686 4575 negari
2713 4525 2726 4559 :
2756 4521 2987 4576 quorum
3011 4506 3273 4559 bonorum
3314 4505 3368 4559 in
3400 4517 3534 4560 uno-

1945 4613 2160 4670 quoque
2203 4597 2440 4654 ﬁdelium
2475 4611 2584 4651 non
2617 4595 2852 4658 habitus,
2908 4596 3000 4648 sed
3042 4608 3172 4647 usus
3210 4602 3301 4646 aut
3337 4594 3534 4663 impro-

1942 4691 2174 4754 bandus,
2197 4687 2638 4761 autprobandus.
2687 4683 2845 4739 Certa
2871 4697 3000 4737 vero
3019 4690 3332 4752 aeternaque
3364 4683 3527 4750 bona,

1942 4778 2086 4834 solos
2122 4792 2281 4848 posse
2319 4777 2489 4830 bonos
2518 4775 2570 4828 in
2601 4772 2784 4827 futuro
2831 4771 3110 4842 consequi,
3162 4785 3390 4841 quorum
3443 4772 3527 4842 pi-

1942 4884 2110 4942 gnore
2164 4866 2459 4923 Ecclesiam
2509 4879 2656 4920 nunc
2700 4861 3047 4918 informatam
3085 4862 3358 4918 credimus
3399 4862 3533 4918 deti-

1941 4960 2082 5026 neri,
2109 4959 2198 5015 hic
2227 4959 2515 5013 habentem
2547 4955 2817 5026 primitias
2840 4953 3092 5025 Spiritus,
3118 4953 3172 5008 in
3204 4952 3384 5008 futuro
3411 4969 3530 5023 per-

1939 5054 2259 5119 fectionem;
2303 5051 2392 5107 hic
2426 5049 2716 5107 sustentari
2744 5049 2798 5104 in
2827 5062 2941 5118 spe,
2971 5053 3155 5118 postea
3178 5044 3325 5114 pasci
3353 5045 3405 5099 in
3437 5061 3525 5110 re;

1942 5146 2031 5202 hic
2070 5144 2240 5199 videri
2284 5157 2383 5213 per
2421 5141 2699 5213 speculum
2729 5140 2783 5194 in
2808 5140 3116 5209 mnigmate,
3147 5137 3200 5190 in
3223 5134 3402 5192 futuro
3434 5153 3527 5192 au-

1945 5245 2049 5294 tem
2097 5236 2235 5291 facie
2261 5235 2328 5289 ad
2356 5233 2570 5297 faciem,
2611 5248 2734 5288 cum
2770 5231 2836 5284 ad
2871 5230 3105 5299 speciem
3135 5227 3297 5284 fuerit
3330 5230 3528 5300 perdu-

1938 5339 2026 5385 cta
2073 5344 2173 5400 per
2218 5327 2399 5384 ﬁdem.
2449 5325 2600 5394 Quod
2649 5325 2820 5379 donec
2866 5321 3199 5393 perﬁciatur,
3232 5329 3292 5378 ut
3329 5321 3526 5378 summi

1938 5421 2034 5477 Dei
2058 5421 2216 5477 bonis
2242 5419 2488 5474 fruamur
2507 5417 2744 5482 aeternis,
2772 5413 3082 5481 fruendum,
3113 5413 3236 5468 inde
3261 5427 3370 5468 non
3398 5413 3526 5469 obe-

1941 5516 2113 5571 rimus
2138 5523 2195 5568 et
2220 5512 2501 5584 proximis.
2553 5509 2682 5564 Eam
2709 5521 2923 5578 quoque
2952 5521 3052 5562 nos
3079 5521 3231 5577 spem
3278 5522 3525 5563 resurre-

1939 5608 2132 5664 ctionis
2176 5606 2399 5672 habere,
2447 5612 2505 5658 ut
2553 5601 2742 5659 eodem
2789 5599 2980 5655 ordine
3023 5601 3321 5670 eademque
3348 5599 3524 5654 forma

1937 5714 2042 5769 qua
2073 5699 2186 5768 ipse
2217 5697 2478 5753 Dominus
2515 5693 2812 5750 resurrexit
2838 5708 2866 5746 a
2898 5692 3146 5758 mortuis,
3184 5707 3283 5748 nos
3311 5706 3524 5762 quoque

1938 5797 2341 5845 resurrecturus
2369 5803 2490 5843 esse
2515 5786 2818 5851 credamus,
2860 5785 2914 5839 in
2953 5786 3144 5840 eodem
3194 5797 3421 5853 corpore
3470 5781 3522 5836 in

1937 5898 2044 5956 quo
2091 5896 2279 5938 sumus
2326 5879 2411 5936 vel
2458 5877 2711 5946 vivimus,
2760 5891 2867 5933 non
2907 5883 3158 5933 naturam
3201 5881 3295 5944 aut
3332 5885 3523 5926 sexum
