3970 6468
451 415 550 473 571

1100 406 1163 469 Β.
1202 408 1459 487 ΒΑΒΑΝΙ
1491 410 1711 473 MAURI
1745 409 2066 469 ARCIIIEP.
2107 410 2419 473 HOGUNT.
2456 410 2744 473 OPBRUM
2801 412 2985 471 PARS
3021 413 3063 469 Ι.

3617 410 3732 468 372

374 531 383 539 ’
451 540 726 594 mutantes
745 575 763 601 ,
790 532 891 591 sed
917 541 1125 595 tantum
1148 532 1493 606 fragilitatem
1524 541 1581 588 et
1604 533 1732 588 vitia
1764 531 2035 601 deponen-
2059 531 2116 595 Α
2207 530 2680 589 Esnreistaedicunt
2704 532 2879 602 ipsum
2903 546 3025 588 esse
3043 526 3433 601 ειη-Μυθιηυί
3451 528 3645 586 demit
3668 529 3731 585 il-

451 632 553 684 tea.
593 625 773 697 Ipsum
813 637 1029 695 quoque
1056 622 1313 683 Satanam
1345 640 1471 680 cum
1504 624 1709 696 angelis
1737 624 1848 680 suis
1868 630 2032 692 atque

451 717 751 777 cultoribus
779 726 983 774 aitet-no
1018 718 1264 777 incendio
1300 718 1788 786 condemnandum,
1836 730 2029 786 neque.

448 810 746 867 secundum
790 811 1153 881 quorumdam
1189 813 1510 885 sacrilegam
1554 810 2031 882 dispensationem,

451 901 521 958 ad
564 902 869 973 pristinam,
918 904 975 961 id
1023 913 1108 962 est
1140 905 1436 979 angelicam
1459 904 1796 976 dignitatem,
1825 919 1896 962 ex
1928 916 2035 974 qua

446 992 666 1062 propria
704 993 1039 1068 malignitate
1075 995 1271 1055 cecidit
1292 1037 1308 1064 ,
1354 996 1742 1059 reducendum.
1788 995 1916 1053 Haec
1950 1003 2039 1054 est

448 1083 731 1140 catholicae
758 1086 1067 1144 traditionis
1086 1089 1211 1145 ﬁdei
1240 1089 1547 1160 integritas,
1579 1090 1645 1144 de
1671 1103 1777 1159 qua
1796 1088 1849 1144 si
1868 1101 2037 1143 unum

447 1175 724 1245 quodlibet
758 1186 1063 1250 respuatur,
1101 1188 1215 1237 tota
1257 1180 1380 1235 ﬁdei
1418 1181 1711 1237 credulitas
1746 1180 2032 1239 amittitur.

1023 1270 1252 1328 CAPUT
1300 1272 1481 1328 LVIII.

950 1363 1030 1418 De
1055 1364 1336 1419 hwresibus
1358 1366 1538 1419 variis.

519 1449 635 1508 Hoc
654 1468 784 1525 ergo
803 1455 1102 1510 cavendum
1121 1464 1205 1511 est
1229 1457 1376 1513 omni
1401 1458 1596 1512 animm
1617 1457 1825 1513 timenti
1846 1456 2038 1525 Deum,

450 1550 643 1601 utnon
669 1563 701 1602 a
730 1547 837 1603 ﬁde
865 1549 1133 1606 catholica
1159 1551 1435 1617 decidens,
1483 1560 1538 1608 et
1584 1552 1898 1623 relinquens
1938 1554 2037 1610 do-

451 1636 683 1693 ctrinam
728 1640 974 1696 veritatis
998 1681 1014 1707 ,
1066 1642 1123 1697 in
1167 1656 1380 1701 errores
1432 1643 1810 1699 haereticorum
1862 1644 2036 1712 cadat,

449 1727 579 1796 quia
606 1728 709 1783 hoc
734 1730 1101 1787 certissimum
1129 1733 1322 1789 mortis
1348 1740 1432 1789 est
1460 1748 1648 1805 genus.
1693 1733 1801 1790 Sed
1836 1744 1896 1789 ut
1937 1734 2041 1790 hoc

448 1815 660 1874 facilius
686 1821 859 1890 possit
884 1838 1214 1893 praecavere,
1239 1840 1589 1897 quascunque
1631 1836 1809 1884 sectas
1849 1828 2037 1883 de‘er-

2134 620 2216 678 les
2242 638 2458 685 omnem
2483 624 2888 681 abstitimus-1.

2202 715 2493 773 Marbonaei
2510 718 2698 774 dicunt
2734 720 2913 788 ipsum
2955 731 3074 774 esse
3107 715 3391 774 Chaunum
3418 716 3515 790 qui
3544 716 3733 773 ducit

2134 806 2253 864 illos
2275 809 2330 864 in
2355 809 2502 867 omni
2524 825 2585 865 re
2610 809 2968 866 sabbatizare.
2998 860 2999 863 η

2202 901 2440 959 Genista:
2459 901 2609 968 dicti,
2634 918 2703 959 eo
2724 898 2873 974 quad
2897 903 2967 959 de
2990 917 3191 974 genere
3206 901 3446 958 Abrana
3466 914 3597 958 eme
3620 914 3735 972 gie-

2134 994 2363 1051 riantur.
2406 996 2543 1052 Nam
2584 1012 2707 1059 cum
2741 996 2799 1051 in
2830 995 3181 1067 Babyloniam
3212 996 3458 1057 venisset
3501 993 3736 1065 populus

2135 1088 2256 1156 Dei,
2295 1089 2538 1161 plerique
2576 1091 2946 1163 relinquentes
2977 1105 3175 1147 uxores
3202 1106 3350 1157 ams,

2136 1181 2453 1239 mulieribus
2492 1183 2875 1251 adhaeserunt;
2919 1182 3493 1254 quidam‘hraelitieis
3516 1189 3735 1237 tantum

2130 1272 2454 1346 coniugibus
2480 1276 2741 1342 contenti,
2776 1274 2863 1331 vel
2893 1291 2960 1331 ex
2986 1276 3068 1331 eis
3110 1275 3301 1347 geniti,
3352 1275 3483 1330 dum
3526 1268 3737 1328 reversi

2134 1374 2319 1422 essent
2346 1368 2413 1423 de
2445 1367 2756 1438 Babylonia,
2798 1368 3099 1424 diviserunt
3136 1381 3199 1422 se
3234 1367 3303 1423 ab
3345 1364 3498 1421 omni
3539 1361 3738 1434 pelio

2136 1467 2195 1514 et
2219 1468 2629 1531 assumpserunt
2653 1461 2754 1516 sibi
2783 1460 2888 1516 hoc
2916 1457 3432 1531 nomen-iactantiae.

2208 1552 2463 1610 Meristaei
2503 1552 2772 1623 appwu,
2821 1566 2886 1607 eo
2921 1552 3071 1622 quod
3105 1557 3364 1621 separant
3394 1547 3736 1617 Scriptura,

2138 1658 2246 1699 non
2277 1645 2560 1700 credentes
2588 1645 2837 1701 erunibus
2873 1644 3174 1715 prephetis,
3214 1642 3461 1697 dicentes
3513 1637 3644 1693 aliis
3682 1644 3737 1690 et

2138 1737 2260 1793 aliis
2280 1738 2557 1806 spiritibus
2571 1740 2943 1809 prophetasse.
2967 1738 3143 1794 Meros
3161 1736 3330 1803 enim,
3350 1736 3505 1813 μέρος
3518 1732 3733 1798 Graec,

2137 1826 2489 1898 Latine'pars
2516 1828 2733 1884 dicitur.

446 1910 659 1967 roribus
703 1914 1085 1972 haereticorum
1126 1926 1289 1988 atque
1329 1920 1823 1987 schismaticorum,
1871 1921 2037 1978 deno-
2062 1898 2112 1961 Β
2212 1919 2494 1976 Samaritae
2508 1922 2659 1987 dicti,
2687 1921 2831 1991 quod
2852 1920 3026 1992 legem
3051 1920 3226 1976 solam
3246 1916 3587 1979 custodiunt.
3612 1928 3735 1970 nam

448 2008 590 2058 tatas
629 2018 661 2057 a
703 2004 986 2062 catholicis
1032 2007 1345 2065 doctoribus
1368 2011 1691 2081 invenimus,
1724 2012 1881 2071 simul
1914 2028 2037 2069 cum

445 2106 633 2148 earum
671 2097 985 2154 auctoribus
1005 2138 1021 2165 ,
1064 2098 1178 2155 sive
1220 2103 1607 2170 sectatoribus,
1654 2105 1712 2160 in
1754 2105 1859 2161 hoc
1898 2104 2037 2161 libro

445 2183 889 2242 determinamus.

515 2277 769 2346 Haeresis,
796 2279 990 2361 αἵρεσις
1017 2282 1228 2351 Graece,
1248 2286 1315 2342 ab
1339 2287 1602 2346 electione
1623 2299 1867 2360 vocatur,
1891 2293 2037 2364 quod

442 2367 652 2425 scilicet
691 2374 1063 2444 unusquisque
1098 2376 1152 2431 id
1190 2376 1293 2432 sibi
1341 2378 1505 2450 eligat
1544 2384 1689 2452 quod
1727 2386 1922 2442 melius
1960 2388 2034 2443 illi

442 2476 564 2518 esse
590 2464 819 2530 videtur,
852 2474 911 2521 ut
935 2468 1263 2540 philosophi,
1289 2469 1657 2542 Peripatetici,
1698 2475 2034 2547 Academici,

440 2559 716 2633 Epicurei,
746 2572 802 2620 et
827 2564 1019 2633 Stoici,
1048 2568 1133 2623 vel
1160 2570 1302 2625 sicut
1327 2573 1442 2638 alii,
1468 2576 1559 2644 qui
1591 2591 1909 2647 perversum
1935 2580 2033 2636 do-

440 2667 569 2724 gina
590 2655 909 2726 cogitantes,
940 2659 1171 2716 arbitrio
1186 2676 1285 2718 suo
1302 2663 1371 2719 de
1396 2664 1637 2729 Ecclesia
1668 2682 2030 2728 recesserunt.

438 2744 574 2803 Inde
605 2762 736 2820 ergo
764 2749 1002 2808 haereses
1027 2760 1155 2807 sunt
1181 2754 1339 2811 dictae
1368 2756 1556 2813 Greca
1592 2775 1725 2816 voce
1761 2777 1830 2817 ex
1871 2764 2035 2819 inter-

438 2839 745 2908 pretatione
773 2840 1076 2910 electionis,
1110 2860 1246 2914 quas
1273 2848 1502 2918 quisque
1540 2852 1769 2909 arbitrio
1809 2870 1927 2921 suo,
1965 2856 2035 2910 ad

439 2927 773 2988 Instituenda
805 2934 920 2991 sive
948 2936 1018 2990 ad
1045 2937 1387 3007 suscipienda
1411 2941 1685 3012 quaelibet,
1712 2945 1826 3015 ipse
1850 2946 2031 3018 elegit.

438 3019 611 3079 Nobis
638 3038 767 3079 vero
793 3024 930 3080 nihil
975 3041 1045 3082 ex
1086 3035 1276 3083 nostro
1320 3032 1549 3088 arbitrio
1586 3035 1843 3092 inducere
1886 3037 2031 3105 licet,

441 3114 541 3171 sed
567 3130 670 3171 nec
700 3116 902 3188 eligere
938 3122 1085 3191 quod
1110 3122 1303 3195 aliquis
1334 3128 1401 3181 de
1434 3126 1663 3183 arbitrio
1690 3143 1791 3184 suo
1810 3129 2038 3188 induxe-

440 3202 535 3261 rit.
577 3204 866 3275 Apostolus
902 3209 999 3266 Dei
1049 3214 1313 3272 habemus
1355 3226 1644 3275 auctores:
1678 3220 1770 3291 qui
1795 3236 1897 3276 nec
1932 3222 2036 3293 ipsi

438 3296 736 3368 quidquam
764 3314 834 3356 ex
860 3317 960 3358 suo
980 3304 1209 3362 arbitrio
1231 3308 1379 3378 quod
1397 3310 1714 3367 inducerent
1736 3311 2032 3384 elegerunt,

441 3391 540 3447 sed
563 3403 843 3465 acceptam
868 3412 901 3451 a
935 3397 1155 3456 Christo
1204 3401 1545 3473 disciplinam
1594 3404 1825 3462 ﬁdeliter
1863 3408 2039 3463 natio—

443 3481 606 3539 nibus
646 3487 1079 3558 assignaverunt.
1119 3490 1279 3549 Secta
1322 3511 1354 3549 a
1386 3497 1649 3554 seclando
1700 3506 1756 3553 et
1805 3500 2041 3556 tenendo

442 3573 756 3643 nominata;
778 3593 904 3634 nam
930 3590 1108 3638 sectas
1133 3584 1363 3642 dicimus
1391 3587 1609 3643 habitus
1641 3590 1946 3646 animorum
1975 3605 2041 3647 ac

440 3662 708 3733 imtituta,
739 3668 884 3724 circa
910 3671 1246 3742 disciplinam
1273 3677 1506 3734 ﬁdeliter
1529 3682 1887 3750 propositam,
1918 3696 2040 3754 quae

440 3757 677 3815 tenendo
700 3770 1019 3832 sequuntur,
1051 3765 1340 3836 longe-alia
1368 3769 1425 3825 in
1445 3770 1721 3841 religionis
1746 3774 1895 3831 cultu
1917 3778 2037 3847 opi-

439 3856 635 3907 mntes
663 3867 828 3923 quam
867 3858 1075 3912 caeteri.
1124 3857 1375 3917 Schisma
1406 3878 1439 3917 a
1469 3863 1707 3921 scissura
1733 3867 2039 3925 animorum

441 3957 639 4001 nomen
680 3949 931 4019 accepit;
972 3951 1166 4008 eodem
1194 3955 1344 4010 enim
1371 3955 1542 4025 cultu,
1584 3960 1884 4031 eodemque
1930 3962 2040 4019 ritu

438 4035 616 4091 erodit
638 4045 700 4092 ut
723 4041 930 4108 caeteri,
959 4042 1075 4099 solo
1097 4047 1534 4120 congregationis
1559 4050 1859 4110 delectatur
1879 4056 2041 4112 dissi-

440 4124 553 4181 ὥσ.
611 4126 700 4182 Fit
739 4139 919 4187 autem
956 4133 1199 4190 schisma-
1227 4151 1351 4193 eum
1391 4139 1579 4196 dicunt
1607 4160 1619 4195 :
1644 4142 1904 4200 Homines
1939 4159 2040 4204 nos

435 4216 570 4288 justi
593 4233 800 4288 sumus,
836 4237 937 4279 nos
973 4225 1375 4285 sanctiﬁcatum
1402 4231 1728 4298 immundos,
1757 4243 1815 4290 et
1839 4245 2038 4294 caetera

710 4309 1036 4384 Superstitio
1060 4316 1223 4385 dicta,
1258 4334 1324 4375 eo
1352 4322 1495 4390 quod
1526 4323 1599 4377 sit
1632 4322 1903 4394 superﬂua
1944 4334 2039 4382 aut

440 4401 855 4471 superiustituta
876 4406 1200 4465 observatio.
1242 4411 1343 4466 Alii
1372 4412 1563 4469 dicunt
1581 4429 1613 4469 a
1641 4415 1879 4484 senibus,
1909 4418 2038 4488 quia

439 4492 625 4551 multis
654 4496 812 4554 annis
846 4501 1188 4570 superstites,
1222 4516 1321 4575 per
1344 4512 1561 4560 aetatem
1596 4505 1827 4562 delirant
1851 4515 1909 4565 et
1943 4524 2033 4565 ειν

440 4596 584 4644 rant.

507 4684 665 4756 Apud
698 4685 914 4745 Iudaeos
942 4699 1124 4747 autem
1165 4690 1250 4748 hac
1283 4692 1505 4750 fuerunt
1534 4693 1768 4751 haereses
1794 4713 1807 4750 :
1831 4693 2028 4752 Phari—

437 4788 690 4843 morum,
742 4777 1162 4838 Saddueteorum
1184 4825 1198 4851 ,
1242 4783 1661 4855 Esnaeistarum,
1714 4787 2033 4847 Marbonen-

435 4868 596 4933 slum,
633 4866 1003 4938 Genistarum,
1042 4873 1452 4937 Meristazorum.
1677 4870 1685 4878 ’

504 4957 766 5012 Pharisaei
792 4973 921 5030 ergo
943 4968 999 5015 et
1028 4960 1307 5019 Sadducaei
1336 4967 1482 5023 inter
1507 4982 1565 5024 se
1588 4971 1849 5025 contrarii
1879 4981 2025 5030 sunt.

432 5050 569 5106 Nam
596 5050 855 5108 Pharisaei
885 5067 950 5110 ex
988 5052 1217 5111 Hebraeo
1245 5057 1301 5113 in
1326 5058 1581 5115 Latinum
1605 5062 2033 5133 interpretantur

432 5143 614 5210 divisi,
655 5158 720 5201 eo
747 5148 892 5217 quod
936 5148 1288 5207 traditionum
1323 5162 1379 5209 et
1414 5154 1854 5212 Observationum
1894 5172 2030 5228 quas

433 5232 508 5288 illi
556 5234 809 5294 deuteras
858 5247 1057 5297 vocant
1097 5241 1367 5314 justitiam
1409 5245 1723 5315 przeferunt.
1774 5246 1931 5305 Unde
1974 5255 2031 5305 et

429 5323 592 5381 divisi
614 5324 880 5388 vocantur
905 5348 937 5388 a
964 5334 1163 5405 populo
1188 5338 1343 5405 quasi
1383 5350 1483 5407 per
1505 5336 1791 5407 justitiam.

501 5414 783 5476 Sadduetei
811 5421 1238 5494 interpretantur
1261 5426 1415 5498 justi,
1453 5427 1729 5483 vindicant
1756 5428 1900 5485 enim
1926 5430 2030 5486 sibi

430 5507 576 5578 quod
612 5523 721 5566 non
759 5520 904 5581 sunt,
956 5517 1198 5586 corporis
1236 5520 1688 5576 resurrectionem
1719 5530 1939 5593 negant,
1969 5530 2025 5577 et

2137 2015 2432 2085 prophetas
2461 2031 2569 2071 non
2599 2015 2885 2086 recipiunt.

2210 2106 2714 2179 Hemerobaptistae,
2743 2122 2810 2164 eo
2842 2105 2987 2178 quod
3015 2103 3255 2177 quotidie
3287 2101 3621 2158 vestimenta
3645 2111 3741 2154 an

2138 2211 2196 2262 et
2214 2217 2447 2273 corpora
2470 2202 2672 2256 lavent.

2210 2298 2441 2366 Quidam
2480 2294 2724 2351 haeretici
2760 2293 2851 2363 qui
2887 2294 2954 2348 de
2981 2290 3226 2347 Ecclesia
3265 2293 3644 2352 recesserunt,
3672 2297 3742 2339 et

2138 2390 2451 2447 nominibus
2486 2401 2709 2444 suorum
2749 2392 3033 2441 auctorum
3070 2388 3477 2452 nuncupantur,
3515 2377 3741 2449 quidm

2136 2500 2269 2541 vero
2296 2500 2363 2539 ex
2389 2482 2569 2538 causis
2588 2495 2723 2552 quas
2750 2478 3012 2550 eligentes
3036 2476 3407 2532 instituerunt.

2212 2574 2509 2631 Simoniani
2547 2574 2679 2629 dicti
2713 2588 2745 2627 a
2784 2570 3005 2627 Simone
3028 2610 3044 2638 ,
3073 2569 3299 2641 magica:
3324 2565 3632 2638 disciplina
3650 2577 3743 2635 po-

2140 2670 2266 2735 rito,
2304 2669 2390 2723 cui
2427 2668 2621 2723 Petrus
2660 2666 2717 2721 in
2745 2664 2971 2720 Actibus
3017 2661 3386 2735 apostolorum
3428 2656 3740 2723 maledixit,

2135 2773 2238 2830 pro
2262 2775 2329 2815 eo
2349 2759 2492 2831 quod
2519 2758 2586 2814 ah
2610 2756 2868 2828 apostolis
2891 2754 3139 2827 Spiritus
3156 2753 3330 2810 sancti
3367 2752 3611 2823 gratiam
3647 2763 3741 2820 pc-

2136 2852 2301 2908 cunia
2328 2864 2510 2907 emere
2534 2847 2809 2904 voluisset.
2862 2845 2930 2901 Hi
2972 2846 3159 2902 dicunt
3200 2850 3511 2899 creaturam
3555 2856 3671 2897 non
3710 2854 3742 2895 ι

2139 2946 2274 3012 Deo,
2306 2947 2399 3002 sed
2431 2960 2463 3000 a
2488 2946 2690 3001 virtute
2707 2944 2939 3015 quadam
2969 2957 3200 3012 superna
3229 2946 3495 2996 creatam.

2212 3035 2583 3091 Menandriani
2609 3050 2640 3089 a
2670 3034 2965 3090 Menandro
2987 3048 3167 3104 mago,
3196 3031 3460 3102 discipulo
3497 3028 3745 3084 Simulb

2140 3126 2457 3196 nuncupati,
2506 3126 2598 3195 qui
2644 3124 2904 3181 mundum
2938 3139 3047 3180 non
3078 3140 3110 3179 a
3139 3124 3270 3191 Deo,
3300 3122 3395 3179 sed
3434 3121 3505 3177 ab
3534 3120 3744 3192 angelis

2141 3219 2345 3275 factum
2373 3233 2493 3273 esse
2522 3225 2790 3273 asserunt.

2216 3306 2537 3364 Basilidiani
2562 3322 2595 3361 a
2615 3306 2849 3362 Basilide
2874 3304 3150 3376 appellati,
3182 3304 3275 3375 qui
3319 3304 3465 3359 inter
3500 3301 3745 3372 magnas

2138 3399 2530 3471 Hasphemias,
2557 3414 2778 3471 passum
2803 3396 2987 3455 Jesum
3014 3399 3301 3469 abnegaut.

2215 3494 2495 3551 Nicolaitae
2529 3493 2659 3549 dicti
2689 3508 2719 3547 a
2742 3491 2962 3549 Nicolao
3000 3492 3228 3549 (haecne
3257 3490 3513 3548 Ecclesiae
3552 3489 3744 3547 Hero

2140 3588 2499 3660 solymorum,
2542 3586 2633 3658 qui
2664 3601 2786 3642 cum
2812 3585 3090 3656 Stephano
3122 3578 3191 3640 et'
3216 3584 3436 3641 caeteris
3473 3585 3743 3640 constitu-

2140 3692 2233 3741 tus
2262 3690 2349 3739 est
2375 3697 2406 3736 a
2438 3681 2602 3737 Petro
2629 3699 2641 3734 :
2665 3682 2757 3751 qui
2803 3688 3025 3751 propter
3073 3679 3535 3751 pulchritudinem
3579 3676 3744 3733 relin-

2140 3790 2321 3847 quens
2354 3787 2600 3837 uxorem,
2646 3770 2859 3827 dixerat
2898 3780 2959 3826 ut
2996 3771 3088 3841 qui
3131 3770 3315 3836 vellet,
3366 3785 3437 3825 ea
3472 3775 3740 3825 uteretur.

2138 3867 2424 3937 Versa’que
2466 3871 2550 3921 est
2596 3864 2649 3919 in
2691 3873 2936 3934 stuprum
2976 3863 3101 3920 talis
3129 3861 3484 3929 consuetum,
3514 3867 3580 3917 ut
3604 3859 3745 3916 invi-

2140 3973 2264 4016 cem
2292 3955 2540 4028 coniugia
2559 3963 3045 4012 commutarentur.

2211 4050 2457 4107 Gnostici
2480 4057 2702 4121 propter
2728 4048 3104 4105 excellentiam
3126 4046 3371 4104 scientiae
3413 4061 3478 4103 se
3522 4046 3601 4100 ita
3645 4058 3746 4116 ap-

2137 4143 2347 4217 pellare
2372 4143 2689 4210 voluerunt;
2716 4142 2954 4197 animam
2974 4150 3225 4197 naturam
3243 4141 3338 4196 Dei
3363 4154 3487 4196 esse
3509 4138 3741 4203 dicunt;

2139 4236 2345 4293 bonum
2373 4241 2428 4290 et
2462 4234 2665 4290 malum
2701 4228 2873 4289 Deum
2912 4233 3025 4288 suis
3060 4229 3400 4303 dogmatibus
3437 4229 3670 4301 ﬁngunt.

2211 4329 2618 4400 Carpocratiani
2645 4342 2677 4383 a
2703 4327 3030 4399 Carpocrate
3066 4328 3301 4398 quodam
3329 4333 3616 4392 vocantur,
3646 4324 3742 4396 qui

2139 4419 2279 4477 ﬁxit
2296 4420 2571 4476 Christum
2594 4420 2866 4476 hominem
2896 4418 3063 4476 fuisse
3086 4426 3319 4487 tantum,
3345 4427 3401 4475 et
3420 4418 3491 4474 de
3507 4427 3743 4488 utroque

2136 4525 2272 4568 sexu
2303 4512 2664 4583 progenitum.

2055 4624 2112 4687 Β
2209 4621 2546 4678 Cerinthiani
2575 4637 2606 4676 a
2639 4619 2898 4678 Cerintho
2926 4621 3156 4691 quodam
3184 4619 3503 4691 nuncupati.
3556 4617 3624 4673 Ei
3658 4619 3739 4673 in.

2136 4724 2224 4772 ter
2269 4723 2464 4771 caetera
2506 4715 2980 4771 circumcisionem
3023 4716 3332 4780 observant,
3380 4712 3530 4767 mille
3569 4727 3740 4768 annos

2135 4815 2260 4879 post
2294 4808 2745 4864 resurrectionem
2770 4808 2825 4863 in
2855 4808 3130 4878 voluptate
3149 4808 3329 4863 carnis
3360 4804 3576 4862 futuros
3600 4820 3737 4877 pra:-

2136 4897 2340 4953 dicant.
2384 4895 2538 4953 Unde
2577 4909 2630 4954 ct
2673 4897 2863 4955 Graece
2903 4897 3163 4955 chiliastae
3205 4899 3506 4973 χιλίοισι-αἱ,
3544 4898 3738 4955 Latine

2136 4989 2379 5047 milliasti
2408 4997 2535 5046 sunt
2560 4991 2833 5061 appellati.

2209 5101 2453 5161 Nazarmi
2479 5104 2628 5171 dicti,
2659 5105 2752 5176 qui
2783 5105 2911 5162 dum
2935 5105 3235 5174 Christum,
3270 5105 3363 5176 qui
3396 5122 3428 5161 a
3462 5091 3585 5162 vico
3624 5103 3734 5161 Na-

2136 5212 2347 5255 zaraeus
2372 5207 2455 5255 est
2475 5199 2795 5270 appellatus,
2828 5199 3026 5259 Filium
3058 5201 3158 5259 Dei
3179 5200 3568 5267 conﬁteantur,
3616 5215 3731 5257 om-

2134 5289 2227 5347 nia
2251 5298 2433 5347 tamen
2463 5292 2661 5348 veteris
2684 5291 2818 5363 legis
2840 5292 3169 5351 custodiunt.

2205 5407 2418 5479 Ophitae
2461 5424 2493 5464 a
2531 5408 2755 5465 colubro
2794 5410 3057 5467 nominati
3107 5418 3252 5467 sunt.
3308 5407 3550 5465 Calaber
3586 5407 3731 5463 enim

2133 5497 2325 5555 Graece
2348 5498 2457 5571 ὄφις
2484 5498 2699 5554 dicitur.
2744 5499 2941 5555 Colunt
2974 5501 3123 5556 enim
3168 5508 3507 5570 serpentem,
3551 5499 3729 5554 dicen-

428 5598 668 5657 animam
709 5603 932 5662 interire
970 5624 1094 5664 cum
1136 5625 1361 5683 corpore
1402 5613 1718 5685 praedicam,
1777 5613 1883 5671 sed
1921 5630 2023 5673 nec
2127 5603 2215 5651 tes
2241 5595 2418 5666 ipsum
2447 5596 2500 5650 in
2523 5593 2774 5665 paradiso
2801 5595 3078 5653 induxisse
3094 5596 3314 5652 virtutis
3337 5593 3726 5665 cognitionem.

427 5692 816 5779 spiritus‘esse,
841 5712 942 5754 nec
966 5701 1184 5771 angelos
1212 5706 1461 5761 credunt.
1508 5704 1575 5761 Hi
1614 5708 1855 5779 quinque
1898 5719 2021 5764 tan-

2198 5705 2505 5761 Valentiani
2536 5721 2565 5760 a
2596 5705 2881 5761 Valentino
2902 5709 3135 5778 quodam
3156 5706 3436 5767 Plamnico
3457 5714 3725 5764 sectam

429 5777 544 5841 tu'm
584 5785 753 5847 libros
797 5791 931 5864 legis
978 5793 1281 5866 recipiunt,
1328 5777 1717 5870 prophetarum
1763 5777 2018 5856 vaticinia
2124 5796 2305 5852 vocati
2339 5796 2472 5867 :qui
2500 5796 2704 5863 αἵωνας,
2737 5798 2792 5853 id
2821 5807 2903 5853 est
2926 5777 3125 5855 saecula
3169 5800 3418 5869 quaedam
3465 5800 3522 5854 in
3563 5796 3729 5868 origi-

430 5886 708 5952 respuunt.

2124 5903 2253 5947 nem
2310 5887 2407 5948 Dei
2462 5888 2729 5951 creatoris
2770 5889 2998 5949 induxit.
3065 5889 3343 5950 Christum
3394 5901 3617 5963 quoque
3656 5886 3729 5947 de
