3970 6460
204 433 312 494 S73

1010 434 1099 494 DE
1130 430 1574 493 CLERICORUM
1611 428 2114 497 INSTITUTIONE,
2153 432 2303 489 ETC.
2346 465 2414 476 -
2452 430 2577 488 LIB.
2617 431 2679 488 ll.

3366 442 3470 496 574

212 551 428 624 Virgine
475 550 610 607 nihil
656 552 897 623 corporis
938 555 1319 626 assumpsisse,
1368 554 1466 612 sed
1515 568 1614 626 per
1660 565 1781 606 eam
1808 554 1864 615 Α
1954 550 2388 623 Hermogeniani,
2414 550 2482 608 ab
2504 552 2836 622 Hermogene
2868 553 3099 624 quodam
3128 556 3303 611 vocati
3334 572 3348 611 :
3378 562 3471 629 qui

205 643 362 713 quasi
393 657 493 713 per
520 641 753 697 ﬁstulam
784 644 1042 700 transisse
1074 647 1325 703 asseruit.

182 769 196 791 ι
275 734 629 805 Apellltarum
672 751 887 807 quoque
937 738 1147 809 Apelles
1194 740 1444 812 princeps
1496 739 1597 797 fuit
1637 756 1651 794 :
1694 739 1787 810 qui

208 836 528 893 creatorem,
561 827 807 899 angelum
833 830 1014 886 nescio
1033 844 1193 900 quem
1218 832 1509 904 gloriosum
1542 832 1786 903 superio-

204 921 282 975 ris
308 920 404 977 Dei
425 921 644 984 faciens,
676 922 843 976 Deum
864 921 997 994 legis
1023 924 1204 992 Israel,
1231 924 1379 981 illum
1406 927 1620 998 igneum
1648 922 1790 979 aiiir-

206 1028 383 1069 mans.
434 1013 677 1083 Apellitas
721 1027 950 1084 quorum
996 1024 1185 1073 auctor
1221 1017 1467 1089 Apelles,
1510 1017 1601 1087 qui
1652 1015 1789 1071 dixit

205 1105 483 1161 Christum
533 1121 641 1161 non
691 1104 857 1161 Deum
905 1107 958 1161 in
1011 1109 1261 1178 veritate,
1298 1109 1394 1166 sed
1429 1108 1697 1166 hominem
1730 1107 1787 1162 in

205 1196 493 1267 phantasia
517 1196 852 1267 apparuisse.

278 1287 631 1344 Archontiaci
670 1301 701 1342 α
743 1288 1073 1360 principibus
1124 1290 1503 1362 appellantur:
1533 1291 1624 1361 qui
1669 1290 1789 1345 uni-

206 1379 523 1434 versitatem
561 1392 723 1448 quam
753 1376 896 1434 Deus
923 1380 1198 1447 condidit,
1225 1397 1388 1453 opera
1417 1397 1538 1438 esse
1561 1380 1788 1436 archan-

208 1470 450 1540 gelorum
479 1469 792 1526 defendunt.

279 1560 561 1617 Adamiani
601 1562 799 1629 vocati,
835 1565 977 1635 quod
1002 1566 1131 1621 Adae
1158 1564 1442 1620 imitantur
1470 1565 1785 1631 nuditatem,

208 1654 349 1709 unde
375 1662 431 1710 et
457 1654 585 1711 nudi
609 1663 795 1723 erant,
831 1664 886 1714 et
912 1658 1038 1714 nudi
1067 1658 1121 1713 in
1156 1673 1214 1714 se
1251 1668 1431 1721 mares
1472 1654 1789 1729 feminasque

208 1746 550 1801 conveniunt.

278 1837 503 1894 Cainani
542 1839 768 1910 proinde
792 1840 870 1897 sic
898 1841 1168 1913 appellati,
1210 1843 1462 1914 quoniam
1492 1842 1623 1900 Cain
1657 1843 1788 1901 ado-

209 1939 352 1986 tam.

283 2022 527 2079 Sethiani
554 2038 749 2081 nomen
777 2030 1102 2097 acceperunt
1120 2036 1149 2081 a‘
1171 2024 1281 2083 lilio
1306 2024 1498 2095 Adam,
1524 2028 1615 2100 qui
1634 2043 1792 2087 voca-

209 2122 304 2170 tus
326 2124 411 2170 est
431 2114 579 2183 Setb,
605 2118 843 2173 dicentes
863 2133 986 2174 eum
1016 2132 1136 2175 esse
1158 2116 1454 2179 Christum.

284 2203 781 2262 Melchisedechiani
806 2208 980 2263 vocati
1006 2222 1106 2279 pro
1134 2224 1199 2265 eo
1229 2211 1372 2279 quod
1405 2208 1793 2271 Melchisedech

208 2293 545 2350 sacerdotem
574 2294 692 2362 Dei,
722 2310 832 2352 non
859 2297 1135 2354 hominem
1165 2296 1351 2367 fuisse,
1394 2299 1491 2356 sed
1535 2300 1793 2355 virtutem

208 2381 306 2438 Dei
333 2384 683 2441 arbitrantur.

280 2472 472 2544 Angeli
490 2484 756 2531 vocantur
779 2477 875 2548 qui
902 2476 1120 2549 angelos
1148 2477 1353 2533 colunt.

279 2561 571 2634 Apostoliei
608 2566 712 2622 hoc
747 2567 857 2623 sibi
884 2578 1079 2625 nomen
1104 2569 1227 2625 ideo
1254 2580 1618 2641 sumpserunt,
1650 2568 1797 2644 quod

209 2650 345 2709 nihil
362 2657 705 2727 possidentes
728 2660 1028 2731 proprium,
1052 2676 1393 2733 nequaquam
1416 2664 1681 2736 recipiunt
1702 2678 1795 2721 eos

210 2746 305 2817 qui
331 2745 513 2817 aliquo
534 2749 588 2804 in
616 2748 719 2805 hoc
741 2751 943 2806 mundo
970 2760 1213 2808 utuntur.

281 2837 605 2895 Cerdoniani
631 2856 662 2896 a
687 2840 935 2897 Cerdone'
956 2844 1189 2913 quodam
1228 2846 1492 2903 nominati
1522 2863 1535 2902 :
1567 2844 1661 2919 qui
1686 2846 1796 2909 duo

210 2932 485 2987 contraria
512 2934 775 3006 principia
798 2938 1049 2992 asseruit.

283 3019 639 3079 Marcionistae
673 3040 704 3079 a
735 3024 1005 3083 Marcione
1047 3026 1230 3085 Stoico
1267 3030 1586 3103 philosopho
1611 3030 1794 3105 appel-

210 3111 307 3167 lati
341 3131 354 3166 :
387 3114 477 3184 qui
513 3113 772 3173 Cerconis
802 3118 996 3191 dogma
1027 3129 1267 3187 secutus,
1305 3122 1541 3179 alterum‘
1568 3124 1794 3194 bonum,

211 3205 442 3262 alterum
461 3207 668 3277 justum
693 3210 859 3266 Deum
887 3215 1148 3282 asseruit;
1179 3224 1437 3289 tanquam
1462 3218 1568 3275 duo
1594 3219 1794 3293 princi-

210 3299 302 3368 pia
327 3302 588 3359 creatoris
614 3312 670 3359 et
694 3304 969 3361 bonitatis.

286 3389 598 3449 Arroteritae
640 3394 709 3449 ab
747 3395 1022 3453 oblatione
1062 3401 1272 3467 vocati;
1320 3415 1519 3471 panem
1561 3402 1705 3457 enim
1745 3408 1800 3457 et

211 3494 432 3537 caseum
457 3481 689 3541 emerunt
724 3484 965 3545 dicentes
995 3489 1185 3559 primis
1218 3490 1527 3548 hominibus
1564 3492 1798 3550 oblatio-

212 3586 341 3629 nem
383 3589 415 3630 a
459 3575 726 3635 fructibus
756 3586 914 3636 terrae
952 3589 1008 3637 et
1045 3596 1077 3638 a
1119 3581 1385 3639 fructibus
1413 3585 1596 3640 ovium
1633 3584 1801 3643 fuisse

212 3665 561 3722 celebratam.

282 3754 510 3826 Aquarii
538 3758 819 3830 appellati,
855 3774 922 3819 eo
949 3764 1094 3837 quod
1131 3778 1327 3837 aquam
1357 3766 1529 3824 solam
1565 3767 1800 3826 onerant

211 3846 268 3903 in
295 3847 468 3903 calice
492 3852 839 3908 sacramenti.

286 3938 588 4010 Severiani,
622 3959 653 3997 a
687 3942 886 4003 Severo
922 3948 1116 4015 exorti,
1148 3948 1334 4005 vinum
1358 3966 1469 4007 non
1502 3952 1713 4021 bibunt,
1745 3962 1801 4012 et

212 4031 384 4090 Vetus
396 4032 819 4105 Testamentum,
833 4045 892 4095 et
906 4041 1361 4097 resurrectionem
1382 4054 1487 4099 non
1511 4044 1796 4115 recipiunt.

286 4125 532 4195 Tatiani,
563 4143 596 4184 ι
621 4127 851 4187 Tatiano
878 4134 1111 4203 quodam
1133 4136 1346 4202 vocati,
1378 4137 1470 4210 qui
1505 4145 1560 4193 et
1593 4138 1801 4196 Encra-

217 4220 332 4276 tita:
354 4220 502 4288 dicti,
532 4222 658 4292 quia
684 4234 876 4280 carnes
906 4225 1304 4283 abominantur.

284 4309 461 4382 Λιοεῆ
489 4320 751 4368 vocantur
780 4318 1035 4386 tanquam
1062 4316 1178 4373 sine
1212 4319 1408 4386 verbo;
1446 4319 1597 4394 logos
1628 4323 1798 4392 enim,

212 4404 361 4479 λόγος
386 4402 593 4472 Graec,
633 4407 857 4463 verbum
899 4408 1127 4477 dicitur;
1175 4410 1345 4467 Deum
1388 4414 1533 4468 enim
1575 4416 1800 4471 Verbum

212 4510 325 4553 non
348 4498 599 4568 credunt,
621 4510 941 4574 respuentes'
957 4501 1179 4560 Joannis
1205 4505 1555 4578 Evangelium
1577 4514 1637 4569 et'
1656 4508 1801 4582 Apo-

213 4587 477 4659 calypsin.
1362 4588 1365 4593 '

284 4675 643 4752 Cataphrygis
667 4696 863 4739 nomen
902 4683 1179 4755 provincia
1205 4682 1433 4759 Phrygis
1463 4686 1643 4758 dedit,
1674 4689 1801 4761 quia

210 4768 287 4825 ibi
313 4770 639 4827 exstiterunt
666 4782 915 4830 auctores
943 4788 1150 4831 eorum.

284 4860 597 4931 liontanus,
625 4863 811 4921 Prisca
841 4875 897 4922 et
926 4864 1218 4922 Maximilla
1245 4866 1464 4925 luerunt
1488 4885 1503 4925 :
1535 4869 1574 4926 il
1602 4872 1801 4928 adven-

211 4960 329 5033 tum
356 4950 593 5023 Spiritus
615 4957 789 5013 sancti
814 4972 922 5014 non
945 4958 1000 5014 in
1026 4959 1316 5029 apostolos,
1342 4957 1445 5016 sed'
1463 4960 1521 5018 in
1548 4977 1608 5019 se
1631 4963 1801 5021 tradi-

213 5052 329 5099 tum
358 5054 630 5102 asserunt.

283 5135 509 5192 Cathari
541 5144 767 5212 propter
788 5140 1109 5199 munditiam
1136 5144 1211 5200 ita
1256 5158 1319 5201 se
1348 5144 1794 5216 nominaverunt;

214 5228 513 5301 gloriantes
538 5232 686 5287 enim
708 5231 777 5289 de
800 5235 914 5291 suis
937 5235 1167 5302 meritis,
1190 5244 1388 5309 negant
1411 5238 1799 5309 paenitentibus

213 5322 433 5378 veniam
469 5334 847 5396 peccatorum;
888 5328 1077 5386 viduas
1112 5329 1167 5385 si‘
1188 5332 1499 5401 nupserim,
1540 5338 1797 5405 tanquam

213 5413 492 5473 adulteras
512 5416 801 5486 damnant;
828 5419 1136 5477 mundiores
1157 5434 1219 5478 se
1234 5422 1448 5478 caeteris
1469 5423 1792 5493 praedicant;

212 5505 308 5575 qui
335 5520 538 5563 nomen
565 5520 722 5565 suum
747 5508 794 5565 si
822 5524 1148 5579 cognoscere
1170 5511 1391 5580 vellent,
1414 5512 1716 5569 mundanos
1742 5528 1801 5570 se

211 5594 399 5667 potius
427 5612 591 5667 quam
618 5600 849 5656 mundos
876 5609 1151 5656 vocarent.

285 5686 535 5745 Paulini
552 5730 570 5758 ,
599 5706 630 5747 a
656 5691 825 5749 Paulo
854 5690 1208 5748 Samosateno
1235 5693 1411 5749 exorti
1438 5700 1582 5760 sunt,
1608 5693 1697 5764 qui
1723 5694 1803 5750 di-

215 5778 307 5834 xlt‘
334 5790 445 5835 non
480 5795 695 5855 semper
724 5782 894 5842 fuisse
916 5782 1223 5853 Christum,
1258 5785 1354 5842 sed
1391 5799 1423 5841 a
1458 5784 1626 5841 Maria
1656 5799 1801 5841 sum-

213 5869 395 5944 Μιδθ
415 5872 650 5933 initium.

1887 642 2173 697 materiam
2221 657 2329 697 non
2379 651 2561 697 natam
2606 642 2975 712 introducens,
3023 644 3133 701 Deo
3180 662 3288 701 non
3342 658 3472 703 nato

1887 747 2009 788 eam
2043 734 2409 803 comparavit,
2450 741 2787 806 matremque
2815 733 3204 791 elementorum
3229 746 3284 793 et
3316 739 3471 793 deam

1887 825 2141 893 asseruit,
2199 841 2334 898 quos
2379 826 2669 899 Apostolus
2712 828 2982 900 improbat
3029 829 3311 887 elementis
3355 848 3472 888 ser-

1888 918 2115 974 vientes.

1960 1006 2236 1063 Manichaai
2268 1023 2296 1063 a
2320 1010 2552 1079 quodam
2573 1008 2739 1066 Persa
2764 1013 3111 1079 exstiterunt,
3135 1014 3226 1084 qui
3251 1022 3473 1071 vocatus

1888 1104 1972 1154 est
1999 1097 2201 1154 Manes.
2235 1096 2334 1154 llic
2362 1099 2495 1155 duas
2532 1107 2757 1156 naturas
2793 1110 2845 1156 et
2876 1104 3205 1159 substantias
3232 1104 3474 1158 introdu-

1887 1188 1985 1251 xit,
2019 1189 2073 1244 id
2099 1198 2183 1245 est
2207 1190 2406 1246 bonam
2431 1198 2486 1246 et
2509 1190 2739 1257 malam,
2768 1201 2822 1246 et
2850 1195 3058 1249 animas
3087 1208 3155 1249 ex
3181 1195 3292 1251 Deo
3322 1195 3475 1265 quasi

1889 1296 1957 1337 ex
1979 1280 2159 1351 aliquo
2181 1281 2327 1336 fonte
2349 1297 2570 1336 manare
2595 1283 2855 1349 asseruit;
2884 1285 3050 1340 Vetus
3070 1284 3474 1341 Testamentum

1890 1372 2114 1441 respuit,
2148 1371 2354 1427 Novum
2382 1386 2450 1426 ex
2475 1379 2633 1441 parte
2655 1372 2865 1442 recipit.

1959 1465 2255 1520 Can‘oniani
2284 1464 2475 1522 Latine
2504 1467 2620 1521 sine
2645 1466 2762 1537 lege
2791 1467 3060 1523 dicuntur.

1959 1556 2529 1631 Anthropomorphitaa
2559 1561 2723 1629 dicti,
2750 1576 2848 1633 pro
2877 1578 2941 1620 eo
2965 1565 3108 1635 quod
3136 1565 3480 1637 simplicitate

1888 1650 2092 1704 rustica
2120 1648 2290 1706 Deum
2318 1650 2550 1707 humana
2588 1656 2829 1710 membra
2858 1657 3081 1723 habere,
3110 1672 3229 1727 quas
3262 1658 3317 1711 in
3340 1644 3481 1713 divi—

1890 1745 1976 1800 nis
2001 1746 2199 1815 scripta
2224 1755 2367 1814 sunt,
2391 1749 2753 1815 arbitrantur;
2779 1751 3075 1822 anthropos
3100 1751 3264 1815 enim,
3294 1751 3481 1806 Graece

1892 1832 2185 1913 ἅνθρωπος,
2240 1837 2430 1893 Latine
2484 1840 2644 1895 homo
2700 1839 3117 1911 interpretatur;
3173 1841 3481 1913 ignorantes

1820 1904 1867 1967 Β
1892 1904 2081 1987 vocem
2108 1931 2351 1998 Domini,
2389 1935 2480 2003 qui
2508 1934 2619 1988 ait:
2653 1932 2883 2003 Spiritus
2913 1933 3052 1989 Deus
3090 1942 3184 1990 est.
3229 1933 3483 2005 Incorpo-

1893 2034 2021 2079 reus
2047 2032 2130 2077 est
2157 2024 2322 2088 enim,
2347 2038 2448 2079 nec
2474 2024 2735 2081 membris
2762 2024 3132 2098 distinguitur,
3168 2040 3269 2082 nec
3291 2038 3483 2098 corpo-

1895 2114 1972 2171 ris
1997 2113 2135 2169 mole
2160 2123 2431 2170 censetur.

1966 2202 2254 2259 Heraclitaa
2289 2204 2357 2259 ab
2392 2202 2664 2261 Heraclito
2687 2216 2907 2263 auctore
2934 2207 3143 2273 exorti,
3188 2209 3485 2264 monachos

1896 2298 2108 2347 tanaim
2130 2292 2421 2364 recipiunt,
2450 2294 2698 2367 coniugia
2722 2303 3000 2368 respuunt,
3028 2310 3195 2369 regna
3221 2297 3481 2353 caelorum

1895 2383 2153 2455 parvulos
2180 2385 2383 2441 habere
2406 2400 2516 2441 non
2545 2387 2789 2441 credunt.

1968 2476 2253 2531 Novatiani
2279 2492 2310 2531 a
2330 2475 2540 2534 Novato
2559 2477 2745 2533 Romae
2764 2477 2915 2534 urbis
2939 2479 3256 2550 presbytero
3283 2477 3455 2534 exorti
3468 2517 3482 2543 ,

1897 2568 1990 2639 qui
2018 2567 2277 2623 adversus
2300 2566 2609 2624 Cornelium
2636 2570 2952 2626 cathedram
2976 2568 3365 2626 sacerdotalem
3389 2583 3486 2623 co-

1898 2662 2059 2714 natus
2084 2657 2340 2714 invadere
2385 2660 2635 2715 haeresim
2676 2660 2927 2728 instituit,
2975 2660 3166 2718 nolens
3212 2669 3487 2733 apostatas

1898 2748 2197 2820 suscipere,
2226 2756 2282 2805 et
2309 2750 2653 2822 rebaptizans
2677 2752 3001 2822 baptizatos.

1968 2840 2206 2895 lentant
2242 2840 2482 2897 haeretici
2508 2842 2670 2909 dicti,
2704 2844 2847 2914 quod
2878 2851 3119 2914 tempore
3154 2843 3486 2913 persecutio-

1897 2933 1985 2990 nis
2028 2933 2084 2988 in
2125 2934 2395 2991 montibus
2419 2934 2725 3001 latuerunt,
2762 2952 2870 3007 qua
2899 2934 3183 2992 occasiune
3214 2946 3273 2992 se
3300 2948 3331 2990 a
3359 2950 3483 2991 cor-

1897 3038 2031 3098 pore
2055 3026 2332 3083 catholieae
2356 3026 2611 3083 Ecclesia
2639 3028 2958 3085 diviserunt.

1968 3118 2235 3174 Ebionitac
2263 3118 2333 3174 ab
2359 3118 2567 3175 Ebione
2595 3118 2745 3185 dicti,
2772 3119 2889 3175 sive
2912 3135 2941 3175 a
2972 3122 3307 3193 paupertate.
3332 3119 3489 3177 Chri-

1898 3219 2043 3268 stum
2070 3212 2215 3267 enim
2243 3226 2343 3283 per
2369 3218 2685 3284 provectum
2711 3214 2884 3270 solum
2905 3214 3111 3287 justum
3148 3224 3338 3285 putant
3364 3213 3489 3269 εσυ-

1823 3274 1870 3339 C
1901 3312 2069 3360 ctum.
2104 3274 2261 3360 Unde
2287 3274 2661 3376 competenter
2681 3274 3037 3376 Ebi‘on‘ei'pro‘
3067 3274 3383 3376 paupertate
3409 3305 3491 3359 in-

1899 3393 2211 3465 telligentiae
2234 3392 2489 3464 appellati
2516 3400 2660 3449 sunt.
2700 3394 2769 3448 lli
2813 3393 3108 3462 semijudasi
3135 3400 3288 3460 sunt,
3330 3402 3385 3449 et
3414 3394 3489 3449 ita

1901 3492 2087 3541 tenent
2112 3483 2483 3554 Evangelium,
2518 3493 2579 3539 ut
2611 3483 2785 3556 legem
2808 3484 3102 3541 carnaliter
3124 3494 3362 3551 servent,
3392 3484 3489 3541 ad-

1900 3584 2092 3633 versus
2114 3589 2252 3646 quos
2276 3574 2343 3631 ad
2362 3573 2585 3631 Galatas
2612 3574 2901 3648 Apostolus
2930 3577 3175 3633 scribens
3198 3578 3489 3633 invenitur.

1969 3667 2279 3723 Photiniani
2322 3682 2356 3722 a
2397 3666 2632 3722 Photino
2660 3665 3070 3723 Gallo—Gracia:
3119 3665 3347 3738 Syrmize
3376 3666 3491 3737 epi-

1901 3770 2066 3831 seopo
2086 3760 2404 3831 nuncupati,
2422 3759 2514 3830 qui
2529 3758 2903 3815 Ebionitarum
2928 3760 3175 3815 haeresim
3200 3760 3486 3823 suseitans,

1901 3854 2135 3911 asseruit
2161 3853 2436 3910 Christum
2467 3868 2498 3908 a
2535 3851 2705 3909 Maria
2730 3864 2831 3925 per
2856 3850 3059 3937 leseph
3090 3852 3319 3923 nuptiali
3344 3853 3493 3909 coitu

1899 3945 2071 4004 fuisse
2096 3953 2440 4017 conceptum.

1971 4037 2195 4097 triarii
2208 4040 2277 4096 ah
2296 4036 2705 4109 Erio'quodaiu
2723 4028 3017 4107 nuncupatl
3040 4044 3196 4093 sunt:
3218 4035 3276 4091 hi
3298 4032 3493 4090 offerre

1901 4132 2227 4191 sacriﬁcium
2256 4146 2357 4203 pro
2388 4130 2657 4187 defunctis
2686 4137 2965 4200 spernunt.

1972 4221 2192 4280 Ethlani
2220 4220 2289 4278 ab
2313 4220 2474 4278 Ethio
2502 4228 2633 4277 sunt
2655 4220 2861 4286 vocati,
2893 4214 3144 4291 idemque
3170 4210 3493 4273 Eunomiani

1902 4319 1972 4376 ab
2003 4317 2267 4374 Eunomia
2306 4315 2545 4387 quodam
2561 4308 2868 4380 dialectico,
2912 4310 3065 4368 Ethii
3105 4308 3390 4382 discipulo,
3423 4322 3492 4364 ex

1902 4409 2054 4482 cujus
2084 4411 2300 4467 nomine
2331 4410 2507 4481 magis
2546 4409 2931 4472 innatuerunt,
2983 4402 3300 4461 dissimilem
3343 4401 3499 4456 Patri

1902 4511 2208 4559 asserentes
2229 4498 2448 4568 Filium,
2483 4510 2538 4557 et
2565 4498 2705 4555 Filio
2725 4496 2986 4569 Spiritum
3017 4506 3285 4562 sanctum,
3308 4490 3494 4551 dicunt

1904 4595 2068 4650 etiam
2100 4593 2305 4648 nullum
2331 4591 2588 4663 imputari
2609 4596 2894 4661 peccatum
2925 4588 2979 4643 in
3000 4588 3105 4641 i'i'de
3136 4586 3489 4641 manentium.

1972 4683 2288 4756 Origenlani
2326 4683 2394 4738 ab
2418 4680 2652 4752 Origene
2678 4687 2902 4734 auctore
2932 4675 3107 4732 exorti
3133 4683 3277 4741 sunt,
3307 4672 3492 4729 dicen—

1905 4786 1991 4834 tes
2014 4774 2156 4847 quod
2185 4790 2291 4831 non
2318 4772 2491 4845 possit
2517 4771 2687 4828 Filius
2711 4768 2896 4826 videre
2918 4767 3157 4833 Patrem,
3188 4781 3290 4823 nec
3319 4764 3491 4834 Spiri-

1904 4876 1995 4924 tus
2020 4873 2240 4923 sanctus
2267 4862 2495 4931 Filium;
2529 4861 2739 4919 animas
2758 4866 2975 4933 quoque
2998 4860 3054 4916 in
3080 4858 3264 4915 mundi
3286 4856 3492 4945 princif

1903 4958 1995 5032 pio
2021 4957 2206 5014 dicunt
2225 4968 2503 5028 peccasse,
2539 4963 2597 5010 et
2619 4968 2721 5026 pro
2748 4944 3062 5010 diversitate
3089 4956 3430 5022 peccatorum
3463 4944 3494 5000 e

1905 5049 2058 5107 ctelis
2084 5062 2255 5119 usque
2280 5048 2347 5105 ad
2370 5058 2575 5105 terram
2603 5047 2814 5103 diversa
2841 5058 3069 5116 corpora
3094 5042 3249 5115 quasi
3280 5039 3491 5095 vincula

1904 5142 2186 5209 meruisse,
2218 5156 2389 5213 eaque
2415 5142 2482 5197 de
2504 5154 2671 5197 causa
2698 5138 2904 5196 laetum
2934 5137 3101 5193 fuisse
3125 5133 3406 5191 mundum.

1973 5228 2233 5288 Noetiani‘
2268 5242 2299 5286 a
2352 5231 2589 5302 quodam
2636 5229 2836 5301 Noetio.
2864 5227 3073 5293 vocati,
3106 5225 3197 5296 qui
3239 5223 3494 5280 dicebant

1904 5324 2179 5383 Clit-istum
2195 5324 2442 5381 eumdem
2466 5339 2585 5380 esse
2605 5322 2822 5378 Patrem
2846 5328 2901 5376 et
2927 5319 3188 5387 Spiritum
3218 5320 3487 5374 sanctum.

1903 5419 2183 5490 ipsamque
2204 5418 2525 5474 Trinitatem
2553 5417 2608 5471 in
2622 5414 2919 5481 ofﬁciorum
2936 5410 3267 5479 nominibus,
3294 5422 3405 5465 non
3433 5408 3491 5464 in

1904 5512 2181 5583 personis,
2225 5510 2499 5581 accipiunt
2539 5528 2551 5564 :
2588 5509 2729 5563 unde
2773 5506 2833 5561 et’
2873 5502 3267 5577 Patripassl’anl
3291 5517 3491 5560 vocan-

1907 5610 2013 5666 tur,
2045 5604 2168 5672 quia
2198 5602 2414 5657 Patrem
2438 5614 2657 5671 passum
2686 5597 2891 5653 dicunt.

1978 5690 2270 5749 Sabelliani
2300 5690 2368 5745 ab
2407 5690 2595 5745 eodem
2638 5687 2831 5744 Noetio
2873 5686 3167 5759 pullulasse
3209 5685 3488 5748 dicuntur,

1909 5785 2062 5857 cujus
2096 5784 2416 5853 discipulum
2442 5780 2726 5851 perhibent
2755 5778 2920 5836 fuisse
2948 5777 3263 5843 Sabellium,
3298 5790 3364 5831 ex
3395 5787 3493 5828 cu-

1905 5876 1995 5949 jus
2025 5876 2241 5934 nomine
2269 5872 2502 5931 maxime
2534 5871 2917 5945 innotuerunt,
2950 5871 3093 5933 unde
3116 5877 3173 5930 et
3196 5863 3489 5931 Sabelllani
