3970 6458
505 352 613 450 375

1149 394 1210 448 B.
1251 392 1506 448 RABANI
1546 391 1764 448 MAURI
1801 391 2120 449 ARCHIEP.
2163 392 2470 450 MOGUNT.
2507 394 2793 452 OPERUM
2832 396 3011 452 PARS
3050 396 3091 450 1.

3663 403 3769 458 576

496 510 672 564 vocati
718 518 842 565 sunt
883 530 895 564 :
936 510 993 564 hi
1035 523 1199 564 unam
1233 523 1516 580 personam
1559 507 1735 566 Patris
1773 518 1828 564 et
1871 508 1993 564 Filii
2030 515 2084 564 ct
2109 509 2161 570 A
2187 517 2299 564 tum
2346 510 2620 565 Christum
2667 511 2800 566 alios
2847 511 3068 566 Mariam
3115 509 3254 567 ﬁlios
3298 512 3368 568 de
3405 511 3525 570 viro
3569 513 3771 586 Ioseph

497 601 732 670 Spiritus
762 600 934 655 sancti
967 607 1233 662 astruunt.

567 693 753 746 Ariani
785 692 852 746 ab
888 690 1021 746 Ario
1059 691 1426 747 Alexandrino
1453 692 1771 764 presbytero
1800 691 1905 747 orti
1932 701 2076 758 sunt,

493 784 583 853 qui
614 791 942 839 coaeternum
966 783 1112 838 Patri
1143 784 1334 838 Filium
1363 799 1468 839 non
1497 785 2080 855 agnoscens,-diversas

492 875 544 928 in
581 874 845 930 Trinitate
886 875 1219 930 substantias
1260 877 1521 942 asseruit,
1558 884 1748 931 contra
1775 875 1908 930 illud
1937 875 2078 946 quod

489 969 565 1022 ait
591 968 850 1023 Dominus
875 986 890 1022 :
917 967 1030 1040 Ego
1059 977 1108 1023 et
1135 967 1299 1023 Pater
1316 985 1479 1023 unum
1507 986 1688 1023 sumus
1718 968 1900 1039 (Joan.
1923 968 2003 1039 ι).

557 1058 924 1113 Macedoniani
961 1074 992 1113 a
1017 1057 1331 1114 Macedonio
1352 1057 1945 1128 Constantinopolitano
1963 1058 2077 1128 epi-

484 1165 648 1220 scopo
675 1151 807 1205 dicti
842 1158 984 1216 sunt,
1026 1158 1285 1222 negantes
1311 1149 1482 1206 Deum
1509 1165 1628 1206 esse
1664 1149 1925 1220 Spiritum
1952 1165 2077 1205 san-

484 1251 653 1298 ctum.

556 1336 957 1407 Apollinarislae
991 1337 1058 1392 ab
1096 1332 1393 1404 Apollinari
1425 1335 1601 1390 vocati
1643 1342 1800 1400 sunt,
1833 1335 2074 1390 dicentes

485 1429 761 1484 Christum
791 1443 987 1498 corpus
1008 1427 1380 1482 tantummodo
1399 1426 1517 1481 sine
1542 1427 1722 1481 anima
1747 1427 2068 1497 suscepisse.

553 1519 1012 1574 Antidicomaritae
1037 1518 1287 1588 appellati
1313 1527 1456 1584 sunt,
1505 1533 1606 1588 pro
1631 1533 1698 1574 eo
1721 1519 1863 1589 quod
1889 1519 2072 1573 Mariae

479 1612 779 1684 virginitati
814 1611 1225 1677 contradicunt,
1269 1620 1576 1667 asserentes
1604 1625 1725 1666 eam
1752 1620 1876 1681 post
1908 1610 2068 1667 Chri-

476 1713 620 1758 stum
649 1712 836 1759 natum
861 1704 980 1759 viro
1006 1719 1104 1760 suo
1130 1703 1296 1759 fuisse
1323 1705 1665 1760 commistam

2183 615 2474 671 peperisse.

2250 693 2561 750 Paterniani
2584 709 2614 749 a
2638 694 2871 751 Paterno
2892 696 3124 766 quodam
3146 698 3344 765 exorti,
3366 698 3460 770 qui
3481 698 3779 758 infer-inm

2180 787 2422 855 corporis
2448 795 2634 857 partes
2655 803 2685 842 a
2715 787 2930 845 diabolo
2955 787 3126 845 factas
3151 790 3465 861 opinantur.

2248 876 2467 932 Arabici
2502 879 2814 948 nuncupati,
2847 894 2913 934 eo
2937 881 3081 950 quod
3106 881 3161 935 in
3187 880 3386 936 Arabia
3411 882 3596 938 exorti
3624 892 3773 950 sunt,

2177 965 2420 1023 dicentes
2444 969 2680 1022 animam
2709 985 2830 1024 cum
2859 984 3086 1040 corpore
3112 972 3273 1038 mori,
3302 980 3467 1042 atque
3494 974 3554 1029 in
3586 975 3774 1030 novis-

2177 1057 2313 1112 simo
2336 1066 2626 1131 utrumque
2650 1075 2950 1132 resurgere.

2247 1148 2662 1206 Tertullianistae
2689 1153 2816 1207 dicti
2845 1167 2877 1206 a
2898 1153 3248 1218 Tertulliano,
3281 1156 3611 1227 presbytero
3630 1154 3773 1210 Afri-

2175 1254 2322 1296 cana:
2356 1243 2643 1312 provinciae
2665 1251 2720 1298 et
2759 1243 2996 1300 civitatis
3021 1244 3488 1318 Carthaginensis,
3527 1247 3773 1301 animam

2175 1329 2534 1386 immortalem
2565 1348 2716 1400 esse,
2767 1335 2862 1389 sed
2904 1350 3222 1406 corpoream
3262 1336 3674 1408 pmdimntes,
3720 1344 3774 1390 et

2175 1419 2382 1474 animas
2413 1421 2691 1476 hominum
2729 1432 3104 1491 peccatorum,
3145 1432 3267 1496 post
3307 1435 3542 1482 mortem
3569 1428 3634 1482 in
3666 1426 3773 1480 daa-

2172 1527 2359 1567 mones
2381 1514 2622 1568 converti
2650 1523 2924 1584 putantes.

2242 1599 2731 1658 Tessarodecaditae
2767 1604 2929 1670 dicti,
2974 1607 3116 1676 quod
3154 1614 3346 1677 quarta
3377 1607 3594 1664 decima
3643 1607 3769 1663 luna

2168 1693 2368 1760 pascha
2404 1708 2526 1748 cum
2559 1692 2759 1749 Judaais
2795 1698 3188 1753 observandum
3217 1701 3587 1765 contendunt;
3639 1715 3767 1754 nam

545 1795 1029 1866 Metangismonitze
1052 1796 1174 1852 ideo
1203 1795 1308 1850 tale
1335 1810 1530 1850 nomen
1559 1794 1914 1866 acceperunt,
1941 1796 2068 1866 quia
2171 1790 2374 1836 “issam
2401 1792 2654 1853 (Ιυθιυοΐν
2689 1787 2820 1842 deca
2847 1788 3032 1844 decem
3063 1789 3347 1860 Signiﬁcat.
3542 1865 3547 1869 ,

471 1903 659 1962 angos,
700 1887 854 1964 ἄγγος
892 1887 1102 1954 Graece,
1135 1903 1232 1942 vas
1261 1887 1479 1943 dicitur.
1513 1885 1777 1943 Asserunt
1806 1887 1951 1942 enim
1979 1889 2047 1944 sit

2234 1871 2494 1944 Nyctares
2525 1893 2555 1930 a
2587 1892 2778 1933 somno
2804 1881 3130 1949 nuncupati,
3160 1883 3304 1951 quod
3333 1882 3546 1954 vigilias
3581 1885 3767 1940 noctis

470 1997 590 2036 esse
618 1982 671 2036 in
700 1989 856 2050 patre
882 1980 1112 2047 Filium,
1151 1989 1411 2050 tanquam
1437 1995 1534 2035 vas
1567 1980 1750 2034 minus
1792 1979 1935 2034 intra
1963 1995 2063 2036 vas

471 2072 665 2142 majus.

537 2161 830 2217 Patriciani
857 2177 889 2218 a
917 2164 1152 2233 quodam
1178 2161 1418 2220 Patricio
1453 2164 1748 2234 nuncupati
1779 2173 1935 2232 sunt,
1966 2165 2059 2237 qui

467 2253 828 2310 substantiam
853 2255 1103 2310 humana:
1127 2254 1310 2310 carnis
1336 2269 1367 2309 a
1396 2253 1611 2310 diabolo
1637 2256 1908 2312 conditam
1936 2273 2058 2314 esse

464 2344 668 2400 dicunt.

533 2435 862 2492 Colinthiani
898 2451 929 2491 a
957 2439 1192 2508 quodam
1226 2437 1477 2495 Colintho
1509 2440 1807 2508 nominati,
1849 2442 1942 2512 qui
1976 2442 2056 2498 di-

462 2534 592 2578 cunt
639 2525 806 2581 Deum
849 2541 956 2580 non
1002 2525 1183 2583 facere
1227 2528 1463 2595 malum,
1513 2539 1704 2586 contra
1746 2531 1875 2586 illud
1911 2533 2056 2602 quod

461 2615 722 2686 scriptum
742 2625 858 2672 est:
884 2617 998 2688 Ego
1019 2617 1280 2674 Dominus
1302 2636 1486 2675 creans
1508 2621 1705 2675 malum
1728 2622 1882 2694 (lsai.
1902 2624 2050 2696 XLV).

533 2709 772 2764 Floriani
818 2727 850 2766 a
891 2711 1130 2778 Floriuo,
1168 2713 1260 2783 qui
1293 2728 1324 2769 e
1351 2715 1626 2770 contrario
1659 2717 1845 2772 dicunt
1881 2717 2052 2773 Deum

457 2815 671 2856 creasse
702 2801 874 2867 mala,
913 2811 1103 2859 contra
1141 2804 1195 2858 id
1237 2807 1382 2875 quod
1424 2807 1686 2877 scriptum
1723 2816 1808 2863 est
1849 2825 1861 2863 :
1901 2807 2053 2865 Fecit

455 2891 596 2945 Deus
625 2893 799 2946 omnia
825 2893 980 2948 bona.

526 2983 827 3038 Donatistae
854 2999 884 3038 a
914 2985 1124 3041 Donato
1158 2987 1393 3058 quodam
1430 2989 1564 3045 Afro
1594 2991 1889 3062 nuncupati
1911 3033 1925 3058 ,
1956 2993 2050 3063 qui

455 3076 521 3130 de
557 3073 810 3130 Numidia
837 3075 1083 3142 veniens,
1117 3086 1286 3134 totam
1329 3095 1468 3150 pene
1497 3080 1736 3138 Africam
1783 3098 1881 3138 sua
1925 3099 2050 3154 per-

453 3164 708 3220 suasione
748 3167 1000 3238 decepit:
1037 3182 1290 3225 asserens
1317 3171 1583 3227 minorem
1627 3173 1788 3229 Patre
1816 3175 2044 3242 Filium,

450 3264 506 3311 et
533 3258 800 3314 minorem
828 3258 969 3316 Filio
999 3257 1264 3330 Spiritum
1289 3269 1539 3318 sanctum
1558 3307 1574 3334 ,
1609 3273 1666 3321 et
1701 3265 2048 3337 rebaptizaus

452 3351 769 3409 catholicos.

523 3443 808 3501 Bonosaici
843 3461 876 3502 a
909 3445 1123 3504 Bonoso
1156 3449 1390 3519 quodam
1421 3450 1674 3522 episcopo
1703 3453 1881 3508 exorti
1914 3467 2044 3524 pro-

456 3532 681 3601 dun'tur,
724 3536 816 3605 qui
846 3534 1126 3593 Christum
1167 3539 1365 3594 Filium
1405 3539 1504 3596 Dei
1544 3542 1888 3612 adoptivum,
1935 3560 2045 3602 non

450 3624 731 3694 proprium
749 3665 766 3693 ,
797 3636 1066 3682 asserunt.

523 3714 1026 3787 Circumcelliones,
1047 3719 1177 3777 dicti
1206 3736 1272 3778 eo
1299 3725 1444 3794 quod
1474 3732 1715 3795 agrestes
1738 3735 1884 3794 sunt,
1906 3742 2044 3799 quos

447 3808 763 3880 Cothopitas
783 3820 1012 3878 vocant,
1044 3815 1368 3883 supradictae
1395 3816 1620 3872 haeresis
1649 3817 1913 3874 habentes
1940 3820 2040 3875 do-

453 3900 708 3956 ctrinam.
736 3899 805 3957 lii
827 3916 1015 3958 amore
1043 3904 1292 3976 martyrii
1321 3907 1639 3977 semetipsos
1666 3907 1958 3976 perimunt,
1981 3917 2043 3965 ut

447 3991 713 4048 violenter
745 3993 814 4048 de
855 3994 962 4050 hac
997 3994 1110 4050 vita
1141 3995 1515 4066 discedentes,
1560 4007 1830 4070 martyres
1867 4002 2042 4057 nomi-

447 4092 667 4138 nentur.

516 4171 944 4232 Priscillianistzn
971 4190 1002 4231 a
1027 4174 1368 4233 Priscilliano
1392 4178 1604 4245 vocati,
1632 4181 1725 4251 qui
1755 4182 1811 4238 in
1845 4183 2042 4256 Hispa-

450 4264 541 4319 nia
569 4279 635 4320 ex
660 4280 847 4323 errore
877 4266 1262 4325 Gnosticorum
1305 4277 1361 4326 et
1387 4269 1807 4330 Manichaeorum
1838 4278 2039 4348 permi-

450 4365 593 4413 stum
623 4361 816 4432 dogma
839 4361 1158 4431 composuit.

517 4447 848 4505 Luciferiani
875 4465 906 4504 a
934 4449 1186 4507 Lucifero
1216 4451 1444 4524 Syrmia:
1472 4455 1726 4527 episcopo
1751 4458 1878 4514 orti.
1909 4458 2038 4529 Epi-

445 4558 637 4614 scopos
666 4545 983 4612 catholicos,
1026 4546 1119 4618 qui
1154 4547 1455 4604 Constantii
1491 4553 1868 4619 persecutione
1911 4567 2036 4622 per-

445 4634 588 4691 ﬁdiae
611 4635 937 4694 Arianorum
965 4638 1364 4697 consentientes
1393 4651 1576 4708 erant,
1610 4650 1665 4697 et
1693 4651 1878 4712 postea
1915 4658 2036 4699 cor—

445 4728 612 4791 recti,
655 4729 834 4786 redire
878 4731 934 4784 in
979 4731 1277 4788 Ecclesiam
1321 4735 1640 4789 catholicam
1692 4735 2031 4807 delegerunt,

445 4818 767 4874 damnantes
797 4819 910 4875 sive
943 4823 1088 4890 quod
1123 4823 1495 4891 crediderant,
1538 4827 1651 4882 sive
1680 4829 1824 4897 quod
1861 4829 2036 4884 credi-

442 4906 588 4963 disse
633 4922 692 4963 se
735 4909 1148 4976 simulaverant,
1194 4912 1435 4970 Ecclesia
1479 4918 1744 4973 catholica
1787 4929 2031 4976 materno

439 4998 648 5070 recepit
674 4999 816 5066 sinu,
839 5008 1097 5070 tanquam
1115 5001 1336 5057 Petrum
1356 5014 1479 5074 post
1498 5005 1683 5062 ﬂetum
1708 5009 2026 5079 negationis.

439 5089 592 5146 lianc
654 5090 731 5147 illi
776 5094 969 5148 matris
1025 5093 1348 5149 cbaritatem
1398 5097 1629 5167 superbe
1673 5099 2028 5168 accipientes,

438 5195 639 5250 eosque
668 5183 909 5253 recipere
951 5182 1221 5250 nolentes,
1252 5186 1320 5240 ab
1354 5185 1610 5241 Ecclesiae
1651 5188 2030 5244 communione

439 5284 812 5342 recesserunt,
857 5284 912 5330 et
944 5293 1084 5332 cum.
1108 5277 1226 5347 ipso
1259 5276 1509 5335 Lucifero
1536 5289 1758 5336 auctore
1786 5296 1904 5348 suo,
1934 5282 2028 5352 qui

440 5382 598 5422 mane
628 5368 922 5435 oriebatur,
953 5372 1149 5426 cadere
1182 5381 1515 5427 meruerunt.

509 5454 878 5514 Jovinianistte
911 5474 941 5514 a
976 5459 1260 5517 Joviniano
1293 5464 1527 5531 quodam
1570 5467 1840 5522 monacho
1869 5466 2021 5534 dicti,

321 5543 328 5554 '
417 5557 744 5624 asserentes
781 5550 982 5605 nullam
1025 5553 1334 5624 nuptiarum
1377 5562 1434 5608 e't
1474 5557 1743 5628 virginum
1781 5574 1901 5614 esse
1945 5561 2025 5615 di-

395 5704 402 5710 _
436 5642 720 5708 stantiam,
750 5645 1063 5716 nullumque
1090 5647 1235 5704 inter
1263 5647 1596 5706 abstinentes
1621 5660 1676 5708 et
1710 5652 2026 5724 simpliciter

421 5734 714 5812 epulantes
740 5751 860 5791 esse
885 5737 1193 5794 discrimen.

417 5827 422 5830 ’
491 5813 771 5884 'Elvidiani
802 5829 870 5885 ab
895 5829 1105 5885 Elvidio
1135 5833 1419 5901 nominati,
1450 5838 1542 5904 qui
1571 5838 1753 5894 dicunt
1779 5847 1901 5907 post
1932 5854 2022 5893 na-

2164 1973 2440 2034 respuant,
2464 1969 2905 2036 superstitionem
2928 1985 3047 2026 esse
3068 1972 3327 2038 dicentes,
3349 1971 3472 2042 jura
3499 1976 3766 2032 temerari

2163 2055 2282 2123 Dei,
2313 2059 2405 2127 qui
2434 2069 2646 2116 noctem
2675 2063 2742 2117 ad
2770 2065 3010 2134 requiem
3037 2065 3244 2122 tribuit.

2233 2149 2504 2222 Pelagiani
2545 2169 2576 2208 a
2614 2153 2832 2226 Pelagio
2861 2159 3128 2213 monacho
3160 2160 3356 2216 exorti.
3404 2159 3470 2216 Hi
3517 2161 3763 2218 liberum

2162 2243 2442 2299 arbitrium
2469 2245 2666 2302 divinae
2691 2248 2876 2318 gratia;
2927 2259 3292 2320 anteponunt,
3328 2252 3570 2309 dicentes
3609 2256 3764 2310 suni-

2159 2348 2284 2390 cere
2305 2334 2632 2392 voluntatem
2663 2339 2730 2393 ad
2756 2338 3023 2408 implenda
3051 2335 3238 2396 divina'
3250 2341 3420 2412 jussa.

2228 2426 2530 2484 Nestoriani
2555 2445 2585 2484 a
2611 2429 2860 2486 Nestorio
2880 2431 3474 2502 Constantinopolitano
3493 2436 3762 2508 episcopo

2157 2520 2470 2589 nuncupati,
2497 2520 2588 2589 qui
2617 2521 2831 2576 beatam
2851 2521 3114 2592 virginem
3135 2522 3354 2578 Mariam
3382 2540 3490 2581 non
3517 2524 3640 2593 Dei,
3662 2527 3760 2582 sed

2157 2610 2393 2666 hominis
2425 2614 2798 2670 tantummodo
2825 2615 3060 2669 asseruit
3093 2615 3410 2686 genitricem
3430 2657 3446 2684 ,
3487 2626 3549 2671 ut
3581 2618 3759 2674 aliam

2153 2714 2444 2770 personam
2479 2703 2680 2769 carnis,
2721 2703 2880 2758 aliam
2923 2703 3128 2760 faceret
3162 2705 3406 2773 deitatis;
3444 2722 3551 2762 nec
3576 2725 3758 2764 unum

2153 2787 2431 2845 Christum
2467 2791 2522 2846 in
2554 2792 2732 2847 Verbo
2762 2792 2857 2847 Dei
2893 2800 2947 2847 et
2976 2808 3139 2848 carne
3166 2794 3394 2848 credidit
3413 2835 3429 2856 ,
3464 2796 3561 2850 sed
3589 2812 3759 2867 sepa-

2154 2881 2315 2937 ratim
2344 2891 2504 2952 atque
2538 2882 2846 2953 sejunctim,
2874 2884 3105 2941 alterum
3133 2884 3328 2941 Filium
3358 2886 3477 2952 Dei,
3510 2888 3755 2945 alterum

2154 2972 2322 3028 tilium
2351 2975 2587 3030 hominis
2613 2977 2948 3046 praedicavit.

2223 3067 2543 3139 Eutychiani
2566 3070 2634 3124 ab
2653 3069 2897 3141 Eutyche
2911 3069 3508 3142 Constantinopolitano
3528 3072 3749 3139 abbate,

2151 3159 2245 3229 qui
2269 3159 2546 3215 Christum
2574 3171 2695 3231 post
2738 3161 3031 3216 humanam
3059 3162 3483 3232 assumptionem
3530 3164 3753 3234 negavit

2075 3233 2120 3297 Ο
2151 3252 2386 3307 existere
2409 3253 2475 3308 de
2497 3254 2705 3309 duabus
2729 3255 2968 3322 naturis,
3006 3255 3100 3311 sed
3125 3255 3297 3311 solum
3326 3255 3382 3310 in
3406 3269 3474 3311 eo
3502 3233 3749 3311 divinam

2150 3346 2385 3401 asseruit
2409 3361 2528 3403 esse
2554 3355 2826 3402 naturam.

2218 3437 2478 3508 Acephali
2506 3438 2671 3505 dicti,
2703 3439 2758 3494 id
2786 3447 2870 3494 est
2904 3439 3020 3494 sine
3041 3437 3214 3510 capite
3243 3438 3384 3508 quod
3421 3447 3744 3509 sequantur,

2147 3531 2419 3595 haeretici;
2453 3531 2634 3588 nullus
2671 3532 2815 3588 enim
2841 3547 3027 3587 eorum
3059 3532 3328 3602 reperitur
3353 3538 3549 3587 auctor
3578 3547 3608 3585 a
3637 3547 3747 3602 quo

2147 3622 2321 3677 exorti
2357 3623 2505 3677 sint:
2542 3623 2597 3677 hi
2634 3623 2798 3677 trium
2824 3622 3338 3678 Chalcedonensium
3375 3622 3742 3694 capitulorum

2147 3713 2570 3784 impugnatores,
2595 3713 2820 3768 duarum
2849 3713 2902 3767 in
2923 3711 3139 3768 Christo
3162 3700 3593 3768 substantianim
3616 3729 3743 3783 pro-

2144 3806 2426 3875 prietatem
2456 3813 2677 3874 negant,
2708 3813 2764 3860 et
2791 3819 2954 3858 unam
2983 3803 3039 3858 in
3073 3804 3192 3872 ejus
3224 3818 3458 3873 persona
3486 3812 3741 3858 naturam

2142 3898 2458 3968 praedicant.

2215 3987 2574 4045 Theodosiani
2610 3997 2665 4046 et
2691 3986 2955 4044 Gaianitre
2984 3987 3234 4059 appellati
3281 4002 3312 4043 a
3339 3984 3647 4044 Theodosio
3684 3997 3740 4045 et

2141 4082 2370 4149 Gaiano,
2403 4084 2496 4153 qui
2535 4084 2867 4154 temporibus
2900 4081 3192 4138 Iustiniani
3225 4083 3490 4154 principis
3524 4083 3584 4139 in
3613 4083 3740 4138 Ale-

2141 4177 2389 4242 xandria,
2416 4177 2595 4247 populi
2624 4177 2867 4247 perversi
2898 4177 3159 4234 electione
3186 4191 3294 4232 uno
3323 4177 3412 4232 die
3437 4185 3566 4232 sunt
3594 4177 3738 4232 ordi-

2142 4271 2254 4325 nati
2285 4270 2544 4340 episcopi.
2589 4269 2655 4324 Hi
2696 4285 2911 4326 errores
2939 4270 3254 4342 Eutychetis
3279 4279 3336 4327 et
3364 4270 3613 4327 Dioscuri
3648 4287 3738 4328 se-

2139 4371 2390 4433 quentes,
2413 4361 2854 4417 Chalcedonense
2877 4361 3161 4417 concilium
3183 4370 3479 4432 respuunt;
3510 4378 3579 4418 ex
3604 4363 3735 4417 dua.

2137 4454 2240 4508 bus
2267 4467 2430 4507 unam
2462 4453 2518 4506 in
2546 4452 2763 4508 Christo
2789 4460 3038 4506 naturam
3063 4460 3343 4519 asserunt,
3367 4466 3531 4522 quam
3560 4451 3731 4508 Theo—

2141 4544 2350 4599 dosiani
2363 4552 2697 4614 corruptam,
2711 4543 2974 4599 Gaianitaa
2996 4544 3359 4614 incorruptam
3373 4547 3725 4600 contendunt.

2061 4595 2115 4654 Β
2211 4634 2420 4689 ϐηοίιω
2441 4643 2498 4689 ct
2522 4595 2762 4690 'i‘ritoitae
2790 4649 2821 4688 a
2845 4595 3241 4690 Theodosiani;
3259 4636 3434 4690 exorti
3466 4646 3625 4700 sunt,
3659 4651 3723 4691 ex

2138 4726 2333 4796 quibus
2360 4725 2569 4782 Gnoitae
2597 4730 2663 4782 ab
2707 4728 3012 4798 ignorantia
3040 4729 3191 4792 dicti,
3223 4729 3349 4797 quia
3377 4729 3723 4799 perversitati

2136 4837 2166 4874 a
2192 4823 2299 4890 qua
2325 4821 2501 4876 exorti
2529 4827 2672 4886 sunt,
2698 4821 2753 4874 id
2773 4821 3054 4891 adjiciunt,
3083 4820 3225 4891 quod
3243 4820 3448 4876 Christi
3471 4821 3724 4876 divinitas

2133 4913 2348 4985 ignoret
2387 4913 2569 4968 futura
2603 4928 2722 4982 quae
2760 4921 2888 4968 sunt
2921 4915 3122 4983 scripta
3157 4915 3224 4969 de
3251 4915 3339 4969 die
3365 4922 3420 4969 et
3455 4913 3592 4970 hora
3623 4928 3721 4968 no—

2131 5003 2385 5070 vissima;
2416 5019 2523 5058 non
2557 5003 2906 5059 recordantes
2933 5003 3136 5058 Christi
3163 5018 3452 5073 personam
3492 5004 3547 5057 in
3582 5003 3719 5058 Isaia

2129 5094 2400 5164 loquentis
2431 5113 2443 5148 :
2475 5095 2599 5149 Dies
2615 5094 2812 5165 judicii
2840 5096 2896 5148 in
2921 5095 3076 5150 corde
3102 5111 3216 5149 meo
3245 5094 3400 5166 (Isai.
3431 5093 3611 5164 um).

2203 5185 2447 5240 Tritoitae
2478 5199 2610 5240 vero
2635 5186 2848 5251 vocati,
2875 5186 3019 5255 quod
3060 5185 3200 5240 sicut
3231 5192 3341 5240 tres
3373 5200 3635 5256 personas
3660 5184 3712 5240 in

2131 5277 2416 5345 Trinitate,
2445 5279 2520 5332 ita
2555 5292 2770 5347 quoque
2797 5285 2906 5332 tres
2934 5285 3185 5333 astruunt
3205 5280 3334 5333 deos
3357 5291 3502 5342 esse,
3527 5288 3711 5334 contra

2129 5371 2260 5426 illud
2287 5372 2431 5442 quod
2459 5373 2718 5443 scriptum
2741 5381 2861 5428 est:
2888 5372 3051 5437 Audi,
3080 5370 3270 5438 Israel,
3294 5372 3554 5428 Dominus
3577 5373 3710 5427 Dm

2131 5472 2272 5530 tuus,
2306 5463 2448 5520 Deus
2481 5482 2614 5520 unus
2643 5475 2737 5519 est.
2773 5464 2910 5520 Sunt
2945 5474 3002 5519 et
3036 5464 3421 5519 aliaalhaareses
3459 5467 3579 5522 sine
3614 5479 3708 5519 au-

2131 5563 2296 5621 ctore,
2328 5568 2383 5612 et
2423 5557 2540 5612 sine
2565 5557 2892 5621 nominibus,
2932 5570 3005 5610 ex
3029 5555 3222 5625 quibus
3249 5552 3368 5609 alia:
3409 5551 3704 5609 triformem

2129 5656 2324 5717 putant
2356 5648 2524 5702 Deum
2552 5662 2692 5712 esse,
2723 5646 2843 5701 alia:
2865 5646 3066 5702 Christi
3095 5645 3434 5701 divinitatem
3477 5644 3707 5715 passth

2131 5739 2235 5794 lem
2262 5756 2380 5795 esse
2414 5741 2619 5808 dicunt,
2657 5741 2774 5795 alite
2804 5740 3004 5795 Christi
3031 5741 3095 5794 dc
3122 5739 3281 5794 Patre
3308 5733 3580 5794 nativitatl
3607 5730 3705 5787 ini-

2131 5836 2265 5890 tium
2315 5836 2572 5905 temporis
2613 5836 2778 5902 dant,
2822 5836 2940 5890 alia:
3001 5836 3373 5896 liberationem
3425 5834 3696 5890 bommum
