3974 6504
412 438 519 499 5'19

1083 429 1143 489 Β.
1181 430 1435 489 RABANI
1470 428 1686 487 MAURI
1726 414 2042 483 ARCHlEP.
2084 420 2405 520 MOGUNT.’
2432 416 2716 478 OPERUM
2754 420 2931 477 PARS
2967 416 3008 476 Ι.

3556 420 3693 478 380

415 559 760 630 proﬁceretur
784 557 841 608 in
868 547 1187 623 profundunt
1211 548 1375 602 maris
1420 544 1631 613 (Matth.
1662 540 1839 612 xvm).
1887 539 1992 594 Per
2017 543 2071 601 Α
2093 537 2308 630 quando
2360 537 2456 630 Dei
2483 535 2798 630 clariﬁcatio
2832 535 2935 630 erit
2981 547 3209 630 summa.
3254 532 3557 630 Sed-prius
3596 534 3704 589 hic

418 623 621 703 molam
651 642 849 714 quippe
875 639 1191 704 asinariam,
1220 637 1491 693 saecularis
1513 636 1638 690 vitae
1657 633 1918 689 circuitus
1939 636 1998 685 et
2029 634 2039 644 '
2095 628 2489 697 quodammodo
2534 626 2863 683 clariﬁcatur
2885 625 3048 689 Deus,
3081 626 3204 679 dum
3245 639 3344 695 per
3369 623 3533 678 fidem
3556 639 3703 680 cre-

420 740 577 795 labor
619 733 965 806 exprimitur,
1016 738 1072 786 et
1115 728 1440 800 profundum
1491 728 1658 782 maris
1682 766 1696 792 ,
1750 731 1997 780 extrema
2096 720 2338 776 dentium
2390 728 2445 778 et
2488 729 2799 776 sanctarum
2829 717 3228 788 Scripturarum
3271 716 3703 771 manifestariu-

424 828 697 887 damnatio
749 824 1082 896 designatur.
1138 822 1241 889 Qui
1287 836 1417 892 ergo
1463 818 1764 874 sanctitatis
1820 815 1999 886 specie
2097 831 2223 871 nem
2246 816 2299 869 in
2333 820 2445 869 tota
2472 812 2657 867 mundi
2686 810 2967 865 latitudine
2985 808 3328 880 praedicatur.
3362 806 3525 863 Nunc
3544 809 3703 862 enim

427 920 708 983 deductus,
741 914 827 970 vel
872 914 1036 970 verbo
1056 954 1070 979 ,
1097 912 1184 968 vel
1209 911 1458 981 exemplo
1483 916 1708 964 caeteros
1736 906 1997 970 destruit,

424 1007 617 1064 melius
647 1004 895 1077 profecto
914 1003 1093 1060 fuerat
1111 1044 1127 1069 ,
1158 1010 1219 1057 ut
1239 1003 1384 1058 hunc
1415 1000 1483 1055 ad
1509 1006 1736 1054 mortem
1763 996 1863 1052 sub
1901 1010 1999 1050 ex-

424 1102 611 1157 teriori
663 1101 851 1156 habitu
891 1109 1108 1155 terrena
1153 1104 1275 1152 aeta
1312 1094 1777 1164 constringerent,
1839 1103 2003 1159 quam

428 1194 572 1248 hunc
602 1207 757 1247 sacra
802 1189 977 1247 cilicia
1006 1190 1061 1244 in
1104 1189 1263 1259 culpa
1301 1186 1512 1242 caneris
1551 1181 1867 1238 imitabilem
1912 1180 2007 1235 de-

430 1291 821 1349 monstrarent,
840 1283 973 1353 quia
982 1278 1468 1339 nimirumsisolus
1485 1278 1719 1340 caderet,
1736 1282 2009 1342 utcmque

431 1377 576 1431 hunc
622 1374 951 1431 tolerabilior
975 1372 1183 1427 inferna
1218 1385 1379 1442 ptnna
1418 1369 1706 1425 cruciaret.
1744 1365 1852 1422 Sed
1880 1364 2009 1434 quia

438 1481 728 1541 utrumque
757 1484 978 1525 necesse
1025 1475 1146 1533 est,
1190 1474 1251 1520 ut
1289 1467 1486 1520 bonam
1529 1464 1699 1518 vitam
1744 1461 2009 1532 sapientia

438 1559 690 1625 illustret,
712 1567 768 1613 et
787 1558 1103 1628 sapientiam
1122 1558 1264 1611 bona
1282 1555 1395 1610 vita
1416 1554 1777 1618 commendet,
1802 1561 2012 1606 utrum-

439 1663 546 1718 que
566 1648 622 1703 in
643 1648 748 1704 hoc
773 1647 913 1703 libro
941 1648 1013 1719 (si
1031 1644 1289 1701 Dominus
1310 1644 1580 1715 annuerit)
1608 1643 1933 1713 digeremus,
1957 1641 2013 1696 id

434 1746 542 1802 est,
593 1744 653 1790 ut
685 1736 859 1792 sciant
890 1736 946 1790 bi
991 1736 1084 1806 qui
1111 1737 1169 1791 in
1198 1734 1369 1790 sacris
1415 1733 1695 1790 ordinibus
1722 1732 1975 1788 Ecclesia:
1996 1771 2011 1798 ,

438 1836 533 1882 aut
551 1827 667 1897 jam
696 1828 923 1882 Domino
970 1828 1316 1893 deserviunt,
1349 1836 1459 1882 aut-
1481 1827 1801 1883 deservituri
1831 1833 2008 1893 erunt,

434 1928 655 1988 quantae
678 1919 994 1975 eruditionis
1010 1919 1089 1973 eis
1104 1932 1238 1988 opus
1257 1919 1330 1974 sit
1345 1919 1398 1972 in
1429 1919 1629 1984 animo,
1653 1926 1710 1973 et
1726 1932 1889 1989 quam
1929 1932 2015 1972 so-

438 2006 570 2063 briae
588 2008 987 2079 vitaeexemplo,
1010 2017 1330 2079 quantaque
1350 2010 1569 2065 virtutis
1592 2018 1648 2065 et
1675 2009 2015 2065 discretionis

440 2098 495 2155 in
526 2100 787 2168 docendo,
818 2109 880 2156 ut
905 2116 1008 2156 nec
1035 2101 1307 2155 discordet
1344 2101 1452 2155 vita
1480 2102 1807 2171 prudentiae,
1841 2115 2015 2173 neque

439 2205 622 2247 sermo
648 2192 930 2249 dissentiat
967 2192 1288 2263 disciplinae.

1058 2303 1288 2359 CAPUT
1326 2302 1390 2357 II.

435 2364 519 2446 De
562 2392 841 2447 eminentia
894 2409 1188 2467 sacrarum,
1216 2392 1641 2467 Scripturarnm,
1687 2403 1735 2449 et
1778 2395 1850 2449 ad
1891 2395 2015 2467 quid

817 2412 841 2447 a
894 2412 1167 2448 sacrarum
1216 2412 1330 2448 acri
1369 2412 1635 2460 turaram,

817 2465 983 2519 omnis
1007 2465 1225 2519 scientia
1254 2412 1525 2532 reﬂanda
1548 2467 1635 2520 sit.

503 2550 936 2613 Fundamentum
961 2562 1162 2621 autem,
1194 2562 1366 2611 status
1393 2563 1449 2610 et
1492 2554 1756 2626 perfectio
1782 2554 2016 2626 pruden-

436 2643 526 2700 tiae
544 2683 559 2710 ,
589 2645 814 2703 scientia
840 2655 927 2703 est
962 2655 1271 2702 sanctarum
1301 2646 1701 2717 Scripturarum
1737 2665 1749 2701 :
1798 2662 1919 2717 quae
1948 2647 2016 2704 ab

434 2733 528 2789 illa
573 2734 997 2791 incommutabili
1044 2743 1355 2808 mternaque
1397 2737 1673 2808 sapientia
1707 2736 1980 2809 proﬂuens
1996 2777 2013 2806 ,

434 2843 559 2898 quae
598 2844 667 2884 ex
705 2844 805 2886 ore
835 2828 1099 2887 Altissimi
1134 2832 1367 2899 prodiit,
1409 2831 1768 2902 primogenita
1810 2833 2017 2889 scilicet

438 2927 565 2976 ante
600 2935 820 2977 omnem
855 2930 1159 2979 creaturam
1204 2921 1439 2995 Spiritus
1466 2925 1639 2979 sancti
1682 2924 2016 2981 distributio-

432 3011 597 3071 nibus
616 3051 631 3078 ,
659 3028 757 3082 per
779 3028 907 3069 vasa
938 3012 1232 3082 Scriptura
1254 3014 1434 3070 lumen
1462 3014 1778 3071 indeiiciens
1803 3056 1817 3081 ,
1861 3014 2015 3085 quasi

434 3115 535 3172 per
568 3101 803 3157 internas
851 3102 970 3158 orbi
996 3102 1139 3157 lueet
1189 3103 1443 3159 universo
1466 3144 1481 3170 ,
1528 3119 1594 3160 ac
1621 3104 1667 3160 si
1710 3105 1838 3174 quid
1872 3105 2015 3161 aliud

434 3199 542 3258 est,
572 3194 714 3262 quod
743 3194 1020 3265 sapientia:
1053 3196 1275 3251 nomine
1304 3196 1409 3252 rite
1441 3197 1655 3253 censeri
1697 3198 1900 3268 possit,
1947 3199 2014 3255 ab

436 3299 546 3341 uno
573 3284 936 3358 Ecclesiteque
958 3288 1236 3357 sapientiae
1263 3288 1414 3349 fonte
1441 3291 1765 3358 derivatum,
1803 3291 1869 3346 ad
1897 3291 2016 3362 ejus

434 3386 711 3449 respectat
731 3379 1016 3450 originem.
1042 3379 1317 3450 Quidquid
1335 3382 1482 3437 enim
1504 3383 1620 3437 veri
1642 3398 1675 3439 a
1695 3396 2019 3453 quocunque

434 3470 723 3540 reperitur,
746 3485 778 3525 a
804 3471 1037 3528 veritate
1056 3487 1247 3535 verum
1271 3487 1394 3529 esse
1416 3489 1515 3544 per
1537 3474 1711 3544 ipsam
1730 3474 2019 3530 veritatem

436 3561 812 3632 dignoscitur;
858 3571 916 3620 et
960 3564 1224 3635 quidquid
1254 3567 1456 3637 ubique
1498 3567 1624 3623 boui
1654 3567 1953 3633 invenitur,
1987 3584 2020 3624 a

435 3650 677 3709 bonitate
702 3652 906 3717 bonum
932 3669 1053 3711 esse
1079 3657 1529 3727 deprehenditur;
1562 3658 1640 3713 sic
1664 3666 1721 3714 et
1760 3660 2021 3730 quidquid

436 3741 714 3813 sapientiae
755 3759 789 3805 a
820 3760 1094 3816 quoquam
1128 3748 1503 3819 investigatur,
1551 3765 1582 3804 a
1620 3750 1886 3821 sapientia
1929 3767 2018 3807 sa-

435 3833 593 3903 piens
617 3850 738 3892 esse
781 3835 1122 3907 intelligitur.
1154 3838 1265 3896 Nec
1300 3842 1444 3896 enim
1486 3840 1578 3896 illa
1611 3856 1733 3910 quae
1769 3842 1825 3897 in
1867 3842 2021 3899 libris

437 3925 781 3995 prudentium
808 3928 968 4001 huius
995 3931 1176 3988 smculi
1201 3945 1333 3989 vera
1359 3942 1414 3989 et
1445 3933 1711 4004 sapientia
1744 3935 2022 4005 reperiun-

440 4022 528 4071 tur
557 4016 654 4073 alii
683 4034 847 4088 quatn
872 4022 1089 4081 veritati
1113 4031 1168 4081 et
1193 4024 1472 4094 sapientiae
1491 4025 1837 4081 attribuenda
1871 4036 2018 4096 sunt,

438 4105 567 4175 quia
590 4123 697 4162 non
721 4110 789 4165 ab
810 4110 919 4167 illis
941 4113 1057 4170 bene
1080 4114 1316 4183 primunt
1336 4121 1537 4170 statuta
1555 4123 1684 4171 sunt
1708 4117 1763 4171 in
1785 4132 2019 4187 quorum

434 4195 600 4253 dictis
631 4197 749 4254 haec
774 4199 1047 4271 legatur,
1084 4204 1186 4260 sed
1231 4203 1303 4260 ab
1332 4211 1535 4261 aeterno
1560 4207 1838 4262 manentia
1863 4208 2017 4263 inve-

438 4285 636 4357 stigata
680 4297 838 4356 sunt,
886 4300 1149 4361 quantum
1182 4293 1298 4363 ipsa
1346 4295 1555 4350 doctrix
1583 4304 1640 4350 et
1666 4295 2019 4359 illuminatrix

441 4378 684 4433 omnium
704 4380 908 4437 veritas
925 4389 979 4436 et
991 4384 1258 4453 sapientia
1277 4384 1358 4441 eis
1372 4384 1705 4456 investigare
1715 4402 1874 4456 posse
1889 4404 2020 4445 con-

437 4469 631 4537 cessit;
660 4486 726 4528 ac
750 4472 875 4530 ideo
896 4474 965 4531 ad
988 4491 1154 4537 unum
1184 4478 1473 4535 terminum
1498 4488 1692 4535 cuncta
1738 4480 2021 4537 referenda

436 4569 586 4662 funt,
620 4570 700 4662 et
721 4580 845 4635 ςιιω
1161 4570 1462 4662 gentilium
1508 4571 1681 4638 utilia,
1712 4581 1770 4628 et
1795 4588 1916 4642 quae
1958 4574 2013 4629 in
2038 4602 2094 4662 Β

2100 906 2331 963 videmus
2358 920 2478 958 eum
2520 919 2613 974 per
2648 902 2910 973 speculum
2945 902 2999 955 in
3026 902 3319 972 tenigmute,
3354 911 3482 955 tunc
3508 910 3704 954 autem

2102 1001 2234 1071 {acie
2282 999 2349 1053 ad
2393 999 2616 1068 faciem;
2666 1012 2802 1050 nunc
2849 994 3204 1066 cognoscimus
3249 1010 3315 1048 ea:
3342 1002 3527 1065 parte,
3561 1002 3705 1048 tunc

2103 1103 2273 1149 autem
2313 1108 2677 1165 cognoscemus
2704 1092 2838 1147 sicut
2867 1099 2917 1145 et
2956 1088 3148 1161 cogniti
3168 1104 3373 1145 mutus.

2722 1202 2948 1259 CAPUT
2985 1201 3072 1259 Ill.

2107 1292 2306 1360 Quibus
2335 1294 2731 1375 obscuritatibus
2764 1294 3041 1375 Scriptura
3066 1308 3218 1347 sacra
3247 1291 3617 1375 sitlbwotuta,
3652 1301 3707 1345 et

2296 1366 2435 1437 quod
2459 1381 2572 1420 eam
2595 1376 2784 1419 temere
2818 1361 2978 1419 alicui
2999 1364 3164 1434 legere
3186 1379 3292 1417 non
3317 1361 3497 1416 liceat.

2176 1456 2342 1527 Igitur
2367 1455 2647 1526 Scriptura
2675 1454 2877 1522 divina,
2907 1469 3012 1524 qua
3044 1452 3211 1509 tantis
3238 1452 3443 1507 morbis
3491 1451 3705 1505 huma—

2109 1561 2300 1601 narum
2348 1545 2680 1600 voluntatum
2713 1544 3047 1607 subvenitur,
3097 1543 3165 1597 ab
3206 1556 3314 1597 una
3342 1540 3535 1612 lingua
3567 1555 3707 1609 per-

2110 1636 2272 1703 fecta,
2296 1652 2402 1707 qua
2431 1646 2732 1708 Opportune
2757 1636 2930 1705 potuit
2950 1650 3046 1705 per
3070 1634 3256 1690 orbem
3282 1641 3557 1688 terrarum
3588 1633 3710 1686 dis-

2113 1730 2411 1795 seminari,
2480 1744 2577 1800 per
2627 1730 2803 1784 varias
2855 1729 3210 1798 interpretum
3262 1726 3480 1798 linguas
3540 1725 3713 1794 longe

2115 1821 2327 1891 lateque
2357 1820 2545 1876 diil‘usa
2574 1831 2686 1887 est,
2730 1828 2791 1876 ut
2819 1821 3181 1876 innotescerct
3222 1820 3473 1889 gentibus
3513 1818 3586 1871 ad
3617 1833 3711 1872 sa-

2042 1894 2300 1969 Blutem.
2353 1915 2525 1981 Quam
2552 1914 2791 1984 legentes
2840 1912 2973 1967 nihil
3010 1919 3269 1983 appetunt
3302 1909 3481 1975 aliud,
3532 1924 3709 1979 (piam

2115 2007 2463 2077 cogitationes
2488 2006 2926 2074 voluntatemque
2978 2004 3214 2069 illorum,
3247 2017 3279 2057 a
3322 2002 3529 2073 quibus
3564 2015 3708 2055 con-

2114 2100 2314 2170 scripta
2339 2108 2421 2156 est
2464 2098 2729 2164 invenire,
2770 2107 2825 2155 et
2851 2113 2950 2169 per
2975 2099 3095 2153 illas
3121 2098 3455 2153 voluntatem
3482 2095 3590 2150 Dei
3621 2109 3715 2150 se

2113 2191 2345 2245 cundum
2395 2205 2555 2262 quam
2590 2190 2725 2244 tales
2750 2190 2996 2245 homines
3018 2189 3226 2245 locutos
3251 2189 3551 2244 credimus.
3596 2186 3713 2241 Sed

2114 2282 2296 2338 multis
2322 2291 2377 2338 et
2401 2280 2785 2353 multiplicibus
2806 2281 3226 2336 obscuritatibus
3247 2288 3303 2334 et
3324 2276 3709 2349 ambiguitati-

2112 2373 2213 2428 bus
2261 2371 2617 2442 decipiuntur,
2674 2373 2766 2442 qui
2792 2380 2994 2427 temere
3022 2370 3235 2442 legunt,
3280 2369 3426 2424 aliud
3454 2383 3566 2438 pro
3600 2368 3715 2422 alio

2113 2461 2429 2526 scutientes,
2481 2460 2802 2532 quibusdam
2842 2468 3023 2514 autem
3076 2459 3210 2514 locis
3252 2458 3382 2529 quid
3421 2457 3515 2511 vel
3568 2455 3717 2511 falso

2113 2554 2474 2623 suspicentur,
2525 2568 2647 2609 cum
2692 2569 2799 2608 non
2826 2552 3149 2617 inveniunt,
3192 2552 3269 2605 ita
3295 2551 3535 2605 obscure
3556 2547 3714 2604 dicta

2114 2647 2381 2717 quaedam,
2429 2645 2805 2701 densissimam
2862 2646 3146 2715 caliginem
3188 2644 3486 2700 obducunt.
3546 2641 3717 2710 Quod

2114 2744 2284 2793 totum
2309 2728 2584 2808 provisum
2622 2752 2747 2793 esse
2784 2738 3042 2793 divinitus
3072 2752 3178 2791 non
3217 2735 3438 2801 dubia),
3469 2734 3545 2789 ad
3571 2734 3713 2790 edo-

2113 2828 2363 2883 mandam
2389 2829 2576 2883 labore
2604 2828 2913 2898 superbiam
2934 2869 2948 2894 ,
2978 2834 3034 2882 et
3058 2826 3389 2882 intellectum
3417 2840 3451 2879 a
3478 2824 3721 2880 fastidio

2115 2922 2503 2988 renovandum,
2542 2922 2631 2978 cui
2664 2922 2821 2978 facile
2851 2921 3172 2992 investigata
3217 2920 3540 2993 plerumque
3569 2920 3714 2974 vite-

2115 3021 2290 3067 seunt.
2312 3011 2450 3068 Sunt
2476 3013 2625 3069 enim
2652 3014 2708 3069 in
2728 3012 2928 3069 divinis
2953 3013 3107 3069 libris
3129 3012 3360 3083 plurima
3386 3013 3506 3068 loca
3531 3012 3716 3083 tropi-

2115 3104 2194 3159 cis
2220 3104 2580 3162 locationibus
2615 3105 2874 3172 diﬁctiia,
2906 3114 3031 3161 sunt
3053 3120 3267 3177 quoque
3306 3105 3481 3161 multa
3517 3118 3715 3160 rerum

2117 3197 2482 3269 magnitudine
2514 3198 2730 3263 eximia,
2784 3205 2945 3267 atque
2989 3197 3111 3253 ideo
3134 3211 3358 3253 necesse
3389 3205 3514 3264 est,
3547 3205 3615 3251 ut
3660 3205 3716 3251 et

2118 3306 2308 3346 sensus
2337 3299 2391 3345 et
2414 3291 2613 3362 ingenii
2640 3291 2934 3362 sagacitate
2965 3290 3377 3361 investigentur,
3409 3298 3469 3344 et
3495 3303 3603 3359 pro
3628 3287 3715 3342 sui

2119 3382 2378 3453 dignitate
2405 3382 2675 3438 intellecta
2697 3392 3042 3438 venerentur.
3086 3381 3261 3438 Nemo
3283 3381 3429 3436 enim
3478 3380 3715 3451 ambigis

2118 3488 2217 3544 per
2248 3473 2630 3530 similitudines
2656 3475 2911 3530 libentius
2935 3489 3165 3546 qumque
3190 3474 3472 3544 cognosci,
3501 3482 3557 3529 et
3585 3488 3713 3528 cum

2117 3561 2297 3632 aliqua
2348 3562 2659 3641 diliicultate
2692 3565 2920 3634 quaesita
2968 3563 3138 3620 multo
3183 3563 3393 3636 gratius
3444 3563 3711 3619 inveniri.

2118 3654 2221 3722 Qui
2249 3654 2392 3709 enim
2410 3670 2633 3726 prorsus
2659 3672 2767 3712 non
2793 3657 3074 3713 inveniunt
3096 3656 3240 3726 quod
3260 3661 3536 3726 quaerunt,
3562 3654 3721 3711 fame

2118 3744 2396 3813 laborant;
2432 3749 2527 3818 qui
2549 3757 2729 3805 autem
2757 3763 2864 3805 non
2886 3756 3167 3819 quaerunt,
3192 3747 3319 3817 quia
3349 3748 3404 3802 in
3448 3755 3715 3817 promptu

2117 3838 2336 3907 habent,
2366 3841 2642 3898 fastidiose
2662 3848 3119 3914 permarcescunt.
3150 3841 3210 3895 lu
3242 3848 3477 3910 utroque
3521 3848 3711 3895 autem

2118 3928 2345 4001 languor
2387 3934 2660 3990 cavendus
2706 3944 2809 3991 est.
2843 3934 3124 4007 Magniﬁce
3162 3948 3291 4006 ergo
3326 3941 3383 3989 et
3411 3933 3715 3990 salubriter

2120 4023 2352 4097 Spiritus
2382 4036 2603 4085 sanctus
2623 4029 2700 4085 ita
2726 4028 3039 4101 Scripturas
3061 4038 3277 4085 sanctas
3300 4027 3618 4092 medicavit,
3651 4036 3713 4083 ut

2118 4116 2253 4173 locis
2294 4119 2650 4189 apertioribus
2719 4121 2850 4177 fami
2896 4128 3245 4188 occurreret,
3291 4119 3717 4175 obscurioribus

2119 4214 2298 4262 autem
2328 4207 2544 4264 fastidia
2570 4211 2891 4283 detergeret.
2927 4211 3071 4267 Nihil
3110 4217 3292 4266 autem
3324 4209 3441 4265 fere
3472 4210 3543 4265 de
3592 4209 3719 4266 im!

2116 4298 2536 4357 obscuritatibus
2563 4302 2795 4370 eruitur,
2822 4303 2965 4374 quod
3005 4316 3119 4359 non
3140 4300 3455 4374 plenissim
3490 4300 3709 4357 dictum

2119 4389 2248 4446 alibi
2277 4392 2601 4461 reperiatur.

2720 4480 2951 4540 CAPUT
2986 4483 3075 4540 Ν.

2361 4572 2441 4627 De
2476 4573 2725 4643 gradibus
2761 4574 3026 4644 sapientia:
3060 4582 3114 4628 et
3143 4573 3437 4628 cheruntis.

434 4651 735 4726 Seripturis
762 4658 931 4715 saetis
973 4659 1209 4723 salubria
1243 4662 1595 4718 inveniuntur
1620 4673 1680 4718 ut
1723 4663 1791 4718 ad
1824 4664 2011 4733 cogni-
2038 4651 2086 4662 ”
2187 4662 2328 4718 Ante
2385 4663 2565 4718 omnia
2616 4664 2758 4718 enim
2794 4677 2928 4732 opus
2967 4671 3055 4720 est
3101 4664 3153 4719 ei
3178 4664 3273 4733 qui
3315 4661 3586 4719 desiderat
3630 4665 3709 4720 ad

435 4744 636 4801 tionem
682 4746 978 4816 perlectam
1022 4751 1271 4808 veritatis
1324 4760 1380 4807 et
1431 4753 1710 4822 sapientia:
1732 4754 2016 4823 pervenia-

437 4852 595 4905 mus,
647 4854 757 4908 qua
804 4841 1047 4898 cernitur
1092 4852 1151 4899 et
1174 4850 1417 4911 tenetur,
1467 4861 1738 4901 summum
1788 4847 2009 4903 bonum.

435 4926 663 4985 Summo
687 4936 870 4985 autem
897 4931 1041 4987 bono
1065 4943 1313 4991 assecuta
1342 4945 1399 4991 et
1420 4939 1635 5007 adepto,
1662 4954 1792 4994 vere
1820 4940 2014 4996 beatus

434 5019 666 5090 quisque
704 5019 796 5088 iit,
834 5037 959 5078 eum
982 5034 1190 5081 summa
1215 5028 1479 5096 sapientia
1506 5030 1665 5099 plene
1694 5040 1749 5086 et
1776 5031 2012 5101 perfecte

434 5109 493 5165 in
511 5119 774 5169 aeternum
798 5110 1096 5183 perfruitur
1120 5134 1133 5170 :
1157 5116 1283 5185 quia
1306 5118 1422 5173 sine
1442 5119 1545 5175 hac
1563 5122 1828 5191 sapientia
1853 5137 2014 5178 nemo

436 5199 552 5257 ﬁeri
601 5203 794 5260 beatus
833 5213 1044 5275 potest,
1085 5206 1226 5263 sicut
1271 5208 1390 5279 ipsa
1419 5211 1623 5269 veritas
1663 5221 1719 5268 et
1745 5214 2015 5283 sapientia

436 5292 765 5352 Cbristused
784 5295 1003 5360 Patren
1023 5297 1252 5368 1011110118
1274 5307 1507 5356 testatur
1528 5320 1542 5357 :
1569 5302 1701 5359 Ηωε
1719 5314 1795 5359 est
1813 5315 2012 5371 autem,

437 5382 652 5449 inquit,
690 5386 803 5441 site
826 5398 1044 5455 uterne,
1078 5399 1137 5445 ut
1181 5401 1501 5462 cogitassent
1544 5405 1594 5448 te
1628 5393 1799 5449 solum
1835 5410 2014 5450 verum

436 5470 628 5559 psunt,
655 5482 704 5529 et
723 5490 873 5544 quem
901 5480 1090 5534 πτῆξειί
1116 5478 1301 5536 Iesum
1338 5480 1609 5537 Christum
1637 5482 1817 5555 (Joan.
1854 5486 2011 5559 xvii).

437 5557 844 5632 Consequenter
863 5576 1044 5623 autem
1062 5570 1151 5627 hic
1172 5572 1494 5643 intelligitur
1514 5573 1748 5644 Spiritus
1773 5557 2013 5644 sanctus,

437 5651 530 5721 qui
555 5663 640 5710 est
660 5656 837 5715 Patris
862 5659 1092 5731 Filiique
1114 5673 1368 5737 tanquam
1395 5669 1634 5724 charitas
1656 5674 2013 5728 consubstan-

440 5744 583 5802 tiaiis
606 5750 911 5808 amborum.
937 5755 1086 5810 Tunc
1113 5774 1241 5827 ergo
1266 5761 1504 5829 cognitio
1529 5761 1625 5816 Dei
1647 5765 1752 5818 erit
1776 5766 2011 5834 perfecta

439 5838 657 5912 utendo
837 5845 944 5904 erit
966 5846 1132 5903 nulla.
1156 5848 1308 5908 Tunc
1330 5859 1388 5908 et
1403 5851 1683 5914 beatitudo
1703 5856 1807 5915 erit
1828 5858 2009 5931 plena,

2117 4754 2395 4825 sapientiai
2414 4755 2698 4825 pervenire
2722 4755 2960 4821 culmen,
2990 4756 3085 4812 Dei
3114 4756 3313 4812 timore
3332 4756 3599 4822 converti,
3627 4756 3703 4811 ad

2117 4845 2545 4916 eugnoscendum
2570 4844 2689 4915 eius
2719 4845 3071 4913 voluntatem,
3096 4848 3227 4918 wid
3254 4847 3408 4903 nobis
3434 4854 3702 4916 appeten-

2119 4934 2246 4990 dum
2312 4934 2732 5008 fugiendumque
2774 4938 3067 5009 praecipiat.
3117 4938 3303 4996 Timor
3351 4948 3535 4994 autem
3591 4938 3699 4993 iste

2118 5027 2496 5099 cogitationem
2547 5030 2615 5086 de
2664 5039 2849 5087 nostra
2902 5032 3229 5089 mortalitate
3291 5041 3349 5088 et
3390 5032 3459 5088 de
3508 5032 3694 5087 littora

2118 5127 2294 5174 morte
2313 5135 2535 5178 necesse
2552 5129 2637 5177 est
2658 5122 2903 5190 incutiat,
2926 5132 2982 5181 et
2996 5125 3151 5195 quasi
3171 5116 3397 5180 elevatis
3406 5124 3690 5189 carnibus,

2116 5221 2304 5265 omnes
2331 5212 2595 5282 superbia:
2634 5220 2814 5269 motus
2840 5214 2987 5284 ligno
3029 5214 3205 5269 erucis
3251 5212 3451 5285 adigat.
3482 5212 3695 5268 Deinde

2118 5298 2404 5357 mitescere
2447 5315 2585 5371 opus
2613 5310 2697 5357 est
2726 5302 2926 5373 pietate
2944 5343 2959 5369 ,
2993 5317 3168 5374 neque
3209 5302 3583 5359 contradicere
3609 5303 3691 5357 dl-

2123 5390 2255 5446 vinte
2277 5390 2587 5461 Scriptum,
2618 5394 2732 5449 sive
2752 5394 3037 5451 intellecta
3069 5396 3115 5451 si
3140 5395 3318 5466 aliqua
3344 5395 3477 5452 vitia
3497 5405 3688 5453 nostra

2112 5486 2367 5553 percutit,
2395 5485 2510 5541 sive
2536 5500 2645 5540 non
2674 5485 2958 5542 intellectae
2982 5487 3135 5556 quasi
3161 5502 3260 5543 nos
3280 5487 3473 5543 melius
3495 5502 3691 5558 sapere

2116 5577 2413 5647 meliusque
2438 5579 2721 5650 percipere
2744 5581 3042 5650 possimus,
3093 5581 3189 5635 sed
3214 5580 3459 5649 cogitare
3478 5580 3682 5650 potius,

2112 5679 2169 5727 et
2191 5673 2410 5728 credere
2432 5672 2488 5727 id
2508 5687 2629 5729 esse
2658 5674 2847 5729 melius
2872 5683 2928 5729 et
2957 5674 3133 5728 verius
3159 5674 3303 5742 quod
3328 5672 3400 5727 ibi
3424 5672 3681 5742 scriptum

2111 5773 2216 5831 est,
2246 5765 2459 5819 etiamsi
2490 5764 2677 5831 lateat,
2719 5780 2879 5836 quam
2907 5766 2958 5820 id
2988 5765 3130 5835 quod
3160 5778 3260 5820 nos
3286 5777 3389 5834 per
3416 5776 3519 5819 nos
3538 5763 3685 5834 ipsos

2109 5873 2302 5932 sapere
2314 5871 2620 5929 possumus.
2637 5858 2764 5919 Post
2785 5860 2921 5919 istos
2934 5858 3070 5917 deos
3081 5858 3278 5933 gradus
3297 5858 3683 5932 emensam
