3974 6454
987 406 1077 466 DE
1112 406 1559 468 CLERICORUM
1596 406 2102 469 lNSTlTUTlONE.
2145 408 2299 469 ETC.
2339 441 2411 454 —-
2451 408 2577 469 ΠΒ.
2616 408 2708 468 ΠΙ.

3380 417 3488 475 382

210 528 436 601 pietatis
460 567 479 595 ,
530 526 601 582 ad
654 524 875 583 tertium
917 525 1137 583 venitur
1164 528 1404 583 scientias
1429 528 1686 599 gradum,
1731 528 1799 584 de
1826 531 1877 589 Α
1901 530 2129 585 consilio
2162 529 2549 587 misericordiae
2578 536 2775 603 purgat
2803 530 3038 587 animam
3065 533 3486 593 tumultuantem

210 636 327 693 quo
342 636 493 677 nunc
517 634 683 692 agere
702 619 977 675 constitui.
1014 619 1153 676 Nam
1178 622 1235 676 in
1262 636 1328 676 eo
1355 637 1417 677 se
1435 629 1655 678 exercet
1675 636 1795 677 om-

206 715 302 771 n’s
340 714 645 771 divharum
680 712 1088 785 Scripturarum
1120 714 1416 783 studiosus,
1446 714 1582 771 nihil
1624 716 1681 771 in
1719 716 1799 772 eis

210 808 362 865 aliud
381 807 657 864 invenitur
677 822 909 880 usquam
923 807 1247 880 diligendum
1261 823 1380 864 esse
1394 809 1562 863 Deum
1576 814 1799 880 propter

194 900 406 967 ηδε-ω,
432 908 489 956 et
502 901 815 970 proximum
824 908 1047 972 propter
1059 900 1247 967 Deum,
1262 909 1318 956 et
1331 900 1483 956 illum
1497 900 1712 971 quidem
1728 913 1797 956 ex

212 996 328 1045 toto
356 990 543 1055 corde,
565 1004 633 1044 ex
661 997 774 1044 tota
800 989 1002 1055 anitna,
1030 1004 1098 1043 ex
1124 997 1238 1045 tota
1260 999 1457 1054 mente,
1487 990 1796 1061 proximum

212 1094 345 1136 vero
355 1087 611 1148 tanquam
633 1079 892 1149 seipsum,
906 1079 963 1135 id
979 1087 1082 1146 est,
1098 1088 1161 1135 ut
1178 1079 1291 1150 jam
1312 1082 1543 1151 proximi
1558 1081 1795 1149 dilectio,

213 1173 355 1229 sicut
377 1174 543 1229 etiam
579 1174 749 1230 nostri
777 1172 1048 1230 referatur
1076 1174 1133 1229 in
1156 1176 1346 1230 Deum.
1386 1175 1643 1246 Quisquis
1669 1191 1797 1247 ergo

212 1262 533 1333 Seripturas
550 1279 736 1320 sacras
755 1264 841 1321 vel
863 1264 1163 1334 quamlibet
1188 1274 1398 1335 partem
1426 1281 1614 1321 earum
1641 1266 1798 1322 intel-

208 1352 412 1411 lexisse
435 1355 540 1412 sibi
564 1356 800 1422 videtur,
832 1356 910 1412 ita
936 1365 997 1411 ut
1022 1372 1090 1413 eo
1120 1356 1395 1413 intellectu
1424 1371 1533 1413 non
1573 1357 1799 1413 aediﬁcet

212 1446 381 1503 istam
406 1448 679 1519 geminam
706 1449 1032 1505 cbaritatem
1073 1450 1169 1507 Dei
1195 1460 1250 1507 et
1275 1452 1529 1523 proximi,
1562 1454 1796 1508 nondum

210 1536 481 1593 intellexit
500 1540 955 1608 quemadmodum
975 1544 1261 1612 oportebat
1281 1559 1413 1599 eum
1429 1546 1590 1601 seire.
1614 1545 1800 1615 itaque

211 1630 321 1685 tria
348 1631 465 1688 haec
489 1640 635 1697 sunt,
665 1632 861 1703 quibus
887 1644 944 1690 et
964 1635 1195 1691 scientia
1212 1638 1408 1704 omnis,
1440 1646 1497 1693 et
1518 1639 1799 1708 prophetia

211 1722 437 1790 militat,
454 1716 610 1790 fides,
639 1740 786 1795 spes,
814 1727 1087 1795 cbaritas;
1114 1729 1209 1785 sed
1233 1729 1357 1785 ﬁdei
1388 1731 1627 1786 succedit
1652 1744 1797 1800 spes,

1900 620 2319 691 quodammodo,
2351 631 2513 692 atque
2556 623 2964 694 obstrepentem
2993 624 3096 681 sibi
3143 626 3210 682 de
3246 630 3488 699 appetitu

1901 712 2216 768 inferiorum
2252 715 2529 785 conceptis
2565 714 2835 771 sordibus.
2875 714 2976 772 ilic
3011 732 3142 773 vero
3187 732 3245 775 se
3273 719 3329 774 in
3354 721 3488 777 dile-

1898 806 2085 861 ctione
2107 806 2339 877 proximi
2367 822 2477 863 non
2515 807 2784 880 ignaviter
2811 817 3049 875 exercet,
3079 808 3135 865 in
3166 824 3339 881 eaque
3372 827 3492 884 per-

1900 896 2102 962 ﬁcitur,
2130 906 2187 952 et
2208 911 2307 967 spe
2324 896 2437 966 jam
2466 897 2658 967 plenus
2683 908 2847 969 atque
2876 900 3088 971 integer
3111 901 3339 970 viribus,
3363 919 3489 961 cum

1899 992 2208 1062 pervenerit
2247 1007 2419 1063 usque
2440 992 2507 1048 ad
2535 993 2695 1048 amici
2748 992 3093 1051 dilectionem
3119 1038 3134 1063 ,
3165 999 3410 1054 ascendit
3436 1000 3491 1055 in

1900 1091 2117 1139 sextum
2143 1083 2388 1154 gradum,
2419 1083 2513 1138 ubi
2532 1082 2649 1152 jam
2678 1084 2857 1155 ipsum
2881 1086 3098 1141 oculum
3132 1098 3351 1159 purgat,
3383 1104 3491 1160 quo

1898 1175 2075 1231 videri
2111 1174 2258 1231 Deus
2274 1183 2455 1246 potest
2480 1176 2551 1231 ab
2578 1177 2690 1243 eis,
2720 1178 2813 1248 qui
2848 1178 2977 1235 huic
3015 1181 3213 1237 saeculo
3251 1182 3494 1238 moriun-

1899 1274 2010 1333 tur,
2042 1281 2169 1323 nam
2213 1266 2270 1322 in
2316 1274 2524 1323 tantum
2554 1268 2771 1335 vident,
2805 1270 2860 1324 in
2893 1278 3158 1342 quantum
3184 1272 3496 1328 moriuntur

1899 1360 2028 1415 huic
2076 1358 2307 1426 saeculo,
2368 1360 2424 1415 in
2454 1367 2715 1429 quantum
2744 1368 2927 1416 autem
2975 1362 3105 1418 huic
3144 1363 3336 1418 vivunt
3385 1379 3494 1419 non

1897 1451 2106 1518 vident,
2133 1458 2190 1507 et
2214 1450 2339 1507 ideo
2376 1451 2624 1520 quamvis
2666 1450 2785 1519 jam
2820 1451 3044 1517 certior,
3076 1459 3133 1508 et
3179 1468 3287 1509 non
3316 1451 3495 1508 solum

1900 1543 2256 1610 tolerabilior,
2280 1543 2379 1599 sed
2400 1544 2565 1599 etiam
2587 1542 2882 1612 jucundior
2909 1545 3119 1615 species
3161 1544 3299 1601 lucis
3352 1545 3498 1602 illius

1901 1636 2095 1707 incipit
2148 1652 2443 1708 apparere,
2489 1640 2545 1693 in
2574 1640 2859 1709 aenigmate
2886 1639 3062 1696 adhuc
3088 1647 3269 1697 tamen
3302 1649 3357 1697 et
3402 1655 3499 1714 per

1906 1727 2188 1797 speculum
2214 1728 2387 1784 videri
2416 1729 2636 1795 dicitur,
2663 1730 2790 1800 quia
2819 1731 2992 1801 magis
3020 1745 3120 1803 per
3144 1728 3304 1786 ﬁdem
3331 1745 3497 1801 quam

209 1826 270 1872 et
305 1819 420 1890 spei
472 1821 715 1876 succedit
759 1822 1070 1889 beatitudo;
1124 1823 1367 1879 eharitas
1410 1832 1592 1879 autem
1634 1823 1797 1879 etiam
1904 1836 2004 1892 per
2031 1822 2269 1891 speciem
2301 1822 2630 1889 ambulatur,
2661 1838 2786 1878 cum
2822 1823 2878 1878 in
2914 1824 3017 1879 hac
3044 1824 3155 1879 vita
3181 1824 3497 1896 peregrina-

211 1911 338 1968 istis
370 1913 756 1970 decedentibus
791 1916 1079 1988 augebimr
1103 1917 1306 1986 potius.
1338 1916 1475 1973 Cum
1505 1932 1634 1989 ergo
1667 1931 1800 1987 qua—
1827 1897 1881 1958 Β
1904 1927 2060 1977 mur,
2119 1912 2366 1981 quamvis
2395 1913 2862 1969 conversationem
2890 1914 3189 1969 habeamus
3224 1913 3280 1968 in
3322 1912 3496 1971 caelis.

211 2010 343 2058 tuor
386 2003 656 2075 diligenda
708 2013 839 2061 sunt
860 2047 876 2072 ,
922 2023 1092 2063 unum
1112 2008 1259 2077 quod
1284 2023 1449 2079 super
1470 2022 1592 2074 nos,
1623 2006 1677 2062 id
1717 2014 1801 2062 est

206 2091 393 2161 Deus;
424 2095 654 2151 alterum
678 2097 827 2167 quod
847 2113 946 2154 nos
967 2114 1175 2165 sumus,
1198 2100 1254 2154 id
1277 2111 1361 2155 est
1380 2100 1561 2154 anima
1582 2099 1653 2154 ad
1671 2100 1803 2153 ima-

209 2186 397 2256 ginem
426 2189 522 2245 Dei
550 2199 762 2258 creata;
800 2192 1022 2247 tertium
1048 2193 1191 2262 quod
1220 2190 1374 2261 juxta
1399 2207 1501 2248 nos
1516 2200 1618 2257 est,
1640 2191 1693 2247 id
1719 2198 1802 2247 est

210 2275 355 2333 alter
379 2279 572 2346 homo;
604 2288 856 2353 quartum
882 2284 1029 2353 quod
1057 2284 1199 2338 infra
1223 2298 1345 2350 nos,
1376 2284 1430 2339 id
1455 2294 1540 2339 est
1569 2297 1797 2354 corpus;

211 2369 285 2425 de
312 2371 571 2438 secundo,
620 2382 690 2440 ει,
721 2382 916 2444 quarto
941 2374 1089 2430 nulla
1115 2382 1385 2446 praecepta
1417 2376 1592 2431 danda
1621 2383 1798 2431 erant.

211 2458 627 2527 Quamlibet
653 2464 805 2519 enim
825 2466 987 2521 homo
1030 2467 1287 2522 excitata
1307 2468 1599 2533 charitate,
1628 2480 1805 2523 rema-

191 2560 311 2607 ..ει
341 2551 419 2608 illi
465 2560 646 2611 tamen
675 2554 899 2613 dilectio
934 2560 1051 2627 sui,
1082 2568 1140 2615 et
1173 2559 1395 2615 dilectio
1422 2561 1667 2630 corporis
1696 2561 1802 2627 sui,

208 2644 542 2702 secubaret
566 2646 637 2702 de
662 2647 754 2703 illo
778 2650 909 2719 quid
929 2664 1099 2722 supra
1124 2666 1224 2707 nos
1240 2660 1346 2719 est,
1369 2658 1424 2706 et
1452 2652 1520 2706 de
1550 2651 1643 2707 illo
1663 2651 1808 2721 quod

207 2734 373 2807 juxta
394 2752 494 2793 nos
516 2746 634 2804 est,
661 2750 937 2812 praecepta
963 2757 1323 2799 sumeremus.
1359 2743 1579 2814 Diliges,
1608 2743 1804 2813 inquit,

210 2824 509 2893 Dom
528 2829 700 2886 Deum
726 2841 877 2887 tuum
918 2850 984 2889 ex
1012 2844 1119 2890 toto
1146 2837 1305 2891 corde
1334 2846 1443 2901 tuo,
1476 2844 1581 2891 etc.
1619 2834 1810 2894 Omnis

194 2919 424 2990 μῆρε
457 2922 625 2978 homo
646 2924 703 2978 in
739 2935 1001 2995 quantum
1034 2929 1200 2985 homo
1230 2936 1333 2995 est,
1378 2929 1680 3000 diligendus
1728 2938 1811 2985 est

210 3021 442 3083 propter
477 3015 647 3072 Deum
666 3059 680 3084 ,
706 3018 849 3074 Deus
877 3034 1007 3075 vero
1033 3030 1255 3091 propter
1277 3022 1536 3092 seipsum.
1564 3020 1811 3092 Amplius

213 3104 651 3175 quioqneDeum
685 3109 845 3166 debet
884 3109 1109 3181 diligere
1155 3126 1319 3182 quam
1352 3113 1624 3182 seipsum,
1678 3112 1809 3167 item

212 3193 457 3265 amplius
480 3197 625 3255 alius
650 3200 815 3256 homo
840 3201 1144 3272 diligendus
1186 3210 1271 3259 est
1304 3217 1465 3273 quam
1493 3217 1692 3273 corpus
1713 3215 1813 3257 no-

1904 2005 1965 2058 ln
1999 2004 2105 2059 hoc
2145 2011 2325 2060 autem
2377 2004 2549 2075 gradu
2576 2005 2651 2059 ita
2703 2012 2902 2076 purgat
2947 2004 3167 2061 oculum
3202 2005 3404 2073 cordis,
3436 2011 3500 2060 ut

1905 2096 2123 2151 veritati
2180 2109 2282 2151 nec
2311 2095 2547 2166 seipsum
2579 2095 2818 2165 quidem.
2843 2094 3121 2167 prmferat,
3167 2103 3228 2152 ut
3255 2093 3503 2151 conferat

1905 2188 2214 2258 proximum
2234 2228 2249 2253 ,
2288 2201 2418 2258 ergo
2446 2202 2547 2243 nec
2576 2188 2834 2258 seipsum,
2860 2187 2987 2258 quia
3017 2201 3119 2243 nec
3145 2185 3294 2243 illum
3340 2202 3502 2258 quem

1908 2280 2081 2351 diligit
2106 2280 2246 2335 sicut
2273 2279 2531 2349 seipsum.
2565 2279 2684 2335 Erit
2704 2294 2835 2353 ergo
2858 2282 2964 2336 iste
2990 2289 3209 2337 sanctus
3234 2288 3346 2336 tam
3369 2282 3501 2338 sim-

1902 2372 2033 2443 plici
2090 2374 2289 2438 corde,
2333 2380 2496 2443 atque
2541 2373 2819 2438 mundata,
2869 2381 2930 2428 ut
2957 2387 3131 2444 neque
3153 2374 3500 2442 hominibus,

1907 2464 2158 2536 placendi
2209 2464 2391 2520 studio
2433 2464 2824 2534 detorquratur
2864 2477 2895 2517 a
2943 2478 3103 2532 vero,
3127 2476 3229 2519 nec
3251 2472 3501 2536 respectu

1912 2556 2327 2611 devitandcrum
2359 2555 2724 2625 quorumlibet
2774 2555 3243 2613 incommodorum
3278 2570 3502 2612 suorum

1912 2664 2034 2720 qua:
2054 2651 2412 2705 adversantur
2427 2648 2556 2705 huic
2575 2649 2718 2704 vitae.
2747 2647 2893 2704 Talis
2916 2647 3061 2705 illius
3083 2650 3151 2705 ad
3177 2648 3502 2720 sapientiam

1914 2742 2176 2808 ascendit,
2208 2757 2329 2812 qua:
2357 2740 2550 2797 ultima
2580 2747 2635 2796 et
2672 2741 2902 2811 septima
2946 2749 3060 2808 est,
3099 2755 3205 2812 qua
3255 2748 3501 2814 pacatur,

1913 2836 2345 2907 tranquillusque
2393 2833 2708 2908 perfruitur.
2762 2832 2981 2889 initium
3033 2834 3179 2889 enim
3224 2832 3505 2907 sapientia:

1914 2929 2081 2983 timor
2107 2927 2343 2994 Domini,
2372 2926 2441 2981 ab
2466 2926 2560 2984 illo
2585 2927 2732 2981 enim
2761 2940 2931 2998 usque
2961 2927 3031 2983 ad
3052 2926 3251 3001 ipsam,
3276 2940 3377 3009 per
3402 2926 3504 2997 hos

1916 3020 2116 3091 gradus
2139 3019 2453 3075 ascenditur
2478 3027 2534 3074 et
2550 3018 2789 3074 venitur.

2538 3149 2769 3209 CAPUT
2806 3151 2870 3210 V.

211 3262 419 3355 suum,
442 3291 569 3360 quia
587 3280 812 3363 proptter
831 3262 1003 3350 Deum
1020 3295 1203 3350 omnia
1234 3262 1338 3349 ista
1364 3262 1635 3367 diligenda
1662 3300 1805 3357 sunt,

1912 3280 2076 3348 θυοδ
2117 3282 2167 3337 ίε
2204 3283 2297 3368 ανεξδ
2340 3283 2410 3368 t4
2436 3283 3093 3368 εαρδεπεεαξέηνεθτίταιεπτ
3121 3287 3387 3368 Mm
3436 3287 3506 3345 ατι

211 3390 269 3435 et
286 3388 477 3450 potest
497 3384 783 3439 nobiscttm
804 3384 943 3441 alius
964 3386 1129 3441 homo
1152 3385 1265 3441 Deo
1284 3385 1509 3456 perfrui,
1538 3386 1682 3457 quod
1703 3400 1809 3441 non

212 3479 405 3543 potest
424 3487 641 3544 corpus,
688 3477 815 3547 quia
860 3492 1059 3547 corpus
1082 3492 1181 3548 per
1210 3478 1447 3535 animam
1493 3479 1663 3545 vivit,
1708 3492 1814 3549 qua

198 3562 458 3618 fruimur
483 3565 617 3625 Deo.
650 3564 851 3624 Omnes
880 3576 1059 3623 autem
1087 3569 1339 3623 homines
1364 3583 1518 3638 aeque
1552 3568 1812 3641 diiigendi

213 3660 378 3720 sunt;
408 3655 504 3710 sed
526 3670 653 3711 cum
678 3658 932 3714 omnibus
960 3659 1220 3729 prodesse
1248 3675 1355 3716 non
1392 3660 1685 3730 possimus,
1724 3661 1813 3717 his

208 3746 569 3816 potissimm
595 3750 993 3807 «ueniendum
1030 3760 1146 3819 est,
1179 3754 1270 3825 qui
1299 3753 1542 3810 lucorum
1569 3762 1624 3808 et
1671 3760 1810 3809 tem—

206 3843 521 3914 porumvel
548 3846 915 3915 quarumlibet
943 3862 1127 3904 rerum
1152 3848 1652 3919 opportunitatibus
1678 3861 1809 3904 con-

208 3935 471 3993 strictius
496 3937 657 3994 nobis
674 3979 689 4003 ,
714 3939 871 4009 quasi
893 3939 1129 4011 quadam
1150 3948 1300 3997 sorte
1321 3941 1641 4015 junguntur.
1661 3938 1811 3996 Velie

202 4034 415 4081 tamen
424 4026 701 4096 debemus,
724 4037 784 4085 ut
802 4045 992 4088 omnes
1005 4031 1257 4089 homines
1268 4031 1553 4088 nobiscum
1564 4030 1809 4102 diligant,

212 4126 273 4171 et
303 4123 483 4173 tom
502 4120 653 4188 quod
677 4132 773 4176 eos
797 4120 885 4177 vel
909 4121 1250 4192 atﬁmmus,
1280 4122 1367 4177 vel
1396 4118 1718 4191 adjuvamur
1741 4121 1811 4178 ab

215 4206 327 4272 eis,
361 4206 431 4262 sd
452 4221 622 4264 unum
645 4209 803 4265 illum
825 4210 993 4267 ﬁnem
1013 4210 1358 4268 relbrendum
1381 4220 1485 4268 est.
1511 4210 1642 4267 Iure
1663 4211 1810 4268 enim

212 4298 571 4356 σοιὼιιιαη
632 4304 873 4359 scientiae
936 4303 1177 4361 eharitas
1208 4346 1223 4371 ,
1277 4307 1404 4376 quia
1469 4307 1810 4363 solummodo

218 4390 463 4446 scientiae
493 4390 702 4451 fructus
731 4394 786 4449 in
815 4395 1084 4452 charitate
1126 4396 1393 4452 consistit.
1428 4394 1661 4452 Scientia
1682 4437 1697 4465 ,
1736 4397 1813 4453 ait

217 4478 532 4549 Apostolus,
561 4483 732 4553 inﬂat,
761 4485 990 4539 charitas
1018 4498 1141 4539 vero
1166 4486 1396 4555 aediﬁcat
1422 4486 1475 4559 (Ι
1506 4486 1629 4542 Cor.
1665 4487 1807 4559 vni).

220 4567 278 4625 Si
324 4584 463 4642 ergo
505 4575 869 4643 appetendum
905 4583 997 4632 est
1031 4577 1175 4647 quod
1220 4576 1389 4657 inﬂat,
1424 4577 1596 4635 multo
1638 4580 1812 4651 magis

216 4661 367 4732 Quod
387 4636 640 4731 iuuat,
677 4674 741 4720 ut
769 4679 895 4721 cum
933 4636 1137 4723 scimus
1163 4636 1497 4724 voluntatem
1540 4669 1657 4735 Dei,
1690 4636 1804 4725 diuli-
1837 4636 1890 4697 Ὁ

216 4764 412 4823 μοι
434 4755 654 4812 obedire
675 4756 809 4825 Deo,
839 4764 899 4812 ut
923 4760 1307 4831 perveniamus
1337 4762 1405 4815 ad
1451 4761 1639 4816 Deum.
1673 4762 1809 4818 Nam

218 4842 327 4899 ista
349 4845 576 4913 scientia
615 4849 774 4906 bonae
812 4851 927 4922 spei
970 4852 1247 4909 hominem
1275 4867 1336 4908 se
1359 4867 1467 4909 non
1488 4852 1805 4924 jactantem,

219 4937 315 4991 sed
356 4936 742 4998 lamentantem
766 4942 916 5012 facit,
957 4960 1068 5015 quo
1103 4944 1301 5002 an‘ectu
1330 4947 1584 5018 impetrat
1609 4946 1810 5003 sedulis

218 5030 474 5097 precibus
497 5034 923 5092 consolationem
952 5037 1121 5093 divini
1155 5039 1429 5109 adjutorii,
1463 5054 1530 5096 ne
1560 5040 1811 5111 despera—

222 5120 373 5177 tione
393 5122 701 5196 frangatur,
732 5136 791 5183 et
815 5141 937 5184 esse
958 5129 1147 5200 incipit
1176 5128 1231 5184 in
1260 5141 1455 5200 quarto
1490 5131 1684 5202 gradu,
1707 5132 1811 5187 hoc

221 5220 332 5278 est,
380 5213 732 5275 fortimdinis.
790 5220 1063 5288 Quaritur
1105 5229 1161 5277 et
1206 5222 1389 5278 sititur
1420 5221 1662 5291 iustitia;
1707 5224 1811 5279 hoc

221 5307 375 5362 enim
399 5307 597 5367 aifeetu
648 5313 718 5368 ab
742 5313 897 5369 omni
921 5314 1201 5371 mortifera
1240 5314 1583 5385 jucunditate
1625 5332 1809 5373 rerum

226 5404 624 5459 transeuntium
652 5420 797 5477 sepe
824 5408 1150 5475 extrahitur,
1191 5416 1246 5463 et
1273 5409 1398 5465 inde
1438 5424 1495 5465 se
1526 5416 1807 5477 avertens,
1860 5476 1871 5489 .

226 5496 493 5552 convertit
519 5497 589 5553 ad
636 5497 980 5554 dilectionem
1028 5509 1353 5558 aeternorum
1373 5544 1386 5569 ,
1418 5501 1810 5558 immutabilem

226 5576 436 5641 milieet
455 5587 745 5657 unitatem,
766 5590 1121 5660 eamdemque
1147 5592 1469 5648 Trinitatem
1487 5634 1502 5660 ,
1542 5608 1707 5664 quam
1734 5592 1809 5647 ibi

226 5680 531 5749 aspexerit,
554 5690 817 5753 quantum
852 5692 1050 5754 potest,
1087 5684 1140 5739 in
1166 5685 1458 5757 longinquo
1486 5688 1806 5755 radiantem,

228 5770 421 5840 suique
449 5782 701 5846 aspectus
728 5774 1046 5831 inﬁmitate
1076 5777 1346 5833 sustinere
1376 5793 1434 5833 se
1459 5779 1607 5834 illam
1635 5780 1810 5835 lucem

231 5872 341 5919 Ion
362 5866 900 5940 paeneper-senserit,
944 5868 1000 5925 in
1027 5867 1216 5941 quinto
1258 5868 1452 5943 gradu,
1487 5872 1591 5952 hoc
1622 5881 1725 5930 est.
1758 5874 1812 5932 in

2222 3354 2495 3407 charilatis
2520 3353 2901 3423 perfectiouent'
2922 3353 3210 3426 peruenit“.

1990 3467 2307 3539 Quicunque
2350 3469 2514 3539 igitur
2541 3470 2609 3525 ad
2639 3470 2921 3540 sapientia:
2966 3470 3179 3527 culmen
3228 3472 3504 3542 pervenit,

1916 3558 1985 3617 ad
2010 3561 2290 3631 fastigium
2320 3560 2605 3617 cbaritatis
2638 3562 2921 3632 perveniat
2946 3576 3174 3620 necesse
3208 3573 3299 3621 est
3319 3604 3334 3631 ,
3378 3564 3509 3636 quia

1917 3672 2078 3713 nemo
2099 3654 2338 3726 perfecte
2366 3655 2527 3727 sapit,
2555 3656 2658 3711 nisi
2682 3656 2728 3711 is
2756 3656 2849 3728 qui
2877 3663 3025 3713 recte
3056 3657 3249 3729 diligit.
3280 3657 3508 3726 Quando

1914 3747 2062 3802 enim
2096 3747 2219 3817 quis
2246 3761 2344 3817 per
2370 3746 2577 3817 gradus
2597 3762 2761 3817 supra
2782 3748 2957 3803 dictos
2996 3747 3067 3804 ad
3089 3747 3370 3818 sapientiae
3392 3747 3510 3819 ple-

1914 3840 2218 3897 nitudinem
2242 3840 2421 3895 studet
2445 3838 2752 3911 pervenire,
2778 3837 2911 3894 nihil
2939 3837 3089 3894 aliud
3119 3838 3251 3910 agit,
3291 3837 3398 3894 nisi
3443 3844 3505 3893 ut

1914 3931 1991 3987 ad
2035 3930 2429 4001 perieetionem
2475 3928 2765 3985 eheritatis
2788 3928 3073 3999 perveniat
3090 3968 3105 3995 ,
3151 3935 3208 3984 et
3244 3934 3507 4003 quantum

1908 4024 2129 4095 perlicit
2164 4024 2225 4079 in
2250 4022 2538 4094 sapientia,
2573 4030 2782 4078 tantum
2808 4022 2866 4078 in
2908 4020 3194 4078 charitat'e.
3241 4014 3507 4076 Praedixi-

1914 4131 2039 4173 mus
2076 4117 2222 4172 enim
2263 4116 2407 4187 quod
2434 4115 2491 4171 in
2538 4114 2866 4191 cogitatione
2895 4112 3139 4186 perfecta
3183 4112 3505 4184 sapientiai,

1913 4209 2191 4266 beatitudo
2227 4223 2355 4264 vera
2412 4208 2758 4275 consisteret,
2784 4208 2890 4264 hoc
2919 4206 3065 4263 idem
3094 4205 3326 4261 dicimus
3353 4208 3410 4261 et
3439 4200 3507 4261 d‘e

1914 4302 2212 4369 charitate,
2291 4302 2419 4373 quia
2471 4302 2527 4357 in
2591 4300 2881 4357 dilectione
2926 4298 3169 4372 perfecta
3224 4297 3506 4363 charitatis

1912 4396 2192 4453 beatitudo
2245 4410 2456 4452 summa
2510 4395 2773 4451 consistit.
2824 4392 2961 4448 Nam
3004 4394 3220 4448 Creator
3263 4392 3506 4455 omnium

1915 4486 2076 4555 Deus,
2108 4489 2200 4559 qui
2239 4489 2520 4545 beatitudo
2555 4498 2737 4543 nostra
2765 4492 2873 4554 est,
2904 4496 3262 4558 utrorumque
3287 4486 3506 4543 nomine

1915 4579 2197 4651 aequaliter
2224 4587 2589 4647 nuncupatur,
2614 4577 2754 4632 sicut
2773 4576 2827 4629 in
2858 4575 2999 4631 libro
3022 4573 3312 4645 Sapientia:
3341 4576 3406 4635 de
3438 4588 3505 4632 eo

1915 4671 2180 4739 scriptum
2209 4678 2292 4724 est
2330 4685 2343 4721 :
2399 4666 2644 4721 O’mm'unt
2668 4708 2681 4731 ,
2732 4665 2923 4735 inquit,
2962 4665 3157 4734 artifex
3204 4663 3381 4718 docuit
3425 4678 3507 4718 me

1916 4762 2196 4831 sapientia.
2228 4759 2329 4814 Est
2364 4759 2501 4813 enim
2523 4755 2615 4811 illa
2646 4751 2874 4825 Spiritus
2904 4754 3195 4811 intellectus
3215 4797 3230 4823 ,
3261 4765 3472 4811 sanctus
3490 4795 3505 4822 ,

1917 4852 2130 4916 unicus,
2160 4858 2264 4906 etc.
2294 4847 2447 4920 (Sap.
2475 4852 2597 4921 vn).
2638 4846 2706 4902 Et
2740 4846 3015 4918 apostolus
3040 4844 3275 4903 Joannes
3303 4865 3315 4900 :
3341 4844 3506 4912 Deus,

1918 4945 2117 5016 inquit,
2146 4943 2377 4998 charitas
2406 4951 2502 5011 est,
2533 4952 2581 4996 et
2609 4943 2699 5014 qui
2720 4950 2894 4998 manet
2925 4942 2979 4996 in
3003 4941 3280 5007 alacritate,
3313 4940 3367 4994 in
3399 4937 3510 4994 Deo

1917 5046 2113 5107 manet,
2142 5046 2196 5091 et
2219 5034 2361 5089 Deus
2391 5034 2447 5089 in
2476 5050 2536 5092 eo
2577 5033 2629 5106 (Ι
2658 5031 2819 5089 Joan.
2862 5034 2960 5108 iV).
3001 5032 3137 5088 Nam
3177 5032 3425 5087 Salvator
3455 5031 3511 5087 in

1914 5126 2210 5200 Evangelio
2254 5126 2577 5198 sapientiam
2604 5132 2659 5181 et
2704 5126 3028 5182 charitatem
3078 5138 3246 5180 unum
3273 5136 3395 5179 esse
3424 5124 3510 5178 in-

1914 5221 2085 5292 telligi
2112 5221 2323 5286 volens,
2350 5220 2418 5275 ad
2445 5218 2661 5275 Patrem
2691 5219 2827 5274 dixit
2857 5233 2871 5273 :
2900 5216 3063 5272 Pater
3084 5217 3253 5288 juste,
3278 5216 3507 5275 mundus

1914 5324 1965 5371 τε
1991 5331 2095 5369 non
2120 5314 2388 5385 cognovit,
2418 5329 2510 5385 ego
2537 5321 2712 5367 autem
2742 5323 2790 5366 te
2819 5328 3055 5384 cognovi,
3078 5319 3126 5365 et
3164 5311 3219 5365 hi
3263 5327 3511 5383 cognove-

1913 5418 2062 5473 runt,
2088 5407 2212 5478 quia
2240 5415 2296 5460 tu
2323 5422 2403 5459 me
2417 5407 2624 5469 misisti,
2649 5413 2697 5459 et
2713 5413 2890 5458 natum
2914 5402 3017 5469 feci
3038 5402 3112 5457 eis
3136 5418 3323 5457 nomen
3337 5411 3509 5469 tuum,

1913 5509 1966 5556 et
1987 5510 2166 5554 nolunt
2194 5500 2386 5569 faciam
2405 5540 2419 5565 ,
2444 5509 2502 5553 ut
2530 5497 2735 5553 dilectio
2762 5514 2867 5570 qua
2892 5495 3131 5551 dilexisti
3152 5513 3234 5552 me
3253 5538 3268 5563 ,
3298 5496 3353 5550 in
3383 5495 3509 5566 ipsis

1914 5592 2003 5658 sit,
2018 5602 2066 5645 et
2095 5608 2186 5663 ego
2218 5592 2273 5645 in
2308 5591 2433 5669 ipsis
2469 5590 2650 5663 (Joan.
2673 5588 2827 5657 rvn).
2851 5584 3105 5660 Quisquis
3128 5602 3259 5658 ergo
3279 5584 3510 5660 percipit

1915 5684 2133 5755 plenam
2159 5683 2405 5739 notitiam
2437 5682 2556 5747 Dei,
2586 5680 2747 5737 simul
2792 5681 2956 5737 habet
3001 5682 3057 5737 in
3104 5698 3163 5739 se
3211 5681 3513 5756 perfectam

1917 5776 2259 5834 dilectionem
2284 5774 2400 5839 Dci,
2418 5783 2472 5829 et
2495 5774 2582 5829 his
2606 5773 2869 5829 ambobus
2894 5772 3102 5842 fruens,
3118 5782 3375 5830 aeternam
3386 5770 3509 5833 bes-

1919 5870 2207 5928 titudinem
2235 5866 2431 5941 adepto
2459 5881 2673 5926 summo
2698 5866 2843 5927 bono
2872 5865 3099 5951 tenebit.
3216 5890 3221 5895 ·

3516 3392 3579 3464 .7

3540 4034 3611 4097 .Jl
