3974 6454
494 377 604 445 385

1501 457 1520 480 Γ

1116 493 1346 552 CAPUT
1381 493 1470 551 Vl.

763 592 841 648 De
863 589 1020 648 modo
1045 588 1250 662 legendi
1283 607 1460 646 sacras
1489 587 1813 663 Scriptura.

569 683 676 741 Sed
701 699 801 740 nos
838 683 925 739 bis
949 683 1024 738 ita
1051 681 1368 754 pralibatis,
1415 683 1483 738 ad
1513 682 1732 738 tertium
1775 681 1926 738 illum
1967 697 2090 754 gra-

495 779 654 844 dum,
685 777 738 833 id
792 787 878 834 est
922 779 1226 847 scientiam,
1250 780 1740 837 considerationem
1764 778 2085 847 referamus,

496 869 563 926 de
593 887 699 943 qua
741 871 1009 928 disserere
1050 873 1194 943 quod
1242 873 1504 928 Dominus
1548 871 1880 945 suggesserit
1926 879 2088 941 atque

496 973 734 1022 tractare
773 967 1129 1023 instituimus.
1163 967 1283 1022 Erit
1313 966 1479 1038 igitur
1509 967 1813 1022 divinarum
1844 964 2089 1035 Scriptu-

493 1074 679 1114 rarum
711 1059 1099 1117 solertissimus
1125 1061 1427 1132 indagator,
1457 1061 1548 1131 qui
1573 1062 1752 1132 primo
1776 1068 1924 1116 totas
1943 1059 2086 1132 lege-

492 1148 586 1215 rit,
615 1160 880 1221 notasque
907 1152 1178 1216 habuerit,
1218 1159 1274 1206 et
1303 1151 1349 1206 si
1377 1152 1618 1207 nondum
1642 1151 1953 1218 intellectu,
1971 1151 2087 1222 jam

494 1251 675 1298 tamen
706 1243 958 1311 lectione,
989 1244 1258 1300 duntaxat
1284 1259 1378 1299 eas
1406 1259 1528 1314 quae
1552 1243 1893 1314 appellantur
1921 1258 2088 1299 cano-

492 1334 664 1400 nicte,
704 1349 831 1389 nam
859 1341 1086 1390 caeteras
1125 1349 1351 1407 securus
1373 1334 1518 1406 legat
1548 1334 1653 1390 ﬁde
1689 1335 1938 1390 veritatis
1999 1335 2085 1390 in-

493 1431 753 1490 structus,
804 1441 874 1481 ne
907 1434 1294 1497 praeoccupent
1348 1426 1678 1482 imbecillum
1722 1427 1983 1491 animum,
2029 1436 2086 1483 et

491 1514 812 1585 periculosis
839 1517 1140 1573 mendaciis
1174 1525 1337 1588 atque
1360 1517 1828 1588 phantasmatibus
1865 1517 2087 1574 eluden-

496 1613 577 1662 tes
611 1605 964 1676 prtejudicent
985 1609 1188 1678 aliquid
1210 1617 1400 1664 contra
1429 1625 1615 1665 sanam
1647 1610 2080 1682 intelligentiam.

492 1695 550 1751 In
578 1699 857 1753 canonicis
886 1707 1071 1754 autem
1107 1699 1437 1770 Scripturis,
1465 1700 1818 1756 ecclesiarum
1855 1701 2084 1756 catholi-

489 1803 680 1844 carum
716 1790 1168 1861 quamplurimam
1218 1792 1596 1846 auctoritatem
1635 1801 1913 1862 sequatur,
1942 1793 2085 1850 inter

489 1896 627 1950 quas
654 1895 784 1935 sane
819 1881 922 1936 illae
947 1891 1073 1938 sunt
1101 1897 1222 1952 qua:
1250 1883 1576 1954 apostolicas
1601 1885 1756 1939 sedes
1777 1885 2003 1951 habere,
2029 1893 2085 1941 et

487 1971 758 2042 Epistolas
797 1973 1044 2043 accipere
1085 1983 1422 2029 meruerunt.
1472 1974 1700 2029 Tenebit
1736 1975 1901 2045 igitur
1939 1975 2085 2032 hunc

489 2064 709 2118 modum
739 2064 794 2118 in
823 2062 1124 2134 Scripturis
1153 2065 1452 2130 canonicis,
1484 2073 1546 2120 ut
1573 2080 1668 2120 eas
1693 2080 1814 2134 quae
1855 2065 1924 2120 ab
1967 2082 2085 2122 om-

488 2155 649 2210 nibus
680 2154 1024 2225 accipiuntur
1067 2155 1325 2211 Ecclesiis
1360 2155 1644 2212 catholicis
1683 2166 1963 2227 prteponat
2004 2157 2083 2213 eis

487 2263 624 2319 quas
651 2249 871 2321 quidam
891 2264 1002 2305 non
1032 2250 1335 2321 accipiunt,
1367 2251 1420 2305 in
1448 2251 1528 2306 eis
1553 2266 1684 2306 vero
1708 2266 1829 2322 quae
1858 2267 1963 2306 non
1991 2266 2082 2308 ac-

483 2341 760 2411 cipiuntur
809 2343 878 2399 ab
922 2343 1198 2410 omnibus,
1245 2353 1526 2414 praeponat
1573 2359 1667 2399 eas
1709 2359 1844 2414 quas
1899 2343 2081 2415 plures

483 2436 870 2506 gravioresque
891 2437 1188 2506 accipiunt,
1202 2437 1429 2506 eis'quas
1451 2437 1724 2507 paucioris
1745 2437 2080 2507 minorisque

484 2527 825 2581 auctoritatis
847 2525 1102 2582 Ecclesiae
1128 2534 1334 2582 tenent.
1365 2525 1423 2582 Si
1448 2543 1512 2580 an
1523 2534 1629 2582 tem
1654 2526 1789 2581 alias
1811 2525 2079 2581 invenerit

483 2635 517 2675 a
533 2620 799 2692 pluribus,
832 2621 968 2676 alias
989 2635 1020 2675 a
1041 2621 1380 2692 gravioribus
1399 2621 1608 2686 haberi,
1639 2635 1949 2691 quanquam
1974 2620 2079 2676 hoc

483 2711 728 2767 invenire
753 2727 861 2768 non
889 2713 1090 2784 possit,
1137 2713 1361 2784 mqualis
1391 2722 1571 2768 tamen
1612 2713 1954 2769 auctoritatis
1983 2728 2077 2769 eas

480 2802 758 2860 habendas
784 2811 935 2874 puto.
966 2793 1137 2860 Totus
1158 2813 1336 2860 autem
1361 2820 1535 2860 canon
1560 2803 1994 2875 Scripturarum,
2020 2805 2073 2859 in

479 2908 589 2962 quo
619 2893 778 2948 istam
805 2893 1302 2950 considerationem
1341 2895 1663 2951 versandam
1707 2896 1940 2950 dicimus
1991 2895 2077 2951 his

478 2983 635 3039 libris
658 2985 970 3040 continetur
1012 2984 1097 3056 (ut
1125 2986 1365 3040 breviter
1406 2984 1607 3056 dicam)
1632 2985 1846 3040 Veteris
1886 2983 2077 3040 Testa-

480 3077 652 3132 menti
679 3092 805 3142 ην,
853 3076 989 3133 Novi
1027 3087 1212 3133 autem
1239 3094 1391 3134 xxvn
1413 3120 1428 3144 ,
1454 3079 1546 3148 qui
1573 3087 1700 3134 sunt
1727 3093 1896 3133 Lxxtt.
1925 3077 2076 3146 Quo-

1179 376 1242 432 B.
1283 375 1539 440 RABANl
1577 374 1798 434 MAURI
1831 373 2150 433 ARCHIEP.
2191 373 2502 432 MOGUNT.
2542 373 2828 434 OPERUM
2867 374 3050 433 PARS
3085 376 3130 434 l.

2115 493 2169 556 Α
2192 501 2419 563 quartus
2458 492 2716 551 Cobeletb
2739 535 2756 563 ,
2819 494 2912 566 qui
2970 503 3055 551 est
3111 492 3511 562 Ecclesiastes;
3561 493 3788 566 quintus

3688 377 3788 434 ΞΜ

2190 584 2529 651 Sirhasirim.
2567 588 2711 658 quod
2735 593 2820 643 est
2858 587 3144 644 Canticum
3177 587 3566 655 canticorum;
3602 596 3785 645 sextis

2189 677 2419 745 Daniel;
2472 679 2734 751 septimus
2782 679 3244 747 Dibrehaiomim,
3292 679 3440 752 quod
3484 689 3578 737 est
3611 678 3784 736 Verba

2187 771 2420 839 dierum,
2461 771 2517 828 id
2557 782 2676 838 est,
2720 771 3213 843 Paralipomenon;
3261 782 3495 830 octavus
3538 772 3781 838 Esdras;

2187 879 2362 921 nonus
2387 871 2472 921 est
2493 863 2707 921 Esther.
2756 863 2859 933 Qui
2886 863 3047 920 simul
3087 879 3278 921 omnes
3301 881 3356 930 v,
3386 873 3442 920 et
3469 879 3599 932 πη,
3631 873 3688 921 et
3714 881 3782 932 rx,

2186 957 2324 1014 ﬁunt
2367 975 2515 1026 xm,
2561 959 2703 1015 sicut
2741 959 2990 1031 superius
3031 968 3157 1016 sunt
3201 960 3620 1030 comprehensi.
3669 957 3785 1027 Qui-

2187 1055 2308 1110 dam
2356 1063 2538 1112 autem
2585 1055 2752 1122 Ruth,
2796 1064 2852 1112 et
2893 1055 3109 1122 Cinotb,
3157 1057 3301 1130 quod
3338 1057 3546 1114 Latine
3592 1057 3784 1113 dicitur

2187 1146 2498 1204 lamentatio
2537 1148 2808 1216 Jeremiae,
2858 1150 3247 1222 hagiograpbis
3289 1148 3583 1219 adjiciunt,
3632 1157 3690 1205 et
3716 1151 3784 1205 vi-

2186 1238 2318 1310 ginti
2363 1248 2597 1310 quatuor
2635 1239 2907 1296 volumina
2935 1241 3150 1297 Veteris
3175 1239 3515 1297 Testanienti
3548 1239 3781 1306 faciunt,

2178 1327 2331 1399 juxta
2374 1347 2502 1385 xxiv
2545 1331 2810 1398 seniores,
2855 1332 2946 1404 qui
2995 1340 3121 1388 ante
3161 1341 3517 1404 conspectum
3563 1331 3666 1387 Dei
3707 1347 3782 1388 as-

2185 1423 2402 1479 sistunt.
2431 1425 2522 1481 lsti
2557 1433 2683 1482 sunt
2715 1426 2838 1481 libri
2879 1427 2971 1499 qui
3003 1425 3144 1497 apud
3167 1425 3427 1483 Hebraeos
3455 1426 3779 1483 canonicam

2185 1516 2562 1571 auctoritatem
2605 1516 2827 1572 habent.
2895 1515 3133 1585 Quartus
3183 1526 3269 1573 est
3318 1519 3460 1588 apud
3507 1533 3615 1574 nos
3658 1517 3782 1574 ordo

2186 1608 2395 1664 Veteris
2428 1608 2785 1676 Testamenti,
2820 1624 3007 1665 eorum
3042 1610 3306 1666 librorum
3344 1610 3439 1681 qui
3477 1609 3538 1665 in
3577 1623 3782 1666 canone

2185 1697 2449 1756 Hebraico
2489 1716 2596 1756 non
2639 1709 2784 1768 sunt,
2812 1717 3045 1772 quorum
3083 1702 3293 1773 primus
3322 1700 3626 1772 Sapientiae
3654 1700 3782 1757 liber

2186 1799 2288 1856 est,
2327 1793 2598 1848 secundus
2631 1792 3067 1860 Ecclesiasticus,
3095 1794 3290 1848 tertius
3312 1793 3524 1856 Tobite,
3554 1803 3779 1864 quartus

2109 1860 2158 1920 Β
2184 1879 2389 1947 Juditb,
2425 1884 2650 1954 quintus
2686 1891 2742 1939 et
2776 1892 2964 1939 sextus
2989 1883 3443 1947 Machabaeorum,
3488 1860 3634 1954 quos
3664 1881 3779 1938 licet

2184 1973 2352 2029 Judaei
2403 1975 2546 2030 inter
2588 1977 2894 2049 apocrypha
2948 1984 3245 2046 separent,
3302 1975 3550 2030 Ecclesia
3601 1983 3778 2029 tamen

2181 2066 2384 2122 Christi
2436 2067 2578 2124 inter
2634 2067 2847 2123 divinos
2910 2067 3076 2123 libros
3122 2067 3352 2123 honorat
3400 2075 3456 2120 et
3498 2065 3775 2137 praedicat.

2180 2157 2238 2212 ln
2282 2157 2432 2213 Novo
2479 2166 2660 2212 autem
2700 2155 3050 2214 Testamento
3087 2158 3194 2213 duo
3233 2165 3360 2212 sunt
3395 2155 3642 2217 ordines,
3676 2154 3779 2225 pri-

2183 2263 2303 2304 mus
2340 2247 2718 2319 Evangelicus,
2760 2249 2816 2303 in
2861 2262 2970 2318 quo
3013 2256 3140 2302 sunt
3180 2246 3491 2310 Mattbzeus,
3547 2243 3775 2308 Maras,

2182 2339 2380 2407 Lucas,
2415 2340 2684 2407 Joannes;
2730 2341 3001 2396 secundus
3040 2339 3403 2411 Apostolicus,
3434 2339 3488 2393 in
3517 2353 3631 2407 quo
3658 2345 3777 2392 sunt

2180 2431 2435 2502 Epistolas
2476 2433 2846 2505 apostolorum
2889 2431 3056 2496 Petri,
3101 2431 3310 2499 Jacobi,
3347 2429 3603 2496 Joannis,
3627 2427 3776 2486 Judz

2179 2533 2236 2579 et
2259 2522 2433 2588 Pauli,
2461 2532 2516 2579 et
2540 2524 2679 2579 liber
2705 2523 2874 2578 Actus
2899 2522 3287 2594 apostolorum,
3317 2531 3373 2577 et
3395 2520 3773 2593 Apocalypsi;

2177 2616 2236 2672 ln
2280 2617 2366 2672 bis
2409 2616 2660 2673 omnibus
2715 2617 2868 2672 libris
2929 2616 3181 2672 timentes
3227 2615 3396 2678 Deum
3455 2621 3514 2670 et
3573 2614 3774 2684 pietate

2178 2711 2446 2766 mansueti
2493 2718 2744 2782 quaerunt
2777 2710 3112 2767 voluntatem
3158 2709 3277 2774 Dei,
3311 2707 3470 2779 cujus
3503 2707 3693 2778 operis
3721 2715 3772 2763 et

2177 2797 2381 2855 laboris
2401 2800 2573 2870 prima
2614 2800 2925 2856 observatio
2950 2807 3054 2866 est,
3080 2809 3140 2854 ut
3165 2799 3420 2864 diximus,
3451 2813 3621 2854 nosse
3646 2798 3773 2853 istm

2177 2889 2362 2956 libros,
2401 2899 2457 2946 et
2494 2891 2541 2946 si
2575 2891 2818 2947 nondum
2846 2891 2914 2947 ad
2941 2891 3293 2957 intellectum,
3333 2889 3569 2962 legendo
3596 2899 3769 2944 tamen

2176 2979 2263 3035 vel
2305 2981 2564 3036 mandare
2604 2982 2900 3048 memoriae,
2947 2981 3032 3038 vel
3066 2982 3290 3038 omnino
3325 2981 3641 3053 incognitos
3669 2995 3768 3034 non

2178 3072 2401 3128 habere.
2453 3072 2657 3127 Deinde
2697 3073 2788 3127 illa
2813 3087 2936 3145 qua:
2975 3073 3030 3128 in
3067 3075 3146 3129 eis
3181 3082 3368 3144 aperte
3402 3072 3589 3143 posita
3628 3078 3771 3134 nt,

480 3181 602 3222 rum
624 3168 868 3226 omnium
893 3169 1115 3224 nomina
1136 3177 1192 3225 et
1217 3169 1436 3235 seriem,
1453 3177 1509 3226 et
1524 3169 1923 3235 auctoritatem,
1945 3169 2074 3240 quia
2108 3230 2144 3240 _
2175 3159 2263 3216 vel
2301 3171 2571 3233 ρι’ωοθριει
2597 3163 2836 3231 Viventii.
2859 3163 2944 3220 νεὶ
2979 3162 3176 3234 P881113!
3212 3162 3492 3227 σι’θάθηίίίν
3520 3160 3772 3217 solerti“!

465 3260 536 3315 .in
566 3261 834 3332 superiori
864 3262 1004 3318 libro
1030 3271 1294 3334 quantum
1318 3263 1472 3335 potui
1521 3263 1810 3334 descripsi,
1833 3277 1942 3319 non
1962 3230 2072 3320 ἠερ

2177 3230 2599 3324 diligentiusque
2631 3254 3008 3327 investiganda
3035 3230 3184 3320 sunt,
3207 3253 3329 3324 'quze
3359 3261 3512 3307 tanto
3541 3254 3770 3322 quisque

476 3369 632 3412 cosse
655 3356 933 3413 credimus
959 3357 1184 3413 iterare.

1085 3466 1316 3524 CAPUT
1353 3467 1466 3524 νη.

476 3555 556 3612 De
581 3572 780 3613 canone
809 3555 1177 3631 Hebrworum,
1208 3559 1480 3631 quomodo
1491 3558 1633 3629 apud
1657 3574 1744 3614 eos
1769 3559 2071 3631 tripartitus

757 3636 834 3682 est
865 3628 994 3682 ordo
1033 3627 1331 3682 divinarum
1363 3627 1784 3699 Scripturarum.

545 3717 854 3776 Notandum
869 3729 1047 3776 tamen
1059 3719 1202 3790 quod
1225 3719 1435 3775 Hebraei
1449 3717 1622 3776 Vetus
1635 3717 2066 3787 Testamentum,

475 3807 651 3867 Esdra
677 3819 902 3867 auctore
921 3810 1080 3880 juxta
1112 3825 1401 3867 numerum
1428 3810 1737 3866 litterarum
1762 3826 1984 3867 suarum
2014 3811 2070 3866 in

473 3920 591 3962 xxn
618 3906 788 3963 libros
808 3907 1106 3977 accipiunt,
1136 3907 1441 3962 dividentes
1465 3921 1560 3962 eos
1587 3906 1643 3961 in
1676 3913 1789 3962 tres
1817 3906 2068 3973 ordines,

470 3993 608 4065 legis
633 3995 863 4061 scilicet,
891 3997 1284 4067 pr0phetarum
1325 4004 1382 4052 et
1409 3996 1926 4067 hagiograpborum.
1951 3993 2071 4050 Pri-

470 4097 596 4137 mus
624 4085 759 4139 ordo
786 4083 923 4156 legis
971 4086 1026 4139 in
1061 4085 1302 4155 quinque
1333 4084 1487 4140 libris
1515 4085 1801 4155 accipitur,
1837 4099 2068 4156 quorum

469 4173 682 4244 primus
711 4182 795 4229 est
819 4173 1061 4242 Bresith,
1084 4175 1178 4245 qui
1204 4183 1290 4230 est
1316 4174 1562 4232 Genesis.
1595 4173 1878 4232 Secundus
1900 4175 2070 4231 Elles—

470 4273 607 4330 mot,
643 4264 736 4334 qui
768 4273 852 4320 est
881 4265 1117 4322 Exodus.
1149 4265 1367 4322 Tertius
1397 4266 1631 4332 Vaiicra,
1666 4267 1760 4336 qui
1796 4275 1880 4322 est
1907 4265 2070 4322 Levi-

470 4355 634 4412 ticus.
667 4355 904 4424 Quartus
928 4356 1291 4424 Vaiedabbet,
1343 4359 1434 4429 qui
1463 4367 1549 4415 est
1581 4358 1869 4416 Numerus.
1900 4357 2069 4428 Quin-

473 4452 562 4501 tus
613 4446 1090 4515 Ellehadabarim,
1147 4450 1292 4518 quod
1339 4458 1424 4505 est
1472 4450 1973 4506 Deuteronomium.
1999 4450 2067 4506 Hi

472 4544 601 4591 sunt
645 4538 884 4609 quinque
939 4539 1064 4594 libri
1108 4539 1320 4612 Moysi,
1349 4555 1486 4611 quos
1516 4540 1732 4597 Hebraei
1777 4542 2020 4597 Thorath
2047 4581 2064 4608 ,

469 4628 651 4685 Latini
681 4630 856 4702 legem
899 4631 1174 4702 appellant
1199 4673 1214 4699 ,
1241 4632 1462 4703 proprie
1509 4639 1688 4688 autem
1717 4632 1804 4688 lex
1832 4632 2066 4704 appella-

467 4729 577 4786 tur,
602 4737 722 4792 quae
735 4737 834 4792 per
854 4722 1073 4795 Moysen
1095 4724 1223 4779 data
1244 4733 1347 4780 est.
1376 4722 1660 4780 Secundus
1687 4725 1822 4780 ordo
1840 4725 2069 4795 prophe-

469 4819 672 4876 tarum,
705 4813 759 4865 in
786 4828 894 4881 quo
915 4814 1264 4869 continentur
1292 4813 1414 4868 libri
1438 4821 1583 4880 octo,
1608 4829 1840 4885 quorum
1859 4815 2068 4886 primus

465 4901 629 4958 Josne
652 4904 898 4970 bennun,
927 4905 1018 4974 qui
1045 4905 1238 4961 Latine
1265 4903 1393 4961 Jesu
1423 4905 1569 4962 Nave
1604 4908 1820 4963 dicitur.
1859 4906 2068 4963 Secun-

471 4995 573 5050 dus
597 4995 911 5066 Sophthim,
939 4997 1033 5068 qui
1056 5006 1141 5054 est
1165 4997 1433 5053 Judicum.
1465 4998 1682 5055 Tertius
1707 4999 1948 5066 Samuel,
1972 5002 2067 5071 qui

469 5096 550 5143 est
569 5088 776 5162 Regum
806 5090 1035 5160 primus.
1057 5089 1295 5157 Quartus
1314 5089 1621 5157 Malachim,
1641 5092 1732 5161 qui
1751 5099 1835 5146 est
1854 5090 2062 5163 Regum

468 5180 758 5235 secundus.
781 5179 1016 5248 Quintus
1035 5180 1224 5236 Isaias.
1250 5181 1449 5237 Sextus
1474 5181 1760 5239 Jeremias.
1787 5180 2064 5249 Septimus

469 5266 743 5324 Ezechiel.
777 5270 1013 5327 Octavus
1048 5272 1377 5337 Tbereasar,
1424 5273 1517 5343 qui
1549 5273 1750 5328 dicitur
1778 5272 2060 5328 duodecim

465 5359 875 5428 prophetarum,
915 5363 1008 5432 qui
1051 5362 1174 5418 libri
1207 5363 1335 5433 quia
1375 5363 1476 5418 sibi
1516 5377 1618 5434 pro
1655 5363 1922 5436 parvitate
1963 5364 2061 5420 ad-

463 5448 638 5518 juncti
678 5460 822 5515 sunt,
849 5468 948 5522 pro
983 5469 1092 5509 uno
1131 5455 1493 5525 accipiuntur.
1539 5455 1757 5511 Tertius
1783 5456 1917 5512 ordo
1954 5454 2060 5510 lla-

468 5541 909 5613 giograpborum,
953 5544 1004 5599 id
1043 5553 1149 5611 est,
1194 5554 1382 5602 sancta
1417 5547 1806 5613 scribentium,
1851 5548 1904 5602 in
1951 5563 2060 5619 quo

467 5640 597 5687 sunt
638 5633 760 5688 libri
799 5649 1031 5700 novem,
1078 5652 1307 5706 quorum
1353 5639 1562 5708 primus
1601 5636 1742 5704 Job;
1788 5641 2060 5697 secundus

469 5722 815 5791 Psalterium,
856 5725 948 5797 qui
990 5727 1045 5781 in
1090 5729 1329 5800 quinque
1375 5731 1728 5787 incisionibus
1762 5732 2056 5801 dividitur;

467 5815 668 5876 tertius
709 5816 945 5874 Massotb
973 5857 988 5884 ,
1038 5820 1181 5890 quod
1228 5830 1314 5878 est
1361 5822 1656 5882 Proverbia
1707 5823 2056 5896 Salomonis;

2172 3346 2328 3418 plura
2368 3348 2593 3414 invenit,
2621 3358 2828 3419 quanto
2867 3355 2950 3404 est
2991 3347 3350 3418 intelligentia
3388 3345 3672 3416 capacior.
3718 3343 3771 3398 In

2176 3439 2261 3494 his
2296 3441 2442 3495 enim
2479 3456 2600 3511 quae
2635 3450 2820 3511 aperte
2864 3440 2921 3496 in
2967 3438 3268 3510 Scripturis
3303 3439 3484 3509 posita
3512 3445 3668 3503 sunt,
3697 3435 3770 3491 in-

2171 3532 2463 3587 veniuntur
2503 3532 2592 3588 illa
2635 3532 2818 3587 omnia
2863 3547 2985 3602 qua:
3023 3529 3307 3587 continent
3345 3529 3542 3596 (idem,
3594 3541 3769 3584 mones

2172 3623 2409 3690 vivendi,
2435 3638 2586 3694 spem
2629 3622 2840 3679 scilicet
2877 3632 3041 3694 atque
3081 3622 3440 3687 charitatem;
3490 3635 3624 3676 cum
3649 3634 3770 3676 vero

2173 3713 2314 3769 facta
2334 3715 2567 3786 quadam
2589 3713 2957 3772 familiaritate
2975 3726 3110 3772 cum‘
3120 3716 3236 3787 ipsa
3255 3713 3437 3784 lingua
3459 3713 3768 3770 divinarum

2173 3803 2603 3876 Scripturarum,
2650 3806 2704 3861 in
2747 3821 2815 3862 ea
2857 3823 2979 3879 qua:
3023 3808 3254 3862 obscura
3289 3813 3417 3860 sunt
3474 3802 3767 3875 aperienda

2170 3905 2228 3953 et
2269 3896 2604 3953 discutienda
2627 3937 2643 3965 ,
2691 3899 3023 3970 pergendum
3070 3907 3157 3953 est
3196 3903 3258 3952 ut
3303 3898 3371 3951 ad
3416 3894 3768 3952 obscuriores

2170 3989 2470 4047 locutiones
2515 3989 2888 4056 illustrandas,
2930 3990 2998 4046 de
3043 3987 3512 4044 manifestioribus
3549 4002 3769 4042 suan-

2170 4089 2261 4138 tur
2296 4082 2544 4154 exempla
2570 4125 2585 4149 ,
2649 4091 2705 4139 et
2757 4083 3004 4153 quzedam
3047 4092 3322 4138 certarum
3369 4081 3766 4138 sententiarum

2170 4173 2498 4239 testimonia,
2528 4175 2922 4230 dubitationem
2956 4173 3124 4229 certis
3160 4173 3438 4239 auferant,
3487 4173 3543 4227 in
3573 4188 3685 4244 qua
3712 4185 3767 4227 re

2169 4263 2433 4320 memoria
2452 4264 2598 4319 valet
2619 4263 2933 4334 plurimum,
2955 4277 3076 4333 qua:
3099 4263 3145 4319 si
3171 4261 3424 4329 defuerit,
3453 4277 3564 4318 non
3589 4268 3767 4334 potest

2169 4355 2256 4410 his
2281 4355 2565 4426 praeceptis
2590 4354 2730 4409 dari.

2767 4446 2996 4504 CAPUT
3034 4445 3168 4502 Vlll.

2230 4535 2382 4592 Unde
2409 4539 2469 4608 ﬁt
2503 4539 2644 4611 quod
2673 4556 2777 4594 non
2805 4538 3172 4610 intelliguntur
3194 4553 3313 4610 qua:
3337 4537 3539 4608 scripta
3563 4545 3705 4593 aut.

2244 4628 2460 4685 Duabus
2487 4639 2668 4686 autem
2690 4630 2870 4686 causis
2893 4645 3000 4685 non
3025 4629 3402 4702 intelliguntur
3420 4643 3546 4700 quae
3564 4630 3760 4700 scripta

2171 4728 2320 4784 sunt,
2353 4721 2396 4775 si
2427 4731 2519 4776 aut
2548 4723 2766 4793 ignotis,
2796 4731 2889 4777 aut
2917 4723 3186 4794 ambiguis
3212 4723 3383 4793 signis
3411 4723 3757 4793 obtegnntnr.

2171 4809 2312 4866 Sunt
2338 4821 2517 4866 autem
2550 4812 2702 4883 signa
2735 4813 2952 4882 propria
2984 4811 3070 4868 vel
3100 4812 3384 4868 translata.
3425 4811 3657 4883 Propria
3685 4811 3760 4866 di-

2169 4911 2385 4967 cuntur,
2415 4917 2537 4956 cum
2563 4903 2650 4958 his
2674 4903 2836 4958 rebus
2863 4902 3232 4974 significandis
3260 4901 3610 4970 adhibentur,
3639 4916 3760 4973 pro-

2168 5001 2291 5063 pter
2315 5008 2453 5063 quas
2481 5002 2606 5048 sunt
2646 4993 2926 5061 instituta,
2969 4996 3115 5051 sicut
3141 4993 3372 5052 dicimus
3399 4995 3597 5051 bovem
3637 5007 3755 5049 cum

2167 5083 2516 5156 intelligimus
2555 5100 2758 5156 pecus,
2814 5087 2959 5158 quod
3005 5101 3195 5143 omnes
3236 5085 3520 5142 nobiscum
3552 5085 3753 5140 Latina

2163 5174 2360 5246 lingua:
2387 5177 2633 5233 homines
2665 5178 2769 5234 hoc
2797 5179 3016 5234 nomine
3042 5186 3256 5236 vocant.
3292 5177 3580 5233 Translata
3609 5186 3752 5245 sunt,

2165 5278 2286 5318 cum
2326 5272 2381 5319 et
2416 5265 2545 5334 ipsa:
2583 5281 2672 5322 res
2713 5283 2852 5338 quas
2881 5269 3116 5340 propriis
3143 5268 3328 5328 verbis
3357 5269 3748 5341 signiﬁcamus.

2165 5360 2234 5413 ad
2284 5358 2484 5430 aliquid
2532 5360 2677 5418 aliud
2727 5362 3141 5435 significandum
3191 5371 3560 5434 usurpantur,
3615 5362 3751 5418 sicut

2163 5450 2392 5507 dicimus
2443 5450 2636 5508 bovem
2665 5494 2681 5520 ,
2737 5462 2792 5508 et
2843 5470 2943 5524 per
2986 5455 3086 5510 has
3133 5455 3269 5510 duas
3312 5453 3550 5526 syllabas
3597 5451 3751 5508 intel-

2159 5547 2373 5618 ligimus
2411 5563 2606 5618 pecus,
2656 5547 2798 5619 quod
2847 5549 2951 5605 isto
2997 5552 3216 5607 nomine
3261 5549 3521 5620 appellari
3574 5546 3747 5614 solet;

2159 5641 2254 5695 sed
2301 5655 2490 5696 rursus
2540 5656 2639 5712 per
2685 5639 2813 5695 illud
2865 5657 3031 5711 pecus
3076 5641 3425 5712 intelligimus
3473 5638 3750 5710 evangeli~

2159 5744 2298 5789 stam
2325 5749 2482 5804 quem
2510 5733 2834 5804 significavit
2863 5736 3165 5806 Scriptura,
3192 5735 3588 5806 interpretante
3611 5733 3750 5804 Apo-

2160 5823 2300 5884 stolo
2334 5833 2390 5882 et
2419 5824 2672 5883 dicente:
2710 5827 2902 5884 Bovem
2941 5828 3276 5884 ινξιπιτ-αλιθυιδ
3317 5841 3423 5881 non
3460 5819 3747 5894 infundit
