3974 6462
178 375 291 434 385

956 369 1049 426 DE
1081 363 1531 426 CLERlCORUM
1566 361 2050 422 lNSTlTUTiONE
2110 365 2265 424 ETC.
2304 397 2376 409 -
2409 367 2540 424 LIB.
2582 369 2671 425 lli.

3348 369 3453 428 586

179 439 388 562 σοον,
410 494 514 562 ιχ).
547 487 874 556 Αάιποιηία
905 491 1084 536 autem
1115 479 1264 550 signa
1294 478 1566 550 pertinent
1594 476 1778 539 verba,
1808 476 1858 536 Α
1883 492 2046 546 quam
2082 479 2191 532 vim
2227 479 2455 546 habeat,
2498 480 2736 552 quidque
2763 481 3034 554 signiﬁcet
3059 487 3201 554 quod
3237 487 3455 554 ignora-

179 573 303 654 quae
338 593 561 650 prorsus
592 577 733 631 inter
760 573 1005 629 homines
1035 571 1386 627 obtinuerunt
1414 569 1772 641 principatum

179 666 558 742 signiﬁcandi,
602 679 924 736 quocunque
955 663 1136 720 animo
1171 663 1572 734 concipiuntur,
1617 662 1662 716 si
1709 676 1772 715 ea

92 761 108 814 ἴ
179 760 417 832 quisque
443 756 677 830 prodere
699 756 850 812 velit.
889 754 996 810 Sed
1024 755 1150 825 quia
1179 755 1465 809 verberato
1498 767 1626 808 aere
1656 762 1771 808 sta-

181 851 282 908 tim
314 858 619 916 transeunt,
652 863 754 905 nec
781 848 982 904 diutius
1008 855 1229 903 manent
1257 861 1420 916 quam
1447 854 1662 911 sonant,
1693 845 1776 900 in-

181 945 377 1001 stituta
404 952 532 999 sunt
558 956 654 1014 per
678 941 889 996 litteras
916 939 1070 1011 signa
1095 940 1389 994 verborum
1426 946 1482 993 et
1516 938 1590 992 ita
1616 952 1776 993 voces

181 1039 361 1096 oculis
396 1036 775 1102 ostenduntur,
817 1050 924 1090 non
960 1049 1058 1105 per
1094 1033 1327 1104 seipsas,
1367 1031 1461 1087 sed
1499 1047 1596 1102 per
1623 1031 1775 1102 signa

184 1132 436 1203 quaadam
473 1145 591 1185 sua.
641 1129 748 1184 Ista
778 1127 930 1199 signa
959 1141 1088 1198 ergo
1137 1141 1247 1182 non
1294 1132 1591 1196 potuerunt
1628 1138 1774 1179 com-

182 1219 372 1276 munia
411 1233 534 1274 esse
570 1218 822 1273 omnibus
849 1215 1115 1287 gentibus,
1147 1225 1372 1286 peccato
1401 1213 1635 1285 quodam
1667 1213 1774 1269 dis-

183 1309 460 1367 sensionis
487 1310 739 1365 humanae
759 1349 774 1374 ,
823 1325 947 1364 cum
977 1309 1046 1364 ad
1074 1323 1132 1364 se
1159 1309 1385 1378 quisque
1413 1307 1770 1378 principatum

183 1401 349 1472 rapit,
373 1399 528 1470 cujus
555 1399 822 1470 superbia:
850 1399 1062 1470 signum
1092 1409 1175 1454 est
1198 1409 1381 1455 erecta
1410 1399 1497 1453 illa
1527 1400 1690 1454 turris
1718 1399 1770 1453 in

181 1491 384 1548 cwlum
405 1531 421 1557 ,
463 1489 557 1546 ubi
588 1489 837 1546 homines
864 1489 1014 1560 impii
1045 1507 1152 1545 non
1183 1491 1358 1547 solum
1389 1491 1600 1548 animos
1619 1532 1634 1558 ,
1680 1492 1772 1546 sed

181 1587 352 1641 etiam
379 1600 543 1642 voces
572 1585 821 1640 dissonas
850 1583 1052 1639 habere
1079 1594 1411 1639 meruerunt.
1457 1583 1562 1639 Sed
1604 1585 1771 1656 gratia

182 1676 283 1731 Dei
313 1677 742 1733 misericorditer
770 1675 1045 1746 provisum
1072 1684 1174 1742 est,
1207 1684 1265 1730 ut
1289 1675 1569 1746 Scriptura
1596 1677 1774 1731 divina

181 1784 307 1839 qua;
339 1767 394 1824 in
423 1769 596 1838 prima
625 1767 716 1823 illa
745 1768 928 1837 lingua
949 1808 964 1833 ,
1002 1783 1107 1838 qua
1144 1767 1391 1823 homines
1417 1767 1578 1838 primi
1608 1767 1769 1822 locuti

181 1834 314 1914 sunt
353 1834 606 1930 primitus
646 1834 955 1928 conscripta
985 1834 1096 1924 est,
1138 1859 1207 1913 ab
1237 1859 1352 1929 ipsa
1380 1834 1478 1930 per
1506 1858 1655 1913 varia
1684 1859 1768 1913 in-
1795 1834 1846 1896 Β

181 1959 489 2022 terpretum
517 1950 692 2006 oliicia
734 1950 802 2005 ad
845 1949 1096 2005 notitiam
1131 1949 1412 2004 hominum
1450 1947 1771 2016 deferretur,

180 2058 256 2098 ne
296 2043 538 2098 humana
578 2043 795 2099 miseria
827 2041 971 2097 fame
999 2041 1152 2098 verbi
1189 2041 1284 2097 Dei
1323 2042 1609 2108 deﬁciens,
1661 2042 1776 2097 sine

179 2135 432 2192 remedio
461 2135 517 2191 in
552 2144 813 2191 mternnm
843 2134 1076 2206 periret,
1108 2142 1325 2190 servato
1354 2142 1535 2189 tamen
1562 2133 1774 2200 ordine,

179 2245 349 2300 quem
392 2231 627 2287 maxime
663 2246 837 2287 canon
883 2229 1092 2285 invenit
1134 2230 1329 2284 harum
1374 2227 1775 2298 Scripturarum

181 2319 294 2376 illis
321 2321 494 2378 tribus
525 2321 745 2394 linguis,
773 2337 894 2392 quae
920 2321 974 2378 in
1002 2336 1166 2402 cruce
1194 2319 1554 2398 redemptoris
1580 2328 1636 2374 et
1662 2318 1777 2375 Sal-

179 2413 392 2470 vatoris
411 2415 584 2471 nostri
607 2416 866 2472 dedicata:
887 2424 1031 2483 sunt,
1055 2415 1281 2471 Hebraea
1302 2413 1572 2478 videlicet,
1587 2412 1776 2468 Graeca

179 2514 239 2562 et
267 2504 493 2574 Latina,
525 2507 595 2563 ad
625 2507 1008 2563 insinuandam
1035 2515 1239 2564 sanctae
1270 2504 1556 2561 Trinitatis
1581 2504 1772 2570 ﬁdem,

180 2596 240 2652 in
281 2596 456 2651 tribus
491 2597 681 2652 mundi
721 2596 967 2668 partibus
1005 2596 1280 2666 tripartito
1316 2596 1556 2651 humano
1588 2591 1776 2665 generi

179 2673 557 2757 principaliter
576 2689 972 2755 commendari,
995 2697 1056 2743 ut
1079 2704 1142 2744 ex
1171 2688 1259 2744 his
1282 2703 1619 2758 unaquaeque
1643 2701 1776 2756 gens

178 2779 237 2831 et
263 2777 413 2831 natio
441 2779 674 2848 propriae
710 2778 909 2850 lingua:
950 2777 1279 2833 adminiculo
1305 2776 1639 2833 intellectum
1670 2775 1775 2832 sibi

177 2869 455 2926 salubrem
486 2873 815 2938 attraheret,
863 2872 1274 2944 interpretando
1318 2888 1381 2928 ac
1421 2871 1776 2942 colloquendo

175 2947 400 3017 sensum
454 2965 706 3021 eumdem
755 2965 1076 3022 canonicum
1126 2965 1363 3036 propriis
1408 2965 1641 3035 verbis._
1667 2964 1775 3020 Sed

176 3053 307 3122 quia
338 3053 711 3123 praadiximus,
738 3056 880 3126 quod
926 3062 1023 3110 aut
1049 3055 1104 3110 in
1131 3055 1332 3128 ignotis
1358 3053 1557 3125 signis,
1585 3062 1678 3108 aut
1717 3053 1773 3108 in

177 3143 452 3216 ambiguis
479 3147 713 3202 hzereret
742 3147 1068 3214 intellectus,
1097 3156 1158 3203 ut
1184 3165 1290 3203 non
1318 3145 1478 3204 facile
1507 3147 1773 3217 intellige-

177 3244 373 3306 rentur
397 3251 515 3306 qua:
545 3237 748 3308 scripta
775 3248 920 3304 sunt,
954 3239 1020 3295 de
1048 3239 1315 3312 ambiguis
1341 3239 1510 3309 signis
1538 3246 1660 3310 post
1688 3238 1768 3294 lo-

175 3340 430 3394 quemur,
478 3343 622 3384 nunc
665 3329 730 3383 de
772 3328 1060 3400 incognitis
1109 3329 1343 3399 agimus.
1394 3328 1571 3400 Agere
1618 3327 1766 3383 enim

175 3414 546 3483 decrevimus,
596 3427 656 3473 ut
705 3419 752 3474 si
797 3420 1056 3476 Dominus
1084 3421 1284 3488 vellet,
1332 3435 1670 3490 quacunque
1711 3421 1766 3474 in

171 3507 450 3576 pnndictis
476 3507 687 3564 duobus
713 3510 882 3582 signis
911 3513 1220 3567 necessaria
1246 3525 1429 3568 essent
1453 3513 1522 3567 ad
1550 3514 1764 3568 discen-

171 3598 306 3653 dum
357 3601 532 3668 nobis,
583 3601 876 3658 distributo
923 3604 1114 3659 ordine
1161 3604 1432 3674 modoque
1479 3604 1762 3674 disposito,

171 3698 442 3760 quantum
471 3707 755 3762 possemus
784 3695 1274 3760 conscriberemus,
1295 3696 1437 3750 unde
1458 3695 1763 3766 oportebat,

170 3789 242 3834 ut’
263 3781 329 3836 de
360 3781 560 3852 ignotis
591 3783 822 3852 propriis
854 3785 1022 3855 signis
1048 3793 1171 3856 post
1199 3800 1515 3856 ageremus,
1553 3785 1610 3840 in
1641 3785 1763 3856 qui-

103 3939 108 3942 _
170 3873 277 3942 bus
306 3872 463 3928 radix
510 3883 566 3928 et
611 3874 828 3932 initium
860 3875 1102 3932 discendi
1137 3877 1408 3934 consistit.
1459 3875 1664 3932 Deinde
1699 3877 1766 3932 de

171 3961 371 4040 ignotis
405 3965 714 4031 translatis,
758 3967 812 4043 in
843 3967 1038 4038 quibus
1066 3967 1339 4024 subtilitas
1369 3975 1424 4022 et
1449 3967 1655 4023 utilitas
1682 3966 1762 4023 le-

168 4059 370 4115 ctionis
397 4060 642 4127 habetur,
673 4065 857 4132 postea
883 4073 1013 4112 vero
1038 4058 1104 4113 de
1128 4057 1397 4129 ambiguis
1421 4058 1611 4129 signis,
1640 4073 1765 4128 pro-

167 4149 308 4220 priis
337 4159 499 4222 atque
529 4151 840 4218 translatis,
876 4148 1073 4223 quibus
1101 4150 1168 4204 ad
1199 4163 1396 4220 purum
1428 4147 1624 4203 elicitis
1645 4188 1660 4212 ,
1708 4156 1764 4202 et

168 4241 470 4298 secundum
495 4245 782 4301 veritatem
824 4246 1089 4313 inventis,
1126 4241 1361 4308 ﬁrmitas
1390 4249 1447 4297 et
1478 4241 1763 4312 integritas

169 4327 420 4391 lcetionis
449 4345 762 4406 generatur.

784 4428 1014 4487 CAPUT
1050 4430 1144 4486 ιχ.

694 4524 773 4582 De
807 4525 1002 4598 ignotis
1040 4527 1225 4599 signis.

238 4610 551 4681 lgnotorum
603 4623 785 4672 autem
837 4617 1117 4688 signorum
1165 4616 1285 4673 dum
1337 4615 1527 4690 formae
1579 4626 1754 4684 sunt,

165 4710 430 4770 quantum
477 4704 546 4760 ad
587 4706 752 4761 verba
779 4706 1054 4776 pertinet;
1105 4721 1344 4778 namque
1381 4716 1476 4762 aut
1511 4707 1754 4778 ignotum

163 4785 393 4845 verbum
429 4792 562 4848 facit
595 4795 804 4851 hazrere
831 4795 1091 4851 lectorem
1115 4837 1130 4862 ,
1176 4803 1271 4850 aut
1315 4796 1496 4866 ignota
1530 4797 1750 4852 locutio.

161 4870 300 4946 Qua:
335 4881 381 4935 si
417 4898 483 4937 ex
513 4883 632 4938 aliis
661 4884 857 4955 linguis
882 4886 1132 4951 veniunt,
1175 4893 1268 4940 aut
1299 4886 1588 4957 quaerenda
1629 4897 1755 4942 sunt

161 4973 231 5027 ab
249 4987 449 5052 "carum
489 4974 792 5046 linguarum
831 4977 1162 5043 hominibus,
1194 4987 1288 5034 aut
1315 4977 1495 5046 lingua
1526 4979 1749 5043 eadem,

160 5063 208 5117 si
241 5051 297 5142 et
320 5065 490 5120 otium
518 5074 601 5120 est
627 5076 682 5122 et
710 5067 985 5139 ingenium
1010 5068 1321 5134 ediscenda,
1343 5075 1437 5124 aut
1461 5069 1754 5138 plurimum

161 5149 529 5225 interpretum
575 5158 903 5215 consulenda
950 5157 1185 5215 collatio.
1243 5158 1304 5214 Si
1353 5169 1534 5216 autem
1585 5160 1755 5230 ipsius

161 5245 364 5316 lingua:
395 5256 595 5303 nostrae
614 5289 630 5313 ,
659 5249 712 5304 id
736 5259 822 5306 est
850 5249 1058 5306 Latina:
1077 5291 1092 5316 ,
1125 5250 1304 5321 aliqua
1335 5251 1499 5307 verba
1531 5251 1754 5308 locutio-

159 5336 370 5412 nesfque
402 5337 713 5409 ignoramus
736 5379 754 5408 ,
799 5340 1009 5412 legendi
1048 5343 1440 5398 consuetudine
1469 5342 1751 5398 audiendi-

159 5401 670 5498 qutiiinno'tescunt.
719 5401 883 5487 Nulla
911 5449 1045 5489 sane
1077 5441 1204 5490 sunt
1241 5432 1414 5504 magis
1442 5433 1752 5489 mandanda

159 5511 461 5594 mettio’rize,
480 5537 645 5590 quam
673 5521 762 5577 illa
783 5524 1069 5578 verborum
1094 5524 1530 5594 locutionumque
1552 5539 1751 5595 genera

160 5595 658 5676 qua‘ig'noramus,
702 5620 763 5666 ut
791 5627 912 5668 cum
941 5612 1168 5680 peritior
1195 5615 1529 5679 occurrerit,
1581 5615 1646 5668 de
1686 5628 1750 5669 eo

161 5689 336 5768 quaeri
362 5695 659 5782 possit,ch
683 5702 804 5758 talis
837 5701 1014 5770 lectio,
1047 5719 1164 5772 qua:
1188 5703 1271 5758 vel
1298 5705 1747 5774 praecedentibus,

163 5789 248 5846 vel
259 5787 756 5874 :c'onsequentibus,
775 5795 1022 5874 velocius
1049 5793 1155 5874 [vel
1183 5785 1447 5870 utrisque]
1473 5797 1748 5870 ostendat,

259 5863 372 5900 (‘1.l.
427 5863 542 5899 :—'
740 5863 810 5900 γ’,
1049 5863 1069 5874 γ
1136 5881 1153 5897 ι’

1779 4557 1836 4621 D

1873 584 1995 624 mus
2015 611 2030 636 ,
2074 568 2234 626 facile
2265 571 2553 642 adjuvante
2580 573 2842 628 memoria
2877 569 3146 643 possimus
3175 575 3458 632 advertere

1871 671 1928 715 et
1953 661 2179 717 discere.
2216 663 2384 718 Debet
2409 672 2588 719 autem
2627 665 2866 730 studere,
2895 665 2941 721 is
2985 666 3076 736 qui
3113 667 3458 737 propriorum

1872 752 2149 824 signorum
2177 754 2385 824 peritus
2413 769 2536 810 esse
2565 755 2702 821 vult,
2736 755 2791 810 id
2819 765 2928 822 est,
2959 765 3218 826 quantum
3246 757 3313 811 ad
3344 771 3462 813 ser-

1871 863 2061 904 mones
2088 848 2361 918 pertinet,
2395 857 2457 903 ut
2485 857 2540 904 et
2567 858 2775 904 certam
2805 857 3095 920 cognoscat
3121 851 3233 905 vim
3262 851 3460 906 verbo-
3497 857 3508 867 ‘

1873 956 2013 1006 rum,
2046 951 2101 995 et
2128 941 2407 1012 pmprium
2437 941 2575 996 sciat
2604 941 2824 996 modum
2854 941 3219 1006 locutionum,
3254 941 3399 1012 quod
3427 956 3461 996 a

1871 1034 2243 1103 grammaticis
2283 1043 2339 1090 et
2377 1033 2689 1090 rhetoribus
2726 1050 2836 1092 non
2877 1036 3223 1093 mediocriter
3251 1036 3461 1093 discere

1873 1124 1988 1198 (qui
2016 1125 2150 1198 vult)
2176 1126 2342 1183 valet.

2489 1217 2718 1276 CAPUT
2755 1218 2826 1275 X.

2344 1309 2424 1364 De
2458 1310 2731 1365 translatis
2769 1311 2984 1382 ignotis.

1941 1400 2002 1455 In
2042 1401 2323 1457 translatis
2351 1416 2482 1457 vero
2510 1402 2711 1474 signis,
2754 1402 2799 1457 si
2842 1417 2948 1472 qua
2977 1399 3118 1457 forte
3147 1401 3332 1474 ignota
3366 1418 3461 1460 co-

1871 1502 2005 1564 gunt
2050 1494 2260 1550 haerere
2307 1494 2600 1562 lectorem,
2649 1496 2851 1567 partim
2891 1496 3199 1566 linguarum
3233 1497 3461 1565 notitia,

1871 1584 2071 1655 partim
2112 1600 2314 1652 rerum,
2359 1585 2734 1658 investiganda
2769 1595 2916 1642 sunt.
2956 1586 3176 1658 Aliquid
3211 1589 3356 1644 enim
3396 1588 3466 1644 ad

1873 1673 2283 1730 similitudinem
2310 1674 2484 1742 valet,
2514 1683 2569 1730 et
2595 1677 2784 1746 procul
2813 1677 2979 1734 dubio
3007 1687 3279 1734 secretum
3306 1679 3464 1750 quid-

1873 1766 1999 1821 dam
2025 1766 2265 1822 insinuat
2296 1766 2444 1822 Siloa
2471 1768 2702 1839 piscina,
2730 1769 2823 1825 ubi
2848 1768 3044 1825 faciem
3073 1769 3256 1827 lavare
3277 1769 3465 1839 jussus

1871 1866 1955 1914 est
1981 1859 2067 1914 cui
2093 1859 2278 1914 oculos
2303 1860 2562 1917 Dominus
2587 1861 2702 1916 luto
2730 1863 2797 1918 de
2821 1872 2979 1933 sputo
3006 1861 3151 1919 facto
3172 1862 3462 1933 iunxerat;

1873 1950 2018 2020 quod
2054 1958 2236 2006 tamen
2272 1967 2470 2008 nomen
2518 1952 2714 2024 linguae
2760 1954 3051 2025 incognita:
3090 1954 3196 2010 nisi
3234 1969 3466 2027 evange-

1873 2041 1999 2097 lista
2029 2042 2414 2113 interpretatus
2443 2053 2625 2109 esset,
2675 2053 2857 2102 tamen
2893 2061 3120 2118 magnus
3156 2047 3465 2103 intellectus

1873 2135 2113 2191 lateret:
2137 2134 2228 2191 Sic
2255 2137 2418 2191 etiam
2448 2137 2617 2192 multa
2647 2153 2767 2209 qua:
2805 2139 2876 2194 ab
2909 2138 3225 2196 auctoribus
3249 2155 3465 2196 eorum-

1875 2227 2000 2283 dem
2021 2227 2288 2283 librorum
2311 2228 2667 2300 interpretata
2691 2245 2796 2286 non
2820 2239 2947 2286 sunt
2969 2231 3190 2286 nomina
3217 2231 3462 2299 Hebraea,

1874 2332 1984 2372 non
2015 2325 2101 2373 est
2137 2317 2493 2374 dubitandum
2527 2320 2729 2375 habere
2764 2336 2874 2377 non
2902 2338 3128 2392 parvam
3157 2323 3266 2378 vim
3301 2335 3467 2395 atque

1875 2406 2202 2476 adiutorium
2232 2409 2301 2464 ad
2330 2409 2588 2465 solvenda
2621 2411 2910 2482 {enigmata
2938 2412 3346 2485 Scripturarum
3364 2456 3380 2483 ,
3419 2417 3468 2473 si

1875 2500 1998 2569 quis
2025 2515 2090 2556 ea
2118 2501 2293 2570 possit
2331 2501 2700 2572 interpretari.
2753 2503 2906 2572 Quod
2946 2505 3190 2561 nonnulli
3225 2507 3468 2578 ejusdem

1875 2591 2073 2663 lingua:
2100 2593 2258 2663 periti
2288 2593 2426 2661 viri,
2466 2609 2574 2650 non
2604 2611 2736 2652 sane
2761 2611 2992 2668 parvum
3019 2597 3341 2654 beneﬁcium
3366 2614 3466 2670 po-

1875 2683 2038 2738 steris
2062 2683 2430 2751 contulerunt,
2455 2685 2548 2754 qui
2575 2695 2824 2756 separata
2854 2687 2920 2743 de
2947 2686 3246 2758 Scripturis
3273 2688 3468 2744 eadem

1874 2775 2052 2830 omnia
2103 2777 2269 2832 verba
2317 2777 2662 2850 interpretati
2712 2788 2874 2846 sunt;
2913 2789 2969 2836 et
2993 2780 3127 2851 quid
3157 2781 3230 2838 sit
3253 2781 3427 2838 Adam
3450 2823 3466 2849 ,

1875 2868 2004 2938 quid
2033 2868 2144 2924 Eva
2166 2910 2181 2936 ,
2208 2871 2337 2940 quid
2363 2870 2638 2927 Abraham
2658 2913 2673 2937 ,
2709 2873 2840 2942 quid
2871 2871 3115 2944 Moyses;
3157 2873 3272 2930 sive
3301 2874 3467 2930 etiam

1875 2958 2119 3015 locorum
2146 2962 2401 3029 nomina;
2439 2963 2569 3032 quid
2597 2964 2670 3018 sit
2694 2963 3055 3031 Hierusalem,
3085 2963 3172 3022 vel
3205 2964 3358 3032 Sion,
3383 2963 3470 3021 vel

1872 3047 2111 3117 Iericho,
2144 3051 2229 3107 vel
2258 3051 2517 3120 Libanus,
2559 3054 2644 3110 vel
2683 3051 2974 3120 Jordanis,
3025 3064 3083 3111 et
3132 3070 3469 3126 quaecunque

1874 3141 1980 3196 alia
2010 3141 2064 3196 in
2096 3142 2186 3197 illa
2214 3143 2396 3214 lingua
2425 3145 2582 3202 nobis
2613 3155 2737 3203 sunt
2766 3147 3040 3218 incognita
3067 3149 3315 3214 nomina;
3348 3148 3470 3218 qui-

1872 3230 1975 3286 bus
2017 3233 2220 3300 apertis
2268 3242 2324 3288 et
2373 3234 2785 3305 interpretatis,
2835 3238 3018 3293 multa:
3065 3239 3118 3292 in
3167 3237 3466 3308 Scripturis

1872 3321 2117 3392 ﬁguratas
2169 3323 2472 3381 locutiones
2520 3326 2957 3383 manifestantur.
3027 3328 3231 3383 Rerum
3282 3335 3465 3382 autem

1871 3411 2175 3484 ignorantia
2224 3414 2354 3471 facit
2404 3417 2664 3474 obscuras
2703 3419 2961 3490 ﬁguratas
3000 3420 3302 3476 locutiones
3339 3437 3465 3476 cum

1869 3502 2184 3574 ignoramus
2211 3505 2298 3560 vel
2325 3507 2675 3575 animalium,
2715 3509 2801 3565 vel
2837 3509 3106 3580 lapidum,
3151 3511 3235 3568 vel
3262 3510 3463 3568 herba-

1870 3609 1991 3648 rum
2021 3604 2276 3663 naturas,
2317 3598 2616 3656 aliarumve
2643 3617 2823 3656 rerum
2845 3641 2862 3669 ,
2901 3618 3022 3673 qua:
3053 3603 3376 3675 plerumque
3405 3604 3463 3661 in

1869 3683 2168 3759 Scripturis
2223 3691 2592 3748 similitudinis
2649 3693 2878 3764 alicujus
2931 3697 3105 3769 gratia
3159 3707 3458 3768 ponuntur.

1866 3777 2002 3834 Nam
2033 3791 2090 3836 et
2117 3784 2183 3837 de
2212 3793 2484 3854 serpente,
2519 3785 2663 3856 quod
2691 3795 2878 3842 notum
2909 3797 3026 3857 est,
3059 3799 3231 3845 totum
3260 3805 3462 3862 corpus

1865 3886 1990 3928 eum
2022 3890 2122 3946 pro
2149 3877 2328 3946 capite
2356 3878 2596 3949 objicere
2632 3878 2988 3948 ferientibus,
3033 3891 3300 3952 quantum
3340 3881 3463 3938 illu-

1865 3971 2005 4018 strat
2039 3979 2261 4020 sensum
2293 3965 2476 4032 illum,
2520 3983 2627 4038 quo
2657 3968 2916 4024 Dominus
2939 3969 3094 4040 jubet
3124 3979 3334 4026 astutos
3361 3986 3462 4028 nos

1864 4069 1986 4110 esse
2013 4055 2154 4111 sicut
2181 4066 2500 4127 serpentes,
2555 4067 2616 4112 ut
2650 4058 2859 4114 scilicet
2892 4075 2992 4129 pro
3024 4060 3204 4131 capite
3247 4070 3458 4128 nostro,

1864 4145 2009 4214 quod
2054 4155 2140 4203 est
2181 4146 2468 4215 Christus,
2519 4163 2717 4219 corpus
2767 4150 2946 4220 potius
2998 4153 3456 4222 persequentibus

1863 4234 2179 4304 oﬂ‘eramus,
2225 4253 2293 4293 ne
2337 4235 2472 4294 ﬁdes
2498 4237 2812 4295 Christiana
2849 4248 3112 4310 tanquam
3143 4249 3368 4296 necetur
3403 4240 3458 4296 in

1864 4323 2045 4390 nobis,
2073 4326 2121 4382 si
2151 4335 2436 4398 parcentes
2466 4329 2716 4399 corpori,
2753 4344 3013 4400 negemus
3042 4331 3233 4386 Deum.
3268 4330 3367 4387 Vel
3397 4331 3458 4386 il-

1863 4417 1954 4471 lud
1980 4419 2122 4488 quod
2145 4435 2244 4491 per
2267 4436 2516 4476 cavernae
2545 4421 2824 4494 angustias
2850 4432 3185 4490 coarctatus,
3213 4424 3459 4496 deposita

1864 4509 2036 4572 veteri
2059 4510 2262 4575 tunica,
2287 4520 2466 4567 vestes
2489 4527 2660 4569 novas
2683 4512 2929 4584 accipere
2953 4515 3172 4582 dicitur,
3195 4525 3458 4585 quantum

1861 4599 2104 4659 concinit
2149 4601 2218 4662 ad
2266 4601 2585 4658 imitandam
2635 4604 2808 4673 ipsam
2842 4607 3114 4675 serpentis
3156 4609 3413 4662 astutiam
3438 4649 3454 4675 ,

1861 4693 2279 4764 exuendumque
2311 4698 2547 4749 veterem
2579 4693 2855 4749 hominem
2886 4695 3028 4750 sicut
3053 4695 3348 4767 Apostolus
3377 4699 3458 4754 di-

1860 4783 1972 4846 cit,
2026 4793 2084 4838 ut
2129 4785 2420 4838 induantur
2454 4801 2584 4840 novo
2615 4780 2753 4857 (Col.-
2783 4783 2892 4853 ιιι),
2926 4793 2982 4840 et
3013 4787 3322 4843 exeundum
3357 4803 3456 4859 per

1859 4876 2137 4946 angustias
2189 4876 2404 4931 dicente
2452 4877 2723 4945 Domino,
2778 4878 2985 4934 Intrate
3038 4897 3131 4951 per
3179 4891 3457 4952 angustam

1858 4978 2065 5036 portam
2095 4965 2309 5037 (Matth.
2330 4966 2449 5037 vn).
2484 4966 2555 5022 Ut
2577 4983 2706 5040 ergo
2732 4969 2923 5025 notitia
2952 4978 3162 5025 naturae
3191 4969 3458 5039 serpentis

1862 5059 2098 5113 illustrat
2126 5057 2324 5113 multas
2350 5057 2750 5126 similitudines,
2782 5076 2917 5132 quas
2948 5060 3015 5116 de
3043 5060 3147 5115 hoc
3174 5059 3453 5115 animante

1864 5151 2146 5222 Scriptura
2187 5151 2315 5206 dare
2353 5151 2668 5218 consuevit,
2709 5151 2788 5208 sic
2826 5152 3131 5221 ignorantia
3161 5151 3451 5208 nonnullo-

1862 5263 1982 5302 rum
2015 5245 2360 5310 animalium,
2405 5261 2526 5315 quaa
2568 5261 2678 5301 non
2721 5245 2903 5301 minus
2940 5260 3040 5314 per
3074 5244 3455 5301 similitudines

1860 5345 2285 5402 commemorat,
2317 5335 2545 5406 impedit
2571 5337 2864 5406 plurimum
2895 5336 3310 5394 intellectorem.
3360 5336 3454 5394 Sic

1858 5428 2122 5499 lapidum,
2151 5427 2228 5484 sic
2255 5428 2569 5494 herbarum,
2600 5427 2684 5484 vel
2710 5441 2938 5499 quaeque
2968 5437 3221 5484 tenentur
3248 5429 3450 5486 radici-

1855 5520 1978 5575 bus.
2026 5518 2159 5573 Nam
2201 5528 2256 5575 et
2280 5518 2606 5574 'carbunculi
2642 5519 2830 5573 notitia
2862 5522 3006 5588 quod
3037 5520 3181 5577 lucet
3210 5522 3266 5576 in
3298 5529 3451 5578 tene»

1854 5614 1990 5679 bris,
2018 5613 2189 5668 multa
2221 5613 2490 5668 illuminat
2521 5613 2684 5667 etiam
2715 5612 2945 5679 obscura
2985 5613 3248 5670 librorum
3269 5656 3284 5681 ,
3326 5615 3449 5670 ubi-

1854 5720 2069 5775 cunque
2095 5714 2318 5775 propter
2343 5703 2750 5759 similitudinem
2780 5705 3031 5775 ponitur;
3063 5714 3118 5762 et
3143 5707 3449 5776 ignorantia

1852 5799 2043 5874 berylli
2066 5798 2151 5858 vel
2177 5797 2480 5878 adamantis
2507 5796 2709 5876 claudit
2731 5797 3050 5884 plerumque
3075 5798 3446 5871 intelligentia:
