3974 6464
492 321 600 381 387

1067 270 1074 277 ’
1133 310 1194 366 Β.
1232 307 1489 366 assam
1527 307 1750 365 usum
1784 303 2104 364 ARCHIEP.
2148 301 2459 361 uocum.
2503 300 2788 361 eranum
2823 300 3006 357 psus
3041 300 3083 356 ι.

3668 298 3784 367 588

490 433 657 490 fores.
715 428 829 486 Nec
857 427 1015 484 aliam
1056 424 1127 485 ob
1171 439 1393 479 causam
1438 420 1596 476 facile
1644 427 1727 476 est
1774 418 2072 490 intelligere
2099 417 2153 477 Α
2179 416 2473 472 videretur.
2504 413 2596 468 Sic
2617 429 2746 484 ergo
2768 413 3206 483 distinguendum
3228 421 3335 480 est,
3357 422 3406 467 et
3431 412 3565 484 quid
3590 413 3788 483 eligam

491 539 682 596 pacem
719 525 1034 591 perpetuam
1075 512 1371 586 signiﬁcari
1418 512 1572 566 oliva:
1617 510 1861 575 ramulo,
1914 524 2075 578 quem

492 616 710 674 rediens
739 614 805 669 ad
837 626 1019 667 arcam
1047 608 1297 664 columba
1332 604 1587 677 pertulit,
1636 603 1741 658 nisi
1767 603 1895 672 quia
1925 600 2077 658 novi-

492 725 616 765 mus
635 717 688 763 et
705 705 806 762 olei
822 703 998 759 lenem
1020 707 1331 757 contactum
1347 712 1455 751 non
1475 695 1632 751 facile
1652 694 1830 750 alieno
1850 695 2079 750 humore

494 800 806 870 corrumpi,
850 807 906 857 et
955 796 1203 852 arborem
1253 792 1426 865 ipsam
1458 788 1710 844 frondere
1741 785 2075 859 perenniter.

496 893 645 953 Multi
680 899 863 949 autem
896 904 994 961 per
1032 884 1397 959 ignorantiam
1424 881 1644 955 hyssopi
1674 879 1801 935 dum
1830 877 2083 934 nesciunt

494 1001 657 1060 quam
686 985 796 1039 vim
838 981 1070 1046 habeat,
1116 976 1203 1034 vel
1245 976 1313 1032 ad
1354 972 1693 1047 purgandum
1731 970 2078 1043 pulmonem,

491 1079 577 1135 vel
611 1076 680 1132 ad
716 1091 846 1131 saxa
890 1072 1165 1129 radicibus
1211 1067 1548 1140 penetranda
1571 1106 1587 1131 ,
1643 1078 1766 1120 cum
1804 1062 1874 1119 sit
1912 1061 2082 1117 herba

491 1172 674 1228 brevis
700 1178 863 1240 atque
891 1165 1146 1232 humilis,
1194 1162 1417 1221 omnino
1447 1157 1689 1215 invenire
1718 1170 1828 1210 non
1854 1158 2084 1224 possunt

494 1277 661 1334 quare
690 1262 763 1317 sit
787 1261 1029 1316 dictum:
1061 1256 1315 1329 Asperges
1343 1269 1424 1307 me
1461 1251 1684 1324 hyssapo
1714 1256 1762 1303 et
1789 1246 2085 1302 mundabor

496 1354 671 1430 (Psal.
701 1353 777 1425 ι).
831 1351 1193 1407 Numerorum
1218 1345 1381 1402 etiam
1411 1342 1719 1415 imperitia,
1762 1349 1816 1397 et
1844 1340 2084 1395 musica-

495 1463 619 1504 rum
651 1460 838 1503 rerum
874 1440 1214 1514 ignorantia,
1264 1438 1433 1494 multa
1478 1435 1688 1492 faciunt
1716 1448 1824 1489 non
1858 1430 2086 1504 intelligi

498 1535 755 1594 translate
783 1550 850 1591 ac
874 1533 1081 1590 musice
1116 1531 1293 1603 posita
1332 1531 1387 1585 in
1427 1527 1758 1600 Scripturis;
1792 1524 1859 1579 de
1888 1523 2088 1594 quibus

495 1630 713 1705 quando
742 1629 808 1685 de
833 1624 1059 1700 singulis
1084 1620 1383 1696 disciplinis
1409 1619 1823 1693 disputabimus,
1849 1615 2088 1692 apertius

467 1723 881 1789 'cdisseremus.
909 1716 977 1776 (le
1005 1715 1273 1789 ambiguis
1300 1729 1445 1770 nunc
1470 1712 1689 1769 dicturi.

1104 1828 1333 1889 CAPUT
1372 1827 1462 1887 XI.

714 1900 794 1967 De
818 1900 1080 1976 ambiguis
1107 1902 1271 1975 signis
1299 1897 1561 1972 quomodo
1588 1904 1853 1952 constant.

561 1994 906 2073 Ambiguitas
942 2007 1123 2055 autem
1155 1992 1486 2067 Scripturze,
1527 2001 1620 2047 aut
1660 1992 1715 2048 in
1742 1991 1928 2055 verbis
1955 2007 2086 2063 pro-

492 2094 628 2166 priis
656 2101 773 2160 est,
812 2102 905 2148 aut
934 2091 991 2147 in
1019 2086 1324 2146 translatis.
1373 2084 1483 2143 Sed
1509 2101 1635 2140 cum
1664 2084 1833 2143 verba
1865 2085 2088 2156 propria

493 2185 697 2243 faciunt
724 2183 1037 2255 ambiguam
1065 2179 1423 2252 Scripturam,
1455 2175 1632 2248 primo
1659 2175 1954 2231 videndum
1981 2183 2086 2242 est,

494 2292 564 2332 ne
595 2276 736 2333 male
763 2272 1176 2333 distinxerimus
1214 2278 1309 2326 aut
1343 2267 1898 2341 pronuntiaverimus.
1952 2265 2086 2322 Cum

492 2379 622 2442 ergo
651 2370 892 2429 adhibita
921 2370 1152 2427 intentio
1178 2368 1446 2429 incertum
1474 2379 1597 2422 esse
1620 2363 1930 2437 praeviderit
1956 2379 2091 2434 quo-

495 2463 658 2521 modo
695 2464 1138 2536 distinguendum
1184 2469 1278 2518 aut
1317 2461 1588 2532 Quomodo
1628 2458 2090 2533 pronuntiandum

496 2556 597 2624 sit,
640 2555 889 2611 consulat
918 2555 1163 2628 regulam
1196 2550 1354 2619 ﬁdei,
1397 2567 1561 2623 quam
1589 2551 1655 2609 de
1686 2549 2089 2621 Scripturarum

497 2644 833 2715 planioribus
877 2644 1014 2702 locis
1062 2652 1117 2700 et
1150 2643 1408 2701 Ecclesiae
1454 2642 1778 2699 auctoritate
1822 2642 2087 2712 percepit.

502 2732 657 2802 Quod
683 2735 730 2793 si
760 2736 966 2801 ambae,
997 2733 1081 2791 vel
1125 2734 1292 2793 etiam
1321 2749 1544 2800 omnes,
1581 2732 1628 2789 si
1658 2732 1842 2803 plures
1890 2732 2094 2791 fuerint

495 2838 680 2903 partes
692 2829 1101 2902 ambiguitatis,
1126 2829 1424 2887 secundum
1456 2828 1618 2889 ﬁdem
1644 2829 1951 2895 sonuerint,
1980 2837 2095 2885 tex-

495 2932 587 2980 tus
613 2923 729 2993 ipse
750 2923 1017 2981 sermonis
1042 2938 1076 2979 a
1096 2922 1533 2995 praesidentibus
1554 2929 1609 2977 et
1634 2923 2095 2994 consequentibus

497 3013 778 3083 partibus,
815 3027 937 3085 quae
966 3014 1377 3086 ambiguitatem
1409 3012 1557 3068 illam
1597 3012 1653 3067 iu
1686 3011 1866 3071 medio
1893 3027 2093 3082 posue-

497 3111 648 3169 runt,
664 3109 837 3160 restat
862 3104 1243 3171 consulendus,
1258 3113 1319 3160 ut
1338 3104 1620 3161 videamus
1638 3104 1854 3161 cuinam
1875 3113 2095 3161 senten-

497 3196 610 3264 tiae,
638 3196 705 3255 de
729 3195 979 3268 pluribus
1008 3211 1128 3266 quae
1154 3211 1213 3252 se
1241 3196 1554 3260 ostendunt,
1587 3194 1729 3251 ferat
1755 3194 2092 3267 suilragium,

497 3302 727 3359 eamque
775 3287 878 3347 sibi
928 3287 1149 3344 contexi
1194 3288 1453 3358 patiatur.
1512 3285 1634 3343 Jam
1668 3302 1815 3345 nunc
1848 3288 2095 3359 exempla

496 3381 803 3439 considera.
839 3379 934 3436 Illa
961 3379 1216 3437 haeretica
1244 3380 1524 3435 distinctio
1556 3397 1569 3435 :
1596 3378 1667 3434 In
1692 3380 1955 3452 principio
1981 3387 2096 3435 erat

507 3473 773 3541 Verbum,
809 3482 858 3529 et
888 3470 1117 3528 Verbum
1156 3479 1271 3526 erat
1311 3470 1453 3541 apud
1482 3470 1653 3526 Deum
1674 3511 1690 3538 ,
1735 3479 1784 3525 et
1810 3470 1955 3525 Deus
1983 3478 2097 3525 erat

508 3565 736 3627 Verbum
767 3563 953 3638 (Joan.
983 3562 1046 3635 ι),
1091 3570 1153 3617 ιιι
1192 3561 1330 3619 alius
1359 3562 1431 3621 sit
1457 3577 1650 3619 sensus
1680 3561 1947 3617 :Verbum
1982 3570 2096 3617 erat

501 3655 599 3710 hoc
623 3656 680 3711 in
703 3653 961 3726 principio
990 3651 1132 3726 apud
1159 3652 1351 3720 Deum,
1384 3669 1491 3711 non
1520 3653 1634 3709 vult
1663 3653 1901 3709 Verbum
1928 3654 2097 3708 Deum

502 3744 770 3805 conﬁteri.
809 3743 917 3803 Sed
945 3745 1049 3802 hoc
1081 3744 1264 3815 regula
1293 3742 1418 3801 ﬁdei
1457 3743 1806 3801 refellendum
1836 3751 1951 3811 est,
1993 3757 2098 3814 qua
2157 3738 2165 3746 ’

502 3840 661 3897 nobis
692 3840 758 3897 de
786 3838 1074 3903 Trinitatis
1101 3837 1413 3907 aequalitate
1434 3836 1832 3908 praescribitur,
1865 3844 1925 3895 ut
1953 3837 2099 3893 dica-

500 3950 666 3991 mus:
699 3933 767 3989 Et
796 3933 939 3991 Deus
980 3941 1093 3989 erat
1126 3930 1375 3987 Verbum.
1426 3930 1631 3986 Deinde
1669 3929 2096 4002 sulriungamus:

505 4025 624 4081 Hoc
653 4035 767 4080 erat
810 4025 866 4080 in
908 4023 1165 4096 principio
1207 4022 1349 4093 apud
1379 4021 1568 4077 Deum.
1623 4020 1717 4076 illa
1746 4036 1877 4077 vero
1903 4022 2098 4077 distin-

507 4117 705 4175 ctionis
729 4115 1076 4188 ambiguitas,
1104 4122 1301 4169 neutra
1325 4120 1480 4185 parte
1504 4112 1710 4169 resistit
1730 4112 1878 4178 ﬁdei,
1901 4120 1955 4168 et
1977 4112 2102 4168 ideo

509 4215 660 4264 textu
689 4207 807 4277 ipso
832 4205 1105 4262 sermonis
1135 4200 1483 4273 diiudicanda
1515 4211 1619 4270 est,
1645 4203 1738 4257 ubi
1768 4203 1845 4259 ait
1867 4203 2102 4274 Aposto-

506 4298 593 4355 lus
619 4316 632 4353 :
667 4297 737 4352 Et
762 4295 889 4369 quid
915 4294 1109 4366 eligam
1132 4294 1336 4364 ignora.
1369 4291 1665 4364 Compeuor
1684 4300 1861 4347 autem
1883 4308 1949 4346 ea:
1970 4292 2104 4347 duo-

510 4391 645 4446 bus:
681 4386 1156 4459 concupiscentiam
1191 4382 1387 4440 habeas
1413 4382 1649 4448 dissolvi,
1678 4393 1725 4438 et
1752 4399 1872 4438 cum
1897 4379 2103 4437 Christo

509 4500 653 4549 esse;
688 4479 856 4536 multo
884 4478 1029 4535 enim
1068 4476 1235 4549 magis
1272 4477 1568 4547 optimum:
1608 4493 1819 4534 manere
1851 4475 1908 4531 iu
1945 4492 2103 4532 carm

510 4571 862 4631 necessarium
906 4576 1119 4643 propter
1163 4584 1251 4623 vos
1298 4564 1471 4640 (Phil.
1516 4566 1578 4640 ι).
1635 4565 1908 4622 Incertum
1954 4566 2102 4621 enim

507 4676 695 4724 utrum
734 4680 800 4721 ea:
836 4662 1041 4719 dicebas
1079 4660 1555 4731 concupiscentiam
1582 4658 1810 4726 habens,
1854 4673 1926 4713 an
1961 4675 2101 4715 com-

510 4758 678 4831 pellor
712 4764 888 4811 autem
916 4769 986 4809 ea:
1016 4752 1245 4820 duobus,
1278 4761 1340 4809 ut
1369 4752 1501 4808 illud
1530 4750 1878 4824 adiungatur,
1908 4769 2103 4808 concu~

508 4853 818 4928 piscantium
845 4851 1043 4909 habens
1083 4850 1302 4906 dissolvi
1339 4858 1393 4930 et
1426 4865 1537 4905 esse
1566 4865 1684 4903 cum
1710 4846 1940 4905 Christo.
1992 4845 2102 4903 Sed

510 4943 873 5017 quonith
904 4940 1172 5012 sequitur,
1202 4938 1367 4997 multo
1398 4940 1537 4994 enim
1567 4938 1843 5010 optimum,
1878 4945 2100 5007 apparet

511 5054 637 5099 eum
663 5036 785 5108 eius
807 5033 999 5105 optimi
1030 5033 1213 5089 dicere
1250 5046 1311 5087 se
1347 5031 1550 5086 habere
1577 5028 2097 5099 concupiscentiam,

513 5137 576 5185 ut
600 5142 726 5185 cum
758 5141 827 5182 ex
858 5124 1068 5181 duobus
1102 5121 1479 5194 compellatur,
1521 5120 1747 5177 alterius
1783 5127 1964 5174 tamen
2004 5118 2101 5174 ha-

513 5220 641 5276 beat
665 5215 1180 5288 concupiscentiam,
1210 5213 1437 5270 alterius
1462 5213 1871 5277 necessitatem;
1902 5225 2098 5266 concu-

515 5309 838 5381 piscentiam
878 5308 1087 5365 scilicet
1114 5322 1235 5364 esse
1267 5321 1391 5361 cum
1419 5304 1671 5373 Christo,
1716 5303 2097 5359 necessitatem

519 5414 744 5455 manere
775 5400 829 5455 in
857 5414 1045 5456 carne.
1092 5398 1226 5468 Qua:
1257 5395 1586 5467 ambiguitas
1612 5409 1720 5451 uno
1750 5393 2103 5463 consequenti

518 5490 688 5545 verbo
723 5487 1072 5557 diiudicatur,
1108 5489 1256 5559 quod
1295 5488 1532 5558 positum
1559 5494 1674 5549 est,
1718 5486 1878 5540 enim.
1929 5482 2103 5551 Quam

520 5581 845 5653 particulam
874 5582 997 5651 quia
1037 5581 1379 5637 abstulerunt
1420 5580 1764 5649 interpretes,
1806 5577 1896 5635 illa
1925 5578 2105 5650 potius

523 5670 792 5727 sententia
824 5670 970 5724 ducti
1001 5678 1143 5737 sunt,
1172 5680 1233 5726 ut
1259 5687 1366 5727 non
1398 5670 1573 5725 solum
1602 5668 1849 5740 compelli
1878 5683 1942 5723 ex
1975 5669 2106 5724 duo-

525 5762 664 5832 bus,
718 5762 812 5821 sed
862 5763 1023 5820 etiam
1077 5764 1305 5821 duorum
1358 5765 1560 5821 habere
1611 5763 2103 5839 concupiscentiam

2181 509 2366 580 ignoro
2390 522 2407 558 :
2438 505 2721 578 compellor
2747 515 2919 561 autem
2946 522 3010 558 ex.
3034 504 3258 568 duobus,
3285 519 3451 574 quam
3482 504 3785 559 dictionem

2183 600 2444 670 sequitur,
2483 598 2953 669 concupiscentiam
2981 597 3175 651 habens
3200 597 3413 651 dissolui
3443 604 3495 651 et
3521 613 3639 650 esse
3665 613 3786 650 cum

2183 686 2410 745 Christo.
2448 688 2518 744 Et
2542 697 2799 760 tanquam
2828 696 3164 758 quaereretur
3194 704 3364 760 quare
3388 687 3557 759 huius
3583 688 3666 744 rei
3692 704 3784 759 po-

2184 781 2292 837 tius
2315 782 2514 837 habeat
2539 781 3055 851 concupiscentiam,
3077 780 3242 835 multo
3273 781 3414 835 enim
3445 783 3623 852 magis
3653 783 3786 852 opti-

2182 890 2363 939 mum,
2415 873 2607 943 inquit.
2664 871 2775 928 Cur
2817 879 2998 927 autem
3045 887 3077 926 e
3124 871 3333 927 duobus
3384 871 3787 942 compellitur?

2184 962 2321 1032 Quia
2352 964 2605 1020 manendi
2648 970 2733 1020 est
2776 966 3100 1032 necessitas,
3155 981 3319 1037 quam
3371 966 3448 1021 ita
3501 964 3779 1034 subjecit:

2188 1056 2401 1114 Manere
2428 1057 2482 1113 in
2509 1074 2667 1113 carne
2696 1060 3045 1113 necessarium
3073 1068 3283 1132 propter
3310 1077 3417 1115 vos.
3460 1059 3570 1116 Ubi
3614 1074 3785 1131 neque

2186 1152 2500 1225 praescripto
2529 1150 2683 1217 ﬁdei,
2715 1160 2891 1223 neque
2918 1151 3088 1223 ipsius
3119 1153 3386 1208 sermonis
3416 1159 3579 1209 textu
3611 1152 3782 1208 ambi-

2189 1247 2364 1315 guitas
2390 1246 2651 1318 explicari
2677 1254 2874 1317 potest,
2924 1247 3057 1302 nihil
3082 1248 3237 1304 obest
3260 1248 3566 1304 secundum
3598 1264 3784 1320 quam-

2188 1336 2319 1393 libet
2339 1352 2527 1392 earum
2549 1352 2668 1407 quae
2690 1334 3072 1404 ostenduntur,
3094 1340 3419 1394 sententiam
3444 1338 3785 1411 distinguere

2191 1437 2362 1486 curet.
2412 1426 2595 1484 Veluti
2639 1436 2723 1483 est
2769 1428 2858 1484 illa
2890 1429 2957 1484 ad
2985 1428 3337 1486 Corinthios:
3377 1420 3497 1484 Has
3528 1446 3664 1501 ergo
3700 1432 3786 1485 ha-

2192 1522 2362 1577 bentes
2405 1520 2795 1593 promissiones,
2843 1521 3165 1588 charissimi,
3191 1521 3533 1577 omundemus
3584 1539 3687 1577 nos
3724 1525 3783 1577 ab

2194 1615 2333 1669 omni
2375 1612 3016 1685 coinquinatione‘icarnis
3063 1622 3112 1668 et
3161 1613 3410 1687 spiritus,
3455 1613 3788 1687 perﬁcientes

2193 1706 2662 1775 sanctiﬁcationem
2693 1707 2749 1763 in
2779 1706 2963 1763 timore
2992 1705 3091 1760 Dei
3121 1705 3205 1779 (11
3234 1704 3360 1763 Cor.
3381 1708 3505 1781 vn).
3548 1709 3785 1763 Dubium

2118 1778 2171 1849 Β
2196 1809 2280 1857 est
2316 1801 2544 1873 quippe,
2587 1807 2772 1855 utrum
2802 1797 3121 1856 Mundemus
3152 1817 3245 1855 nos
3275 1800 3340 1855 ab
3368 1778 3516 1856 omru'
3549 1800 3791 1871 coinqui-

2192 1897 2403 1952 natione
2440 1895 2616 1950 carnis
2659 1904 2707 1948 et
2740 1894 2986 1966 spiritus,
3030 1893 3330 1949 secundum
3372 1892 3525 1949 illam
3566 1902 3789 1949 senten-

2191 1988 2354 2054 tiam,
2388 1983 2455 2041 Ut
2489 1988 2554 2041 sit
2585 1995 2771 2041 sancta
2798 2003 3014 2057 corpore
3040 1996 3088 2041 et
3118 1986 3329 2057 spiritu,
3357 2001 3434 2043 an
3466 1985 3789 2040 Mundensis

2193 2096 2288 2135 nos
2310 2079 2375 2134 ab
2398 2077 2540 2133 omni
2560 2077 2984 2149 coinquinatione
3012 2078 3208 2146 carnis,
3231 2086 3292 2133 ut
3307 2077 3445 2133 alius
3466 2076 3543 2132 sit
3569 2092 3785 2143 sensus,

2193 2166 2262 2226 Et
2292 2170 2505 2243 spiritus
2530 2169 2853 2240 perﬁcientes
2882 2168 3352 2239 sanctiﬁcationem
3378 2169 3431 2222 in
3472 2169 3675 2223 timore
3701 2169 3792 2223 Dei

2193 2265 2363 2335 capite
2393 2280 2486 2318 nos
2507 2260 2651 2337 (sic).
2672 2259 2830 2317 Tales
2859 2277 2989 2333 ergo
3017 2261 3429 2317 distinctionum
3458 2262 3791 2332 ambiguita-

2194 2363 2278 2412 tes
2309 2356 2363 2411 in
2388 2363 2658 2427 potestate
2686 2354 2916 2427 legentis
2947 2363 3090 2409 sunt.
3138 2353 3485 2425 Qumcunque
3511 2362 3705 2410 autem
3729 2354 3793 2410 de

2194 2449 2461 2521 ambiguis
2485 2447 2925 2506 distinctionibus
2951 2448 3201 2513 diximus,
3230 2449 3421 2504 eadem
3445 2448 3791 2505 observanda

2195 2551 2322 2598 sunt
2373 2549 2426 2597 et
2475 2541 2531 2596 iu
2574 2540 2847 2612 ambiguis
2889 2539 3462 2612 prouuntiationibus;
3520 2556 3647 2611 quae
3690 2540 3793 2597 nisi

2194 2631 2415 2688 lectoris
2441 2631 2608 2686 nimia
2636 2631 3027 2703 perturbantur
3054 2630 3285 2699 incuria,
3312 2638 3405 2686 aut
3432 2630 3640 2706 regulis
3670 2630 3793 2688 ﬁdei

2195 2726 2569 2797 corriguntur,
2600 2731 2695 2781 aut
2721 2723 3080 2797 praecedentis
3120 2723 3205 2780 vel
3242 2726 3638 2799 consequentis
3670 2741 3794 2780 con-

2194 2823 2415 2879 texione
2438 2821 2726 2885 sermonis.
2754 2820 2909 2889 Quod
2930 2821 2975 2877 si
2999 2828 3251 2879 neutrum
3279 2821 3478 2877 horum
3501 2821 3794 2877 adhibetur

2196 2916 2264 2973 ad
2310 2913 2739 2980 correctionem,
2790 2913 3142 2970 nihilominus
3168 2911 3348 2968 dubim
3390 2912 3794 2979 remanebunt,

2195 3018 2256 3067 ut
2279 3009 2523 3079 quolibet
2548 3009 2710 3065 modo
2748 3006 2921 3065 lector
2948 3007 3415 3079 pronuntiaverit,
3466 3022 3579 3065 non
3621 3009 3701 3065 sit
3743 3009 3795 3064 in

2200 3099 2374 3171 culpa.
2430 3099 2587 3169 Quali
2626 3107 2809 3155 autem
2849 3113 2984 3155 voce
3034 3099 3418 3165 pronuntietur
3464 3098 3601 3154 illud
3651 3099 3797 3172 quod

2199 3192 2502 3249 Nathauael
2528 3192 2697 3259 dixit,
2728 3193 2773 3246 Α
2803 3190 3073 3247 Nazareth
3110 3201 3275 3263 potest
3307 3190 3513 3262 aliquid
3540 3191 3667 3246 boni
3691 3208 3796 3247 esse

2200 3284 2381 3357 (Joan.
2411 3283 2472 3357 ι),
2508 3284 2623 3339 sive
2652 3274 3002 3348 aiiirmantis,
3050 3291 3110 3339 ut
3139 3283 3269 3338 illud
3295 3283 3473 3340 solum
3511 3285 3585 3338 ad
3622 3285 3793 3340 inter-

2198 3376 2535 3446 rogationem
2590 3376 2860 3445 pcrtincat
2906 3376 3051 3446 quod
3097 3375 3178 3431 ait
3220 3375 3266 3428 A
3306 3375 3633 3431 Nazareth.’
3686 3376 3796 3432 sive

2199 3474 2372 3522 totum
2400 3483 2524 3523 cum
2550 3462 2885 3527 dubitatione
2914 3468 3320 3538 interrogantis,
3344 3482 3454 3523 non
3476 3467 3641 3523 video
3665 3483 3796 3538 quo-

2199 3557 2361 3613 modo
2390 3557 2734 3615 discernatur
2759 3575 2772 3612 :
2807 3566 3037 3629 uterque
3062 3567 3247 3617 autem
3276 3573 3472 3614 sensus
3498 3557 3665 3615 ﬁdem
3692 3574 3796 3615 non

2199 3646 2443 3718 impedit.

2800 3738 3029 3797 CAPUT
3068 3738 3181 3795 XII.

2675 3829 2754 3885 De
2782 3830 3039 3901 ambiguis
3067 3830 3313 3902 propriis.

2271 3921 2576 3978 Rarissime
2607 3936 2737 3994 ergo
2765 3930 2821 3978 et
2848 3920 3160 3979 difﬁcillime
3200 3922 3432 3979 inveniri
3463 3932 3649 3995 potest
3678 3942 3796 3983 am-

2200 4011 2439 4085 biguitas
2490 4013 2549 4069 in
2600 4013 2839 4084 propriis
2890 4012 3115 4078 verbis,
3186 4021 3450 4084 quantum
3506 4014 3577 4069 ad
3632 4016 3797 4072 libros

2202 4108 2506 4163 divinarum
2559 4106 2967 4177 Scripturarum
3020 4113 3273 4175 spectat,
3327 4120 3489 4176 quam
3545 4123 3655 4164 non
3709 4116 3799 4164 aut

2203 4200 2611 4257 circumstantia
2648 4200 2764 4271 ipsa
2796 4199 3065 4256 sermonis
3112 4214 3221 4270 qua
3264 4201 3620 4271 cognoscitur
3658 4203 3795 4259 scri-

2201 4298 2418 4361 ptorum
2451 4289 2699 4355 intentio,
2739 4281 2846 4344 aut
2867 4290 3227 4359 interpretum
3257 4290 3500 4360 collatio,
3534 4302 3634 4348 aut
3654 4309 3792 4364 pra:-

2205 4382 2447 4438 cedentis
2469 4381 2664 4455 linguae
2683 4381 2859 4437 solvat
2885 4382 3169 4453 inspectio.
3199 4381 3335 4437 Nam
3362 4382 3513 4452 quod
3533 4386 3792 4454 scrime

2127 4498 2182 4569 D
2207 4473 2457 4540 est,Non
2486 4484 2562 4530 est
2589 4475 2988 4529 abscondituma
3008 4482 3055 4529 te
3081 4471 3136 4529 οε
3166 4477 3523 4546 meum,quod
3546 4476 3719 4545 fecisti
3740 4477 3791 4529 in

2208 4568 2535 4634 abscondito,
2576 4582 2685 4625 non
2720 4562 2897 4623 elucet
2934 4565 3166 4639 legenti,
3201 4576 3387 4627 utrum
3415 4577 3674 4640 correpta
3708 4568 3790 4627 lit-

2206 4669 2324 4716 tera
2354 4676 2410 4714 os
2437 4660 2775 4731 pronuntiet,
2808 4675 2876 4718 an
2903 4654 3184 4730 producta.
3239 4659 3297 4714 Si
3327 4660 3477 4716 enim
3504 4662 3789 4734 corripiat,

2207 4749 2275 4805 ab
2304 4764 2370 4806 eo
2414 4748 2558 4819 quod
2591 4757 2718 4804 sunt
2753 4765 2907 4814 ossa;
2956 4749 3003 4805 si
3044 4758 3225 4811 autem
3266 4749 3575 4820 producat,
3623 4752 3689 4808 ab
3730 4765 3791 4806 eo

2207 4843 2353 4913 quod
2377 4850 2503 4897 sunt
2530 4857 2625 4895 ora
2642 4880 2657 4906 ,
2690 4840 3007 4912 intelligitur
3034 4855 3294 4897 numerus
3322 4840 3638 4913 singularis.
3689 4840 3791 4898 Sed

2206 4935 2340 4991 talia
2371 4933 2567 5005 linguae
2591 4932 2948 5005 praecedentis
2994 4932 3328 5003 inspectione
3353 4932 3411 4987 id
3439 4930 3785 5002 iudicantur:

2207 5044 2333 5084 nam
2357 5028 2413 5083 in
2433 5027 2743 5091 Graeconon
2766 5026 3066 5101 aro'pa,sed
3095 5026 3267 5085 ὁστέον
3289 5025 3528 5096 positum
3543 5036 3649 5083 est.
3666 5026 3788 5082 Item

2207 5119 2340 5174 illud
2378 5118 2661 5189 Apostoli:
2711 5118 2844 5185 Qua:
2880 5119 3113 5189 prardico
3160 5118 3304 5172 vobis
3350 5118 3490 5172 sicut
3533 5118 3784 5188 pra’dixi,

2203 5213 2454 5285 quoniam
2480 5212 2568 5287 qui
2595 5210 2723 5265 talia
2752 5218 2937 5280 agunt,
2960 5226 3173 5279 regnum
3200 5209 3297 5263 Dei
3324 5226 3429 5263 non
3453 5209 3786 5279 possidebunt

2207 5301 2293 5373 (11
2325 5300 2447 5357 Cor.
2476 5300 2617 5372 xm).
2653 5298 2709 5354 Si
2743 5297 3112 5354 tantummodo
3138 5298 3387 5364 dixisset,
3417 5316 3538 5369 qua:
3564 5299 3787 5371 prtrdico

2202 5392 2383 5457 vobis,
2436 5407 2612 5463 neque
2656 5390 3025 5461 subjunxisset
3070 5390 3325 5461 praedixi,
3379 5388 3605 5448 dubium
3652 5397 3789 5445 esset

2202 5492 2383 5543 utrum
2429 5483 2484 5539 in
2529 5498 2593 5539 eo
2639 5484 2783 5554 quod
2831 5483 2990 5550 dixit,
3037 5484 3288 5555 praedico,
3337 5484 3686 5555 producenda
3720 5496 3787 5536 an

2203 5576 2543 5648 corripienda
2571 5585 2717 5633 esset
2746 5576 2949 5650 syllaba
2978 5578 3189 5645 media;
3231 5594 3377 5634 nunc
3400 5586 3586 5633 autem
3622 5575 3788 5632 mani-

2204 5669 2399 5725 festum
2438 5678 2521 5724 est
2556 5669 2959 5741 producendam
2998 5685 3151 5737 esse;
3200 5683 3309 5725 non
3350 5670 3495 5726 enim
3543 5669 3622 5725 ait
3659 5667 3784 5722 sicut

2205 5763 2517 5836 pra’dicaui,
2552 5761 2648 5820 sed
2675 5764 2809 5819 sicut
2838 5762 3085 5835 pra-dixi.
3124 5761 3231 5819 Sed
3257 5762 3383 5837 quis
3406 5762 3526 5819 haec
3555 5775 3701 5831 raro,
3726 5766 3791 5811 ut
