3974 6456
265 375 375 434 380

1051 368 1141 425 DE
1177 361 1620 424 CL'FBICORUM
1657 358 2137 419 INSTiTUTION‘E
2197 363 2351 422 ETG.
2392 395 2463 407 -
2497 364 2624 423 LIB.
2664 365 2749 422 ιιι.

3421 368 3526 429 590

258 487 637 565 ρι-ωάίιίιηιιε,
679 484 842 543 verba
890 481 1261 547 inveniuntur,
1310 493 1432 551 quae
1478 492 1587 532 non
1636 474 1847 529 facilem
1876 473 1924 533 Α
1951 473 2076 543 quia
2109 490 2266 531 nemo
2290 483 2466 547 potest
2493 491 2559 532 ex
2583 490 2648 531 eo
2674 478 2819 548 quod
2843 478 2959 535 non’
2975 478 3139 535 habet
3164 486 3420 551 prodesse
3449 483 3517 538 al-

259 583 504 641 babeant
528 580 873 644 solutionem,
901 577 969 632 ad
994 576 1283 632 verborum
1317 572 1698 629 translatorum
1730 586 1846 626 am-
1949 567 2072 622 teri.
2101 566 2311 635 Quanto
2332 577 2512 624 autem
2532 569 2703 641 magis
2726 585 2948 640 regnum
2969 571 3277 641 cupiditatis
3298 572 3516 631 destrui.

258 676 561 748 biguitatcs
610 671 809 743 stylum
856 677 1148 735 vertamus,
1188 682 1320 739 quae
1366 681 1478 722 non
1521 664 1846 720 mediocrem

258 782 451 827 Curam
482 763 915 834 industriamque
940 761 1271 818 desiderant.
1316 757 1453 815 Nam
1492 759 1550 815 in
1582 758 1847 831 principio

259 858 563 917 cavendum
593 863 705 919 est,
737 870 807 911 ne
835 853 1124 925 ﬁguratam
1155 852 1482 909 locutionem
1514 851 1583 908 ad
1608 850 1845 907 litteram

258 951 520 1023 accipias.
558 949 643 1006 Ad
670 950 777 1005 hoc
802 949 945 1004 enim
973 948 1209 1018 pertinet
1235 947 1381 1018 quod
1409 946 1487 1000 ait
1513 945 1839 1017 Apostolus:

258 1041 461 1098 Littera
491 1041 716 1106 accidit,
756 1040 972 1112 spiritus
1009 1047 1185 1094 autem
1218 1038 1443 1108 uiviﬁcat
1471 1036 1555 1110 (II
1586 1035 1708 1093 Cor.
1738 1035 1839 1108 tn).

256 1133 414 1191 Nulla
452 1149 600 1191 mors
645 1135 842 1190 anima:
883 1132 1269 1204 congruentius
1312 1132 1635 1203 appellatur,
1681 1146 1842 1202 quam

257 1242 387 1282 cum
413 1226 469 1282 id
495 1226 660 1281 etiam
691 1226 835 1296 quod
864 1224 921 1279 in
949 1240 1013 1280 ea
1044 1226 1246 1281 bestias
1281 1223 1589 1289 antecellit,
1627 1224 1731 1278 hoc
1759 1230 1843 1279 est

255 1317 630 1389 intelligentia,
654 1316 806 1373 carni
829 1315 1111 1385 subjicitur
1137 1316 1413 1384 sequendo
1441 1313 1838 1370 scilicetosolam

252 1408 514 1465 litteram.
554 1407 656 1475 Qui
683 1408 829 1464 enim
854 1408 1101 1477 sequitur
1126 1406 1366 1462 litteram
1392 1406 1654 1461 translata
1677 1406 1839 1460 verba

253 1500 398 1555 sicut
428 1500 653 1570 propria
676 1506 852 1565 tenet,
891 1515 1068 1569 neque
1098 1499 1229 1555 illud
1256 1499 1401 1568 quod
1426 1499 1653 1569 preprio
1674 1497 1838 1553 verbo

253 1592 614 1663 signiﬁcatur,
627 1589 798 1647 refert
819 1591 889 1646 ad
911 1593 1073 1647 aliam
1094 1591 1565 1663 signiﬁcationem.
1588 1592 1657 1647 Et
1674 1605 1735 1646 ea
1755 1598 1839 1646 est

252 1682 582 1741 miserabilis
601 1682 799 1737 animai
816 1682 1073 1749 servitus,
1095 1682 1246 1752 signa
1268 1698 1369 1753 pro
1389 1682 1552 1737 rebus
1572 1682 1834 1752 accipere,

247 1782 308 1830 et
343 1789 508 1849 supra
545 1781 854 1831 creaturam
887 1788 1243 1843 corpoream,
1282 1775 1499 1829 oculum
1536 1773 1731 1829 mentis
1768 1772 1836 1828 ad

1949 651 2057 725 tur,
2098 665 2250 715 tanto
2293 658 2579 715 charitatis
2616 668 2861 732 augetur.
2907 660 3175 733 Quidquid
3208 678 3338 735 ergo
3364 680 3522 736 aspe-

1948 764 2069 805 rum
2097 758 2152 807 ct
2178 749 2331 820 quasi
2362 762 2564 807 saevum
2592 744 2737 809 factu
2764 748 3019 824 dictuque
3059 753 3114 809 in
3144 755 3344 812 sanctis
3381 755 3523 812 Scri-

1944 838 2120 917 pturis
2164 842 2378 915 legitur,
2407 859 2475 898 ex
2515 858 2747 915 persona
2794 836 2893 901 Dei
2922 844 3006 900 vel
3036 855 3348 903 sanctorum
3382 846 3522 917 ejus,

1945 936 2013 994 ad
2041 934 2351 1009 cupiditatis
2389 955 2615 1011 regnum
2660 926 3044 999 destruendum
3081 928 3249 997 valet.‘
3286 942 3441 1010 Quod
3477 943 3522 999 si

1941 1031 2226 1101 perspicue
2250 1040 2429 1097 sonat,
2459 1047 2568 1088 non
2588 1040 2672 1089 est
2697 1033 2767 1091 ad
2794 1033 2938 1089 aliud
2972 1020 3335 1101 referendum,
3368 1034 3523 1105 quasi

1943 1122 2171 1195 ﬁgurate
2217 1124 2423 1180 dictum
2458 1123 2552 1192 sit,
2584 1125 2745 1182 sicuti
2787 1134 2874 1184 est
2907 1126 3039 1182 illud
3073 1126 3353 1198 Apostoli:
3389 1125 3525 1183 The—

1941 1217 2225 1271 saurizasti
2252 1216 2361 1281 tibi,
2397 1216 2587 1286 inquit,
2626 1218 2761 1270 iram
2790 1217 2845 1271 in
2869 1218 2953 1272 die
2983 1219 3078 1272 ira:
3115 1226 3164 1272 et
3194 1217 3521 1275 reuelationis

1931 1308 2068 1379 justi
2106 1308 2300 1378 judicii
2349 1296 2481 1374 Dei,
2528 1308 2618 1378 qui
2672 1307 2850 1362 reddet
2898 1307 3178 1380 unicuique
3236 1309 3522 1365 secundum

1940 1416 2097 1471 opera
2122 1416 2253 1464 sua,
2291 1405 2346 1454 et
2384 1398 2613 1469 reliqua.
2649 1383 2824 1469 (Rom.
2854 1397 2947 1466 ιι.)
2974 1398 3197 1470 Ergoin
3237 1398 3524 1455 locutioni~

1936 1474 2041 1547 bus
2066 1491 2311 1562 ﬁguratis
2338 1491 2520 1562 regula
2548 1491 2619 1545 sit
2638 1490 2966 1562 huiusmodi,
2997 1499 3057 1546 ut
3089 1499 3201 1547 tam
3221 1490 3310 1547 diu
3334 1505 3521 1548 verse-

1940 1591 2028 1641 tur
2059 1582 2300 1654 diligenti
2346 1583 2779 1639 consideratione
2803 1583 2948 1654 quod
2988 1582 3205 1655 legitur,
3234 1583 3407 1639 donec
3453 1582 3524 1637 ad

1941 1692 2167 1747 regnum
2199 1675 2484 1731 charitatis
2524 1674 2900 1744 interpretatio
2945 1674 3295 1745 perducatur.
3339 1660 3398 1728 Si
3427 1688 3523 1729 au-

1940 1776 2049 1823 tem
2074 1767 2177 1823 hoc
2215 1765 2326 1836 jam
2362 1765 2579 1836 proprie
2616 1774 2790 1833 sonat,
2834 1765 2980 1821 nulla
3028 1768 3248 1836 putetur
3292 1764 3522 1837 ﬁgurata

248 1866 617 1922 hauriendum
642 1873 908 1922 aatemum
942 1866 1123 1922 lumen
1150 1866 1335 1922 levare
1362 1883 1471 1923 non
1502 1882 1679 1937 posse.
1709 1864 1838 1933 Qua:
1865 1868 1914 1929 Β
1940 1856 2160 1913 locutio.
2193 1856 2252 1911 Si
2279 1856 2603 1927 praeceptiva
2630 1855 2833 1911 locutio
2863 1865 2971 1922 est,
3001 1864 3096 1911 aut
3117 1854 3403 1925 ﬂagitium,
3429 1861 3524 1910 aut

250 1966 439 2015 tamen
468 1959 704 2014 servitus
733 1958 789 2013 in
815 1956 1001 2014 Judseo
1034 1959 1233 2030 papula
1268 1959 1427 2029 longe
1457 1974 1489 2014 a
1519 1968 1835 2015 eaeterarum

248 2054 503 2123 gentium
541 2066 695 2107 more
722 2051 988 2118 distabat,
1030 2052 1468 2124 quandoquidem
1507 2053 1670 2108 rebus
1700 2060 1835 2107 tem-

244 2142 530 2212 poralibus
552 2144 629 2198 ita
656 2142 926 2214 subjugati
951 2153 1130 2210 erant,
1151 2151 1212 2198 ut
1236 2160 1378 2201 unus
1402 2145 1483 2200 eis
1511 2145 1567 2199 in
1591 2145 1839 2200 omnibus

244 2234 730 2290 commendaretur
754 2234 918 2290 Deus.
960 2234 1166 2292 Gentes
1195 2243 1378 2292 autem
1407 2235 1698 2291 simulacra
1726 2251 1840 2292 ma-

245 2323 473 2378 nutaeta
512 2325 646 2381 deos
682 2326 978 2394 habebant,
1023 2335 1080 2382 et
1115 2327 1163 2383 si
1199 2328 1416 2397 quando
1451 2329 1619 2399 aliqui
1650 2342 1840 2384 eorum

244 2416 342 2473 im
374 2426 637 2489 tanquam
661 2421 815 2492 signa
844 2421 1195 2492 interpretari
1217 2422 1578 2488 conabantur,
1598 2423 1667 2478 ad
1686 2438 1842 2479 crea-

242 2520 427 2563 turam
476 2509 762 2567 colendam
808 2515 1283 2582 venerandamque
1330 2513 1657 2569 referebant.
1732 2513 1840 2571 Sed

245 2600 317 2654 ab
348 2599 450 2656 hac
484 2609 716 2671 utraque
752 2604 1033 2670 servitute,
1066 2605 1291 2660 veniens
1318 2604 1567 2661 Christus
1596 2606 1841 2662 veritatis

244 2706 360 2747 sua:
386 2691 506 2748 luce
534 2693 872 2763 illuminans,
895 2704 1087 2752 omnes
1106 2697 1165 2752 in
1190 2710 1248 2752 se
1270 2697 1554 2753 credentes
1572 2698 1840 2754 veraciter

238 2782 514 2843 liberavit.

826 2877 1057 2936 CAPUT
1112 2879 1248 2936 XIII.

242 2981 440 3040 Modus
465 2984 764 3043 inveniendi
795 2990 1206 3115 utrumllgcntio
1233 2995 1448 3063 propria
1477 2995 1548 3048 sit
1569 3011 1639 3051 an
1661 3004 1839 3053 trans-

1003 3078 1034 3115 a
1060 3078 1113 3114 a.

1003 3078 1113 3115 ata.

315 3132 453 3204 Huic
492 3154 672 3204 autem
714 3149 1083 3208 observationi
1119 3167 1223 3222 qua
1262 3168 1514 3211 cavemus
1554 3156 1838 3229 ﬁguratam

1937 1948 2148 2004 facinus
2174 1956 2389 2014 vetans,
2429 1958 2523 2002 aut
2563 1947 2852 2003 utilitatem
2885 1956 2979 2004 aut
3000 1946 3413 2003 beneﬁcentiam
3436 1944 3524 2016 ju-

1935 2042 2090 2105 bens,
2127 2055 2236 2095 non
2278 2046 2363 2095 est
2392 2039 2640 2111 ﬁgurata.
2672 2036 2730 2095 Si
2758 2026 3228 2112 autem'ﬂagitium
3254 2049 3347 2096 aut
3390 2036 3526 2096 faci-

1937 2148 2041 2189 nus
2069 2133 2282 2189 videtur
2303 2117 2513 2202 jubere,
2563 2134 2657 2187 aut
2703 2133 2994 2188 utilitatem
3020 2140 3075 2188 et
3110 2131 3525 2190 beneﬁcentiam
3592 2162 3599 2169 κ

1938 2226 2154 2291 vetare,
2211 2224 2440 2296 ﬁgurata
2491 2231 2595 2280 est.
2646 2224 2770 2279 Nisi
2811 2225 3284 2292 manducaveritis,
3327 2221 3544 2311 inquit,“

1941 2334 2150 2373 carnem
2179 2317 2278 2386 ﬁlii
2303 2318 2552 2385 hominis,
2576 2326 2625 2373 et
2650 2318 2957 2390 sanguinem
2985 2319 3101 2390 ejus
3128 2318 3379 2384 biberitis,
3422 2334 3527 2373 non

1943 2408 2197 2463 habebitis
2228 2410 2389 2463 vitam
2421 2408 2477 2464 in
2503 2409 2640 2464 vobis
2668 2408 2851 2481 (Joan.
2882 2408 2982 2482 vi).
3013 2410 3248 2466 Facinus
3267 2409 3349 2465 vel
3378 2407 3528 2479 ﬂagi-

1942 2497 2077 2553 tium
2101 2498 2315 2554 videtur
2358 2498 2564 2569 jubere.
2613 2500 2868 2571 Figurata
2894 2517 3023 2574 ergo
3057 2510 3164 2568 est,
3210 2500 3531 2573 praecipiens

1940 2588 2182 2658 passioni
2230 2590 2443 2645 Domini
2477 2606 2597 2646 esse
2634 2591 3165 2658 communicandum,
3195 2600 3251 2647 et
3289 2591 3529 2647 suaviter

1942 2679 2105 2751 atque
2133 2681 2338 2736 utiliter
2365 2682 2711 2738 recolendum
2734 2684 2791 2739 in
2819 2684 3100 2753 memoria,
3126 2685 3271 2756 quod
3296 2698 3397 2757 pro
3433 2698 3531 2740 no-

1941 2772 2027 2827 bis
2068 2788 2194 2828 caro
2240 2772 2358 2843 ejus
2399 2775 2659 2830 cruciﬁxa
2703 2784 2758 2832 et
2794 2777 3075 2832 vulnerata
3117 2777 3207 2833 sit.
3255 2777 3348 2831 Ait
3385 2774 3534 2832 Scri-

1942 2872 2100 2936 ptura
2134 2884 2147 2918 :
2180 2865 2241 2921 Si
2267 2866 2505 2947 esurierit
2529 2868 2771 2923 inimicus
2800 2877 2941 2935 tuus,
2971 2871 3086 2925 ciba
3108 2870 3294 2936 illum;
3334 2870 3380 2925 si
3399 2870 3529 2935 sitit,

1940 2964 2122 3022 potum
2145 2956 2216 3014 da
2239 2958 2320 3013 illi
2348 2958 2526 3032 (Rom.
2559 2959 2681 3032 xu).
2720 2961 2817 3017 llic
2846 2961 2992 3018 nullo
3026 2958 3304 3019 dubitante
3327 2961 3533 3019 beneﬁ-

1944 3053 2178 3107 centiam
2208 3054 2488 3124 prascipit;
2519 3055 2613 3111 sed
2647 3055 2790 3125 quod
2819 3056 3102 3127 sequitur:
3127 3054 3243 3110 Hoc
3288 3055 3427 3111 enim
3452 3054 3535 3122 fa-

1942 3144 2107 3210 ciens,
2137 3146 2386 3201 carbones
2413 3147 2546 3217 ignis
2572 3164 2814 3218 congeres
2850 3164 3005 3218 super
3024 3158 3179 3217 caput
3201 3146 3339 3217 ejus,
3371 3145 3536 3201 male-

238 3239 603 3308 locutionemt
646 3243 700 3298 id
752 3251 837 3299 est
874 3217 1213 3312 ιι-ίιηειριςιξη,
1248 3249 1404 3318 quasi
1451 3217 1727 3322 prop;iam
1754 3269 1838 3311 se_
1862 3251 1911 3316 ρ
1943 3234 2191 3291 volentia:
2228 3235 2441 3292 facinus
2487 3217 2641 3306 pndis
2681 3236 2882 3305 juberi.
2914 3217 3009 3291 Ne
3056 3238 3218 3311 igitur
3259 3236 3537 3309 putaveris

240 3332 365 3403 qui,
402 3333 741 3404 adjungcnda
790 3335 953 3390 etiam
996 3337 1086 3391 illa
1112 3348 1215 3401 est,
1258 3354 1327 3394 ne
1365 3343 1643 3412 prepriam
1685 3347 1842 3415 quasi

242 3420 529 3493 ﬁguratam
561 3424 790 3479 velimus
822 3427 1093 3497 accipere.
1140 3429 1604 3508 Demonstrandus
1632 3446 1717 3492 est
1743 3438 1842 3508 igi-

239 3519 334 3567 tur
353 3512 611 3584 pr0prius
630 3516 822 3571 modus
860 3517 1196 3575 inveniendus
1221 3519 1527 3590 locutionis,
1550 3528 1841 3597 propriane

238 3617 314 3657 an
348 3602 576 3675 ﬁgurata
625 3605 718 3673 sit,
759 3614 815 3661 et
846 3607 950 3662 iste
978 3610 1201 3667 omnino
1246 3614 1438 3669 modus
1473 3626 1575 3684 est,
1602 3627 1662 3671 ut
1686 3620 1843 3689 quid-

250 3689 388 3765 Quid
422 3696 479 3751 in
517 3712 768 3753 sermone
806 3698 989 3755 divino
1023 3716 1197 3772 neque
1234 3705 1301 3759 ad
1335 3722 1546 3763 morum
1589 3711 1843 3768 honesta-

237 3791 375 3849 tem,
411 3799 588 3855 neque
613 3786 682 3841 ad
720 3787 844 3843 ﬁdei
873 3790 1156 3847 veritatem
1180 3798 1395 3867 proprie
1420 3798 1612 3856 referri
1638 3812 1837 3872 potest,

238 3872 538 3946 ﬁguratum
562 3890 683 3932 esse
722 3884 1035 3950 cegnoscas.
1062 3883 1272 3941 Iliorum
1317 3888 1573 3946 honestas
1607 3894 1677 3947 ad
1714 3895 1839 3951 dili-

238 3964 475 4057 gendum
510 3965 678 4057 Deum
718 3978 774 4023 et
796 3969 1124 4042 proximum,
1150 3976 1274 4033 ﬁdei
1313 3982 1515 4036 veritas
1545 3984 1611 4038 ad
1642 4000 1841 4057 cogno-

237 4052 501 4110 scendum
544 4052 713 4113 Deum
758 4067 814 4113 et
835 4063 1142 4131 proximum
1182 4069 1436 4138 pertinet.
1474 4070 1611 4142 Spes
1654 4052 1838 4131 autem

238 4162 342 4203 sua
369 4148 565 4220 cuique
601 4159 689 4205 est
728 4151 784 4206 in
826 4156 1159 4212 conscientia
1200 4161 1453 4230 prepria,
1487 4168 1838 4233 quemadmo-

242 4237 373 4331 dum
401 4254 459 4294 se
483 4241 657 4296 sensit
677 4242 745 4326 ad
782 4240 1123 4303 dilectionem
1161 4250 1257 4305 Dei
1302 4261 1359 4307 et
1396 4257 1625 4324 proximi
1657 4260 1843 4331 cogni-

243 4328 561 4421 tionemque
599 4335 883 4404 proﬁcere.
936 4339 1053 4394 Non
1090 4343 1234 4398 enim
1268 4347 1513 4417 prazcipit
1558 4328 1841 4421 Scriptura

240 4418 353 4474 nisi
376 4421 719 4492 cbaritatcm,
750 4426 855 4483 nec
883 4430 1065 4500 culpat
1106 4433 1210 4489 nisi
1254 4438 1640 4508 cupiditatem;
1680 4418 1741 4498 et
1775 4458 1841 4499 eo

241 4516 411 4573 modo
461 4519 725 4577 informat
766 4538 949 4580 mores
988 4526 1286 4584 hominum.
1332 4530 1664 4590 Charitatem
1706 4553 1839 4593 voco

241 4613 453 4663 motum
482 4610 646 4666 animi
674 4613 742 4667 ad
767 4611 1055 4669 fruendum
1080 4617 1191 4671 Deo
1220 4627 1441 4689 prepter
1470 4622 1668 4691 ipsum,
1696 4636 1751 4681 et
1781 4643 1838 4683 se

242 4705 414 4767 atque
462 4699 709 4767 proximo
734 4711 957 4772 propter
1011 4705 1200 4760 Deum.
1254 4708 1617 4779 Cupiditatem
1658 4726 1842 4772 autem

240 4798 456 4845 motum
486 4792 655 4848 animi
687 4794 754 4849 ad
792 4792 1081 4852 fruendum
1109 4813 1170 4853 se
1205 4806 1263 4854 et
1292 4801 1563 4869 proximo,
1587 4813 1644 4860 et
1670 4808 1844 4876 quoli-

238 4876 339 4969 bet
365 4895 594 4967 corpore
616 4899 723 4939 non
751 4895 970 4957 propter
996 4889 1185 4945 Deum.
1214 4890 1368 4961 Quod
1395 4902 1576 4951 autem
1604 4899 1717 4969 agit
1746 4900 1831 4955 in-

241 4966 453 5026 domita
484 4973 753 5043 cupiditas
781 4978 849 5033 ad
885 4981 1339 5051 corrumpendum
1369 4986 1612 5043 animum
1644 4966 1702 5046 et
1726 5006 1843 5047 cor-

238 5075 348 5132 pus
395 5079 575 5132 suum,
628 5064 893 5138 ﬂagitium
920 5079 1186 5141 vocatur;
1217 5076 1364 5146 quod
1392 5085 1572 5133 autem
1621 5080 1732 5152 agit
1777 5089 1841 5138 ut

208 5154 407 5253 (alteri
435 5169 650 5253 noceat,
699 5161 911 5220 facinus
937 5165 1154 5222 dicitur.
1201 5169 1271 5223 Et
1302 5171 1420 5226 haec
1453 5181 1580 5228 sunt
1615 5175 1721 5231 duo
1742 5190 1836 5246 ge~

214 5250 384 5323 ;nera
411 5250 655 5307 omnium
681 5262 1031 5324 peccatorum
1052 5298 1067 5324 ,
1101 5258 1197 5314 sed
1240 5258 1439 5331 ﬂagitia
1477 5264 1661 5333 priora
1691 5273 1838 5321 sunt;

245 5334 382 5407 Quae
426 5356 550 5398 cum
599 5343 999 5403 exinaniverint
1041 5348 1310 5415 animum,
1349 5358 1404 5405 et
1439 5353 1506 5407 ad
1550 5354 1840 5422 quamdam

244 5441 548 5503 egestatem
571 5437 941 5506 perduxerint,
977 5440 1032 5495 in
1054 5440 1292 5498 facinora
1315 5443 1618 5514 prosilitur,
1643 5446 1841 5515 quibus

246 5537 635 5584 removeantur
682 5530 1066 5601 impedimenta
1120 5534 1487 5605 ﬂagitiorum,
1545 5544 1639 5591 aut
1694 5535 1841 5605 adju-

243 5622 435 5670 menta
467 5626 795 5685 quzerantur.
839 5619 971 5676 Item
999 5622 1142 5691 quod
1170 5624 1279 5693 agit
1308 5626 1545 5681 charitas
1570 5626 1713 5695 quod
1736 5626 1841 5681 sibi

246 5705 448 5778 prosit,
465 5706 671 5766 utilitas
690 5719 803 5778 est;
824 5714 966 5783 quod
982 5722 1161 5769 autem
1176 5716 1287 5785 agit
1307 5725 1363 5770 ut
1384 5720 1554 5786 prosit
1568 5719 1837 5788 proximo,

252 5794 617 5856 beneﬁcentia
663 5804 988 5861 nominatur.
1044 5806 1107 5862 Et
1159 5808 1247 5865 hic
1279 5811 1534 5889 praecedit
1586 5811 1837 5869 utilitas:

1949 3324 2178 3396 ﬁgurate
2226 3325 2449 3391 dictum,
2496 3334 2700 3381 etcum
2739 3326 2910 3397 possit
2944 3324 3228 3397 dupliciter
3273 3327 3538 3396 interpre-

1948 3418 2076 3483 tari,
2104 3433 2211 3473 uno
2233 3418 2393 3473 modo
2415 3419 2481 3473 ad
2509 3419 2830 3484 nocendum,
2865 3419 3036 3474 altero
3060 3420 3129 3474 ad
3150 3417 3536 3490 praestandum,

1946 3513 2018 3567 ad
2043 3510 2457 3568 beneﬁcentiam
2494 3521 2547 3568 te
2584 3513 2766 3583 potius
2803 3502 3041 3569 cbaritas
3087 3520 3323 3578 revocet,
3364 3519 3426 3567 ut
3451 3511 3538 3567 in-

1946 3602 2159 3674 telligas
2182 3604 2446 3659 carbones
2479 3603 2619 3673 ignis
2646 3618 2766 3659 esse
2808 3611 3031 3660 urentes
3059 3603 3394 3674 poenitentia:
3443 3616 3541 3674 ge-

1946 3696 2134 3761 mitus,
2162 3698 2358 3768 quibus
2387 3699 2643 3767 superbia
2669 3705 2895 3752 sanatur
2917 3695 3034 3765 ejus
3060 3697 3150 3767 qui
3178 3694 3323 3751 dolet
3352 3709 3413 3750 se
3438 3693 3545 3748 ini«

1946 3785 2151 3841 micum
2186 3786 2356 3842 fuisse
2393 3788 2648 3850 hominis,
2678 3802 2707 3840 a
2732 3770 2839 3855 quo
2874 3770 2991 3856 ejus
3025 3785 3257 3840 miseria:
3297 3783 3548 3839 subveni-

1941 3870 2058 3930 ‘tnr.
2086 3862 2220 3932 Item
2246 3893 2369 3932 cum
2394 3878 2469 3931 ait
2493 3877 2755 3931 Domimis
2776 3894 2787 3929 :
2812 3862 2914 3942 Qui
2941 3884 3082 3929 amat
3110 3875 3344 3928 animam
3366 3889 3542 3938 suam,

1947 3968 2134 4040 perdat
2159 3974 2275 4023 eam
2315 3958 2528 4040 (Matth.
2561 3968 2644 4039 ι),
2684 3984 2793 4023 non
2816 3968 3107 4024 utilitatem
3133 3974 3320 4022 vetare
3347 3973 3545 4036 putan-

1949 4060 2051 4115 dus
2099 4064 2222 4127 est,
2274 4076 2379 4130 qua
2434 4060 2596 4115 debet
2649 4060 2881 4130 quisque
2932 4054 3255 4121 conservare
3311 4057 3549 4112 animam

1944 4166 2125 4218 suam,
2178 4152 2272 4206 sed
2317 4152 2547 4223 ﬁgurate
2599 4138 2826 4217 dictum,
2858 4150 3045 4222 perdat
3075 4149 3329 4216 animam,
3361 4148 3415 4204 id
3443 4155 3547 4215 est,

1949 4244 2184 4312 perimat
2226 4252 2388 4315 atque
2432 4245 2650 4300 amittat
2678 4259 2835 4301 usitm
2862 4242 2982 4313 ejus
3005 4257 3165 4313 quem
3194 4257 3339 4297 nunc
3363 4241 3548 4307 habet,

1947 4348 2266 4404 perversum
2298 4335 2505 4391 scilicet
2544 4346 2710 4407 atque
2737 4344 3152 4406 przeposterum,
3191 4348 3300 4404 quo
3328 4331 3552 4388 inclina-

1950 4436 2040 4483 tur
2066 4419 2456 4500 temporalibus
2478 4471 2493 4497 ,
2534 4440 2595 4485 ut
2628 4439 2835 4487 mterna
2862 4445 2970 4486 non
3016 4436 3242 4500 quaerat.
3276 4426 3548 4497 Scripmm

1949 4530 2078 4577 est:
2112 4522 2197 4577 Da
2258 4522 2621 4589 misericordi,
2670 4516 2719 4578 et
2779 4539 2842 4577 ne
2889 4521 3145 4591 suscipias
3206 4527 3551 4589 peccatorem.

1864 4626 1921 4687 Β
1947 4614 2229 4695 Posterior
2260 4632 2387 4693 pars
2416 4614 2578 4682 hujus
2615 4614 2901 4670 sententiae
2940 4613 3155 4695 videtur
3176 4616 3361 4664 vetare
3390 4608 3556 4661 bene—

1951 4692 2248 4761 ﬁcentiam.
2282 4690 2564 4773 'lntelligas
2586 4703 2715 4778 ergo
2741 4706 2976 4779 ﬁgurate
3000 4692 3261 4774 positum,
3302 4712 3402 4768 pro
3429 4710 3557 4766 pec-

1949 4805 2076 4853 cato
2103 4805 2451 4866 peccatorem,
2484 4794 2542 4850 ut
2574 4792 2867 4867 peccatum
2890 4794 3006 4864 ejus
3026 4808 3134 4850 non
3164 4789 3448 4860 suseipias.

2544 4906 2776 4965 CAPUT
2825 4904 2965 4962 XIV.

1948 4996 2031 5054 De
2064 5000 2213 5053 uaria
2233 4998 2618 5071 signiﬁcatione
2637 5001 2945 5065 verborum,
2963 5070 2971 5072 _
2988 5012 3106 5072 qua
3132 5000 3335 5050 constat
3357 4991 3413 5045 in
3438 5006 3563 5044 con-

2400 5072 2672 5149 trarietate
2691 5082 2737 5126 et
2767 5070 3102 5127 diwersitate.

2025 5158 2133 5217 Sed
2165 5146 2422 5232 quoniam
2451 5146 2635 5220 multis
2670 5165 2850 5220 modis
2904 5174 2994 5215 res
3026 5148 3230 5213 similes
3279 5159 3562 5224 apparent,

1950 5268 2064 5310 non
2104 5254 2354 5331 putemus
2402 5254 2477 5310 ita
2505 5271 2626 5312 esse
2674 5258 2978 5327 scriptum,
3018 5257 3081 5304 ιιι
3105 5247 3251 5319 (ιυού
3286 5244 3341 5301 in
3384 5244 3566 5315 aliquo

1951 5344 2073 5400 loco
2103 5359 2194 5399 res
2220 5344 2404 5415 aliqua
2432 5361 2530 5415 per
2555 5348 2984 5405 similitudinem
3023 5337 3429 5414 signiﬁcaverit.
3462 5335 3566 5391 hoc

1950 5452 2078 5492 eam
2104 5451 2319 5507 semper
2360 5438 2667 5511 signiﬁcare
2708 5440 3038 5498 credamn‘ﬁ-
3068 5430 3207 5487 Nam
3244 5437 3300 5485 ει
3347 5429 3404 5483 in
3431 5426 3571 5482 Villlr

1947 5532 2233 5602 peratione
2270 5532 2447 5602 posuit
2486 5532 2813 5590 fermentum
2856 5520 3142 5595 Domt‘nus
3166 5540 3287 5581 mm
3319 5523 3523 5580 diceret
3552 5534 3566 5573 :

1948 5624 2140 5678 Cavete
2162 5641 2193 5677 a
2218 5624 2472 5699 [etintento
2497 5625 2893 5682 Pharisaeorum
2917 5628 3064 5702 (Luc.
3082 5654 3097 5670 ο
3115 5616 3239 5689 Σ¹¹);
3260 5624 3316 5671 ei
3336 5615 3391 5670 in
3413 5610 3572 5667 laude

1951 5731 2077 5772 cum
2127 5716 2376 5771 diceret:
2407 5714 2588 5771 Simile
2632 5728 2707 5772 est
2762 5736 2976 5791 regnum
3034 5708 3311 5795 ρωίοηιηι
3362 5704 3572 5760 mulieri

1952 5825 2077 5883 qua
2098 5810 2367 5865 abscondit
2408 5809 2719 5880 fermentum
2748 5814 2803 5867 in
2838 5814 3002 5870 tribus
3028 5833 3169 5891 man.
3188 5801 3314 5855 ἠνίε
3354 5795 3569 5869 ίανίηινι
