3974 6464
465 392 566 450 591

1104 389 1166 446 Β.
1210 387 1465 444 RABANI
1503 387 1722 444 MAURI
1758 385 2079 444 ARCHIEP.
2118 385 2432 443 MOGUNT.
2475 386 2763 446 OPERUM
2803 388 2980 446 PARS
3012 391 3053 446 Ι.

3639 392 3763 449 593

467 508 631 561 donec
653 515 817 562 totum
847 511 1180 575 fermentaret
1209 503 1362 576 (Luc.
1402 504 1542 576 xm).
1571 502 1740 572 Hujus
1763 503 1927 575 igitur
1953 518 2048 556 va—
2075 516 2129 575 Α
2151 501 2268 556 sine
2293 502 2626 557 dubitatione
2655 505 2923 574 praevidit,
2959 506 3067 560 imo
3097 512 3156 561 ut
3177 515 3496 562 occurreret
3523 507 3656 577 quia
3687 523 3760 564 ex

470 602 684 657 rietatis
731 602 1036 658 observatio
1097 601 1230 656 duas
1289 601 1451 656 habet
1498 599 1734 666 formas;
1794 601 1873 655 sic
1910 599 2056 654 enim

468 695 614 751 aliud
638 705 798 765 atque
825 695 966 750 aliud
993 710 1082 750 res
1108 709 1334 764 quaeque
1361 693 1685 765 signiﬁcant,
1723 700 1784 747 ut
1810 702 1904 747 aut
1928 707 2057 747 con-

471 788 659 854 traria,
707 797 802 842 aut
849 787 1061 841 diversa
1111 785 1435 858 signiﬁcent.
1487 783 1773 841 Contraria
1824 783 2054 851 scilicet,

468 893 593 934 cum
617 877 753 934 alias
771 879 827 932 in
855 877 1017 943 bono,
1045 876 1181 931 alias
1204 877 1258 931 in
1288 875 1432 930 malo
1454 890 1543 930 res
1571 875 1761 931 eadem
1782 888 1880 944 per
1906 873 2057 930 simi-

467 969 751 1026 litudinem
779 970 1020 1038 ponitur,
1057 969 1200 1024 sicut
1239 969 1342 1024 hoc
1375 976 1459 1023 est
1499 967 1643 1037 quod
1684 967 1752 1021 de
1788 965 2055 1022 fermento

469 1075 632 1132 supra
661 1058 916 1114 diximus.
948 1058 1077 1114 Tale
1129 1066 1213 1114 est
1253 1058 1416 1112 etiam
1463 1056 1608 1126 quod
1654 1056 1737 1111 leo
1790 1055 2056 1134 signiﬁcat

467 1151 766 1216 Christum,
797 1150 891 1204 ubi
915 1149 1150 1204 dicitur:
1185 1147 1320 1202 Vicit
1355 1147 1434 1203 leo
1457 1147 1521 1202 de
1542 1147 1681 1201 tribu
1698 1147 1843 1201 Juda
1867 1146 2053 1218 (Apoc.

466 1243 544 1316 v).
572 1242 859 1314 Signiﬁcat
882 1251 938 1298 et
965 1241 1272 1308 diabolum,
1305 1242 1396 1298 ubi
1424 1243 1684 1312 scriptum
1709 1250 1822 1297 est:
1854 1240 2056 1294 Adver-

465 1337 639 1390 sarius
687 1345 850 1391 uester
883 1335 1125 1390 diabolus
1164 1345 1415 1406 tanquam
1462 1334 1541 1388 leo
1584 1334 1797 1404 rugiens
1843 1333 2053 1398 circuit,

465 1444 706 1499 quaerens
727 1445 880 1499 quem
908 1429 1117 1482 devoret
1143 1424 1208 1498 (1
1241 1424 1387 1480 Petr.
1417 1425 1483 1497 v)
1538 1423 1772 1494 Serpens
1795 1425 1850 1478 in
1868 1424 2009 1478 bono
2038 1441 2051 1477 :

469 1517 652 1573 Estote
672 1519 835 1573 astuti
857 1528 914 1572 ut
942 1527 1203 1588 serpentes
1226 1517 1441 1588 (Matth.
1468 1518 1545 1589 ι).
1576 1517 1635 1571 ln
1661 1517 1803 1572 malo
1833 1523 2014 1570 autem
2037 1532 2051 1570 :

470 1608 696 1680 Serpens
722 1609 890 1665 Evam
935 1609 1142 1664 seduxit
1169 1610 1364 1663 astutia
1408 1608 1628 1680 θυαμ]
1660 1607 1783 1663 Cor.
1828 1624 1882 1663 x1
1909 1609 1950 1679 ).
1997 1608 2057 1667 In

466 1699 630 1766 bono,
655 1701 849 1770 panis:
876 1699 992 1770 Ego
1020 1716 1138 1754 sum
1171 1701 1323 1770 panis
1367 1701 1530 1766 vivus,
1567 1701 1654 1771 qui
1697 1700 1762 1754 de
1803 1699 1928 1754 cwlo
1967 1700 2056 1754 de-

462 1792 641 1846 scendi
672 1791 855 1863 (Joan.
885 1790 984 1864 vi).
1017 1791 1076 1846 ιιι
1105 1790 1268 1854 malo,
1297 1791 1453 1860 panis
1481 1805 1496 1844 :
1525 1789 1691 1846 Panis
1734 1791 1966 1845 occultus
1992 1790 2056 1844 li-

2156 592 2269 663 ipsa
2301 594 2529 649 veritate
2558 596 2786 650 subnixa
2836 595 3092 667 providit.
3141 597 3276 652 Nam
3305 599 3440 669 quid
3470 600 3524 653 in
3557 600 3765 656 divinis

2155 684 2384 754 eloquiis
2413 685 2617 758 largius
2643 695 2698 741 et
2724 689 2944 744 uberius
2967 689 3140 759 potuit
3169 690 3431 744 divinitus
3456 690 3763 760 provideri,

2154 791 2316 847 quam
2341 787 2401 832 ut
2427 779 2620 834 eadem
2656 778 2819 834 verba
2860 780 3105 850 pluribus
3145 781 3521 853 intelligantur
3558 783 3760 848 modis,

2154 885 2288 940 quos
2314 870 2422 924 alia
2452 887 2562 926 non
2591 871 2773 926 minus
2801 871 2985 927 divina
3027 873 3391 929 contestantia
3424 873 3646 929 faciant
3670 891 3764 946 ap-

2153 961 2406 1029 probari?
2459 961 2563 1018 Ubi
2589 970 2774 1017 autem
2805 962 2929 1017 talis
2959 977 3149 1018 sensus
3185 965 3420 1032 eruitur,
3474 963 3642 1034 cujus
3681 967 3765 1020 in-

2156 1059 2363 1106 certum
2407 1052 2574 1108 certis
2610 1061 2924 1108 sanctarum
2964 1051 3367 1124 Scripturarum
3419 1057 3764 1112 testimoniis

2156 1156 2260 1196 non
2291 1143 2464 1212 possit
2501 1143 2723 1213 aperiri,
2778 1151 2947 1199 restat
2976 1154 3036 1198 ut
3067 1145 3279 1201 ratione
3323 1147 3537 1204 reddita
3591 1149 3763 1202 mani-

2156 1232 2326 1288 festus
2355 1243 2638 1305 appareat,
2681 1235 2843 1291 etiam
2873 1236 2919 1290 si
2948 1236 3036 1292 ille
3063 1238 3216 1308 cujus
3251 1239 3412 1294 verba
3455 1240 3764 1309 intelligere

2158 1321 2474 1397 quaerimus,
2526 1342 2648 1382 eum
2674 1325 2817 1383 forte
2840 1343 2947 1383 non
2977 1329 3164 1384 sensit.
3223 1328 3330 1385 Sed
3365 1331 3486 1385 haec
3522 1345 3768 1385 consue-

2159 1418 2283 1473 tudo
2324 1417 2630 1488 periculosa
2682 1425 2785 1472 est.
2833 1417 2939 1472 Per
2986 1416 3296 1488 Scripturas
3346 1420 3498 1474 enim
3546 1419 3769 1474 divinas

2159 1509 2234 1564 ita
2264 1509 2434 1564 multo
2481 1508 2650 1564 tutius
2695 1509 3026 1574 ambulatur,
3059 1511 3107 1564 si
3155 1510 3259 1565 hoc
3311 1510 3671 1576 exhibemus,
3715 1518 3768 1563 ut

2157 1617 2279 1657 cum
2304 1601 2480 1672 aliqua
2503 1602 2683 1657 verbis
2706 1600 2985 1657 translatis
3017 1618 3188 1672 opaca
3218 1605 3453 1658 scrutari
3480 1603 3766 1667 volumus,

2158 1701 2252 1748 aut
2271 1693 2373 1749 hoc
2401 1694 2526 1748 inde
2557 1700 2716 1749 exeat
2742 1694 2887 1763 quod
2922 1709 3030 1749 non
3060 1694 3262 1749 habeat
3293 1693 3765 1760 controversiam,

2157 1793 2270 1848 aut,
2309 1784 2352 1839 si
2397 1785 2618 1850 habeat,
2658 1798 2727 1838 ex
2761 1785 2949 1838 eadem
2999 1782 3284 1853 Scriptura
3331 1784 3656 1854 ubicunque
3694 1784 3768 1838 eis

463 1881 642 1937 benter
664 1882 838 1937 editur
864 1881 1067 1955 (Prov.
1097 1882 1208 1954 ιχ).
1242 1880 1333 1938 Sic
1353 1890 1408 1937 et
1432 1882 1536 1936 alia
1567 1881 1819 1951 plurima.
1851 1882 1919 1936 Et
1940 1883 2051 1936 haec

2160 1874 2392 1930 inventis
2437 1882 2599 1943 atque
2645 1873 2903 1929 adhibitis
2947 1874 3197 1938 testibus,
3251 1873 3607 1929 terminetur.
3663 1872 3768 1927 Sed

463 1975 680 2044 quidem
709 1989 830 2046 qua
859 1975 1305 2041 commemoravi,
1353 1975 1576 2031 minime
1607 1974 1826 2030 dubiam
1853 1974 2058 2045 signiﬁ-
2157 1963 2274 2021 haec
2301 1965 2354 2019 ἱι]
2384 1964 2640 2034 praesenti
2673 1964 2741 2019 de
2770 1964 2940 2035 signis
2966 1965 3111 2019 dicta
3141 1961 3426 2019 sufﬁciant.
3478 1962 3767 2020 023181111]!

464 2067 735 2123 cationem
764 2076 977 2139 gerunt,
1025 2068 1153 2138 quia
1197 2066 1429 2137 exempli
1456 2067 1634 2137 gratia
1664 2083 1770 2122 non
1806 2066 1913 2122 nisi
1940 2081 2057 2121 ma-
2157 2057 2250 2128 qui
2291 2056 2500 2126 Plenius
2528 2054 2597 2112 de
2629 2055 2715 2110 his
2745 2055 2885 2112 εοίτθ
2927 2056 3202 2112 ἀθείάθηιῑ
3224 2097 3238 2123 ι
3286 2056 3342 2110 in
3377 2056 3534 2112 libris
3583 2055 3770 2110 sane“

463 2156 661 2212 nifesta
703 2158 1124 2214 commemorari
1170 2159 1491 2213 debuerunt.
1540 2156 1682 2213 Sunt
1721 2167 1903 2214 autem
1935 2173 2058 2228 quae

462 2247 732 2304 incertum
755 2257 841 2304 est
865 2249 918 2303 in
945 2264 1105 2319 quam
1137 2259 1352 2320 partem
1388 2248 1562 2318 accipi
1594 2248 1848 2315 debeant,
1890 2249 2052 2314 sicut,

462 2338 616 2394 Calix
667 2340 724 2394 in
765 2356 927 2394 manu
963 2340 1175 2393 Domini
1220 2341 1325 2394 vini
1368 2341 1498 2393 meri
1547 2339 1732 2411 plenus
1781 2350 1856 2395 est
1900 2342 2054 2396 misto

463 2428 635 2501 (Psal.
673 2431 879 2503 Lxxiv).
928 2431 1199 2486 Incertum
1240 2439 1327 2487 est
1369 2433 1514 2487 enim
1544 2439 1730 2485 utrum
1777 2431 1916 2486 iram
1951 2433 2056 2488 Do-

462 2520 596 2574 mini
625 2521 892 2592 signiticet
938 2536 1046 2576 non
1087 2537 1258 2589 usque
1305 2521 1372 2575 ad
1415 2521 1768 2578 novissimam
1810 2535 2050 2591 poenam,

462 2611 517 2666 id
551 2620 636 2667 est
663 2626 836 2682 usque
864 2611 933 2665 ad
963 2610 1182 2676 faecem;
1212 2627 1279 2665 an
1308 2611 1487 2683 potius
1523 2611 1756 2682 gratiam
1803 2608 2052 2682 Scriptu-

462 2719 646 2758 rarum
671 2720 702 2758 a
730 2703 933 2760 Iudaeis
966 2705 1034 2758 ad
1071 2711 1285 2776 gentem
1327 2713 1719 2771 transeuntem,
1748 2704 1877 2774 quia
1900 2703 2054 2759 incli-

460 2796 604 2849 navit
635 2812 700 2849 επ
737 2795 836 2850 hoc
866 2796 921 2852 in
947 2795 1064 2861 hoc,
1098 2797 1504 2852 remanentibus
1539 2799 1681 2868 apud
1703 2796 1918 2858 Judatos
1951 2796 2050 2852 ob-

459 2893 859 2949 servationibus
892 2907 1026 2963 quas
1054 2892 1342 2948 carnaliter
1377 2891 1616 2962 sapiunt,
1642 2891 1768 2962 quia
1807 2890 1916 2960 [arx
1936 2891 2052 2960 ejus

461 2999 564 3038 non
599 2993 673 3037 est
701 2984 993 3039 exinanita.
1027 2983 1162 3039 Cum
1185 2999 1316 3040 vero
1356 2998 1445 3038 res
1469 2981 1663 3038 eadem
1689 2997 1800 3036 non
1831 2983 1887 3035 in
1921 2996 2052 3036 con-

461 3076 652 3141 traria,
701 3075 797 3130 sed
837 3085 1018 3130 tamen
1052 3075 1108 3130 in
1135 3073 1527 3146 signiﬁcatione
1562 3072 1786 3144 ponitur
1811 3072 2046 3138 diversa,

457 3167 594 3223 illud
623 3177 709 3224 est
734 3169 789 3224 in
813 3169 1092 3240 exemplo,
1122 3171 1268 3240 quod
1295 3183 1436 3249 aqtyt
1463 3177 1520 3223 et
1545 3168 1808 3240 p0pulum
1837 3164 2048 3239 signifi-

456 3269 563 3325 cat,
599 3261 739 3316 sicut
768 3261 825 3316 in
859 3261 1184 3333 Apocalypsi
1209 3261 1469 3332 legimus;
1508 3267 1564 3314 et
1600 3259 1863 3329 Spiritum
1915 3275 2048 3314 san-

454 3359 625 3418 ctum,
652 3353 796 3407 unde
824 3350 909 3408 est
940 3352 1071 3406 illud
1097 3371 1108 3406 :
1145 3351 1401 3406 Flumina
1429 3352 1494 3406 de
1525 3361 1702 3406 ventre
1733 3351 1846 3421 ejus
1883 3351 2051 3420 ﬂuent
2083 3365 2088 3371 ’

456 3458 610 3513 aqua:
645 3444 771 3497 victe
817 3441 999 3514 (Joan.
1032 3443 1152 3513 vn),
1185 3453 1240 3498 et
1268 3444 1314 3499 si
1342 3445 1474 3515 quid
1516 3444 1661 3499 aliud
1686 3452 1850 3514 atque
1879 3443 2050 3512 aliud,

457 3553 559 3608 pro
585 3537 720 3594 locis
749 3540 803 3592 in
826 3538 1024 3608 quibus
1047 3540 1290 3610 ponitur,
1319 3555 1460 3610 aqua
1493 3538 1801 3610 signiﬁcare
1844 3537 2050 3593 intelli-

457 3631 620 3700 gitur.
663 3628 767 3684 Ubi
791 3637 972 3684 autem
998 3631 1238 3699 apertius
1266 3640 1561 3700 ponuntur,
1608 3630 1682 3684 ibi
1731 3628 2051 3685 discendum

457 3727 544 3775 est
597 3718 867 3790 quomodo
908 3719 963 3774 in
992 3719 1126 3776 locis
1164 3719 1497 3792 intelligatur
1543 3720 1810 3775 obscuris.
1865 3719 2052 3788 Neque

455 3812 601 3868 enim
641 3812 834 3868 melius
866 3820 1045 3884 potest
1083 3813 1308 3886 intelligi
1355 3813 1499 3884 quod
1543 3813 1749 3869 dictum
1785 3819 1872 3868 est
1918 3812 2049 3878 Deo,

453 3904 793 3976 Apprehende
823 3922 974 3961 arma
1002 3917 1051 3961 et
1071 3918 1300 3974 scutum,
1325 3918 1372 3962 et
1400 3924 1621 3978 exsurge
1645 3908 1701 3961 in
1725 3907 2052 3977 adjutorium

452 3995 580 4049 mihi
615 3993 786 4065 (Psal.
820 3997 1029 4069 xxxrv),
1076 4013 1243 4068 quam
1272 4014 1340 4052 ex
1375 4000 1480 4054 hoc
1509 3999 1630 4054 loco
1668 3998 1763 4054 ubi
1804 3998 2004 4069 legitur
2035 4015 2048 4050 :

452 4084 701 4152 Domine,
729 4095 788 4140 ut
815 4097 961 4142 scuto
998 4087 1147 4145 bona:
1187 4088 1471 4145 voluntatis
1516 4099 1622 4145 tua:
1657 4091 1921 4145 coronasti
1957 4105 2052 4144 nos

436 4175 626 4249 .(‘PsaL
639 4181 731 4250 'v.)

1057 4272 1288 4330 CAPUT
1319 4273 1439 4330 XV.

453 4357 756 4434 Qu_odgnon
783 4363 852 4418 sit
883 4364 1176 4434 periculum
1217 4367 1397 4420 varius
1439 4365 1732 4422 intellectus
1771 4368 1825 4421 in
1854 4368 2052 4423 eisdem

511 4430 806 4503 Scriptura:
833 4430 1017 4502 verbis,
1046 4436 1092 4490 si
1120 4452 1305 4490 sensus
1336 4438 1450 4508 ipse
1477 4448 1731 4508 congruat
1763 4439 1986 4492 veritati.

2153 2146 2439 2218 Augustini
2469 2147 2534 2202 de
2559 2146 2818 2202 Doctrina
2848 2145 3178 2214 Christiana,
3218 2147 3362 2202 unde
3395 2143 3517 2201 haec
3564 2160 3770 2200 excer-

2154 2239 2380 2310 psimus,
2411 2246 2621 2308 quaerat
2643 2246 2700 2292 et
2725 2237 2986 2292 inveniet.
3026 2236 3167 2293 Hinc
3197 2238 3264 2293 de
3285 2237 3370 2292 his
3397 2251 3522 2306 quae
3550 2237 3612 2290 in
3643 2251 3771 2306 gen-

2155 2328 2340 2383 tilibus
2368 2327 2631 2382 doctrinis
2661 2333 3007 2392 exercentur,
3039 2334 3094 2381 et
3123 2341 3245 2396 quae
3273 2324 3530 2382 liberales
3567 2324 3768 2380 dicun-

2156 2429 2245 2475 tur
2271 2428 2435 2485 artes,
2459 2419 2590 2490 quid
2616 2417 2899 2486 conferant
2926 2418 3178 2474 utilitatis
3202 2459 3217 2484 ,
3263 2419 3311 2474 si
3342 2425 3770 2490 perscrutentur

2157 2508 2242 2563 bis
2268 2509 2360 2578 qui
2387 2508 2681 2566 canonicas
2708 2507 3024 2579 Scripturas
3047 2506 3250 2580 legunt,
3282 2515 3551 2579 quantum
3578 2506 3769 2574 valeo,

2154 2599 2456 2671 explicabo.

2750 2688 2981 2747 CAPUT
3019 2689 3156 2746 XVI.

2154 2803 2236 2860 De
2265 2804 2466 2859 duobus
2490 2803 2762 2876 generibus
2805 2803 3170 2876 doctrinarum
3204 2802 3500 2876 gentilium,
3551 2813 3601 2858 et
3649 2820 3769 2876 quc

2439 2873 2542 2930 sint
2565 2874 2672 2930 illa:
2700 2891 2818 2946 quae
2841 2875 3181 2928 instituerunt
3209 2873 3465 2929 homines.

2229 2987 2345 3042 Duo
2386 2993 2514 3042 sunt
2542 3002 2742 3058 genera
2783 2987 3192 3052 doctrinarum,
3227 3001 3349 3057 quae
3376 2984 3432 3041 in
3460 2986 3765 3057 gentilibus

2155 3079 2321 3134 etiam
2369 3080 2612 3134 moribus
2673 3087 2998 3135 exercentur
3047 3095 3265 3135 :unum
3322 3093 3514 3134 earum
3571 3093 3766 3135 rerum

2156 3185 2292 3241 quas
2339 3172 2690 3227 instituerunt
2744 3172 3033 3238 homines;
3085 3173 3317 3228 alterum
3367 3188 3560 3229 earum
3619 3189 3767 3244 quas

2160 3264 2661 3320 animadverterunt
2684 3263 2798 3334 jam
2826 3275 3094 3335 peractas,
3118 3274 3213 3320 aut
3243 3265 3508 3322 divinitus
3535 3267 3766 3324 institu-

2156 3366 2260 3412 tas.
2284 3357 2418 3412 lllud
2456 3357 2599 3426 quod
2624 3364 2708 3412 est
2730 3357 3029 3412 secundum
3053 3356 3422 3413 institutiones
3448 3358 3763 3424 hominum,

2154 3449 2357 3518 partim
2401 3451 2839 3532 superstitiosum
2871 3460 2976 3519 est,
3019 3454 3222 3522 partim
3261 3469 3368 3509 non
3402 3461 3509 3509 est.
3557 3452 3764 3523 Super-

2158 3539 2429 3594 stitiosum
2461 3551 2545 3596 est
2569 3541 2831 3611 quidquid
2873 3544 3183 3598 institutum
3210 3552 3294 3599 est
3334 3542 3403 3598 ab
3440 3545 3761 3601 hominibus

2159 3630 2228 3684 ad
2272 3629 2522 3686 facienda
2562 3642 2618 3688 et
2656 3633 2880 3689 colenda
2922 3633 3065 3689 idola
3104 3635 3405 3706 pertinens,
3437 3635 3525 3691 vel
3565 3636 3632 3691 ad
3673 3652 3764 3692 co-

2157 3719 2377 3775 lendum
2410 3722 2550 3777 sicut
2585 3722 2755 3779 Deum
2802 3733 3145 3792 creaturam,
3196 3725 3280 3780 vel
3323 3735 3542 3796 partem
3591 3725 3760 3781 ullam

2156 3821 2440 3879 creaturae,
2463 3814 2549 3868 vel
2575 3814 2645 3869 ad
2674 3815 3098 3872 consultationes
3123 3825 3180 3873 et
3206 3826 3368 3888 pacta
3396 3818 3648 3888 quaedam
3680 3819 3755 3873 si-

2159 3899 2566 3970 gniﬁcationum
2594 3918 2718 3958 cum
2749 3905 3090 3962 daemonibus
3123 3906 3327 3977 placita
3373 3917 3539 3978 atque
3588 3909 3762 3965 Rede-

2158 4000 2299 4058 rata,
2337 3994 2517 4064 qualia
2558 4004 2687 4050 sunt
2713 3996 2988 4051 molimina
3023 3999 3358 4070 magicarum
3383 3999 3609 4066 artium,
3638 4016 3762 4070 qua:

2158 4082 2381 4152 quidem
2407 4099 2837 4141 commemorare
2870 4087 3050 4156 potius
3079 4103 3245 4158 quam
3284 4088 3481 4144 docere
3518 4088 3763 4144 assolent

2156 4184 2350 4244 poetas.
2374 4176 2454 4230 Ex
2476 4192 2582 4246 quo
2606 4193 2805 4249 genere
2828 4187 2976 4245 sunt,
3002 4178 3276 4250 sed'quasi
3291 4178 3580 4236 licentiore
3603 4181 3758 4235 vani-

2158 4272 2292 4330 tate,
2350 4266 2662 4335 aruspicum
2703 4274 2760 4321 et
2809 4282 3074 4338 augurum
3116 4269 3259 4324 libri.
3305 4269 3390 4326 Ad
3434 4270 3538 4326 hoc
3589 4286 3759 4343 genus

2155 4356 2432 4425 pertinent
2453 4373 2642 4413 omnes
2669 4358 2835 4413 etiam
2876 4360 3122 4430 ligatura:
3150 4369 3314 4432 atque
3339 4362 3602 4425 remedia,
3637 4378 3756 4433 qua:

2157 4448 2490 4504 medicorum
2545 4465 2758 4520 quoque
2809 4451 3092 4522 disciplina
3146 4453 3487 4521 contemnit,
3541 4455 3659 4510 sive
3700 4456 3753 4510 in

525 4540 752 4608 Quando
795 4552 978 4601 autem
1023 4561 1091 4602 ex
1132 4547 1340 4604 eisdem
1393 4547 1690 4618 scriptum
1713 4550 1896 4605 verbis
1941 4565 2052 4604 non
2075 4542 2714 4651 Dpraecantationibus,
2772 4543 2887 4598 sive
2939 4544 2995 4598 in
3039 4543 3366 4616 quibusdam
3418 4545 3567 4600 notis
3620 4561 3752 4616 quas

453 4648 620 4688 unum
649 4634 872 4705 aliquid,
917 4637 1012 4692 sed
1041 4638 1149 4693 duo
1185 4638 1274 4694 vel
1307 4638 1465 4710 plura
1494 4639 1822 4705 sentiuntur,
1877 4640 2044 4694 etiam

450 4723 496 4778 si
518 4724 652 4780 latet
679 4726 810 4795 quid
842 4728 1078 4783 senserit
1116 4728 1214 4784 ille
1233 4729 1329 4800 qui
1355 4729 1603 4800 scripsit,
1651 4729 1787 4784 nihil
1817 4730 2046 4799 periculi

448 4825 552 4881 est,
586 4815 633 4870 si
665 4817 942 4884 quodlibet
979 4834 1169 4874 eorum
1203 4836 1506 4892 congruere
1549 4822 1792 4888 veritati,
1831 4837 1899 4877 ex
1927 4821 2046 4877 aliis

443 4905 581 4961 locis
627 4914 940 4962 sanctarum
972 4907 1391 4978 Scripturarum
1421 4913 1603 4968 doceri
1637 4923 1851 4984 potest;
1887 4914 1941 4968 id
1965 4923 2044 4969 ta-

445 5013 570 5053 men
591 5011 657 5053 eo
677 5005 928 5064 conante,
960 5001 1054 5069 qui
1076 5000 1269 5057 divina
1296 5011 1570 5059 scrutatur
1610 5005 1845 5074 eloquia,
1890 5014 1948 5060 ut
1976 5007 2045 5059 ad

441 5088 772 5145 voluntatem
807 5089 1165 5158 perveniatur
1200 5095 1457 5160 auctoris,
1489 5111 1587 5165 per
1609 5109 1770 5164 quem
1802 5095 2048 5164 Scriptu-

443 5191 560 5231 ram
589 5177 735 5233 illam
759 5189 981 5235 sanctus
1024 5191 1291 5250 operatus
1339 5193 1422 5238 est
1465 5182 1735 5254 Spiritus;
1788 5183 1901 5238 sive
1942 5184 2045 5238 hoc

447 5279 788 5338 assequatur,
841 5271 954 5326 sive
1003 5271 1176 5330 aliam
1225 5275 1554 5330 sententiam
1597 5276 1663 5331 de
1713 5275 1819 5330 illis
1861 5274 2043 5331 verbis

445 5374 567 5428 quae
597 5358 722 5415 ﬁdei
746 5369 908 5416 recta:
933 5378 1041 5417 non
1101 5366 1437 5438 refragatur,
1475 5367 1762 5438 exculpat,
1803 5368 2044 5422 testimo-

445 5449 596 5504 nium
624 5449 830 5506 babens
859 5466 890 5505 a
918 5467 1252 5527 quncunque
1284 5457 1389 5512 alio
1429 5457 1546 5513 loco
1595 5459 1895 5514 divinorum
1933 5459 2044 5514 elo-

446 5538 718 5608 quiorum.
771 5539 865 5594 Ille
913 5547 1120 5617 quippe
1143 5555 1333 5603 auctor
1374 5546 1428 5600 in
1468 5547 1670 5601 eisdem
1711 5547 1890 5603 verbis
1927 5563 2046 5619 qua:

445 5620 747 5699 intelligere
789 5628 1071 5700 volumus,
1122 5646 1175 5691 et
1226 5638 1398 5707 ipsam
1443 5637 1768 5691 sententiam
1819 5639 2048 5696 forsitan

446 5719 608 5783 vidit;
638 5727 694 5776 et
735 5729 897 5782 certe
927 5725 1026 5780 Dei
1051 5726 1284 5796 Spiritus
1309 5729 1402 5797 qui
1426 5744 1524 5798 per
1551 5744 1676 5783 cum
1704 5730 1819 5785 haec
1847 5746 2044 5800 opera-

447 5820 535 5871 tus
559 5821 662 5886 est,
690 5813 870 5900 etiam
893 5821 1067 5893 ipsam
1086 5835 1437 5889 occursuram
1464 5823 1653 5881 lectori
1691 5823 1776 5883 vel
1812 5823 2048 5886 auditori

2156 4633 2500 4687 characteres
2526 4641 2743 4699 vocant,
2773 4633 2888 4689 sive
2917 4636 2970 4690 in
2992 4635 3318 4706 quibusdam
3340 4635 3506 4692 rebus
3529 4654 3752 4708 suspeno

2155 4723 2343 4778 dendis
2383 4732 2546 4793 atque
2595 4723 2898 4793 illigandis,
2944 4743 3054 4782 non
3106 4737 3330 4798 prOpter
3380 4729 3493 4783 vim
3544 4739 3751 4784 natura:

2154 4816 2552 4883 quodammodo
2594 4817 2663 4871 ad
2693 4819 3142 4886 temperationem
3183 4835 3499 4891 corporum,
3546 4823 3645 4878 sed
3683 4822 3747 4876 ad

2153 4907 2413 4976 quasdam
2478 4906 2906 4978 signiﬁcationes
2957 4911 3197 4967 occultas
3251 4922 3348 4968 aut
3405 4914 3744 4972 manifestas.

2153 4995 2340 5064 Neque
2369 4995 2448 5048 illi
2488 4996 2558 5051 ab
2599 4997 2703 5052 hoc
2740 5013 2937 5068 genere
2981 5001 3302 5070 perniciosae
3345 5007 3747 5076 superstitionis

2154 5086 2474 5155 segregandi
2522 5096 2668 5152 sunt,
2709 5089 2802 5157 qui
2849 5091 3171 5161 genethliaci
3223 5104 3445 5165 propter
3486 5097 3744 5153 natalium

2154 5175 2363 5230 dierum
2403 5177 2891 5247 considerationes,
2939 5198 3084 5239 nunc
3113 5193 3296 5240 autem
3329 5187 3490 5259 vulgo
3535 5191 3742 5245 matbe-

2151 5266 2336 5322 matici
2361 5277 2646 5325 vocantur.
2675 5268 2811 5326 Nam
2835 5280 2889 5328 et
2914 5273 3037 5344 ipsi,
3063 5278 3311 5346 quamvis
3354 5295 3544 5336 veram
3571 5283 3745 5338 stella.

2152 5373 2274 5412 rum
2304 5359 2648 5428 positionem,
2695 5377 2819 5416 cum
2848 5364 3074 5435 quisque
3115 5369 3378 5438 nascitur,
3427 5385 3743 5430 consecten-

2151 5461 2258 5544 tur,
2312 5463 2367 5510 et
2401 5456 2692 5526 aliquando
2739 5461 2903 5515 etiam
2944 5465 3331 5537 pervestigent,
3376 5477 3564 5527 tamen
3605 5472 3740 5544 quod

2149 5543 2276 5601 inde
2337 5557 2606 5604 conantur
2640 5550 2726 5604 vel
2776 5553 3018 5609 actiones
3071 5564 3286 5612 nostras
3333 5560 3420 5614 vel
3466 5543 3737 5617 actionum

2147 5648 2342 5695 eventa
2369 5643 2683 5710 praedicere,
2726 5645 2887 5701 nimis
2918 5657 3122 5714 errant,
3163 5659 3219 5705 et
3250 5652 3490 5708 vendunt
3527 5655 3736 5725 imperi-

2150 5730 2218 5785 tis
2267 5731 2578 5788 hominibus
2634 5735 2998 5794 miserabilem
3047 5741 3380 5798 servitutem.
3444 5744 3733 5802 Commoda

2149 5837 2281 5908 vero
2302 5830 2358 5883 et
2384 5827 2692 5887 necessaria
2733 5827 3014 5892 hominum
3052 5847 3178 5895 cum
3227 5834 3558 5912 hominibus
