3974 6480
167 1466 190 1597 ί

175 1622 185 1660 i

218 483 331 542 593

1025 482 1114 539 UE
1150 483 1603 544 CLERICORUM
1638 485 2147 556 INSTITUTIONE,
2186 485 2340 545 ETC.
2380 518 2450 529 —
2485 488 2617 547 LIB.
2655 490 2743 548 III.

3404 495 3509 554 39L

218 610 342 661 tuta
367 615 519 667 sunt,
548 612 883 670 quaecunque
904 597 960 654 in
980 598 1178 659 habitu
1211 610 1267 658 et
1300 600 1448 658 cultu
1478 604 1724 675 corporis
1752 603 1821 659 ad
1846 607 1900 669 Α
1923 617 2043 672 quae
2068 602 2137 658 de
2175 602 2415 658 locorum
2460 604 2589 672 situ,
2622 603 2941 674 naturisque
2976 605 3315 675 animalium,
3345 606 3521 681 ligno-

221 708 391 752 sexus
414 690 498 748 vel
539 690 775 746 honores
803 688 1198 747 discernendos
1241 689 1543 748 differentia
1578 692 1820 763 placuit;

222 796 281 846 et
318 783 736 843 innumerabilia
785 798 983 855 genera
1032 782 1494 855 signiﬁcationum
1546 784 1667 841 sine
1697 785 1823 856 qui-

221 881 329 936 bus
363 879 605 935 humana
646 874 902 941 societas,
949 882 1042 930 aut
1072 885 1188 931 non
1210 875 1466 943 omnino,
1511 885 1606 933 aut
1647 877 1827 933 minus

223 968 514 1025 commode
578 965 824 1036 geritur;
876 960 1111 1035 quaeque
1162 965 1220 1019 in
1274 964 1606 1035 ponderibus
1662 976 1826 1039 atque

223 1058 519 1124 mensuris,
544 1065 600 1112 et
631 1069 977 1112 nummorum
1004 1054 1465 1127 impressionibus
1502 1065 1560 1113 et
1590 1058 1826 1114 aestima-

222 1150 488 1216 tionibus,
519 1163 617 1205 sua
655 1147 852 1218 cuique
890 1146 1101 1203 civitati
1127 1153 1182 1202 et
1201 1147 1404 1219 populo
1430 1156 1557 1204 sunt
1578 1150 1823 1221 propria,

224 1251 281 1299 et
314 1250 515 1298 caetera
554 1238 886 1309 hujusmodi,
928 1254 1050 1310 quae
1097 1237 1205 1295 nisi
1250 1238 1530 1296 hominum
1577 1240 1825 1297 instituta

224 1341 429 1400 essent,
476 1347 585 1387 non
611 1346 710 1403 per
744 1331 989 1387 diversos
1016 1331 1245 1401 populos
1283 1332 1448 1388 varia;
1491 1343 1695 1402 essent,
1725 1349 1827 1392 nec

226 1427 282 1482 in
309 1426 443 1496 ipsis
465 1423 680 1495 populis
715 1424 941 1496 singulis
968 1439 1069 1494 pro
1105 1423 1338 1482 arbitrio
1369 1441 1592 1483 suorum
1626 1429 1827 1500 princi-

223 1533 356 1590 pum
393 1523 762 1573 mutarentur.
809 1515 917 1573 Sed
958 1516 1077 1572 haec
1133 1523 1251 1573 tota
1288 1533 1417 1588 pars
1462 1519 1826 1576 humanorum

226 1611 634 1677 institutorum,
670 1624 792 1680 quae
819 1609 889 1664 ad
909 1624 1068 1667 usum
1093 1611 1222 1666 vitae
1259 1612 1631 1668 necessarium
1658 1614 1826 1686 proﬁ-

225 1702 411 1769 ciunt,
459 1715 806 1772 nequaquam
850 1708 936 1757 est
988 1700 1242 1773 fugienda
1302 1700 1652 1771 Christiano;
1714 1704 1825 1761 imo

225 1794 418 1860 etiam,
446 1800 711 1863 quantum
740 1791 875 1847 satis
903 1800 1006 1858 est,
1031 1792 1312 1859 intuenda,
1336 1794 1711 1865 memoriaque
1739 1809 1827 1849 re-

228 1884 468 1940 tinenda.
497 1884 582 1939 Ad
612 1885 754 1940 hanc
774 1891 987 1954 partem
1013 1884 1179 1939 etiam
1219 1885 1496 1955 pertinent
1519 1885 1825 1942 litterarum

1927 709 2067 763 rum,
2097 694 2408 761 herbarum,
2431 693 2692 766 lapidum,
2734 696 3033 753 aliorumve
3061 712 3351 769 corporum
3378 700 3516 757 scri-

1923 797 2016 859 pta
2045 796 2188 843 sunt.
2237 789 2315 845 De
2356 804 2462 859 quo
2497 804 2698 861 genere
2737 791 2985 861 superius
3025 791 3253 864 egimus,
3286 806 3519 865 eamque

1925 882 2291 954 cognitionem
2316 882 2498 939 valere
2543 884 2612 939 ad
2638 884 2929 954 aenigmata
2976 884 3382 956 Scripturarum
3410 885 3519 944 sol-

1923 974 2118 1040 venda,
2168 973 2471 1040 docuimus,
2502 989 2625 1030 ηοιιι
2640 984 2703 1030 ut
2728 990 2828 1046 pro
2856 976 3178 1047 quibusdam
3211 978 3382 1049 signis
3417 977 3519 1032 ad-

1922 1062 2215 1120 hibeantur
2242 1063 2518 1136 tanquam
2541 1065 2611 1120 ad
2651 1066 2917 1134 remedia,
2958 1067 3044 1123 vel
3083 1068 3518 1124 machinamenta

1925 1158 2323 1230 superstitionis
2368 1158 2617 1229 alicujus.
2667 1159 2916 1218 Siderum
2959 1170 3142 1219 autem
3189 1179 3522 1237 cognoscen-

1924 1250 2117 1307 dorum
2144 1267 2252 1308 non
2279 1251 2545 1318 narratio,
2576 1252 2670 1308 sed
2698 1252 3088 1312 demonstratio
3126 1263 3212 1312 est
3240 1275 3252 1310 :
3286 1272 3520 1327 quorum

1923 1359 2194 1416 perpauca
2217 1343 2501 1416 Scriptura
2531 1356 2941 1403 commemorat.
2972 1347 3148 1405 Habet
3177 1358 3360 1406 autem
3383 1367 3523 1422 prae-

1924 1444 2011 1492 ter
2064 1436 2581 1492 demonstrationem
2644 1440 2992 1508 praesentium
3016 1481 3030 1506 ,
3089 1440 3254 1496 etiam
3298 1453 3523 1513 praeter-

1924 1528 2128 1584 itorum
2178 1528 2480 1584 narrationi
2522 1529 2701 1586 simile
2727 1530 2950 1601 aliquid,
2992 1532 3140 1603 quod
3183 1548 3217 1588 a
3267 1534 3523 1605 praesenti

1922 1620 2213 1690 positione,
2230 1628 2488 1692 motuque
2503 1621 2768 1688 siderum,
2783 1623 2851 1677 ad
2869 1624 3145 1694 praeterita
3161 1639 3349 1681 eorum
3364 1626 3526 1682 vesti-

1924 1713 2014 1784 gia
2044 1712 2367 1785 regulariter
2395 1712 2524 1769 licet
2564 1727 2868 1770 recurrere.
2900 1714 3075 1772 Habet
3104 1716 3270 1773 etiam
3314 1716 3526 1773 futuro-

1924 1821 2048 1861 rum
2085 1806 2363 1877 regulares
2408 1805 2752 1876 conjecturas
2794 1823 2901 1864 non
2944 1810 3274 1881 suspiciosas
3302 1820 3358 1868 et
3385 1812 3527 1868 otio-

1925 1911 2039 1963 sas,
2076 1897 2171 1952 sed
2205 1912 2360 1953 raras
2385 1906 2441 1953 et
2459 1907 2678 1965 certas;
2710 1914 2820 1955 non
2854 1908 2915 1956 ut
2941 1916 3010 1956 ex
3044 1902 3125 1959 eis
3174 1902 3377 1973 aliquid
3415 1913 3526 1959 tra-

222 1976 435 2049 ﬁgurae.
486 1992 606 2046 quae
648 1991 754 2071 PN;
791 1975 947 2032 Ῑίυίιιι
991 1977 1274 2033 hominum
1321 1979 1630 2035 ωηεῐίῐιιιθε
1673 1990 1822 2049 sunt,
1851 1985 1900 2045 B
1927 1988 2060 2046 here
2082 1990 2138 2044 in
2165 2000 2353 2070 nostra
2391 1990 2504 2046 fata
2534 2000 2591 2047 et
2609 2000 2805 2048 eventa
2835 2001 3125 2064 tentemus,
3159 1998 3338 2069 qualia
3368 2015 3526 2071 gene-

221 2086 331 2127 nec
372 2078 556 2126 tamen
594 2070 842 2126 omnibus
876 2072 1129 2143 gentibus
1163 2088 1500 2140 communes,
1543 2076 1640 2131 sed
1689 2076 1825 2132 alias

222 2160 481 2225 Hebraea,
529 2161 662 2217 alias
688 2160 910 2228 Graeca,
961 2162 1097 2218 alias
1126 2163 1319 2219 Latina
1354 2180 1487 2237 gens
1535 2166 1720 2233 habet,
1768 2175 1827 2223 et

223 2248 444 2309 caeterm
466 2253 710 2324 qu:edam
723 2262 933 2324 gentes,
947 2254 1201 2310 similiter
1222 2256 1290 2310 ad
1311 2244 1702 2328 preprietatem
1724 2258 1825 2314 lin-

222 2357 487 2414 guaesuze,
502 2342 711 2399 litteras
725 2343 827 2399 sibi
848 2345 1143 2401 secundum
1159 2346 1419 2417 placitum
1431 2348 1821 2408 formaverunt.

815 2457 1045 2516 CAPUT
1070 2460 1232 2517 XVII.

431 2526 564 2595 Qua:
592 2530 842 2584 divinitus
872 2530 1114 2586 instituta
1155 2532 1616 2606 investigaverunt.

297 2620 418 2677 Jam
438 2637 570 2679 vero
602 2622 692 2678 illa
718 2639 839 2694 quae
867 2639 976 2681 non
1005 2625 1357 2694 instituendo,
1403 2630 1499 2685 sed
1525 2638 1620 2686 aut
1646 2638 1828 2688 trans-

222 2722 347 2769 acta
392 2714 761 2786 temporibus,
817 2723 915 2772 aut
964 2716 1224 2773 divinitus
1284 2720 1534 2775 instituta
1595 2722 1824 2778 investi-

222 2806 403 2877 gando
448 2807 696 2863 homines
733 2808 1120 2878 prodiderunt,
1163 2810 1473 2882 ubicunque
1520 2813 1821 2883 discantur,

222 2912 338 2952 non
388 2908 514 2953 sunt
550 2901 831 2956 hominum
871 2901 1120 2956 instituta
1161 2904 1543 2961 existimanda.
1583 2906 1824 2975 Quorum

221 2996 358 3043 sunt
390 2987 494 3043 alia
520 2988 587 3044 ad
622 3004 814 3045 sensus
841 2993 1115 3062 corporis,
1161 2994 1266 3050 alia
1293 3011 1424 3051 vero
1463 2998 1530 3052 ad
1558 2999 1825 3056 rationem

222 3078 398 3132 animi
424 3070 772 3148 pertinéntia.
814 3079 922 3137 Sed
960 3082 1049 3136 illa
1096 3099 1218 3153 quae
1249 3085 1316 3140 ad
1348 3100 1540 3143 sensus
1580 3090 1826 3160 corporis

222 3170 518 3241 attingunt,
573 3171 661 3226 vel
709 3180 931 3228 narrata
980 3174 1276 3242 credimus,
1316 3176 1402 3232 vel
1447 3178 1824 3235 demonstrata

188 3330 193 3343 ὅ
222 3260 516 3326 sentimus,
544 3261 631 3317 vel
657 3273 883 3335 experta
907 3263 1248 3335 conjicimus.
1293 3267 1564 3339 Quidquid
1598 3287 1729 3344 ergo
1758 3273 1824 3327 de

223 3349 421 3441 ordine
446 3358 749 3421 temporum
789 3364 1190 3413 transactorum
1230 3358 1435 3414 indicat
1474 3376 1539 3415 ea
1568 3377 1690 3431 qum
1730 3378 1823 3433 ap-
1851 3353 1897 3417 C
1928 3371 2034 3426 nisi
2055 3370 2455 3441 prmteritorum
2485 3370 2807 3425 memoriam
2836 3384 2960 3425 cum
2985 3367 3292 3422 futurorum
3337 3380 3530 3435 exspe-

221 3440 460 3512 pellatur
503 3442 749 3508 historia,
799 3443 1093 3515 plurimum
1134 3463 1236 3503 nos
1279 3450 1497 3518 adjuvat
1543 3454 1609 3508 ad
1655 3453 1826 3510 libros

223 3545 445 3590 sanctos
492 3534 869 3605 intelligendos
898 3576 912 3602 ,
972 3537 1137 3592 etiam
1179 3538 1227 3593 si
1278 3549 1478 3609 praeter
1528 3536 1827 3599 Ecclesium

223 3629 424 3698 puerili
463 3631 768 3687 eruditione
790 3632 1053 3688 discatur.
1094 3633 1229 3689 Nam
1252 3643 1305 3690 et
1328 3651 1427 3706 per
1452 3637 1825 3709 Olympiadas,

223 3728 281 3777 et
304 3735 403 3790 per
448 3723 725 3778 consulum
763 3726 1003 3793 nomina,
1054 3727 1223 3783 multa
1270 3745 1413 3801 saepe
1447 3742 1766 3802 quatruntur
1795 3752 1826 3790 a

226 3813 423 3878 nobis;
453 3822 508 3867 et
536 3813 842 3883 ignorantia
869 3819 1183 3875 consulatus
1215 3832 1505 3903 quo‘natus
1539 3835 1624 3882 est
1646 3827 1829 3885 Domi-

226 3925 353 3974 nus,
391 3917 450 3963 et
482 3909 702 3978 quando
742 3926 937 3981 passus
960 3921 1064 3979 est,
1092 3915 1378 3973 nonnullos
1406 3919 1585 3991 coegit
1618 3936 1825 3988 errare,

225 4012 291 4059 ut
316 4010 574 4074 putarent
592 4003 1006 4077 quadragesima
1038 4017 1192 4069 sexta
1222 4024 1490 4066 annorum
1515 4019 1676 4068 aetate
1705 4030 1831 4085 pas-

226 4109 352 4149 sum
397 4109 516 4151 esse
561 4095 869 4163 Dominum,
909 4098 1036 4169 quia
1061 4114 1160 4171 per
1190 4109 1271 4157 tot
1300 4117 1471 4159 annos
1503 4105 1830 4161 aediﬁcatum

228 4186 491 4258 templum
529 4202 652 4244 esse
679 4189 883 4245 dictum
912 4200 997 4248 est
1025 4206 1057 4247 a
1090 4192 1315 4262 Judzeis,
1346 4196 1490 4265 quod
1536 4196 1829 4266 imaginem

226 4277 499 4333 Dominici
537 4280 782 4348 corporis
818 4281 1070 4338 habebat.
1120 4282 1229 4340 Sed
1269 4300 1539 4342 annorum
1583 4285 1699 4343 fere
1730 4287 1831 4343 tri-

229 4372 385 4466 ginta
416 4371 744 4442 baptizatum
790 4388 912 4430 esse
950 4374 1251 4466 regiremus
1297 4377 1627 4433 auctoritate
1668 4393 1833 4433 evan-

227 4462 440 4534 gelica;
495 4464 589 4519 sed
632 4473 821 4534 postea
870 4474 1000 4535 quot
1031 4462 1220 4523 'annos
1251 4468 1308 4523 in
1344 4468 1449 4524 hac
1493 4468 1606 4524 vita
1657 4469 1831 4540 egerit

230 4568 545 4622 quanquam
592 4562 743 4611 textu
771 4556 889 4627 ipso
930 4558 1206 4614 actionum
1233 4558 1351 4628 ejus
1395 4560 1831 4614 animadvertere

229 4644 432 4715 possis,
467 4652 643 4699 tamen
670 4665 738 4699 ne
767 4650 985 4707 aliunde
1020 4651 1193 4723 caligo
1220 4652 1575 4707 dubitationis
1598 4653 1826 4717 oriatur,

1928 2084 2256 2140 thliacorum
2282 2083 2641 2140 deliramenta
2668 2094 2827 2153 sunt,
2878 2087 2975 2143 sed
3013 2099 3277 2159 quantum
3308 2092 3376 2146 ad
3406 2092 3525 2162 ipsa

1925 2177 2170 2249 pertinet
2215 2177 2417 2233 sidera.
2456 2176 2593 2232 Nam
2636 2179 2777 2235 sicut
2822 2179 2869 2236 is
2895 2181 2987 2251 qui
3028 2191 3307 2254 computat
3340 2183 3525 2241 lunam

1927 2286 2052 2326 cum
2095 2270 2259 2326 hodie
2292 2270 2592 2341 inspexerit
2642 2280 2807 2344 quota
2856 2272 2946 2339 sit,
2991 2283 3047 2330 et
3082 2283 3208 2331 ante
3254 2275 3528 2346 quoslibet
3594 2294 3603 2303 ·

1928 2376 2101 2417 annos
2152 2370 2320 2431 quota
2369 2360 2555 2427 fuerit,
2578 2416 2579 2419 η
2602 2371 2659 2417 et
2690 2369 2813 2433 post
2832 2363 3103 2433 quoslibet
3148 2379 3321 2421 annos
3361 2374 3526 2436 quota

1926 2450 2110 2507 futura
2164 2461 2235 2509 snt
2288 2463 2471 2525 potest
2526 2455 2743 2520 dicere;
2814 2454 2896 2511 sic
2949 2456 3016 2511 de
3068 2471 3398 2528 unoquoque
3453 2457 3528 2513 si-

1926 2543 2149 2609 derum,
2206 2543 2299 2615 qui
2329 2559 2394 2600 ea
2433 2545 2606 2616 perite
2648 2552 2985 2616 computant,
3031 2546 3363 2617 respondere
3397 2561 3528 2601 con-

1926 2643 2240 2691 sueverunt.
2288 2637 2505 2693 Artium
2545 2636 2691 2693 enim
2734 2645 3056 2693 caterarum
3095 2636 3294 2708 quibus
3320 2636 3525 2708 aliquid

1926 2725 2259 2795 fabricatur,
2320 2729 2407 2785 vel
2457 2729 2587 2799 quid
2620 2736 2924 2794 remaneat
2973 2734 3098 2799 post
3151 2728 3528 2800 operationem

1926 2821 2155 2878 artiﬁcis
2209 2824 2279 2879 ab
2330 2823 2422 2879 illo
2474 2822 2757 2889 effectum,
2820 2823 2961 2880 sicut
3014 2824 3205 2879 domus
3251 2832 3306 2878 et
3351 2838 3527 2879 scam-

1926 2928 2090 2979 num;
2114 2913 2199 2969 vel
2235 2929 2357 2984 quae
2392 2914 2754 2970 ministerium
2797 2913 3069 2984 quoddam
3100 2913 3359 2967 exhibent
3398 2926 3529 2982 ope—

1926 3005 2087 3061 ranti.
2110 3004 2254 3073 Deo,
2294 3005 2438 3061 sicut
2473 3007 2744 3062 medicina
2782 3013 2841 3062 et
2869 3004 3199 3077 agricultura
3242 3012 3298 3060 et
3335 3004 3528 3076 guber-

1925 3096 2079 3151 natio
2116 3114 2128 3147 :
2168 3096 2362 3151 harum
2396 3111 2526 3169 ergo
2569 3105 2892 3152 cunctarum
2920 3095 3119 3151 artium
3145 3095 3213 3151 de
3236 3094 3529 3166 prmteritis

1925 3186 2134 3242 faciunt
2161 3187 2559 3259 experimenta,
2600 3187 2766 3243 etiam
2790 3185 2972 3241 futura
3003 3183 3363 3255 conjicienda.
3395 3182 3527 3238 Nul-

1926 3278 2012 3334 lus
2032 3294 2219 3335 earum
2242 3279 2444 3334 artium
2465 3278 2661 3335 artifex
2684 3278 2927 3333 membra
2949 3284 3128 3332 movet
3153 3276 3208 3330 in
3227 3273 3528 3346 operando,

1926 3463 2166 3518 ctatione
2194 3469 2469 3517 contexat.
2509 3459 2619 3516 Sed
2646 3462 2763 3515 II‘JEC
2787 3474 2894 3514 non
2919 3460 2989 3513 ob
3014 3457 3160 3512 aliud
3200 3469 3529 3513 commemo-

1929 3551 2203 3617 ravimus;
2234 3551 2340 3606 nisi
2371 3558 2431 3605 ut
2462 3566 2573 3605 non
2605 3548 2827 3604 omnino
2854 3548 3160 3604 nesciamus
3202 3546 3333 3617 quid
3377 3544 3531 3601 Scri-

1925 3650 2087 3712 ptura
2136 3641 2268 3697 velit
2306 3641 2607 3707 insinuare,
2655 3656 2777 3695 cum
2817 3638 2884 3695 de
2934 3640 3020 3695 his
3063 3638 3273 3693 artibus
3320 3637 3532 3709 aliquas

1930 3731 2191 3803 ﬁguratas
2230 3731 2532 3788 locutiones
2576 3731 2786 3786 inserit.
2816 3729 3045 3785 Restant
3070 3743 3133 3783 ea
3175 3742 3295 3798 quae
3323 3742 3429 3781 non
3463 3725 3532 3780 ad

1930 3823 2178 3894 corporis
2221 3838 2437 3888 sensus,
2489 3822 2585 3878 sed
2616 3823 2684 3877 ad
2717 3822 2984 3876 rationem
3026 3819 3189 3875 animi
3236 3818 3530 3888 pertinent,

1930 3917 2022 3971 ubi
2054 3916 2340 3986 disciplina
2386 3924 2579 3986 regnat
2620 3914 3003 3984 disputationis
3040 3919 3095 3967 et
3137 3910 3371 3965 numeri.
3425 3908 3533 3964 Sed

1931 4005 2315 4075 disputationis
2366 4004 2651 4075 disciplina
2701 4004 2770 4058 ad
2821 4003 3001 4058 omnia
3042 4017 3238 4074 genera
3280 4001 3534 4072 quaestio-

1932 4114 2061 4152 num
2106 4113 2227 4168 quae
2253 4098 2307 4152 in
2337 4096 2535 4151 litteris
2565 4095 2772 4151 sanctis
2801 4101 2929 4150 sunt
2965 4093 3304 4164 penetranda
3339 4099 3396 4147 et
3420 4091 3534 4147 dis-

1932 4188 2191 4244 solvenda
2230 4187 2527 4259 plurimum
2568 4186 2742 4253 valet;
2788 4193 3001 4240 tantum
3047 4184 3123 4240 ibi
3173 4183 3414 4242 cavenda
3448 4191 3534 4238 est

1932 4278 2100 4335 libido
2150 4279 2385 4344 rixandi,
2446 4286 2500 4334 et
2537 4278 2765 4349 puerilis
2801 4278 3052 4348 quaedam
3099 4275 3339 4332 ostensio
3386 4271 3534 4327 deci-

1930 4371 2116 4441 piendi
2169 4370 2560 4423 adversarium.
2608 4369 2717 4421 Sed
2761 4366 2828 4420 de
2874 4365 2980 4420 hoc
3020 4363 3234 4435 plenius
3288 4363 3534 4419 dicemus

1933 4479 2057 4519 cum
2110 4462 2179 4518 de
2233 4460 2519 4517 dialectica
2578 4468 2741 4530 atque
2789 4458 3065 4514 rhetorica
3112 4457 3530 4527 disputabimus.

1934 4555 2051 4610 Jam
2078 4568 2209 4608 vero
2237 4552 2452 4608 numeri
2490 4551 2777 4621 disciplina
2804 4549 3029 4604 cuilibet
3070 4549 3383 4604 tardissimo
3422 4549 3531 4603 cla—

1937 4663 2056 4701 rum
2076 4654 2183 4711 est,
2234 4643 2380 4714 quod
2410 4659 2519 4699 non
2550 4643 2622 4697 sit
2666 4641 2734 4695 ab
2774 4640 3086 4695 hominibus
3123 4640 3388 4700 instituta,
3437 4639 3533 4691 sed

232 4738 301 4793 de
324 4736 550 4792 historia
575 4736 815 4807 gentium
846 4736 1038 4792 collata
1069 4757 1193 4793 cum
1220 4742 1532 4810 Evangelia,
1570 4742 1830 4810 liquidius
1852 4723 1908 4784 Ῑ)
1933 4738 2115 4808 potius
2158 4736 2414 4806 indagata
2437 4745 2494 4788 et
2523 4733 2761 4787 inventa.
2792 4730 2906 4783 Non
2934 4730 3078 4783 enim
3119 4730 3260 4783 sicut
3296 4727 3531 4797 primam

234 4830 549 4900 certiusque
577 4829 863 4900 colligitur.
903 4829 1055 4885 Tunc
1082 4830 1227 4885 enim
1268 4829 1545 4886 videbitur
1572 4846 1680 4885 non
1708 4829 1826 4884 fru-

234 4930 354 4977 stra
384 4937 506 4977 esse
541 4922 765 4989 dictum,
805 4922 950 4992 quod
975 4923 1332 4995 quadraginta
1375 4923 1533 4978 annis
1569 4922 1829 4993 templum

235 5010 567 5068 aediﬁcatum
592 5012 683 5076 sit,
716 5021 776 5066 ut
803 5027 927 5067 cum
958 5012 1150 5067 referri
1180 5013 1283 5069 iste
1315 5028 1577 5069 numerus
1607 5013 1674 5068 ad
1698 5022 1829 5068 aeta-

237 5113 351 5161 tem
373 5103 591 5160 Domini
628 5117 734 5158 non
760 5104 1016 5172 potuerit,
1040 5104 1109 5156 ad
1144 5106 1497 5160 secretiorem
1519 5103 1832 5161 instructio-

235 5209 368 5250 nem
401 5193 624 5249 humani
653 5192 895 5262 corporis
922 5190 1212 5258 referatur,
1256 5188 1400 5261 quod
1426 5189 1572 5245 indui
1610 5203 1831 5261 pr0pter

232 5301 339 5342 nos
361 5301 471 5341 non
508 5284 828 5356 dedignatus
850 5292 933 5339 est
956 5284 1148 5340 unicus
1175 5283 1271 5339 Dei
1315 5281 1503 5349 Filius,
1543 5298 1642 5353 per
1668 5299 1830 5353 quem

234 5378 387 5434 facta
406 5386 532 5431 sunt
552 5377 753 5432 omnia.
784 5374 943 5431 Aliud
965 5384 1052 5432 est
1078 5375 1225 5431 enim
1244 5373 1387 5430 facta
1412 5390 1659 5441 narrare,
1685 5374 1831 5430 aliud

239 5472 440 5528 docere
470 5468 738 5524 facienda.
787 5467 1025 5524 Ilistoria
1074 5468 1218 5525 facta
1253 5476 1443 5524 narrat
1471 5467 1705 5523 ﬁdeliter
1748 5476 1831 5521 at-

237 5578 348 5635 que
370 5561 613 5627 utiliter;
645 5558 768 5615 libri
796 5564 978 5612 autem
1005 5561 1315 5626 aruspicum
1340 5568 1397 5609 et
1422 5575 1649 5624 quaeque
1679 5559 1829 5614 simi-

237 5653 322 5711 les
366 5651 584 5715 litterae,
627 5649 876 5707 facienda
924 5647 1009 5702 vel
1043 5646 1379 5703 observanda
1419 5645 1705 5701 intendunt
1740 5644 1835 5700 do-

237 5757 389 5809 cere,
417 5744 700 5798 monitoris
726 5741 970 5804 audacia,
1004 5754 1111 5793 non
1153 5738 1344 5793 indicis
1381 5736 1505 5792 ﬁde.
1540 5736 1637 5791 Est
1665 5736 1832 5793 etiam

241 5836 486 5890 narratio
515 5834 707 5890 similis
750 5829 1217 5896 demonstrationi,
1265 5844 1370 5898 qua
1402 5844 1507 5881 non
1532 5828 1828 5899 praeterita,

249 5924 342 5982 sed
365 5920 653 5996 pnesenﬁa
684 5924 990 5978 indicantur
1018 5921 1223 5993 ignaris
1271 5921 1323 5975 in
1354 5936 1459 5990 quo
1485 5937 1683 5978 genere
1704 5928 1831 5978 sunt

649 6016 930 6080 Ρηιιυι..
969 6015 1156 6079 CVll.

1931 4829 2197 4899 syllabam
2222 4825 2393 4881 Italiae
2422 4839 2584 4893 quam
2610 4824 2828 4878 brevem
2863 4820 3351 4892 pronuntiaverunt
3377 4828 3529 4874 vete-

1933 4938 2043 4987 res,
2073 4919 2244 4975 voluit
2271 4917 2530 4990 Virgilius
2559 4925 2614 4973 et
2642 4916 2802 4988 longa
2829 4914 2971 4971 facta
3002 4924 3104 4982 est,
3136 4916 3214 4970 ita
3238 4915 3528 4985 quisquam

1931 5022 2111 5086 potest
2151 5010 2366 5068 efﬁcere
2403 5026 2529 5067 cum
2571 5009 2822 5077 voluerit,
2866 5018 2926 5065 ut
2952 5018 3037 5065 ter
3085 5016 3240 5064 terna
3280 5016 3375 5062 aut
3419 5023 3528 5062 non

1933 5108 2042 5163 sint
2076 5121 2293 5171 novem,
2327 5114 2421 5160 aut
2451 5120 2558 5160 non
2579 5105 2789 5175 possint
2814 5104 3027 5159 ellieere
3049 5102 3367 5172 quadratam
3394 5101 3533 5172 ﬁgu-

1938 5214 2077 5260 ram,
2105 5205 2199 5249 aut
2225 5212 2332 5249 non
2379 5196 2446 5248 ad
2472 5196 2770 5249 ternarium
2802 5208 3087 5248 numerum
3119 5190 3277 5262 tripla
3299 5191 3429 5257 sint,
3461 5194 3530 5248 ad

1938 5288 2211 5344 senarium
2241 5287 2510 5358 sescupla,
2556 5288 2622 5342 ad
2646 5285 2851 5340 nullum
2883 5284 3067 5354 dupla,
3110 5284 3237 5354 quia
3279 5283 3532 5356 intelligi-

1936 5377 2073 5433 biles
2126 5378 2341 5432 numeri
2379 5377 2661 5432 semissem
2714 5392 2823 5431 non
2860 5376 3081 5431 habent.
3125 5373 3251 5431 Sive
3299 5391 3428 5448 ergo
3472 5377 3528 5430 in

1938 5468 2131 5538 seipsis
2152 5468 2588 5535 considerentur,
2636 5468 2751 5522 sive
2790 5465 2858 5521 ad
2887 5465 3203 5537 ﬁgurarum,
3236 5476 3330 5523 aut
3354 5467 3422 5522 ad
3450 5482 3532 5521 so-

1938 5576 2132 5615 norum
2160 5560 2389 5615 aliorum
2436 5560 2523 5615 vel
2572 5560 2873 5615 motionum
2916 5559 3062 5627 leges
3110 5556 3323 5612 numeri
3375 5559 3532 5613 adhi-

1932 5645 2186 5710 beantur,
2218 5642 2689 5701 incommutabiles
2718 5647 2934 5717 regulas
2963 5648 3184 5717 habent,
3211 5655 3389 5720 neque
3417 5650 3528 5707 ullo

1933 5737 2095 5791 modo
2141 5735 2209 5790 ab
2259 5735 2570 5790 hominibus
2622 5736 2932 5805 institutas,
2979 5739 3073 5794 sed
3122 5739 3526 5810 ingeniosorum

1934 5827 2229 5899 sagacitate
2273 5836 2599 5898 compertas.
2644 5827 2775 5896 Quae
2822 5838 2999 5887 tamen
3043 5832 3224 5889 omnia
3277 5831 3527 5901 quisquis

1934 5920 2009 5976 ita
2056 5918 2336 5985 dilexerit,
2381 5927 2442 5975 ut
2468 5918 2678 5991 jactare
2706 5936 2765 5977 se
2793 5922 2936 5979 inter
2964 5924 3244 5994 imperitos
3284 5920 3434 5990 velit,
3467 5931 3525 5978 et

3041 6016 3117 6076 13
