3974 6464
473 450 579 511 393

468 658 631 716 modo
658 672 790 714 vera
827 670 950 712 esse
994 654 1364 725 persenserit;
1403 662 1461 711 et
1483 653 1625 709 unde
1662 653 1910 724 quaedam
1950 667 2060 708 non

468 750 645 808 solum
669 763 822 816 vera,
848 747 946 805 sed
968 748 1135 804 etiam
1174 744 1659 811 incommutabilis,
1706 759 1827 815 quae
1857 744 2060 801 incom-

468 842 753 901 mutabilia
788 855 912 899 esse
965 839 1470 910 comprehenderit;
1530 853 1597 895 ac
1635 837 1717 893 sic
1757 838 1827 895 ab
1879 837 2061 908 specie

466 949 759 1007 corporum
786 948 965 1005 usque
1005 932 1075 989 ad
1107 933 1400 988 humanam
1434 938 1671 986 mentem
1712 929 2059 1001 perveniens,

466 1044 592 1084 cum
619 1036 677 1084 et
700 1028 878 1097 ipsam
899 1025 1216 1081 mutabilem
1241 1023 1531 1089 invenerit,
1556 1023 1702 1094 quod
1733 1037 1879 1079 nunc
1902 1022 2063 1078 docta

466 1130 613 1176 nunc
636 1119 858 1177 indocta
892 1118 986 1185 sit,
1033 1118 1329 1176 constituta
1378 1124 1563 1173 tamen
1589 1116 1733 1170 inter
1764 1123 2064 1171 commuta-

464 1211 632 1270 bilem
654 1227 823 1282 supra
848 1227 909 1268 se
929 1211 1254 1278 veritatem,
1284 1217 1340 1266 et
1367 1208 1649 1265 mutabilia
1678 1207 1824 1264 infra
1870 1222 1929 1264 se
1958 1223 2064 1264 ca:-

468 1312 606 1372 tera,
631 1304 701 1360 ad
722 1304 883 1360 unius
906 1304 1000 1360 Dei
1050 1303 1267 1361 laudem
1292 1311 1458 1372 atque
1483 1301 1828 1359 dilectionem
1869 1311 2064 1358 cuncta

470 1404 807 1462 convertere,
859 1411 892 1451 a
941 1411 1050 1467 quo
1099 1402 1292 1454 cuncta
1342 1410 1465 1451 esse
1517 1394 1817 1466 cognoscit,
1870 1394 2063 1451 doctus

472 1486 642 1543 videri
671 1495 868 1556 potest,
912 1501 1033 1543 esse
1064 1496 1247 1543 autem
1286 1487 1504 1558 sapiens
1544 1485 1692 1543 nullo
1716 1485 1896 1541 modo.
1923 1484 2065 1539 liue-

468 1591 641 1647 usque
686 1577 1013 1649 generaliter
1039 1584 1205 1650 atque
1228 1577 1541 1649 permixtim
1568 1576 1680 1633 dixi
1719 1576 1786 1632 de
1824 1575 2066 1646 discipli-

468 1667 558 1724 nis
575 1669 894 1741 gentilium;
918 1670 1176 1742 deinceps
1195 1685 1442 1727 seorsum
1458 1669 1525 1727 de
1544 1668 1773 1741 singulis
1793 1668 2059 1727 dicturus.

1043 1782 1274 1840 CAPUT
1313 1782 1496 1839 XVIII.

652 1869 734 1929 De
775 1879 890 1926 arts
935 1874 1306 1943 grammatica,
1353 1882 1403 1927 et
1442 1872 1705 1944 speciebus
1752 1874 1889 1944 ejus.

1127 444 1192 503 Β.
1229 444 1487 507 BABANI
1524 442 1746 501 MAURI
1781 436 2103 501 ARCHIEP.
2142 439 2455 503 MOGUNT.
2490 438 2777 501 OPERUM
2806 438 2990 499 PARS
3024 437 3069 497 Ι.
3236 504 3243 509 _

468 584 575 627 non
626 565 807 638 potius
841 575 1084 634 qumrere
1129 563 1275 620 unde
1323 563 1434 619 sint
1460 576 1607 627 vera,
1658 576 1777 630 quae
1818 568 2052 617 tantnm—
2076 562 2132 626 Α
2154 559 2414 631 sapphico
2457 564 2651 623 tumet,
2694 571 2840 613 nunc
2866 554 3141 625 semipede
3178 552 3503 625 ingreditur.
3555 552 3759 610 Dente-

3644 434 3753 495 396

2160 651 2467 709 ronomium
2506 664 2657 717 vero,
2703 657 2760 705 et
2793 648 2947 707 Isaiae
2977 648 3271 713 canticum,
3320 661 3540 705 necnon
3576 657 3640 702 et
3668 646 3761 701 Sa-

2158 746 2341 805 lomon
2382 755 2438 803 et
2467 744 2592 814 Job,
2622 745 2956 803 hexametris
2994 753 3053 801 et
3096 743 3452 816 pentametris
3508 742 3765 799 versibus

2161 845 2245 916 (ut
2269 843 2539 917 Iosephus
2579 849 2636 898 et
2662 840 2926 910 Origenes
2954 837 3224 910 scribunt)
3255 838 3401 909 apud
3436 851 3573 894 suos
3615 850 3768 892 com-

2159 938 2335 1009 posita
2378 938 2690 993 decurrunt.
2756 934 3121 1002 Quamobrem
3164 948 3274 988 non
3322 940 3411 988 est
3450 929 3769 1002 spernenda

2161 1029 2299 1096 hazc,
2322 1030 2573 1100 quamvis
2611 1027 2904 1102 gentilibus
2934 1026 3235 1084 communis
3264 1026 3429 1091 ratio,
3473 1025 3577 1082 sed
3599 1038 3771 1093 quan-

2162 1127 2277 1176 tum
2303 1121 2437 1181 satis
2459 1127 2547 1177 est
2568 1120 2946 1192 perdiscenda,
2996 1119 3123 1191 quia
3163 1119 3352 1190 utique
3394 1117 3561 1173 multi
3592 1131 3770 1173 evan-

2163 1213 2321 1284 gelici
2348 1213 2473 1279 viri,
2512 1212 2752 1285 insignes
2778 1213 2945 1269 libros
2991 1213 3097 1268 hac
3120 1220 3240 1276 arte
3266 1210 3670 1277 condiderunt,
3716 1214 3775 1265 α

2167 1305 2280 1362 Deo
2314 1306 2531 1377 placere
2551 1320 2650 1376 per
2679 1306 2736 1361 id
2760 1312 3100 1377 satagerunt,
3135 1312 3198 1360 ut
3216 1302 3319 1359 fuit
3338 1302 3648 1367 iuvencus,
3674 1302 3774 1358 Se-

2165 1399 2365 1465 dulius,
2396 1397 2617 1465 Arator,
2654 1397 2918 1464 Alcimus,
2946 1397 3218 1463 Clemens,
3246 1396 3512 1452 Paulinus
3555 1405 3619 1453 et
3644 1379 3780 1449 For-

2162 1500 2405 1560 tunatus,
2442 1500 2500 1549 et
2539 1492 2721 1548 ceteri
2754 1490 2929 1547 multi.
2979 1490 3239 1547 Poemuta
3269 1500 3453 1545 autem
3491 1499 3549 1544 et
3600 1489 3778 1544 libros

2165 1586 2447 1658 gentilium
2492 1585 2541 1640 si
2567 1584 2797 1640 velimus
2844 1594 3069 1655 propter
3098 1582 3297 1655 ﬂorem
3329 1584 3673 1654 eloun
3704 1583 3778 1637 le-

2164 1693 2311 1750 gere,
2370 1687 2527 1752 typus
2568 1678 2814 1734 mulieris
2861 1678 3095 1750 captivas
3140 1666 3407 1734 tenendus
3448 1687 3558 1741 est,
3600 1689 3778 1746 quam

2164 1773 2649 1829 Deuteronomium
2684 1771 2976 1837 describit;
3006 1778 3063 1827 et
3097 1770 3387 1826 Dominam
3432 1769 3512 1823 ita
3556 1783 3779 1838 praee-

2165 1867 2310 1936 pisse
2335 1871 2746 1932 commemorat,
2778 1871 2838 1919 ut
2861 1865 2905 1919 si
2935 1863 3205 1920 lsraelites
3232 1878 3353 1920 eam
3379 1862 3587 1917 habere
3612 1860 3780 1915 vellet

538 1960 722 2018 Prima
768 1978 900 2035 ergo
950 1962 1259 2020 liberalium
1308 1966 1508 2019 artium
1552 1974 1635 2020 est
1685 1965 2067 2036 grammatica,
2095 1947 2143 2009 Β
2172 1973 2418 2024 uxorem,
2462 1957 2743 2013 calvitium
2762 1957 2813 2011 ei
2842 1955 3027 2023 faciat,
3058 1970 3269 2027 ungues
3294 1964 3582 2027 prteseeet,
3638 1952 3781 2024 pilos

477 2054 717 2111 secunda
752 2055 1048 2122 rhetorica,
1116 2056 1281 2110 tertia
1321 2055 1625 2122 dialectica,
1666 2064 1862 2126 quarta
1904 2055 2070 2110 arith-

473 2145 735 2213 methica,
767 2148 958 2217 quinta
997 2147 1318 2216 geometria,
1370 2156 1526 2202 sexta
1562 2148 1791 2214 musica,
1838 2149 2069 2219 septima

384 2244 407 2265 '
466 2246 829 2321 astronomia;
860 2241 1216 2310 grammatica
1252 2240 1400 2296 enim
1438 2240 1699 2297 alitteris
1736 2255 1941 2295 nomen
1972 2256 2067 2297 aee

466 2331 630 2402 cepit,
679 2332 822 2387 sicut
838 2333 1089 2388 vocabuli
1127 2333 1271 2391 illius
1306 2333 1586 2389 derivatus
1611 2347 1777 2389 sonus
1809 2333 2067 2390 ostendit.

466 2420 725 2479 Diﬂ‘mitio
773 2433 955 2480 autem
1006 2422 1125 2493 ejus
1185 2425 1313 2481 talis
1361 2433 1448 2481 est
1492 2444 1505 2480 :
1551 2424 1921 2482 Grammatice
1984 2433 2070 2482 est

465 2515 692 2570 scientia
741 2516 1135 2589 interpretandi
1192 2528 1381 2589 poetas
1419 2526 1585 2591 atque
1635 2520 1948 2586 historicos,
2012 2528 2070 2577 et

464 2613 615 2661 recte
645 2609 917 2666 scribendi
969 2611 1331 2683 loquendique
1364 2613 1526 2668 ratio.
1582 2613 1710 2669 Haec
1737 2621 1792 2670 et
1818 2614 1972 2686 origo
2013 2621 2070 2671 et

462 2694 878 2759 fundamentum
919 2711 1005 2759 est
1042 2706 1242 2759 artium
1286 2705 1611 2761 liberalium.
1667 2706 1820 2762 lianc
1883 2708 2070 2778 itaque

463 2792 706 2847 scholam
750 2794 1087 2859 Dominicam
1120 2798 1303 2870 legere
1343 2799 1617 2865 convenit,
1664 2800 1792 2869 quia
1838 2799 2068 2855 scientia

405 2896 415 2903 λ
463 2891 612 2937 recte
638 2883 894 2956 loquendi
932 2896 990 2943 et
1037 2889 1310 2945 scribendi
1353 2889 1495 2945 ratio
1552 2889 1609 2944 in
1641 2890 1759 2960 ipsa
1794 2891 2063 2946 consistit.

462 2969 745 3037 Quomodo
780 2977 903 3046 quis
938 2979 1049 3033 vim
1078 2981 1230 3034 vocis
1262 2981 1565 3036 articulatm
1610 2996 1709 3037 seu
1756 2982 2067 3038 litterarum

462 3071 519 3118 et
535 3064 865 3136 syllabarum
892 3078 1217 3139 potestatem
1253 3074 1558 3143 cognoscit,
1583 3074 1630 3129 si
1655 3089 1762 3129 non
1786 3076 1940 3145 prius
1968 3091 2067 3146 per

461 3170 581 3210 eam
611 3157 665 3212 id
691 3159 921 3217 didicit?
947 3163 1055 3217 Aut
1085 3166 1357 3235 quomodo
1395 3167 1616 3240 pedum,
1642 3178 1970 3225 accentuum
2011 3177 2069 3225 et

459 3251 831 3319 positurarum
876 3254 1267 3314 discretionem
1315 3260 1437 3328 scit,
1508 3262 1555 3316 si
1598 3276 1707 3317 non
1760 3277 1860 3333 per
1923 3264 2065 3318 hanc

460 3342 801 3414 disciplinam
830 3348 947 3419 ejus
979 3350 1265 3408 scientiam
1289 3362 1417 3409 ante
1451 3356 1741 3427 percepit?
1779 3356 1889 3412 Aut
1927 3372 2061 3429 quoa

460 3436 621 3491 modo
658 3440 897 3509 partium
920 3446 1183 3502 orationis
1219 3446 1369 3516 jura,
1414 3451 1750 3507 schematum
1784 3453 2061 3522 decorem,

465 3536 745 3598 troporum
769 3533 1049 3604 virtutem,
1091 3539 1538 3612 etymologiarnm
1563 3544 1851 3609 rationem,
1879 3552 1936 3599 et
1971 3559 2064 3600 or-

460 3622 799 3694 thographia:
830 3631 1211 3687 rectitudincm
1237 3635 1408 3701 novit,
1440 3635 1485 3690 si
1514 3651 1617 3691 non
1645 3640 2061 3708 grammaticam

458 3723 634 3771 artem
687 3727 815 3774 ante
862 3721 964 3777 sibi
1010 3733 1192 3779 notam
1233 3725 1402 3781 fecit?
1438 3727 1839 3799 lnculpabiliter
1889 3732 2058 3799 enim,

456 3805 570 3862 imo
607 3808 950 3868 laudabiliter
996 3816 1139 3872 hanc
1167 3826 1339 3873 artem
1380 3819 1562 3885 discit,
1603 3822 1850 3891 quisquis
1897 3822 1952 3876 in
1993 3838 2060 3879 ea

456 3911 567 3953 non
603 3899 820 3955 inanem
865 3917 1103 3975 pugnam
1150 3907 1441 3962 verborum
1490 3909 1674 3965 facere
1717 3912 1907 3983 diligit,
1961 3915 2058 3969 sed

455 3996 622 4042 rectae
681 3989 972 4047 locutionis
1012 3994 1301 4049 scientiam
1380 4006 1436 4051 et
1480 3999 1753 4054 scribendi
1806 4003 2058 4072 peritiam

456 4080 659 4135 habere
687 4083 912 4151 appetit.
953 4084 1073 4155 Ipsa
1116 4094 1201 4143 est
1224 4088 1370 4143 enim
1407 4091 1647 4145 omnium
1677 4090 1845 4160 judex
1895 4094 2058 4149 libra-

456 4171 683 4239 riorum,
726 4174 853 4245 quia
896 4177 1210 4249 ubicunque
1256 4196 1501 4236 errorem
1551 4186 1908 4253 perspexerit,
1971 4204 2058 4242 rc-

458 4260 770 4332 prehendit,
820 4275 876 4319 et
919 4269 1011 4320 ubi
1048 4270 1186 4325 bene
1210 4272 1354 4326 dicta
1380 4285 1528 4340 sunt,
1562 4276 1883 4344 suojudicio
1908 4295 2056 4334 com-

454 4353 725 4425 probabit.
765 4352 1055 4413 Schemata
1080 4368 1260 4415 autem
1282 4362 1462 4416 omnia
1490 4372 1754 4435 quotquot
1780 4370 2053 4426 swcularis

456 4447 742 4518 disciplina
765 4451 1107 4522 conscripsit,
1170 4454 1225 4508 in
1253 4456 1455 4510 sanctis
1481 4455 1634 4511 libris
1661 4460 1856 4528 smpius
1877 4463 2053 4530 posita

454 4539 822 4609 reperiuntur.
879 4540 1103 4598 Necnon
1140 4545 1313 4616 tmpis
1354 4556 1604 4603 auctores
1652 4561 1868 4607 ucstros
1924 4570 2051 4610 usos

450 4628 637 4733 fuisse,
679 4641 750 4735 et.
774 4635 1128 4741 multiplicius
1176 4647 1343 4711 atque
1370 4642 1640 4713 cepiosius
1674 4662 1837 4715 quam
1878 4649 2052 4718 possit
2079 4680 2134 4741 Β

449 4721 753 4776 existimari
780 4722 865 4777 vel
901 4728 1071 4792 credi,
1101 4730 1349 4798 quisquis
1375 4731 1543 4788 libros
1581 4735 1794 4790 divinos
1830 4738 2056 4809 diligcno

451 4824 535 4871 ter
577 4815 728 4887 legit,
776 4815 1031 4872 inveniet.
1082 4818 1315 4876 Istorum
1374 4834 1554 4880 autem
1614 4834 1889 4899 troporum
1945 4849 2053 4887 non

450 4909 624 4965 solum
652 4909 900 4981 exempla
930 4910 1069 4966 sicut
1090 4914 1355 4983 omnium,
1388 4918 1481 4973 sed
1504 4924 1863 4989 quorumdam
1884 4927 2051 4981 etiam

449 5004 673 5059 nomina
713 5005 768 5059 in
802 5004 999 5061 divinis
1047 5006 1200 5062 libris
1257 5010 1531 5082 leguntur,
1585 5015 1726 5069 sicut
1769 5017 2044 5089 allegoria,

449 5097 702 5168 aenigma,
751 5098 1029 5169 parabola.
1075 5099 1320 5168 Quorum
1356 5104 1597 5160 omnium
1644 5109 1882 5179 cognitio
1922 5128 2047 5182 pro-

448 5195 635 5257 pterea
662 5188 1069 5262 Scripturarum
1106 5193 1549 5265 ambiguitatibus
1574 5197 1932 5255 dissolvendis
1964 5208 2049 5257 est

449 5282 778 5348 necessaria,
823 5285 950 5354 quia
986 5299 1181 5340 sensus
1206 5280 1293 5340 ‘ad
1326 5288 1717 5359 pr0prietatem
1758 5293 2046 5351 verborum

448 5369 498 5425 si
521 5372 834 5442 accipiatur,
885 5376 1153 5433 absurdus
1173 5383 1275 5433 est.
1317 5377 1679 5445 Qumrendum
1717 5392 1799 5437 est
1837 5386 2043 5457 utique,

450 5480 521 5520 ne
541 5464 680 5519 forte
708 5467 801 5523 illo
822 5469 910 5527 vel
935 5471 1027 5527 illo
1053 5480 1209 5546 tropo
1249 5474 1454 5529 dictum
1481 5477 1551 5532 sit
1577 5478 1722 5549 quod
1757 5496 1862 5535 non
1891 5481 2047 5536 intel-

445 5554 685 5629 ligimus,
737 5564 794 5613 et
826 5558 905 5614 sic
936 5557 1199 5631 pleraque
1222 5567 1444 5615 iuventa
1480 5579 1606 5617 sunt
1637 5588 1758 5634 (ιυω
1780 5572 2041 5625 latebant.

442 5656 730 5719 Metricam
755 5666 940 5715 autem
975 5659 1243 5714 rationem
1279 5674 1400 5730 quae
1443 5674 1543 5731 per
1572 5668 1745 5719 artem
1775 5678 2045 5733 gramma-

446 5755 613 5813 ticam
637 5754 885 5822 discitur,
916 5768 1025 5809 non
1053 5750 1287 5826 ignobile
1311 5761 1395 5808 est
1419 5753 1579 5822 scire,
1629 5754 1755 5826 quia
1779 5756 1917 5825 apud
1946 5756 2044 5813 lle-

446 5849 624 5909 bmos
654 5849 981 5907 Psalterium
1030 5846 1113 5921 (ut
1155 5848 1345 5904 beatus
1382 5846 1743 5921 Hieronymus
1785 5851 2040 5922 testatur)

448 5959 590 5999 nunc
637 5944 817 6001 iambo
860 5942 1050 6009 currit,
1105 5958 1248 5997 nunc
1294 5941 1537 5998 alcltaico
1566 5945 1851 6011 personat,
1891 5952 2042 5996 nunc

2042 6092 2121 6109 4⁵⁸·

2090 3315 2137 3381 C

2168 2051 2398 2118 auferat,
2446 2059 2504 2106 et
2530 2065 2655 2106 cum
2675 2050 2877 2104 munda
2910 2049 3074 2105 fuerit
3105 2047 3320 2115 eﬂ‘ecta,
3364 2056 3495 2102 tunc
3520 2055 3781 2101 transeat

2167 2145 2226 2201 in
2275 2144 2460 2200 uxoris
2490 2144 2790 2215 amplexus.
2834 2143 2960 2198 llzec
2998 2143 3045 2198 si
3076 2141 3372 2199 secundum
3401 2140 3657 2195 litteram
3700 2140 3781 2194 in-

2169 2238 2483 2311 telligimus,
2508 2253 2691 2295 nonne
2730 2238 2956 2293 ridicula
2993 2237 3165 2293 sunt?
3200 2236 3388 2308 Itaque
3422 2243 3482 2291 et
3530 2250 3640 2290 nos
3678 2236 3782 2290 hoc

2166 2333 2351 2391 facere
2384 2334 2639 2400 solemus,
2706 2333 2921 2403 hocque
2967 2331 3150 2388 facere
3197 2332 3480 2395 debemus,
3544 2328 3783 2399 quando

2164 2435 2352 2499 poetas
2394 2427 2623 2498 gentiles
2664 2425 2917 2499 legimus,
2962 2425 3181 2495 quando
3232 2425 3289 2479 in
3316 2438 3512 2479 manus
3547 2432 3784 2478 nostras

2165 2519 2291 2574 libri
2317 2519 2541 2574 veniunt
2582 2517 2862 2588 sapientiae
2888 2516 3186 2583 stecularis,
3220 2515 3414 2586 siquid
3440 2515 3496 2569 in
3526 2515 3613 2569 eis
3646 2514 3785 2568 utile

2166 2611 2490 2682 reperimus,
2530 2610 2598 2665 ad
2623 2616 2868 2664 nostrum
2898 2608 3093 2679 dogma
3124 2607 3492 2662 convertimus
3516 2621 3532 2671 ;
3567 2606 3619 2659 si
3648 2603 3785 2674 quid

2166 2718 2299 2762 vero
2339 2703 2670 2776 superﬂuum
2697 2704 2763 2758 de
2785 2702 2967 2767 idolis,
2997 2703 3064 2757 de
3090 2711 3293 2766 amOre,
3329 2700 3397 2755 de
3433 2713 3568 2754 cura
3600 2712 3787 2752 saeu-

2164 2799 2371 2857 larium
2422 2792 2628 2864 rerum,
2676 2796 2795 2852 hazc
2836 2794 3116 2859 radamus,
3156 2792 3242 2848 his
3275 2791 3555 2847 calvitium
3597 2790 3775 2845 indu-

2164 2907 2375 2961 camus,
2432 2892 2548 2947 htec
2576 2891 2633 2945 in
2666 2889 2926 2960 unguium
2959 2900 3112 2942 more
3146 2884 3295 2940 ferro
3321 2884 3649 2938 acutissimo
3688 2883 3784 2937 de-

2167 3001 2434 3046 secemus.
2465 2984 2579 3040 Hoc
2611 2993 2793 3039 tamen
2830 2996 2948 3052 prae
2975 2979 3228 3035 omnibus
3260 2990 3453 3032 cavere
3481 2970 3781 3039 debemus,

2165 3092 2238 3137 ne
2266 3079 2385 3134 hinc
2413 3075 2632 3132 licentia
2657 3082 2843 3128 nostra
2870 3068 3255 3126 oﬂ‘endiculum
3280 3067 3375 3121 flat
3394 3064 3637 3120 inﬁmis
3664 3082 3679 3118 :
3712 3078 3784 3119 ne

2165 3181 2357 3247 pereat
2393 3171 2488 3244 qui
2542 3169 2801 3225 inﬁrmus
2842 3173 2926 3222 est
2967 3165 3022 3220 in
3065 3162 3294 3219 scientia
3333 3169 3525 3216 nostra
3576 3156 3783 3222 frater,

2166 3273 2391 3339 propter
2426 3278 2588 3334 quem
2636 3259 2888 3316 Christus
2943 3264 3192 3314 mortuus
3227 3260 3333 3323 est,
3387 3252 3435 3309 si
3472 3249 3681 3304 viderit
3722 3247 3781 3305 in

2171 3358 2337 3415 idolio
2386 3371 2488 3412 nos
2536 3354 2939 3410 recumbentes.

2756 3440 2987 3499 CAPUT
3023 3435 3168 3495 XIX.

2746 3534 2825 3590 De
2872 3533 3152 3587 rhetorica.

2240 3630 2531 3688 Rhetorica
2561 3635 2645 3685 est
2672 3626 2838 3699 (sicut
2872 3621 3117 3694 magistri
3141 3617 3384 3691 tradunt)
3424 3616 3774 3674 smeularinm

2167 3725 2475 3780 litterarum
2520 3721 2660 3776 bene
2688 3714 2901 3773 dicendi
2942 3713 3190 3779 scientia,
3244 3712 3297 3766 in
3327 3710 3581 3764 civilibus
3622 3723 3774 3777 qua:-

2167 3819 2451 3876 stionibus.
2498 3816 2605 3871 Sed
2629 3815 2744 3869 haec
2766 3810 3012 3867 dilllnitio
3037 3809 3166 3863 licet
3207 3807 3276 3860 ad
3302 3803 3637 3858 mundanam
3677 3818 3772 3858 sa-

2164 3910 2428 3983 pientiam
2447 3907 2697 3962 videatur
2720 3904 3016 3974 pertinere,
3058 3908 3239 3955 tamen
3263 3912 3369 3952 non
3395 3904 3482 3952 est
3503 3905 3773 3951 extranea

2166 4009 2235 4065 ab
2257 4006 2624 4063 ecclesiastica
2653 4001 2957 4072 disciplina.
3007 3995 3278 4067 Quidquid
3320 3994 3468 4049 enim
3495 4000 3690 4048 orator
3716 3998 3771 4045 et

2164 4102 2491 4175 praedicator
2521 4098 2719 4154 divina:
2758 4094 2892 4167 legis
2919 4092 3125 4149 diserte
3168 4096 3223 4142 et
3248 4088 3507 4144 decenter
3561 4083 3771 4155 profert

2164 4196 2221 4249 in
2252 4194 2522 4259 docendo,
2554 4190 2639 4245 vel
2671 4185 2933 4260 quidquid
2963 4194 3087 4256 apte
3113 4191 3168 4238 et
3188 4181 3468 4252 eleganter
3494 4178 3769 4249 depmmit

2161 4287 2219 4343 in
2259 4285 2535 4347 dictando,
2583 4282 2651 4336 ad
2692 4281 2852 4351 hujus
2886 4279 3021 4333 artis
3061 4274 3313 4347 congruit
3344 4271 3633 4344 peritiam;
3668 4284 3768 4325 nec

2162 4375 2348 4447 utique
2396 4386 2622 4445 peccare
2662 4370 2820 4425 debet
2862 4357 3133 4436 aﬁtrari,
3183 4364 3274 4435 qui
3303 4363 3446 4418 hanc
3475 4370 3655 4416 artem
3712 4361 3763 4413 in

2162 4482 2400 4541 congrua
2440 4476 2598 4522 (etate
2629 4463 2779 4535 legit,
2852 4462 3050 4533 quique
3091 4457 3209 4529 ejus
3255 4463 3531 4527 prteCCpta
3585 4460 3766 4509 servat

2162 4560 2217 4614 in
2250 4557 2522 4613 dictando.
2556 4573 2619 4611 ac
2647 4554 3015 4627 proloquendo
3047 4564 3386 4614 sermonem;
3417 4548 3531 4602 imo
3563 4547 3761 4598 bonum

2160 4668 2295 4723 opus
2331 4650 2481 4715 facit,
2530 4651 2621 4722 qui
2663 4664 2783 4704 eam
2828 4648 2895 4702 ad
2936 4648 3040 4701 hoc
3079 4645 3314 4711 pleniter
3363 4636 3551 4702 discit,
3590 4648 3649 4691 ut
3694 4636 3760 4691 ad

2159 4743 2562 4814 prmdicandum
2611 4740 2836 4792 verbum
2888 4732 2983 4788 Dei
3033 4733 3257 4788 idoneus
3303 4729 3396 4784 sit.
3453 4727 3595 4782 Nam
3636 4743 3758 4783 cum

2156 4846 2257 4901 per
2295 4839 2468 4885 artem
2514 4827 2844 4883 rhetoricam
2876 4835 2933 4880 et
2966 4840 3096 4880 vera
3142 4822 3479 4878 suadeantur
3517 4828 3573 4874 et
3602 4819 3755 4884 falsa,

2158 4924 2279 4995 quis
2304 4922 2499 4977 audeat
2521 4921 2702 4976 dicere
2738 4919 2996 4973 adversus
3029 4914 3369 4971 mendacium
3421 4912 3478 4967 in
3510 4910 3760 4967 defenso-

2154 5019 2306 5075 ribus
2337 5018 2449 5073 suis
2492 5018 2756 5072 inermem
2785 5015 2981 5069 debcrc
3013 5012 3312 5066 consistere
3351 5008 3663 5081 veritatem,
3700 5017 3758 5061 ut

2153 5112 2405 5167 videlicet
2454 5110 2528 5161 illi
2553 5109 2644 5176 qui
2682 5122 2771 5158 res
2798 5106 2962 5157 falsas
2992 5104 3219 5157 suadere
3253 5110 3549 5166 conantur,
3601 5115 3757 5155 nore-

2155 5202 2263 5255 rint
2294 5201 2598 5255 auditorem
2631 5196 2712 5252 vel
2746 5196 3078 5263 benivolum,
3123 5194 3211 5250 vel
3238 5196 3532 5260 intentum,
3561 5192 3648 5248 vri
3674 5191 3754 5246 fa-

2154 5312 2278 5352 cere
2307 5294 2535 5350 docilem
2570 5292 2858 5363 prooemio,
2890 5291 2979 5346 isti
3010 5299 3190 5345 autem
3216 5305 3322 5344 non
3352 5289 3652 5345 noverint?
3677 5286 3751 5340 illi

2152 5382 2287 5443 falsa
2323 5386 2584 5452 breviter,
2625 5390 2833 5457 aperte,
2876 5382 3265 5448 Verisimiliter,
3318 5390 3374 5435 et
3399 5381 3490 5434 isti
3514 5393 3641 5434 vera
3672 5378 3753 5432 sic

2152 5488 2380 5536 narrent
2426 5489 2486 5535 ut
2540 5479 2729 5534 audire
2772 5476 2985 5541 taedeat,
3045 5473 3347 5545 intelligere
3389 5486 3500 5526 non
3548 5478 3748 5543 pateat,

2152 5574 2377 5623 credere
2427 5575 2703 5639 postremo
2740 5584 2846 5621 non
2890 5565 3103 5625 libeat?
3139 5566 3215 5623 illi
3262 5565 3548 5621 fallacibus
3594 5577 3750 5633 argn-

2150 5665 2350 5721 mcntis
2411 5663 2700 5721 veritatem
2734 5671 3068 5736 oppugnent,
3135 5671 3386 5718 asserant
3430 5658 3747 5723 falsitatem,

2150 5757 2241 5812 isti
2272 5771 2373 5812 nec
2397 5772 2525 5811 vera
2550 5756 2860 5823 defendere,
2918 5771 3020 5812 nec
3044 5752 3180 5810 falsa
3219 5753 3435 5809 valeant
3463 5752 3697 5807 refutare
3720 5746 3748 5799 2

2149 5844 2222 5899 illi
2264 5847 2475 5901 animos
2500 5847 2833 5902 audientium
2862 5844 2916 5899 in
2946 5860 3188 5902 errorem
3228 5851 3511 5900 moventes
3550 5835 3743 5910 impel—

2148 5941 2425 6013 lentcsque
2453 5941 2680 5998 dicendo
2711 5947 2972 6010 terreant,
3021 5940 3365 6007 contristent,
3409 5934 3745 5999 exhilarenl.
