3974 6450
218 400 323 475 39'!

1003 392 1101 465 DE
1128 400 1583 465 amaracum
1619 400 2127 472 INSTITUTIONE,
2166 402 2317 462 are.
2360 432 2429 447 -
2466 369 2595 458 LIB.
2634 398 2724 459 ill.
2834 476 2839 481 ο

3379 407 3491 473 398

219 526 583 586 exhorrenmr
609 522 887 591 ardenter,
930 521 1025 579 isti
1047 538 1150 595 pro
1176 524 1407 580 veritate
1428 523 1585 590 lati,
1626 523 1808 603 frigidi
1833 530 1887 593 Α
1912 522 2345 596 syllogismorum
2365 524 2803 581 conclusionibus
2825 524 3127 581 confutare.
3175 524 3314 583 Sunt
3335 486 3483 587 enim

217 616 563 677 dormitent?
600 616 734 685 Quis
764 616 841 672 ita
867 617 1119 690 desipiat,
1178 626 1240 675 ut
1278 617 1387 675 hoc
1417 616 1636 690 sapiat?
1666 617 1805 674 Cum

215 724 345 782 ergo
403 708 477 765 sit
510 708 566 765 lu
604 707 784 765 medio
824 708 997 780 posita
1026 707 1258 767 facultas
1296 706 1525 779 eloquii,
1566 725 1688 781 quae
1733 709 1807 766 ad

212 802 593 878 persuadenda
628 818 725 860 seu
748 817 918 874 prava
963 817 1059 859 seu
1092 812 1245 859 recta
1281 803 1459 859 valeat
1482 801 1801 875 plurimum,

214 912 314 956 cur
338 913 447 955 non
476 897 743 955 bonorum
771 896 954 955 studio
975 904 1345 967 comparatur,
1387 905 1451 953 ut
1474 895 1673 956 militet
1704 912 1798 954 ve-

212 990 389 1057 ritati,
410 989 457 1046 si
484 1003 606 1047 eam
633 988 761 1047 mali
779 989 853 1045 ad
867 988 1192 1049 obtinendas
1208 1004 1497 1062 perversas
1520 1004 1804 1063 vanasque

214 1098 410 1141 causas
452 1081 667 1143 inlisus
685 1082 987 1157 iniquitatis
1015 1091 1075 1138 et
1096 1082 1304 1138 erroris
1336 1081 1647 1153 usurpant?
1689 1080 1803 1138 Sed

211 1190 549 1249 quaecunque
578 1184 708 1235 sunt
726 1172 796 1235 de
817 1176 923 1233 hac
941 1191 1002 1231 re
1028 1174 1440 1233 observationes
1473 1181 1639 1247 atque
1661 1189 1803 1247 prae-

211 1274 393 1338 cepta,
441 1267 642 1338 quibus
665 1282 792 1325 cum
819 1267 1033 1325 accedit
1059 1267 1117 1323 in
1148 1266 1401 1339 pluribus
1416 1266 1599 1323 verbis
1638 1282 1805 1323 orna~

209 1361 519 1433 mentisque
550 1361 862 1428 verborum,
904 1361 1305 1423 exercitatioris
1328 1362 1526 1434 lingua
1557 1362 1801 1420 solertis-

207 1453 349 1510 sima
367 1454 731 1523 consuetudo,
762 1454 825 1509 tit
846 1453 941 1513 illa
955 1470 1076 1525 quae
1096 1454 1352 1513 facundia
1374 1454 1465 1513 vel
1489 1454 1801 1527 eloquentia

207 1546 543 1614 nominatur,
593 1546 712 1603 haec
758 1546 1001 1616 seposito
1022 1545 1093 1601 ad
1121 1546 1227 1602 hoc
1260 1562 1503 1619 congruo
1541 1547 1804 1619 temporis

208 1638 411 1710 spatio,
458 1644 588 1709 apta
625 1645 683 1694 et
700 1637 1060 1693 conveniente
1083 1644 1243 1694 atate
1270 1638 1530 1695 discenda
1559 1646 1689 1694 sunt
1720 1638 1801 1695 eis

208 1729 302 1800 qui
344 1730 449 1787 hoc
486 1728 738 1787 celeriter
771 1737 1019 1800 possunt.
1065 1728 1203 1799 Nam
1248 1738 1308 1787 et
1356 1730 1509 1802 ipsos
1542 1731 1802 1789 Romam

205 1818 487 1891 principes
516 1819 839 1890 eloquentiae
877 1836 986 1877 non
1014 1820 1190 1892 piguit
1218 1821 1421 1889 dicere,
1467 1822 1612 1892 quod
1658 1823 1800 1879 hanc

1905 616 2079 672 multa
2115 632 2237 688 quae
2264 616 2599 688 appellantur
2629 618 2983 688 sophismata,
3014 614 3165 675 falsa:
3185 618 3483 683 conclusio-

1903 724 2001 765 nes
2028 709 2319 777 rationum,
2369 716 2429 765 et
2457 710 2774 781 plerumque
2799 711 2877 767 ita
2905 725 3067 770 veras
3105 713 3400 785 imitantes,
3428 726 3493 774 ut

1904 816 2011 857 non
2059 802 2233 858 solum
2273 803 2481 869 tardos,
2524 803 2620 857 sed
2645 802 2954 875 ingeniosos
2977 804 3144 861 etiam
3170 805 3349 862 minus
3402 807 3486 862 d1-

1902 890 2131 964 ligenter
2157 900 2394 950 attentos
2423 894 2713 963 decipiant.
2767 893 3057 965 Proposuit
3083 897 3228 953 enim
3264 898 3485 969 quidam

1901 986 2087 1044 dicens
2118 988 2172 1043 ei
2199 1003 2324 1044 cum
2361 1003 2470 1060 quo
2516 988 2839 1059 loquebatur
2866 1009 2889 1045 :‘
2914 990 3069 1058 Quod
3107 1008 3200 1063 ego
3238 982 3378 1061 sum,
3431 1003 3490 1050 tu

1901 1096 2008 1135 non
2030 1097 2105 1135 es.
2125 1079 2199 1134 At
2217 1079 2308 1136 ille
2329 1081 2624 1137 consensit.
2674 1080 2877 1138 Verum
2902 1082 3049 1137 enim
3078 1090 3197 1138 erat
3222 1099 3288 1139 ex
3313 1091 3488 1156 parte,

1899 1170 1989 1227 vel
2019 1185 2089 1228 eo
2111 1171 2231 1242 ipso
2259 1173 2407 1243 quod
2445 1172 2551 1229 iste
2572 1173 2905 1243 insidiosius,
2958 1174 3049 1232 ille
3092 1177 3320 1248 simplex
3347 1184 3487 1235 erat.

1902 1262 2041 1320 Tum
2088 1265 2193 1321 iste
2216 1264 2427 1321 addidit
2454 1283 2466 1320 :
2495 1264 2611 1337 Ego
2639 1276 2814 1321 autem
2842 1267 2996 1325 homo
3024 1284 3162 1324 sum.
3217 1269 3332 1325 Hoc
3356 1284 3493 1342 quu-

1899 1374 2007 1430 que
2026 1374 2151 1416 cum
2165 1359 2236 1415 ab
2260 1374 2331 1416 eo
2348 1360 2669 1431 accepisset,
2694 1360 2957 1417 conclusit
2979 1362 3202 1418 dicens:
3227 1360 3304 1416 Tu
3330 1364 3493 1434 igitur

1902 1468 2009 1508 non
2037 1470 2090 1508 es
2110 1454 2287 1508 homo.
2317 1454 2470 1521 Quod
2490 1456 3043 1526 genuscaptiosarurn
3059 1455 3494 1526 conclusionum,

1902 1541 2186 1615 Scriptura
2206 1552 2467 1614 quantum
2497 1545 2753 1601 existimo
2774 1547 3095 1614 detestatur,
3135 1547 3226 1603 illo
3252 1548 3373 1604 loco
3398 1548 3492 1606 ubi

1901 1637 2107 1694 dictum
2124 1646 2229 1704 est,
2248 1637 2353 1704 Qui
2376 1638 2654 1708 sophistica
2688 1639 2922 1712 loquitur
2948 1640 3161 1697 adibitis
3184 1651 3263 1696 est
3290 1641 3485 1714 (Eeoli.

1900 1728 2134 1801 xxxvn).
2163 1728 2487 1799 Quanquam
2509 1729 2677 1786 etiam
2704 1744 2889 1797 somno
2912 1746 3022 1788 non
3048 1732 3339 1803 captiosus,
3392 1732 3493 1789 sed

1900 1829 2084 1879 tamen
2114 1824 2483 1885 abundantius
2522 1838 2689 1895 quam
2714 1825 3038 1897 gravitatem
3081 1826 3239 1882 decet
3257 1865 3272 1894 ,
3295 1825 3492 1881 verbo-

205 1922 381 1970 artem
411 1914 521 1971 nisi
540 1915 632 1985 qui
655 1915 771 1971 cito
789 1915 964 1986 possit
989 1916 1322 1987 perdiscere,
1370 1932 1651 1987 nunquam
1684 1932 1801 1972 om-
1827 1924 1877 1987 Β
1901 1931 2024 1972 rum
2051 1926 2373 1974 ornamenta
2385 1925 2728 1985 consectans,
2754 1918 3080 1989 sophisticae
3094 1917 3325 1974 dicatur.
3352 1915 3494 1974 Sunt

204 2007 339 2063 nino
366 2008 560 2078 possit.
601 2006 708 2065 Sed
736 2023 840 2067 nos
873 2024 982 2066 non
1008 2024 1077 2066 ea
1111 2009 1251 2066 tanti
1276 2011 1584 2081 pendimus,
1632 2018 1695 2066 ut
1721 2010 1802 2067 eis

206 2101 490 2158 discendis
527 2100 645 2172 μω
684 2110 951 2171 maturas,
1000 2103 1093 2160 vel
1107 2104 1279 2161 etiam
1305 2119 1499 2176 graves
1522 2104 1804 2160 hominum

203 2201 398 2250 aetates
422 2194 650 2252 velimus
676 2196 941 2268 impendi.
983 2196 1133 2255 Satis
1168 2206 1257 2255 est
1290 2206 1352 2255 ut
1377 2198 1806 2257 adolescentulo-

205 2299 333 2341 rum
373 2286 478 2342 ista
508 2286 583 2342 sit
612 2301 778 2355 cura;
814 2302 921 2345 nec
945 2287 1189 2360 ipsorum
1240 2290 1485 2347 omnium
1524 2306 1665 2361 quos
1691 2289 1802 2347 uti-

203 2376 351 2436 litati
369 2381 757 2439 eeclesiasticst
777 2382 1030 2455 cupimus
1052 2383 1283 2451 erudiri,
1318 2385 1419 2441 sed
1446 2398 1639 2439 eorum
1667 2398 1805 2455 quos

202 2473 448 2530 nondum
483 2474 663 2547 magis
686 2490 910 2548 urgens,
944 2483 1005 2532 et
1033 2474 1165 2532 huic
1192 2475 1273 2532 rei
1302 2475 1421 2533 sine
1459 2474 1630 2535 dubio
1671 2490 1807 2546 prat-

204 2566 459 2633 pouenda
487 2567 787 2623 necessitas
811 2566 1117 2638 occupavit.
1146 2565 1414 2634 Quoniam
1435 2566 1481 2629 si
1504 2573 1724 2622 aeuum
1749 2571 1808 2622 et

204 2652 429 2715 fervens
462 2657 607 2714 absit
642 2657 945 2730 ingenium,
977 2657 1192 2715 facilius
1230 2658 1472 2717 adhuret
1496 2656 1807 2727 eloquentia

203 2746 532 2821 legentibus,
559 2759 617 2807 et
634 2751 981 2809 audientibus
1001 2750 1347 2822 eloquentes,
1357 2766 1521 2821 utram
1548 2749 1807 2821 eloquen-

204 2840 297 2896 tiae
348 2850 621 2913 praecepta
673 2843 1030 2900 sectantibus.
1075 2841 1188 2901 Nec
1219 2842 1402 2899 desint
1426 2841 1808 2899 ecclesiastica

205 2931 411 2988 litterae
455 2934 626 2993 etiam
671 2944 871 3005 praster-
898 2950 1167 2993 oanonem
1213 2936 1270 2991 in
1303 2935 1649 2993 auctoritatis
1680 2948 1809 2992 arce

202 3026 505 3084 salubriter
532 3028 836 3097 collocatas,
858 3045 995 3100 quas
1021 3029 1249 3100 legendo
1270 3031 1435 3088 homo
1460 3030 1662 3103 capiat,
1685 3039 1741 3087 et
1762 3030 1809 3088 si

204 3117 259 3173 id
286 3134 403 3175 non
424 3128 568 3191 agat,
610 3124 708 3179 sed
743 3124 1118 3181 tantumnodo
1149 3125 1315 3180 rebus
1350 3139 1473 3195 quas
1515 3124 1591 3180 ibi
1619 3125 1809 3180 dicun-

204 3216 294 3263 tur
338 3211 579 3269 intentus
607 3214 701 3281 sit,
740 3215 907 3271 etiam
946 3214 1164 3285 eloquio
1210 3230 1321 3285 quo
1351 3215 1629 3281 dicuntur,
1677 3213 1808 3271 dum

1901 2010 2069 2066 etiam
2110 2025 2261 2067 verae
2286 2010 2657 2068 connexiones
2693 2011 3130 2067 ratiocinationis
3173 2009 3345 2066 falsas
3388 2009 3490 2064 ha-

1900 2106 2092 2162 bentes
2118 2106 2439 2174 sententias,
2476 2121 2598 2177 quae
2623 2113 3032 2177 consequuntur
3054 2117 3300 2160 errorem
3346 2102 3493 2158 illius

1902 2212 2028 2253 cum
2052 2212 2162 2267 quo
2205 2198 2403 2271 agitur.
2456 2197 2588 2266 Quae
2629 2206 2814 2254 tamen
2851 2195 2921 2253 ad
2962 2197 3067 2254 hoc
3115 2195 3429 2255 ilnieruntur
3460 2211 3494 2252 a

1903 2291 2049 2347 bono
2078 2299 2136 2346 et
2156 2290 2321 2347 docto
2343 2291 2585 2357 homine,
2617 2299 2679 2347 ut
2716 2291 2805 2347 his
2826 2291 3160 2348 erubescens
3203 2290 3296 2346 ille
3334 2287 3493 2360 cuius

1903 2397 2148 2439 errorem
2187 2384 2457 2454 sequitur,
2506 2384 2759 2440 eumdem
2786 2383 3061 2455 relinquat
3087 2395 3352 2449 errorem,
3401 2380 3497 2453 qui

1904 2481 1954 2537 si
1982 2482 2039 2537 in
2063 2482 2257 2538 eodem
2306 2495 2528 2537 manere
2555 2479 2807 2545 voluerit,
2838 2491 3069 2534 necesse
3101 2484 3187 2531 est
3220 2482 3287 2530 ut
3328 2472 3497 2531 etiam

1906 2571 1999 2628 illa
2054 2587 2177 2643 qua
2209 2573 2433 2629 damnat
2486 2581 2674 2628 tenere
2719 2578 2967 2642 cogatur.
3024 2566 3142 2623 Non
3184 2566 3329 2621 enim
3362 2578 3497 2621 vera

1907 2665 2177 2723 inferebat
2198 2666 2488 2739 Apostolus
2516 2680 2642 2722 cum
2667 2664 2914 2721 diceret:
2944 2660 3129 2733 Neque
3148 2656 3391 2715 Christus
3418 2673 3500 2713 ro-

1909 2757 2160 2814 surrezit.
2188 2758 2259 2813 Et
2278 2759 2375 2814 illa
2401 2758 2512 2815 alia
2543 2777 2556 2813 :
2586 2756 2776 2811 Inanis
2812 2764 2889 2811 est
2907 2754 3042 2825 ﬁdes
3079 2762 3283 2819 nostra,
3320 2750 3498 2807 inanis

1909 2862 1989 2908 est
2014 2862 2064 2908 et
2107 2851 2417 2926 praedicatio
2468 2860 2650 2907 nostra
2704 2850 2758 2923 (1
2782 2847 2907 2905 Cor.
2941 2847 3055 2921 xv).
3109 2847 3239 2915 Quae
3278 2843 3502 2900 omnino

1909 2943 2049 3000 falsa
2077 2953 2225 3011 sunt,
2271 2945 2401 3014 quia
2434 2952 2492 2999 et
2523 2942 2774 2999 Christus
2806 2940 3126 3006 resurrexit,
3154 2945 3211 2994 et
3236 2952 3343 2993 non
3385 2942 3504 2992 erat

1911 3037 2094 3095 inanis
2121 3037 2435 3109 pradicatio
2458 3052 2649 3093 eorum
2684 3037 2779 3108 qui
2808 3035 2912 3093 hoc
2939 3032 3360 3098 annuntiabnnt,
3397 3045 3499 3086 nec

1911 3131 2048 3187 ﬁdes
2075 3145 2262 3187 eorum
2289 3132 2382 3202 qui
2411 3131 2515 3186 hoc
2539 3130 2900 3186 crediderant.
2936 3128 3007 3182 At
3042 3127 3171 3198 quis
3193 3124 3388 3180 falsum
3421 3129 3505 3177 est

1913 3223 2059 3294 quod
2080 3224 2347 3296 sequitur,
2373 3239 2601 3281 necesse
2627 3230 2712 3279 est
2736 3230 2799 3278 ut
2821 3220 3023 3277 falsum
3044 3220 3116 3275 sit
3134 3218 3279 3290 quod
3304 3228 3508 3287 praece-

206 3300 261 3357 in
326 3300 415 3357 his
461 3314 731 3369 versatur,
774 3307 1074 3375 imbuitur;
1112 3309 1410 3364 accedente
1452 3308 1539 3363 vel
1569 3307 1807 3364 maxime
1833 3308 1881 3375 α
1912 3315 2009 3372 dit.
2063 3315 2329 3371 Praecedit
2360 3316 2509 3372 enim
2558 3328 2669 3371 non
2693 3327 2813 3369 esse
2858 3310 3317 3367 resurrectionem
3358 3318 3507 3361 m0!"

204 3394 606 3451 exercitatione
631 3396 747 3451 sive
776 3397 1075 3464 scribendi,
1105 3401 1221 3452 sive
1240 3398 1501 3466 dictandi,
1534 3408 1807 3469 postremo

206 3489 387 3543 etiam
423 3488 661 3556 dicendi,
710 3505 835 3561 quae
871 3491 1169 3547 secundum
1195 3493 1417 3562 pietatis
1457 3508 1527 3548 ac
1548 3493 1671 3548 ﬁdei
1718 3507 1810 3548 ro-

205 3580 399 3649 gulam
430 3581 618 3636 sentit.
649 3580 759 3637 Sed
782 3583 900 3638 haec
922 3582 989 3638 de
1018 3584 1292 3640 rhetorica
1321 3599 1468 3640 nunc
1492 3584 1638 3642 dicta
1664 3585 1813 3641 sufﬁ-

211 3670 394 3735 ciant,
428 3687 554 3726 cum
576 3688 922 3729 reservamus
953 3674 1117 3745 paulo
1142 3683 1267 3745 post
1309 3674 1437 3746 jura
1460 3676 1703 3734 eiusdem
1754 3677 1811 3735 in

207 3757 438 3814 dicendi
476 3772 677 3830 genere
712 3760 926 3831 planius
963 3763 1411 3824 demonstranda.

834 3869 1061 3929 CAPUT
1098 3874 1220 3930 XX.

813 3962 893 4019 De
927 3964 1225 4021 dialectica.

282 4056 583 4114 Dialectica
628 4064 713 4114 est
739 4057 1024 4131 disciplina
1058 4061 1343 4118 rationalis
1368 4064 1666 4134 quaerendi,
1714 4062 1819 4120 dif-

216 4150 445 4206 ﬁniendi
476 4159 531 4206 et
559 4151 881 4219 disserendi,
924 4153 1092 4209 etiam
1118 4170 1251 4210 vera
1298 4163 1356 4211 et
1379 4170 1411 4211 a
1432 4155 1589 4212 falsis
1616 4156 1821 4212 discer-

214 4242 387 4298 nendi
448 4251 660 4315 potens.
722 4244 850 4300 ﬂare
902 4259 1035 4314 ergo
1078 4246 1363 4319 disciplina
1410 4248 1819 4320 disciplinarum

221 4346 338 4402 est;
372 4336 489 4391 ilth
522 4336 680 4393 docet
705 4337 924 4404 docere,
955 4338 1075 4393 hac
1101 4339 1261 4395 docet
1286 4341 1519 4407 discere,
1551 4340 1607 4394 in
1630 4340 1733 4395 hac
1762 4354 1823 4395 se

1906 3413 2149 3474 tuorum,
2197 3407 2347 3478 quod
2377 3407 2632 3462 dicebant
2682 3403 2782 3470 illi,
2828 3417 3061 3473 quorum
3119 3410 3363 3455 errorem
3414 3394 3507 3451 de-

1910 3506 2124 3555 struere
2175 3498 2353 3553 voluit
2392 3495 2709 3568 Apostolus.
2760 3492 2937 3549 Porro
2980 3491 3124 3546 illam
3171 3486 3504 3546 sententiam

1910 3591 2325 3665 praecedentem,
2364 3606 2470 3661 qua
2497 3590 2751 3645 dicebant
2772 3601 2881 3643 non
2902 3599 3027 3642 esse
3056 3580 3511 3640 resurrectionem

1912 3676 2273 3752 mortuorum,
2292 3685 2606 3742 necessario
2622 3682 2887 3754 sequitur,
2897 3680 3077 3750 Neque
3089 3676 3331 3733 Christus
3343 3687 3516 3729 resur-

1914 3780 2069 3835 rexit.
2096 3778 2210 3834 Hoc
2228 3790 2411 3834 autem
2445 3778 2589 3848 quod
2611 3775 2879 3845 sequitur,
2909 3772 3105 3827 falsum
3121 3778 3234 3836 est;
3263 3767 3513 3824 Christus

1915 3873 2063 3928 enim
2108 3873 2410 3928 resurrexit
2451 3889 2465 3925 :
2510 3869 2708 3925 falsum
2737 3875 2822 3922 est
2866 3880 3005 3935 ergo
3038 3863 3182 3932 quod
3226 3858 3504 3932 praecedit.

1916 3961 2185 4019 Praecedit
2217 3971 2402 4017 autem
2455 3975 2565 4016 non
2608 3972 2729 4016 esse
2766 3955 3222 4012 resurrectionem
3272 3957 3514 4008 mortuo-

1918 4070 2040 4113 rum
2065 4074 2079 4111 :
2120 4064 2203 4112 est
2229 4057 2395 4128 igitur
2421 4051 2750 4111 resurrectio
2774 4058 3130 4106 mortuorum.
3164 4046 3319 4115 Quod
3344 4052 3518 4099 totum

1920 4149 2165 4206 breviter
2184 4150 2258 4205 ita
2288 4149 2488 4204 dicitur
2533 4165 2548 4202 :
2591 4145 2650 4204 Si
2678 4161 2788 4202 non
2810 4152 2895 4199 est
2919 4141 3251 4199 resurrectio
3282 4145 3522 4194 mortuo-

1902 4230 2063 4311 rum,
2124 4258 2303 4314 neque
2356 4242 2607 4299 Christus
2660 4238 3004 4297 resurrexit:
3042 4234 3293 4293 Christus
3334 4240 3517 4285 autem

1924 4337 2225 4389 resurrexit
2249 4350 2264 4399 ;
2308 4345 2400 4407 est
2430 4335 2596 4404 igitur
2620 4331 2947 4386 resurrectio
2972 4330 3333 4381 mortuorum.
3385 4320 3523 4377 Cum

219 4430 340 4501 ipsa
386 4431 525 4485 ratio
570 4431 907 4488 demonstrat
951 4440 1113 4503 atque
1166 4434 1343 4503 aperit
1392 4434 1514 4504 qua!
1550 4434 1644 4499 sit,
1694 4432 1825 4503 quid
1925 4440 2057 4500 ergo
2078 4428 2188 4483 sint
2210 4440 2351 4482 verte
2380 4425 2770 4490 connexiones,
2800 4438 2909 4477 non
2932 4420 3107 4477 solum
3134 4416 3524 4483 verarum,sed
3568 4456 3572 4477 λ

218 4521 376 4583 velit,
408 4523 537 4591 quid
562 4523 761 4579 videat.
818 4525 935 4580 Scit
964 4527 1106 4583 scire
1141 4527 1275 4593 sola,
1301 4532 1357 4583 et
1386 4527 1623 4583 scientes
1645 4526 1827 4584 facere

222 4624 335 4663 non
362 4608 537 4663 solum
556 4614 690 4676 vult,
716 4613 811 4670 sed
842 4615 1007 4670 etiam
1036 4624 1234 4688 potest.
1286 4615 1344 4671 in
1372 4617 1475 4672 hac
1500 4618 1828 4673 ratiocinan-

1928 4522 2094 4577 ctiam
2143 4519 2401 4576 falsarum
2446 4517 2861 4583 sententiarum,
2904 4514 3064 4569 facile
3103 4521 3189 4567 est
3240 4510 3528 4566 veritatem

1931 4614 2333 4671 connexionum
2391 4612 2557 4668 etiam
2601 4611 2659 4664 in
2708 4606 2911 4664 scholis
2954 4605 3063 4659 illis
3112 4604 3345 4668 discere,
3405 4616 3528 4670 qua:

224 4705 312 4752 tes
361 4699 739 4769 cognoscimus
771 4701 901 4770 quid
943 4720 1130 4756 sumus
1177 4713 1231 4757 et
1270 4706 1414 4760 unde
1449 4722 1636 4761 sumus
1665 4723 1681 4773 ;
1721 4722 1822 4777 per
1848 4704 1902 4763 D
1925 4714 2125 4778 przetcr
2144 4705 2440 4761 Ecclesium
2467 4709 2614 4766 sunt,
2638 4698 3032 4756 sententiarum
3053 4702 3237 4749 mitem
3265 4693 3528 4748 veritates

226 4789 373 4846 hanc
426 4792 776 4863 intelligimus
803 4794 930 4864 quid
978 4796 1048 4850 sit
1090 4794 1295 4852 faciens
1321 4798 1549 4865 bonum,
1595 4808 1650 4853 et
1696 4800 1826 4870 quid

234 4882 441 4940 factum
473 4887 704 4954 bonum;
736 4889 864 4958 quid
900 4897 1131 4956 creator,
1190 4898 1243 4945 ct
1266 4890 1395 4961 quid
1421 4900 1705 4957 creatura;
1733 4906 1829 4963 per

231 4974 382 5031 hanc
440 4976 833 5049 investigamus
885 4982 1209 5049 veritatem,
1268 4992 1324 5037 et
1376 4984 1831 5054 deprehendimus

232 5067 568 5135 falsitatem;
609 5085 708 5140 per
751 5070 893 5125 hanc
938 5083 1402 5145 argumentemur,
1427 5085 1483 5130 et
1529 5077 1832 5132 invenimus

237 5159 368 5228 quid
395 5160 467 5213 sit
496 5175 862 5229 consequens,
905 5162 1037 5232 quid
1073 5176 1183 5218 non
1207 5178 1570 5233 consequens,
1619 5177 1676 5220 et
1702 5170 1832 5237 quid

238 5267 546 5323 repugnans
583 5253 640 5309 in
679 5269 860 5309 rerum
896 5262 1113 5322 natura,
1169 5257 1298 5329 quid
1323 5272 1538 5323 verum,
1584 5259 1712 5328 quid
1741 5275 1832 5314 ve-

245 5342 497 5409 risimile,
557 5353 611 5400 et
639 5347 768 5416 quid
798 5347 1017 5418 penitus
1046 5347 1241 5429 falsum
1266 5350 1325 5404 iu
1353 5342 1828 5421 diSputationibus.

238 5433 298 5490 in
327 5435 432 5491 hac
464 5434 610 5492 enim
631 5441 913 5510 disciplina
934 5453 1373 5515 unamquamque
1397 5454 1511 5499 rem
1542 5445 1836 5515 quaerimus

239 5534 536 5605 sagaciter,
614 5542 672 5590 et
720 5530 1017 5589 difﬁnimus
1070 5537 1365 5599 veraciter,
1426 5543 1481 5587 et
1521 5538 1838 5596 disserimus
1924 5606 1931 5609 _

235 5628 557 5698 prudenter.
606 5624 949 5698 Quapropter
994 5631 1209 5695 Oportet
1228 5625 1454 5682 clericos
1493 5624 1632 5680 hanc
1665 5630 1837 5679 artem

242 5717 644 5775 nobilissimam
680 5719 842 5784 scire,
872 5717 1095 5788 ejusque
1118 5717 1241 5789 jura
1276 5717 1330 5772 in
1354 5718 1585 5773 assiduis
1616 5718 1839 5773 medita-

244 5806 486 5866 tionibus
508 5811 730 5879 liabere,
761 5819 821 5868 ut
848 5810 1121 5867 subtiliter
1141 5810 1520 5866 haereticorum
1540 5811 1835 5867 versutiam

244 5894 347 5958 lite
393 5902 602 5974 passim
628 5903 966 5976 dignoscere,
1016 5918 1310 5973 eorumque
1349 5903 1492 5958 dicta
1527 5903 1838 5959 veneﬁcatis

1933 4798 1989 4852 in
2046 4796 2249 4851 sanctis
2297 4794 2449 4849 libris
2498 4789 2881 4848 ecclesiasticis
2937 4785 3329 4860 investigandae
3378 4792 3527 4840 sunt.

1934 4888 2053 4960 ipsa
2080 4897 2262 4943 tamen
2290 4888 2495 4944 veritas
2529 4884 2929 4943 connexionum
2978 4898 3085 4939 non
3118 4881 3382 4946 instituta,
3435 4879 3529 4935 sed

1939 4982 2319 5037 animadversa
2356 4989 2441 5036 est
2491 4980 2559 5035 ab
2598 4978 2907 5034 hominibus
2955 4984 3009 5032 et
3053 4981 3262 5038 notata,
3295 4979 3356 5026 ut
3404 4985 3529 5025 eam

1938 5075 2153 5146 possint
2175 5074 2261 5130 vel
2283 5075 2493 5129 discere
2514 5072 2597 5126 vel
2622 5074 2836 5128 docere.
2868 5068 3003 5125 Nam
3035 5076 3118 5125 est
3143 5068 3199 5121 in
3230 5080 3410 5120 rerum
3438 5079 3528 5118 ra—

1938 5171 2086 5221 tione
2108 5176 2365 5238 perpetua
2401 5177 2454 5222 ct
2481 5167 2737 5222 divinitus
2768 5166 3037 5227 instituta,
3066 5170 3186 5231 quae
3213 5174 3243 5214 a
3267 5158 3381 5215 Deo
3406 5174 3528 5215 auc-

1937 5267 2056 5316 tore
2099 5266 2224 5316 sunt
2258 5258 2419 5316 facta.
2468 5259 2574 5316 Sed
2600 5260 2726 5331 quia
2760 5259 2825 5314 de
2856 5256 3029 5329 logica
3049 5252 3167 5326 jam
3188 5253 3442 5321 diximus,
3467 5256 3530 5311 de

1936 5351 2326 5410 mathematica
2372 5354 2769 5422 consequenter
2826 5349 3087 5407 dicemus.

2533 5456 2765 5523 CAPUT
2802 5464 2946 5521 XXI.

2480 5534 2561 5594 De
2603 5537 2990 5592 mathematica.

2014 5620 2399 5680 Mathematica
2442 5626 2527 5678 eet
2570 5640 2731 5696 quam
2776 5622 2970 5684 Latine
3016 5643 3307 5702 possumus
3348 5626 3530 5691 dicere

1944 5713 2305 5775 doctrinalem
2336 5713 2643 5786 scientiam,
2679 5735 2799 5790 quae
2842 5720 3172 5783 abetraclam
3221 5726 3533 5785 considerat

1942 5811 2325 5883 quantitatem.
2344 5808 2635 5871 Ahstracta
2662 5810 2804 5869 enim
2827 5814 3103 5886 quantitas
3125 5810 3340 5881 dicitur,
3370 5831 3532 5884 quam

1943 5906 2217 5971 intellectu
2244 5920 2287 5963 ε.
2312 5908 2548 5969 materia
2571 5923 2917 5981 separamus,
2938 5904 3023 5967 vel
3046 5909 3116 5965 ab
3135 5908 3257 5967 aliis
3277 5909 3534 5965 accnderi-
