3974 6438
444 423 556 483 399

1095 420 1160 474 Β.
1196 416 1452 474 RABANI
1489 413 1710 472 MAURI
1745 413 2067 471 ARCHIEP.
2110 413 2421 474 MOGUNT.
2459 414 2750 473 OPERUM
2785 413 2966 472 PARS
3001 414 3042 469 ι.

3618 387 3732 465 m

447 536 614 600 tibus,
667 541 728 589 ut
747 539 833 589 est
865 546 984 602 par,
1033 531 1229 600 impar,
1282 529 1366 583 vel
1404 529 1472 583 ab
1503 526 1622 582 aliis
1658 516 2025 594 hujuscémodi
2053 530 2101 588 Α
2131 525 2262 583 facit
2312 543 2420 584 non
2450 528 2697 601 intelligi,
2748 529 3011 584 translate
3061 540 3126 581 ac
3163 525 3394 597 mystice
3431 523 3617 592 posita
3677 525 3733 579 in

447 642 568 698 quae
588 625 643 680 in
673 622 784 679 sola
819 619 1231 676 ratiocinatione
1253 627 1566 673 tractamus.
1615 615 1741 672 Hac
1769 616 2024 671 dividitur

449 719 504 774 in
557 713 976 780 arithmeticam,
1025 711 1310 776 musicam,
1349 709 1720 779 geometriam,
1778 716 2022 764 astrono-

449 808 613 862 miam
644 823 656 860 :
694 803 761 859 de
797 803 994 876 quibus
1024 801 1248 876 singulis
1293 801 1590 858 secundum
1627 800 1870 856 ordinem
1915 799 2025 854 dis-

448 911 711 955 seremus.

1019 987 1245 1044 CAPUT
1282 985 1445 1042 XXII.

1021 1080 1101 1136 De
1127 1078 1472 1134 arithmetica.

516 1179 878 1234 Arithmetica
905 1183 990 1232 est
1015 1174 1302 1243 disciplina
1335 1171 1655 1242 quantitatis
1685 1170 2034 1226 numerabilis

449 1270 747 1326 secundum
773 1269 1027 1338 seipsam.
1072 1265 1170 1320 Est
1193 1265 1336 1319 enim
1363 1262 1641 1332 disciplina
1663 1277 2030 1316 numerorum.

419 1347 635 1418 'Grmci
703 1361 848 1415 enim
910 1373 1197 1414 numerum
1267 1354 1500 1429 ἅριθμον,
1577 1355 1874 1421 arithmon,
1941 1372 2034 1409 vo-

451 1463 598 1521 cant,
637 1469 798 1524 quem
837 1452 1130 1522 scriptores
1160 1450 1462 1504 litterarum
1492 1448 1852 1514 saecularium,
1899 1449 2039 1502 inter

453 1545 766 1616 disciplinas
795 1541 1206 1598 mathematicas
1252 1540 1374 1595 ideo
1416 1539 1646 1609 primam
1692 1553 1812 1594 esse
1857 1539 2040 1594 volue-

461 1646 604 1704 runt,
661 1637 917 1707 quoniam
943 1636 1059 1706 ipsa
1102 1641 1160 1688 ut
1186 1634 1276 1701 sit,
1335 1632 1477 1687 nulla
1520 1631 1624 1686 alia
1652 1631 1854 1686 indicat
1883 1631 2041 1686 disci-

449 1731 616 1802 plina.
673 1729 874 1783 Musica
927 1736 1108 1781 autem
1154 1733 1211 1779 et
1261 1724 1556 1793 geometria
1607 1733 1662 1778 et
1708 1722 2040 1776 astronomia

450 1840 572 1896 qum
601 1831 919 1893 sequuntur,
945 1828 1004 1874 ut
1024 1820 1132 1875 sint
1161 1827 1325 1888 atque
1352 1817 1672 1882 subsistant,
1700 1815 1856 1870 istius
1883 1823 2042 1885 egent

2135 618 2452 690 Scripturis.
2515 620 2792 691 ingenium
2833 620 3052 689 quippe,
3082 623 3144 672 ut
3166 616 3237 671 ita
3275 615 3532 680 dixerim,
3581 614 3735 685 inge-

2133 713 2290 767 nium
2328 728 2438 767 non
2473 721 2652 784 potest
2687 729 2797 768 non
2833 711 3039 769 moveri
3083 710 3212 781 quid
3239 708 3341 764 sibi
3381 708 3539 774 velit,
3591 707 3734 777 quod

2133 813 2188 859 et
2240 804 2451 876 Moyses
2498 814 2555 860 et
2604 805 2752 860 Elias
2797 814 2852 860 et
2893 805 3009 875 ipse
3049 802 3309 858 Dominus
3366 799 3734 872 quadraginta

2133 896 2322 954 diebus
2345 897 2743 970 jejunaverunt.
2773 897 2937 966 Cujus
2960 897 3188 953 actionis
3219 896 3484 966 ﬁguratus
3514 895 3736 965 quidam

2136 992 2309 1046 nodus
2357 991 2475 1047 sine
2517 991 2679 1063 hujus
2719 991 2932 1046 numeri
2977 989 3282 1061 cognitione
3324 996 3381 1043 et
3421 988 3739 1043 considera-

2137 1082 2283 1137 tione
2325 1098 2434 1138 non
2482 1082 2728 1137 solvitur.
2780 1082 2954 1136 Habet
2999 1082 3146 1136 enim
3196 1080 3484 1135 denarium
3522 1089 3734 1148 quater,

2137 1181 2393 1245 tanquam
2423 1174 2784 1245 cognitionem
2807 1173 3051 1228 omnium
3082 1187 3263 1227 rerum
3309 1170 3583 1226 intextam
3613 1177 3737 1225 tem-

2138 1266 2379 1334 poribus.
2421 1266 2780 1334 Quaternario
2810 1280 3042 1335 namque
3076 1279 3326 1330 numero,
3353 1273 3410 1319 et
3441 1263 3645 1317 diurna
3689 1271 3741 1317 et

2140 1373 2318 1413 annua
2347 1358 2617 1413 curricula
2647 1364 2981 1428 peraguntur
3006 1374 3018 1409 :
3052 1356 3244 1410 diurna
3288 1355 3600 1419 matutinis,
3631 1369 3741 1407 me-

2140 1450 2387 1516 ridianis,
2413 1450 2754 1520 vespertinis,
2785 1448 3170 1516 nocturnisque
3211 1446 3469 1500 horarum
3517 1444 3737 1514 spatiis;

2143 1557 2321 1597 annua
2350 1541 2552 1608 vernis,
2588 1541 2814 1606 aestivis,
2846 1538 3266 1605 autumnalibus,
3299 1539 3741 1607 hiemalibusque

2143 1635 2438 1690 mensibus.
2479 1634 2526 1687 A
2557 1642 2859 1704 temporum
2903 1641 3085 1686 autem
3120 1630 3482 1685 delectatione
3513 1630 3646 1684 dum
3691 1630 3742 1683 in

2145 1724 2479 1793 temporibus
2520 1723 2784 1788 vivimus,
2829 1732 3052 1791 propter
3111 1719 3476 1778 aeternitatem
3528 1721 3586 1774 in
3637 1734 3743 1788 qua

2144 1816 2327 1870 vivere
2369 1813 2645 1878 volumus,
2692 1813 3069 1869 abstinendum
3112 1819 3168 1866 et
3207 1809 3577 1882 jejunandum
3630 1822 3742 1872 est,

450 1916 670 1971 auxilio.
701 1913 854 1970 Scire
877 1920 1056 1968 autem
1085 1912 1343 1967 debemus
1371 1908 1666 1980 Josepltum
1692 1907 2040 1963 Ilcbratorum
2069 1897 2117 1958 Β
2145 1909 2392 1982 quamvis
2444 1919 2747 1978 temporum
2793 1908 3046 1963 cursibus
3081 1907 3194 1976 ipsa
3236 1906 3549 1960 insinuetur
3592 1905 3748 1959 nobis

451 2007 823 2063 doctissimum
882 2006 937 2059 in
988 2004 1164 2075 primo
1207 2003 1346 2058 libro
1401 2001 1818 2070 Antiquitatum,
1890 1997 2042 2052 titulo

452 2113 617 2164 nono,
646 2098 828 2152 dicere
849 2095 1252 2151 arithmeticam
1276 2103 1330 2148 et
1353 2093 1739 2148 astronomiam
1768 2091 2042 2145 Abraham

375 2253 397 2270 τ
449 2190 685 2261 primum
735 2187 1006 2260 Egyptiis
1059 2187 1388 2250 tradidisse;
1428 2185 1570 2240 unde
1622 2183 1828 2239 semina
1880 2182 2046 2236 susci-

448 2281 682 2351 pientes,
745 2287 806 2334 ut
842 2287 972 2334 sunt
1009 2279 1258 2335 homines
1310 2275 1563 2331 acerrimi
1601 2274 1824 2345 ingenii,
1883 2288 2044 2328 exco-

450 2371 614 2428 luisse
663 2371 767 2427 sibi
807 2370 1043 2441 reliquas
1089 2369 1252 2424 latius
1298 2365 1629 2434 disciplinas.
1676 2363 1819 2430 Quas
1851 2363 2044 2418 merito

453 2465 627 2519 sancti
659 2471 845 2535 patres
877 2461 1050 2517 nostri
1078 2459 1332 2531 legendas
1381 2456 1790 2512 studiosissimis
1825 2470 2046 2526 persua-

453 2555 606 2620 dent,
635 2553 893 2624 quoniam
923 2567 990 2606 ex
1021 2567 1214 2622 magna
1239 2557 1395 2620 parte
1424 2563 1522 2619 per
1550 2564 1644 2602 eas
1675 2562 1706 2601 a
1737 2545 2045 2601 carnalibus

453 2644 617 2699 rebus
656 2643 924 2714 appetitus
967 2641 1323 2705 abstrahitur,
1383 2647 1438 2692 et
1483 2637 1688 2693 faciunt
1737 2638 2046 2692 desiderare

450 2751 588 2804 quae,
647 2742 939 2806 praestante
967 2733 1216 2797 Domino,
1277 2730 1393 2785 solo
1439 2730 1708 2800 possimus
1755 2729 1918 2786 corde
1959 2745 2045 2783 re-

451 2827 680 2896 spicere.
726 2824 878 2882 Unde
923 2811 1062 2878 ratio
1107 2823 1319 2877 numeri
1349 2822 1744 2877 contemnenda
1783 2836 1890 2876 non
1939 2829 2044 2889 est,

450 2935 569 2989 qua:
619 2921 673 2974 in
701 2919 886 2974 multis
917 2928 1225 2973 sanctarum
1257 2916 1665 2986 Scripturaruin
1708 2914 1843 2970 locis
1882 2929 2045 2984 quam

451 3008 631 3080 magni
657 3009 1019 3063 existimanda
1049 3007 1140 3071 sit,
1192 3007 1334 3060 lucet
1355 3005 1642 3076 diligenter
1686 3005 2040 3060 intuentibus.

450 3099 561 3155 Nec.
610 3099 812 3154 frustra
859 3099 914 3152 in
953 3098 1202 3153 laudibus
1227 3097 1322 3151 Dei
1371 3096 1576 3150 dictum
1608 3102 1730 3150 est:
1764 3093 1957 3149 Omnia
1989 3095 2045 3148 in

447 3207 698 3244 mensura
747 3199 794 3244 et
818 3205 1034 3243 numero
1083 3197 1132 3242 et
1161 3188 1387 3260 pondere
1414 3186 1717 3258 disposuisti
1763 3185 1915 3258 (Sap.
1941 3186 2040 3257 xu).

444 3281 524 3334 lta
551 3295 681 3336 vero
709 3281 821 3359 suis
845 3280 1078 3350 quisque
1111 3291 1369 3333 numerus
1396 3276 1818 3348 pr0prietatibus
1869 3275 2047 3330 termi—
2075 3266 2120 3330 C

447 3386 629 3439 natur,
687 3382 748 3427 ut
797 3374 976 3429 nullus
1027 3387 1216 3428 eorum
1265 3388 1363 3442 par
1404 3386 1529 3427 esse
1585 3372 1837 3440 cuiquam
1890 3371 2047 3425 alteri

445 3468 636 3538 possit.
682 3467 830 3538 Ergo
859 3475 915 3521 et
942 3467 1184 3537 dispares
1207 3466 1350 3521 inter
1375 3481 1433 3521 se
1481 3474 1645 3535 atque
1675 3465 1875 3520 diversi
1898 3473 2043 3532 sunt,

446 3570 503 3617 et
526 3560 723 3631 singuli
753 3560 952 3629 quique
981 3559 1180 3614 diversi
1220 3567 1364 3624 sunt,
1404 3566 1461 3613 et
1488 3557 1685 3628 singuli
1719 3559 1924 3628 quique
1980 3557 2044 3610 ti-

443 3653 546 3707 niti
574 3660 718 3717 sunt,
761 3660 816 3707 et
837 3666 1028 3707 omnes
1063 3650 1261 3706 infiniti
1291 3661 1436 3707 sunt.
1473 3651 1583 3706 Nec
1624 3652 1900 3706 audebunt
1957 3652 2047 3706 isti

444 3753 795 3800 contemnere
839 3757 1120 3809 numeros,
1175 3728 1358 3798 et'eos
1395 3742 1463 3796 ad
1492 3742 1776 3797 scientiam
1805 3741 1901 3796 Dei
1937 3757 2046 3796 non

445 3835 739 3907 pertinere,
776 3833 918 3902 apud
946 3847 1084 3902 quos
1111 3832 1266 3887 Plato
1290 3834 1459 3888 Deum
1497 3849 1692 3903 magna
1720 3832 2047 3904 auctoritate

443 3922 792 3983 commendat
821 3921 1083 3976 mundum
1108 3921 1350 3976 numeris
1386 3922 1762 3977 fabricantem.
1808 3922 1877 3976 Et
1905 3922 2048 3991 apud

443 4032 546 4072 nos
589 4014 861 4084 Pr0pheta
913 4012 981 4067 de
1026 4011 1137 4066 Deo
1177 4011 1352 4067 dicit:
1386 4011 1490 4078 Qui
1537 4014 1732 4085 profert
1775 4029 2049 4068 numerose

441 4105 718 4162 saxulum.
768 4105 838 4160 Et
865 4103 1117 4159 Salvator
1149 4104 1203 4158 iu
1230 4104 1523 4176 Evangelio
1550 4124 1562 4158 :
1588 4104 1801 4176 Capilli,
1844 4105 2043 4175 inquit,

443 4196 599 4250 vestri
614 4212 790 4250 omnes
816 4195 1077 4249 numerati
1112 4204 1234 4248 sunt
1267 4193 1483 4267 (Matth.
1513 4195 1592 4267 x).
1624 4195 1880 4263 Quamvis
1903 4195 2046 4251 enim

450 4305 511 4344 se
547 4286 822 4356 obiectent
846 4291 1110 4357 aspectui,
1138 4290 1292 4356 quasi
1323 4291 1770 4356 corpusculorum
1801 4293 2047 4358 quaedam

445 4387 758 4452 simulacra,
789 4399 912 4440 cum
939 4385 1138 4439 senarii
1177 4385 1389 4439 numeri
1409 4385 1749 4456 compositio,
1779 4387 1864 4462 vel
1889 4387 2044 4454 ordo,

445 4481 530 4538 vel
556 4478 776 4551 partitio
803 4477 1094 4548 cogitatur,
1125 4486 1307 4532 tamen
1339 4477 1566 4533 validior
1584 4486 1641 4533 et
1657 4481 2047 4549 prmpotentior

442 4574 674 4644 desuper
721 4572 859 4627 ratio
888 4586 996 4626 non
1036 4571 1116 4627 eis
1147 4571 1337 4625 annuit
1363 4571 1608 4638 interius,
1654 4588 1774 4641 qua:
1798 4573 1904 4626 vim
1947 4591 2046 4627 nu-

375 4690 380 4741 ;
443 4661 580 4717 meri
621 4663 881 4725 continet,
929 4676 1028 4730 per
1057 4676 1218 4730 quem
1243 4663 1531 4717 circuitum
1570 4662 1800 4716 ﬁdeliter
1826 4663 1958 4718 dicit
1991 4663 2044 4719 id

443 4752 588 4824 quod
615 4751 813 4806 dicitur
833 4765 1000 4804 unum
1032 4766 1085 4803 1n
1110 4752 1373 4818 numeris,
1401 4755 1452 4806 in
1475 4752 1649 4806 nullas
1674 4762 1856 4822 partes
1877 4754 2042 4808 dividi

443 4858 625 4916 posse,
670 4841 817 4896 nulla
861 4849 1041 4896 autem
1071 4857 1298 4912 corpora
1355 4843 1458 4897 nisi
1494 4842 1549 4896 in
1582 4853 1764 4912 partes
1793 4845 2043 4899 innume-

445 4937 644 4993 rabiles
684 4934 874 5000 dividi,
907 4941 964 4987 et
988 4932 1203 4990 facilius
1230 4935 1428 4989 cmlum
1458 4944 1513 4989 et
1549 4945 1752 4990 terram
1781 4937 2038 5002 transire,

441 5044 562 5099 quae
605 5025 902 5082 secundum
933 5025 1206 5080 senarium
1251 5041 1538 5080 numerum
1596 5024 1860 5081 fabricata
1891 5034 2039 5092 sunt,

443 5133 607 5188 quam
631 5115 772 5170 ellici
803 5129 964 5185 posse
1000 5126 1060 5169 ut
1083 5117 1328 5171 senarius
1358 5131 1616 5170 numerus
1642 5132 1750 5170 non
1780 5117 1891 5169 suis
1922 5131 2047 5183 par-

445 5211 593 5266 tibus
619 5208 972 5279 compleatur.
1030 5206 1394 5274 Quamobrem
1421 5220 1528 5260 non
1551 5219 1842 5275 possumus
1867 5205 2048 5260 dicere

443 5308 733 5371 propterea
772 5297 1046 5353 senarium
1086 5311 1375 5352 numerum
1409 5311 1531 5351 esse
1556 5295 1856 5364 perfectum
1902 5297 2047 5366 quod

444 5407 538 5447 sex
571 5390 763 5445 diebus
796 5388 1023 5460 perfecit
1048 5389 1191 5443 Deus
1221 5386 1404 5441 omnia
1430 5401 1597 5456 opera
1625 5403 1744 5452 sua,
1803 5387 1895 5443 sed
1919 5403 2046 5458 pro-

441 5492 633 5556 pterea
666 5480 834 5534 Deum
878 5497 972 5536 sex
1005 5481 1193 5535 diebus
1221 5476 1516 5546 perfecisse
1556 5492 1724 5548 opera
1745 5493 1864 5545 sua,
1918 5480 2042 5549 quia

442 5571 693 5631 senarius
739 5583 1001 5623 numerus
1055 5567 1329 5632 perfectus
1371 5576 1473 5615 cst.
1541 5568 1732 5630 Itaque
1775 5570 1938 5617 etiam
1998 5570 2044 5618 si

443 5672 552 5726 ista
576 5682 685 5722 non
735 5670 942 5725 essent,
1010 5654 1290 5727 perfectus
1341 5653 1432 5708 ille
1479 5661 1668 5718 esset;
1708 5655 1808 5709 nisi
1861 5661 2043 5709 autem

445 5761 534 5813 ille
586 5755 862 5827 perfectus
903 5754 1071 5812 esset,
1125 5746 1231 5802 ista
1280 5745 1578 5802 secundum
1622 5759 1742 5801 eum
1800 5748 2042 5817 perfecta

445 5865 554 5924 non
607 5855 824 5908 essent.
893 5841 1250 5917 Numerorum
1298 5839 1465 5897 etiam
1514 5841 1782 5912 imperitia
1872 5841 2040 5896 inulta

2073 4618 2126 4682 ι)

2149 2003 2392 2060 doctrina
2439 2001 2952 2057 contemnendorum
2995 2009 3320 2071 temporum,
3375 2007 3434 2053 et
3479 2007 3744 2070 appeten-

2147 2097 2338 2152 dorum
2381 2105 2726 2152 aaternorum.
2757 2095 2928 2150 Porro
2957 2103 3137 2148 autem
3185 2094 3445 2150 denarius
3485 2109 3751 2148 numerus

2146 2188 2408 2243 creatoris
2449 2196 2611 2257 atque
2636 2195 2898 2242 creaturae
2941 2185 3211 2258 significat
3256 2185 3586 2250 scientiam;
3619 2200 3749 2239 nam

2146 2281 2363 2336 trinitas
2410 2281 2677 2336 creatoris
2727 2288 2830 2346 est,
2867 2279 3207 2348 septenarius
3251 2286 3434 2332 autem
3486 2293 3753 2332 numerus

2148 2382 2452 2428 creaturam
2494 2374 2719 2438 indicat,
2747 2381 2970 2442 propter
2997 2371 3163 2426 vitam
3189 2379 3246 2425 et
3271 2385 3491 2439 corpus.
3517 2368 3658 2423 Nam
3697 2370 3755 2423 in

2148 2465 2239 2519 illa
2263 2457 2371 2519 tria»
2389 2472 2513 2520 sunt
2537 2483 2550 2518 :
2583 2464 2727 2518 unde
2756 2464 2920 2518 etiam
2942 2471 3058 2518 toto
3077 2463 3262 2527 corde,
3284 2471 3395 2517 tota
3416 2463 3756 2524 anima,tota

2148 2564 2329 2610 mente
2376 2554 2677 2626 diligendus
2705 2562 2788 2608 est
2824 2544 3000 2619 Deus;
3030 2554 3084 2608 in
3113 2568 3340 2623 corpore
3369 2562 3554 2606 autem
3583 2553 3760 2605 mani-

2148 2646 2440 2703 festissima
2484 2654 2716 2718 quatuor
2763 2653 3061 2716 apparent,
3107 2645 3304 2716 quibus
3347 2650 3602 2706 constat,
3642 2642 3758 2696 ele-

2148 2751 2350 2797 menta.
2381 2741 2496 2797 Hoc
2539 2756 2670 2811 ergo
2719 2741 2942 2795 denario
2991 2740 3118 2794 dum
3170 2737 3548 2808 temporaliter
3600 2734 3762 2789 nobis

2150 2831 2473 2898 insinuatur,
2517 2831 2571 2885 id
2617 2839 2718 2894 est,
2767 2838 2962 2900 quater
3009 2830 3259 2894 ducatur,
3292 2837 3443 2882 caste
3472 2836 3528 2881 et
3573 2826 3760 2880 conti-

2149 2930 2342 2976 nenter
2364 2937 2394 2975 a
2420 2929 2724 2990 temporum
2750 2919 3107 2976 delectatione
3133 2919 3337 2983 vivere,
3370 2919 3478 2972 hoc
3505 2925 3596 2972 est
3626 2932 3764 2985 qua-

2149 3014 2398 3083 draginta
2430 3013 2617 3068 diebus
2638 3011 2903 3083 jejunare.
2935 3012 3048 3068 Hoc
3085 3019 3167 3067 est
3193 3011 3281 3066 lex
3319 3010 3476 3080 cujus
3519 3025 3762 3080 persona

2148 3113 2233 3160 est
2276 3105 2330 3158 in
2373 3103 2583 3174 Moyse;
2631 3103 2734 3159 hoc
2779 3113 2863 3158 est
2896 3103 3211 3174 praphetia,
3259 3100 3412 3171 cujus
3463 3117 3762 3171 personam

2150 3196 2288 3268 gerit
2317 3195 2486 3261 Elias;
2532 3196 2637 3250 hoc
2682 3196 2795 3264 ipsc
2837 3193 3098 3250 Dominus
3126 3201 3328 3258 monet,
3356 3192 3448 3262 qui
3489 3201 3762 3258 tanquam

2155 3287 2526 3342 testimonium
2551 3287 2760 3341 habens
2783 3302 2812 3340 a
2834 3286 2951 3355 lege
2973 3294 3027 3339 et
3050 3283 3348 3354 prophetis,
3374 3280 3590 3334 medius
3616 3280 3763 3335 inter

2150 3382 2272 3436 illos
2318 3383 2373 3435 in
2420 3389 2625 3446 monte,
2678 3379 2853 3433 tribus
2900 3374 3179 3443 discipulis
3225 3372 3537 3428 videntibus
3591 3383 3761 3443 atque

2148 3470 2511 3540 stupentibus,
2540 3469 2757 3524 claruit.
2807 3465 3010 3520 Deinde
3057 3465 3136 3519 ita
3179 3464 3441 3535 quaeritur
3473 3467 3758 3534 quomodo

2147 3565 2641 3637 quinquagenarius
2672 3563 2738 3617 de
2781 3558 3210 3631 quadragenario
3250 3572 3481 3613 numero
3523 3558 3757 3622 existat,

2149 3664 2239 3733 qui
2270 3677 2376 3716 non
2411 3658 2759 3715 mediocriter
2785 3656 2841 3710 in
2879 3662 3063 3709 nostra
3095 3653 3353 3724 religione
3381 3660 3638 3707 sacratus
3675 3661 3759 3705 est

2148 3762 2368 3824 propter
2401 3751 2790 3812 Pentecosten;
2837 3755 2892 3801 et
2937 3744 3207 3814 quomodo
3256 3751 3339 3797 ter
3382 3741 3579 3796 ductus
3626 3758 3760 3812 pro-

2147 3854 2268 3916 pter
2309 3844 2413 3898 tria
2452 3853 2694 3911 tempora
2719 3847 2844 3894 ante
2875 3837 3067 3908 legem,
3096 3835 3196 3890 sub
3228 3833 3369 3906 lege,
3397 3834 3500 3889 sub
3535 3835 3758 3904 gratia;

2148 3938 2235 3993 vel
2280 3944 2501 4008 propter
2539 3949 2736 3988 nomen
2767 3931 2967 3994 Patris,
2996 3937 3051 3983 et
3080 3927 3232 3992 Filii,
3265 3935 3322 3982 et
3359 3923 3598 3996 Spiritus
3632 3942 3762 3979 san-

2151 4028 2253 4093 cti,
2293 4027 2546 4098 adjuncta
2576 4022 2905 4079 eminentius
2947 4021 3062 4092 ipsa
3108 4019 3396 4083 Trinitate,
3441 4019 3511 4072 ad
3552 4034 3764 4088 purga-

2151 4119 2375 4176 tissima:
2399 4115 2656 4173 Ecclesia:
2682 4113 2998 4186 mysterium
3047 4110 3332 4186 referatur,
3355 4109 3764 4180 perveniatque

2151 4212 2219 4266 ad
2247 4218 2464 4265 centum
2503 4207 2587 4262 vel
2619 4216 2730 4262 tres
2757 4206 2957 4277 pisces,
2984 4219 3120 4274 quos
3161 4203 3301 4258 retia
3342 4210 3461 4273 post
3507 4215 3764 4256 resurre-

2150 4300 2386 4354 ctionem
2433 4297 2647 4352 Domini
2694 4296 2748 4349 in
2796 4295 3075 4350 dexteram
3121 4301 3332 4363 partem
3376 4291 3540 4346 missa
3579 4306 3760 4362 cepe-

2152 4399 2294 4446 runt.
2333 4389 2412 4444 lta
2443 4388 2630 4444 multis
2657 4387 2777 4442 aliis
2813 4395 2975 4454 atque
3015 4384 3134 4441 aliis
3165 4399 3514 4439 numerorum
3552 4381 3762 4437 formis

2149 4482 2397 4554 quaedam
2423 4488 2649 4552 propter
2693 4477 3106 4534 similitudinem
3153 4477 3209 4532 in
3253 4477 3454 4532 sanctis
3479 4475 3644 4530 libris
3671 4492 3761 4531 se-

2149 4582 2296 4630 creta
2323 4582 2618 4644 ponuntur,
2649 4587 2769 4641 quae
2799 4581 3021 4642 propter
3047 4585 3394 4625 numerorum
3416 4565 3758 4634 imperitiam

2149 4664 2449 4735 legentibus
2477 4664 2661 4718 clausa
2711 4670 2854 4716 sunt.
2898 4662 3237 4728 Quapropter
3278 4671 3497 4711 necesse
3540 4666 3632 4710 est
3676 4658 3761 4712 eis

2148 4756 2240 4825 qui
2270 4753 2457 4809 volunt
2483 4754 2550 4807 ad
2591 4766 2762 4807 sacrm
2805 4749 3102 4818 Scriptura:
3137 4746 3385 4802 notitiam
3429 4747 3756 4816 pervenire,

2147 4856 2206 4900 ut
2243 4846 2383 4900 hanc
2412 4852 2584 4898 artem
2632 4843 2839 4897 intente
2881 4839 3124 4911 discant;
3173 4846 3228 4892 et
3268 4853 3392 4892 cum
3429 4836 3754 4900 didicerint,

2146 4936 2403 5007 mysticos
2433 4948 2689 4989 numeros
2731 4933 2788 4988 in
2822 4930 3020 4987 divinis
3056 4929 3212 4985 libris
3250 4927 3460 4984 facilius
3497 4926 3632 4982 hinc
3667 4927 3758 4983 in-

2147 5025 2406 5096 telligant.

2723 5113 2950 5171 CAPUT
2987 5111 3174 5168 XXIII.

2736 5205 2814 5260 De
2842 5205 3149 5277 geometria.

2218 5298 2373 5354 Nunc
2397 5296 2464 5352 ad
2491 5297 2842 5368 geometriam
2873 5298 3173 5362 veniamus,
3201 5312 3320 5366 qua:
3343 5303 3424 5351 est
3447 5294 3755 5364 descriptio

2140 5375 2563 5458 contemplativa
2590 5385 2910 5451 formarum,
2946 5387 3330 5441 documentum
3360 5385 3522 5438 etiam
3556 5385 3754 5439 usuale

2151 5478 2295 5551 [Al.,
2323 5475 2552 5547 visuale]
2595 5476 3075 5545 philosOphorum;
3125 5473 3304 5544 quod,
3347 5482 3405 5528 ut
3451 5475 3753 5544 praeconiis

2147 5565 2516 5620 celeberrimis
2542 5562 2799 5626 referant,
2825 5563 3016 5620 Jovem
3047 5580 3203 5620 suum
3231 5565 3289 5619 in
3314 5565 3571 5634 operibus
3605 5580 3745 5634 pm-

2146 5656 2278 5726 priis
2333 5654 2689 5726 geometriare
2749 5663 3036 5712 testantur.
3096 5657 3251 5724 Quod
3316 5657 3500 5712 nescio
3556 5667 3749 5712 utrum

2147 5745 2391 5799 laudibus
2417 5762 2482 5798 an
2505 5745 2984 5817 vituperationibus
3007 5747 3322 5817 applicetur,
3351 5745 3568 5816 quando
3592 5745 3748 5814 quod

2144 5837 2217 5892 illi
2263 5839 2491 5909 pingunt
2536 5837 2587 5890 in
2611 5837 2837 5906 pulvere
2863 5839 3094 5905 coloret),
3129 5837 3315 5893 Jovem
3347 5838 3527 5894 facere
3564 5851 3738 5894 men—
