3974 6444
990 500 1080 556 DE
1117 493 1562 557 CLERICORUM
1604 493 2108 560 msmmrous,
2147 490 2298 548 ETC.
2341 476 2412 534 —'
2448 488 2573 547 LIB,
2615 489 2701 549 tu.

3377 494 3486 552 ιω

211 622 418 679 tiuntur
442 617 498 675 in
518 617 676 675 coelo.
698 616 852 686 Quod
880 617 924 673 si
951 634 1080 674 vero
1105 619 1336 674 creatori
1358 625 1412 672 et
1435 614 1794 686 omnipotenti
1822 615 1875 676 Α
1899 615 2094 670 bamur
2118 628 2332 682 semper
2358 627 2480 670 esse
2518 613 2739 680 sociati;
2771 613 2986 685 quando
3012 625 3143 670 vero
3168 612 3486 687 iniquitates

214 717 321 771 Deo
359 712 650 768 salubriter
686 711 1002 782 applicetur,
1049 719 1227 781 potest
1275 726 1342 766 ex
1370 708 1640 765 sententia
1683 706 1793 762 for-

214 805 349 859 sitan
391 802 682 857 convenire
715 801 963 856 veritate.
996 800 1286 856 Geometra
1319 800 1486 866 enim,
1517 800 1564 853 si
1597 799 1683 854 fas
1711 805 1796 852 est

214 895 413 959 dicere,
459 902 652 949 sancta
707 893 982 959 divinitas,
1024 894 1278 963 quoniam
1333 901 1599 948 creatura:
1659 907 1791 957 suae,

214 999 368 1054 quam
406 999 580 1054 usque
618 983 780 1040 hodie
825 983 957 1039 facit
1001 985 1260 1050 existere,
1294 983 1540 1039 diversas
1583 983 1796 1053 species

212 1074 575 1145 formulasque
608 1075 885 1141 concedit;
926 1076 1142 1145 quando
1173 1091 1363 1131 cursus
1395 1075 1671 1130 stellarum
1701 1089 1798 1146 po-

214 1167 375 1222 tentia
406 1169 714 1222 veneranda
749 1169 1055 1233 distribuit,
1097 1176 1152 1224 et
1199 1168 1418 1223 statutis
1463 1167 1618 1222 lineis
1667 1166 1797 1222 fecit

213 1273 425 1313 currere
456 1275 575 1329 qum
609 1269 915 1325 moventur,
941 1269 1198 1329 certaque
1224 1259 1351 1314 sede
1379 1275 1497 1328 quae
1532 1266 1656 1314 sunt
1688 1257 1795 1312 ﬁxa

213 1350 509 1404 constituit.
560 1350 832 1420 Quidquid
889 1351 1033 1405 enim
1087 1352 1226 1405 bene
1286 1349 1590 1420 disponitur
1635 1357 1796 1418 atque

211 1441 567 1508 componitur,
598 1448 777 1510 potest
811 1439 1104 1510 disciplinae
1134 1439 1292 1508 hujus
1322 1440 1672 1510 qualitatibus
1703 1453 1798 1508 ap-

210 1530 413 1600 plicari.
457 1530 766 1587 Geometria
809 1532 1000 1586 Latine
1045 1531 1246 1587 dicitur
1292 1540 1450 1609 teme
1506 1531 1789 1595 dimensio,

210 1625 388 1693 sicque
433 1623 696 1678 dillinitur
733 1643 746 1678 :
787 1624 1094 1679 Geometria
1139 1633 1222 1679 est
1256 1623 1539 1694 disciplina
1585 1623 1796 1694 magni-

210 1715 407 1769 tudinis
457 1715 750 1770 immobilis
781 1725 837 1770 et
871 1714 1185 1770 formarum.
1225 1715 1380 1783 Quod
1415 1730 1512 1784 per
1554 1715 1797 1770 diversas

207 1803 407 1860 formas
432 1806 600 1876 ipsius
628 1807 942 1877 disciplinae,
969 1816 1029 1860 ut
1058 1806 1296 1861 nonnulli
1326 1807 1530 1870 dicunt,
1560 1805 1795 1874 primum

206 1894 474 1968 Egyptus
503 1899 735 1952 dominis
768 1899 1000 1968 propriis
1029 1898 1202 1953 fertur
1247 1913 1367 1953 esse
1405 1898 1658 1967 partitus,
1701 1911 1794 1951 cu-

1898 709 2156 779 gerimus,
2193 706 2456 763 musicam
2482 720 2591 762 non
2631 706 2913 762 habemus.
2947 704 3158 762 Caelum
3189 721 3403 778 quoque
3430 717 3484 764 et

1897 809 2063 866 terra,
2098 801 2184 856 vel
2212 801 2392 855 omnia
2441 814 2561 870 quae
2605 799 2661 854 in
2697 799 2778 855 eis
2817 814 3050 871 superna
3083 800 3488 870 dispensatione

1895 902 2250 964 peraguntur,
2284 908 2392 948 non
2437 898 2560 948 sunt
2597 891 2702 947 nisi
2751 891 2958 947 musica
3007 891 3314 963 disciplina,
3359 907 3483 948 cum

1898 984 2232 1056 Pythagoras
2259 986 2404 1039 hunc
2442 983 2700 1038 mundum
2728 999 2827 1054 per
2870 983 3133 1040 musicam
3179 983 3484 1049 conditum,

1898 1084 1956 1130 et
1981 1091 2079 1146 per
2099 1091 2220 1131 eam
2255 1074 2542 1147 gubernari
2574 1089 2732 1144 posse
2758 1082 3007 1129 testatur.
3045 1074 3172 1130 Haec
3202 1083 3255 1129 et
3284 1075 3337 1128 in
3366 1075 3488 1145 ipsa

1898 1180 2111 1236 quoque
2156 1165 2414 1236 religione
2457 1164 2763 1220 Christiana
2790 1165 2945 1221 valde
2980 1166 3242 1236 permista
3281 1174 3394 1233 est;
3426 1181 3492 1223 ac

1897 1253 2022 1308 inde
2070 1254 2127 1308 ﬁt
2171 1262 2229 1307 ut
2259 1269 2363 1308 non
2402 1269 2572 1325 pauca
2613 1255 2779 1309 etiam
2823 1254 3038 1310 claudat
3074 1265 3235 1326 atque
3264 1257 3488 1328 obtegat

1898 1345 2279 1398 nonnullarum
2321 1361 2501 1399 rerum
2538 1345 2868 1400 musicarum
2913 1345 3238 1417 ignorantia.
3268 1346 3405 1401 Nam
3437 1357 3495 1403 et

1898 1434 1964 1488 de
1993 1436 2231 1505 psalterii
2279 1445 2333 1490 et
2367 1436 2590 1491 citharae
2635 1434 2959 1501 differentia,
2989 1437 3207 1506 quidam
3253 1452 3362 1491 non
3406 1439 3492 1492 in-

1899 1530 2163 1584 concinne
2212 1530 2423 1599 aliquas
2466 1546 2647 1586 rerum
2690 1532 2892 1601 ﬁguras
2931 1533 3172 1603 aperuit;
3220 1541 3276 1588 et
3305 1533 3490 1588 decem

1899 1621 2181 1676 cordarum
2237 1619 2552 1690 psalterium
2602 1636 2707 1676 non
2752 1621 3064 1690 importune
3113 1623 3257 1676 inter
3303 1621 3494 1676 doctos

1897 1714 2176 1784 quaeritur,
2204 1722 2384 1767 utrum
2413 1715 2610 1768 habeat
2633 1714 2867 1783 aliquam
2897 1716 3116 1770 musicae
3143 1715 3335 1786 legem,
3368 1730 3488 1784 quae

1899 1806 1967 1859 ad
2004 1813 2212 1859 tantum
2257 1820 2546 1859 nervorum
2596 1821 2882 1860 numerum
2913 1816 3101 1877 cogat;
3134 1823 3202 1861 an
3251 1822 3396 1872 vero,
3445 1806 3490 1861 si

1898 1910 2003 1950 non
2058 1896 2250 1960 habet,
2281 1911 2346 1950 eo
2391 1896 2508 1966 ipso
2551 1897 2724 1967 magis
2769 1907 2980 1952 sacrate
3025 1898 3375 1968 accipiendus
3421 1899 3492 1952 sit

207 1984 290 2050 ius
323 1989 617 2059 disciplina:
657 1990 927 2057 magistri,
969 2005 1252 2044 .mensores
1294 1998 1421 2042 ante
1451 1987 1788 2043 dicebantur.
1820 1978 1869 2039 B
1898 1987 2011 2057 ipse
2047 2003 2322 2052 numerus,
2354 1988 2436 2041 vel
2480 1999 2702 2057 propter
2740 1989 3054 2061 decalogum
3087 1989 3242 2060 legis,
3271 1990 3338 2044 de
3383 2004 3494 2058 quo

208 2077 315 2132 Sed
352 2078 544 2145 Varro,
567 2082 925 2152 peritissimus
977 2082 1312 2147 Latinorum,
1345 2080 1505 2150 hujus
1557 2080 1791 2136 nominis

205 2186 424 2226 causam
477 2174 554 2228 sic
601 2175 875 2230 exstitisse
926 2183 1348 2240 commemorat,
1399 2174 1608 2238 dicens,
1644 2175 1794 2243 prius

205 2263 416 2329 quidem
448 2265 693 2321 homines
720 2282 818 2336 per
843 2267 1206 2322 dimensiones
1235 2275 1502 2321 terrarum
1545 2266 1793 2321 terminis

125 2403 130 2408 .
205 2355 413 2423 positis,
462 2359 784 2427 vagantibus
816 2359 1026 2428 pupulis
1057 2359 1208 2428 pacis
1244 2359 1393 2412 utilia
1435 2358 1785 2428 przestitisse;

205 2443 392 2500 deinde
414 2449 584 2502 totius
606 2450 731 2502 anni
755 2451 1013 2505 circulum
1037 2451 1352 2506 menstruali
1376 2466 1603 2505 numero
1625 2450 1791 2506 fuisse

203 2541 455 2608 partitos;
482 2543 624 2597 unde
642 2553 696 2598 et
718 2545 817 2614 ipsi
841 2559 1053 2599 menses
1074 2546 1216 2615 quod
1245 2561 1444 2599 annum
1474 2545 1786 2610 metiantur,

203 2632 357 2687 edicti
390 2644 539 2689 sunt.
573 2636 770 2692 Verum
807 2645 1090 2708 postquam
1119 2639 1221 2694 ista
1251 2648 1466 2708 reperta
1491 2647 1636 2702 sunt,
1666 2653 1790 2707 pro-

203 2727 373 2779 vocati
403 2728 633 2784 studiosi
658 2730 725 2784 ad
755 2730 842 2784 illa
881 2731 1166 2786 invisibilia
1188 2732 1581 2801 cognoscenda,
1610 2745 1792 2800 crepe-

203 2825 326 2869 runt
353 2832 600 2886 quaerere
629 2828 830 2890 quanto
865 2822 1040 2891 Spatio
1070 2837 1102 2875 a
1138 2830 1281 2876 terra
1313 2821 1460 2887 luna,
1491 2838 1520 2875 a
1550 2821 1676 2874 luna
1709 2819 1790 2875 sol

202 2901 311 2974 ipse
353 2906 616 2972 distaret,
649 2919 706 2964 et
737 2926 908 2982 usque
937 2913 1004 2966 ad
1040 2912 1299 2968 verticem
1332 2913 1456 2968 cmli
1489 2922 1687 2981 quanta
1729 2928 1788 2968 se

202 3007 450 3050 mensura
499 2998 861 3067 distenderet;
908 3003 1053 3071 quod
1090 3003 1447 3073 peritissimos
1483 3011 1788 3074 geometras

201 3094 477 3142 assecutos
519 3100 930 3147 commemorat.
961 3093 1112 3148 Tunc
1138 3101 1194 3148 et
1239 3093 1633 3149 dimensionem
1664 3095 1786 3148 uni-

203 3186 365 3230 versa:
431 3187 594 3234 terra:
645 3180 907 3250 probabili
966 3181 1136 3238 refert
1193 3185 1406 3240 ratione
1465 3184 1783 3250 collectam;

203 3262 425 3336 ideoque
452 3273 655 3329 factum
683 3285 740 3330 ut
781 3278 1066 3349 disciplina
1093 3281 1210 3351 ipsa
1245 3282 1554 3351 geometria:
1586 3297 1785 3338 nomen

203 3357 503 3427 acciperet,
556 3364 700 3432 quod
752 3381 847 3436 per
895 3371 1091 3422 saecula
1142 3372 1304 3441 longa
1353 3373 1604 3428 custodit.
1661 3372 1786 3428 Haec

203 3444 359 3514 igitur
413 3451 698 3522 disciplina
750 3457 804 3509 in
850 3459 1181 3514 tabernaculi
1218 3461 1508 3531 templique
1545 3463 1783 3519 aediﬁca-

203 3536 342 3592 tione
391 3552 610 3598 servata
655 3553 768 3611 est,
814 3547 905 3601 ubi
957 3549 1169 3605 liuealis
1205 3567 1474 3607 mensura:
1525 3553 1685 3608 unius
1733 3562 1788 3609 et

203 3628 385 3686 circuli
434 3649 500 3689 ac
550 3638 760 3706 sphera:
813 3651 973 3711 atque
1021 3644 1458 3713 hemispheriou,
1509 3648 1786 3716 quadran-

201 3719 333 3788 gulze
362 3738 582 3792 quoque
629 3728 847 3794 formae,
885 3742 940 3787 et
971 3742 1290 3790 czeterarum
1326 3737 1621 3807 ﬁgurarum
1671 3740 1785 3796 dis-

202 3811 398 3877 positio
459 3814 640 3870 habita
697 3826 826 3873 est:
873 3837 1102 3890 quorum
1155 3825 1394 3880 omnium
1471 3829 1661 3882 notitia
1717 3830 1784 3884 ad

203 3903 499 3970 spiritalem
547 3907 877 3966 intellectum
924 3929 1032 3969 non
1074 3930 1268 3971 narum
1316 3917 1538 3988 adjuvat
1582 3926 1784 3975 tracta-

204 4000 390 4050 torem.

758 4091 987 4151 CAPUT
1024 4096 1212 4155 XXIV.

757 4217 760 4220 ~
819 4189 899 4244 De
936 4193 1156 4247 musica.

270 4271 467 4330 Musica
499 4283 580 4331 est
612 4276 890 4350 disciplina
919 4298 1038 4352 quae
1062 4285 1129 4338 de
1153 4287 1395 4342 numeris
1425 4287 1664 4357 loquitur
1689 4289 1783 4360 qui

203 4363 264 4416 ad
297 4364 502 4435 aliquid
548 4379 701 4431 sunt,
751 4371 803 4426 id
845 4380 949 4438 est,
980 4375 1064 4429 his
1091 4376 1181 4446 qui
1225 4377 1576 4432 inveniuntur
1611 4380 1667 4434 in
1698 4395 1786 4435 so-

203 4454 280 4509 nis
306 4475 317 4509 :
346 4467 403 4511 ut
437 4459 680 4530 duplum,
713 4463 951 4534 triplum,
984 4469 1366 4538 quadruplum,
1393 4481 1448 4525 et
1477 4473 1562 4527 his
1586 4473 1783 4528 similia

204 4557 313 4610 qua:
357 4547 611 4604 dicuntur
636 4552 704 4606 ad
749 4554 971 4624 aliquid.
1003 4557 1129 4613 Haec
1172 4574 1301 4630 ergo
1346 4561 1630 4631 disciplina
1673 4572 1785 4619 tam

205 4635 390 4690 nobilis
417 4647 528 4704 est,
561 4646 779 4710 tamque
821 4646 992 4712 utilis,
1023 4657 1083 4701 ut
1109 4651 1200 4720 qui
1237 4666 1302 4705 ea
1330 4653 1590 4718 caruerit,
1616 4655 1785 4709 eccle-

204 4727 468 4785 siasticum
530 4732 767 4788 ofﬁcium
832 4753 1069 4808 congrue
1139 4741 1360 4810 implere
1430 4759 1534 4797 non
1589 4747 1778 4815 possit.

203 4816 459 4891 Quidquid
490 4823 634 4878 enim
663 4825 716 4880 in
749 4827 1070 4884 lectionibus
1097 4831 1352 4887 decenter
1374 4836 1780 4904 pronuntiatur,

203 4923 261 4964 ac
286 4914 550 4984 quidquid
576 4917 640 4970 de
673 4919 894 4986 psalmis
923 4922 1162 4976 suaviter
1186 4922 1242 4976 in
1281 4924 1508 4980 ecclesia
1539 4927 1781 4982 modula-

204 5008 302 5067 tur,
329 5003 492 5072 hujus
522 5005 815 5076 disciplinae
844 5011 1070 5065 scientia
1101 5012 1175 5066 ita
1205 5022 1560 5084 temperatur,
1587 5025 1642 5071 et
1671 5033 1778 5072 non

203 5093 366 5149 solum
412 5111 514 5168 per
557 5097 696 5154 hanc
740 5099 966 5170 legimus
1012 5109 1067 5155 et
1113 5105 1390 5172 psallimus
1434 5107 1488 5159 in
1525 5109 1777 5174 ecclesia,

206 5185 305 5241 imo
329 5205 490 5245 omne
515 5190 796 5246 servitium
823 5193 919 5246 Dei
951 5192 1052 5246 rite
1083 5193 1388 5262 implemus.
1422 5194 1625 5250 Musica
1653 5211 1782 5268 ergo

205 5277 477 5351 disciplina
512 5299 610 5354 per
641 5299 832 5341 omnes
860 5295 1014 5342 actus
1041 5285 1164 5340 vitae
1209 5296 1406 5341 nostrae
1436 5288 1539 5342 hac
1569 5289 1782 5345 ratione

205 5367 548 5428 diffunditur:
588 5375 823 5444 primum
851 5377 897 5431 si
931 5378 1192 5432 creatoris
1223 5379 1477 5434 mandata
1516 5379 1781 5436 faciamus

205 5470 257 5517 et
278 5467 426 5534 puris
454 5469 750 5533 mentibus,
777 5471 994 5524 statutis
1020 5472 1089 5526 ab
1111 5486 1176 5525 eo
1200 5472 1421 5542 regulis,
1451 5474 1775 5529 serviamus.

205 5552 466 5627 Quidquid
504 5559 647 5614 enim
695 5559 986 5628 loquimur,
1016 5559 1099 5614 vel
1145 5561 1473 5614 intrinsecus
1518 5577 1777 5612 venarum

204 5648 440 5714 pulsibus
469 5653 893 5714 commovemur,
941 5665 1038 5720 per
1068 5651 1304 5706 musicos
1333 5649 1615 5720 rhythmos
1653 5649 1777 5702 har-

209 5740 394 5795 moniae
441 5741 728 5800 virtutibus
777 5743 1037 5812 probatur
1083 5757 1202 5796 esse
1249 5742 1530 5798 sociatum.
1575 5740 1776 5796 Musica

210 5831 398 5902 quippe
441 5835 665 5890 scientia
709 5847 794 5891 est
835 5838 971 5892 bene
1019 5834 1347 5889 modulandi.
1390 5833 1543 5899 Quod
1590 5833 1636 5887 si
1675 5847 1775 5888 nos

207 5925 341 5981 bona
374 5931 785 5987 conversatione
827 5938 1146 5993 tractamus,
1177 5930 1268 5984 tali
1309 5929 1608 5997 disciplinae
1650 5928 1805 5998 pro-'

1896 2077 2024 2132 item
2066 2093 2290 2132 numero
2337 2080 2380 2132 si
2421 2089 2718 2149 qumratur,
2765 2097 2872 2135 non
2921 2083 3023 2137 nisi
3070 2083 3136 2136 ad
3181 2092 3491 2137 creatorem

1894 2181 2311 2241 creaturainque
2337 2173 2655 2230 referendus
2685 2185 2789 2241 est,
2820 2177 2904 2232 vel
2934 2188 3155 2248 propter
3185 2178 3490 2248 expositum

1893 2265 2070 2334 ipsum
2149 2266 2452 2320 denarium.
2513 2266 2580 2320 Et
2637 2267 2724 2322 ille
2781 2284 3039 2323 numerus
3114 2267 3492 2324 mdilicationis

1891 2359 2077 2426 templi
2103 2359 2193 2427 qui
2221 2368 2678 2414 commemoratur
2703 2360 2756 2412 in
2785 2359 3098 2431 Evangelia,
3129 2361 3486 2431 quadraginta

1892 2449 2096 2503 scilicet
2125 2458 2178 2503 et
2201 2465 2294 2504 sex
2317 2465 2601 2515 annorum,
2629 2451 2811 2506 nescio
2842 2452 2969 2521 quid
3003 2453 3267 2508 musicum
3293 2460 3484 2517 sonat;

1891 2549 1947 2597 et
1995 2541 2198 2597 relatus
2239 2541 2304 2596 ad
2350 2541 2609 2598 fabricam
2658 2543 2921 2598 Dominici
2966 2544 3226 2614 corporis,
3270 2553 3492 2614 pmpter

1891 2649 2054 2704 quam
2096 2633 2278 2704 templi
2311 2635 2514 2689 mentio
2543 2635 2684 2689 facta
2728 2645 2833 2700 est,
2876 2637 3021 2706 cogit
3060 2635 3346 2691 nonnullos
3379 2635 3488 2689 hae-

1892 2723 2094 2778 retices
2125 2725 2370 2779 conﬁteri
2405 2725 2600 2779 Filium
2652 2726 2744 2780 Dei
2789 2741 2896 2780 non
2943 2726 3082 2782 falso
3121 2727 3215 2782 sed
3268 2741 3396 2782 vero
3435 2735 3491 2780 et

1890 2813 2130 2870 humano
2174 2831 2402 2888 corpore
2455 2818 2725 2873 indutum.
2773 2819 2962 2888 Itaque
3006 2827 3062 2874 et
3105 2835 3391 2874 numerum
3435 2829 3492 2874 et

1891 2906 2155 2961 musicam
2191 2907 2463 2978 plerisque
2500 2909 2635 2965 locis
2664 2911 2718 2964 in
2747 2913 2948 2966 sanctis
2989 2911 3286 2983 Scripturis
3317 2914 3489 2968 hono-

1890 2996 2135 3052 rabiliter
2171 3000 2340 3068 posita
2371 3001 2696 3057 invenimus.
2745 3002 2863 3058 Non
2897 3005 3041 3059 enim
3072 3005 3327 3061 audiendi
3357 3014 3490 3060 sunt

1890 3104 2105 3145 errores
2131 3091 2412 3162 gentilium
2437 3095 2909 3164 superstitionum,
2935 3099 3029 3168 qui
3059 3113 3255 3153 novem
3285 3097 3486 3163 Musas,

1888 3187 1944 3235 et
1971 3179 2122 3237 Jovis
2164 3192 2221 3238 et
2267 3182 2540 3239 Memoria:
2586 3185 2724 3242 ﬁlias
2766 3201 2886 3242 esse
2925 3188 3218 3244 ﬁnxerunt.
3267 3187 3488 3243 Refellit

1890 3286 1986 3328 eos
2027 3273 2242 3329 Varro:
2273 3290 2382 3345 quo
2429 3277 2612 3332 nescio
2658 3287 2838 3332 utrum
2877 3280 3021 3349 apud
3059 3295 3155 3335 eos
3197 3281 3488 3351 quisquam

1815 3341 1863 3406 (ἶ
1893 3361 2082 3416 talium
2108 3341 2307 3418 rerum
2320 3365 2530 3421 doctior
2557 3367 2642 3421 vel
2669 3341 2941 3423 curiosior
2966 3383 3090 3424 esse
3117 3341 3309 3439 possit.
3339 3341 3487 3425 bicit

1887 3456 2034 3511 enim
2064 3457 2341 3514 civitatem
2377 3461 2561 3516 nescio
2587 3476 2748 3530 quam
2797 3460 2926 3530 (non
2957 3462 3102 3516 enim
3151 3477 3350 3518 nomen
3400 3477 3491 3518 re-

1887 3548 2027 3620 colo)
2069 3550 2275 3606 locasse
2329 3553 2472 3621 apud
2528 3561 2639 3606 tres
2689 3551 2929 3606 artiﬁces
2975 3560 3130 3607 terna
3193 3552 3486 3609 simulacra

1887 3639 2182 3708 Musarum,
2211 3645 2353 3713 quod
2383 3645 2437 3698 in
2470 3644 2668 3714 templo
2703 3643 2968 3712 Apollinis
2997 3643 3197 3698 donum
3226 3653 3482 3715 poneret,

1885 3739 1948 3785 ut
1987 3733 2232 3802 quisquis
2266 3735 2538 3790 artiﬁcum
2574 3735 2888 3804 pulchriora
2934 3734 3254 3801 formasset,
3291 3736 3360 3790 ab
3393 3735 3486 3789 illo

1885 3824 2225 3892 potissimum
2274 3827 2444 3881 electa
2495 3834 2723 3882 emeret.
2765 3826 2842 3881 lta
2874 3826 3167 3895 contigisse
3214 3835 3272 3880 ut
3318 3841 3484 3896 opera

1886 3930 1983 3969 sua
2013 3915 2089 3969 illi
2136 3932 2349 3986 quoque
2395 3916 2632 3970 artiﬁces
2659 3930 2813 3985 aeque
2861 3915 3086 3985 pulchre
3118 3914 3478 3984 explicarent,

1885 4012 1941 4059 et
1968 4005 2238 4076 placuisse
2269 4007 2474 4062 civitati
2501 4021 2690 4061 omnes
2716 4020 2911 4061 novem
2950 4014 3113 4075 atque
3141 4021 3330 4060 omnes
3361 4020 3485 4061 esse

1885 4105 2114 4168 emptas,
2147 4106 2205 4152 ut
2242 4099 2294 4152 in
2322 4098 2587 4168 Apollinis
2617 4097 2812 4168 templo
2844 4098 3256 4163 dedicarentur;
3287 4097 3484 4168 quibus

1882 4197 2070 4258 postea
2099 4190 2226 4244 dicit
2260 4189 2553 4244 Hesiodum
2591 4199 2808 4260 poetam
2845 4190 3167 4259 imposuisse
3195 4190 3479 4245 vocabula.

1885 4279 2004 4335 Non
2043 4297 2171 4351 ergo
2205 4280 2415 4352 Jupiter
2442 4299 2633 4337 novem
2675 4283 2856 4337 Musas
2886 4283 3094 4350 genuit,
3123 4283 3215 4336 sed
3247 4291 3356 4336 tres
3396 4281 3481 4336 fa-

1884 4369 1969 4423 bri
2018 4378 2202 4424 ternas
2253 4380 2590 4425 creaverunt.
2636 4370 2770 4426 Tres
2815 4380 2994 4426 autem
3039 4387 3145 4426 non
3192 4382 3478 4444 propterea

1886 4459 1974 4514 illa
2022 4461 2214 4516 civitas
2261 4462 2552 4528 locaverat,
2585 4462 2709 4531 quia
2758 4462 2810 4515 in
2846 4463 3051 4517 somnis
3097 4478 3191 4518 eas
3232 4463 3476 4531 viderat,

1885 4561 1980 4606 aut
2025 4561 2106 4608 tot
2146 4570 2204 4608 se
2246 4553 2563 4623 cujusquam
2610 4553 2824 4607 illorum
2855 4553 3028 4608 oculis
3068 4553 3476 4611 demonstrave-

1887 4651 2044 4710 rant;
2093 4645 2186 4699 sed
2232 4645 2358 4714 quia
2407 4644 2564 4698 facile
2615 4651 2735 4697 erat
2781 4643 3212 4698 animadvertere
3257 4659 3474 4698 omnem

1887 4750 2103 4802 sonum,
2148 4752 2268 4805 quae
2295 4736 2548 4790 materies
2586 4734 2980 4794 cantilenarum
3025 4741 3131 4799 est,
3173 4731 3474 4788 triformem

1885 4841 2006 4882 esse
2035 4836 2250 4882 natura.
2279 4827 2388 4881 Aut
2415 4827 2560 4882 enim
2586 4840 2718 4881 voce
2745 4825 2944 4892 editur,
2977 4825 3136 4880 sicuti
3167 4840 3355 4881 eorum
3393 4837 3478 4882 est

1885 4919 1978 4988 qui
2007 4919 2250 4975 faucibus
2297 4920 2410 4974 sive
2454 4934 2656 4990 organo
2690 4926 2926 4985 canunt;
2977 4926 3072 4974 aut
3118 4917 3277 4984 flatu,
3328 4919 3471 4973 sicut

1885 5009 2138 5064 tubarum
2163 5019 2219 5064 et
2246 5010 2528 5076 tibiarum;
2561 5017 2655 5063 aut
2683 5008 2859 5078 pulsu,
2894 5007 3036 5063 sicut
3063 5007 3118 5060 in
3149 5007 3377 5062 citharis
3417 5015 3475 5062 et

1883 5101 2172 5171 tympanis,
2203 5109 2260 5155 et
2300 5099 2629 5170 quibuslibet
2654 5099 2791 5162 aliis,
2822 5113 2943 5169 qua:
2987 5097 3336 5167 percutiendo
3378 5113 3470 5152 ca-

1885 5209 2018 5248 nora
2051 5203 2194 5248 sunt.
2225 5193 2330 5248 Sed
2356 5193 2470 5248 sive
2495 5208 2552 5248 se
2576 5194 2648 5247 ita
2679 5193 2874 5246 habeat
2901 5191 3045 5260 quod
3070 5190 3240 5244 Varro
3266 5191 3468 5253 retulit,

1883 5285 1998 5339 sive
2043 5300 2150 5339 non
2187 5284 2285 5349 ita,
2317 5299 2416 5338 nos
2453 5293 2632 5338 tamen
2664 5298 2771 5337 non
2816 5282 3074 5336 debemus
3115 5291 3336 5352 propter
3375 5300 3469 5338 su-

1882 5376 2256 5445 perstitionem
2297 5373 2647 5444 profanorum
2691 5372 2954 5427 musicam
2998 5370 3205 5444 fugere,
3253 5375 3298 5428 si
3341 5375 3472 5444 quid

1882 5467 2006 5522 inde
2049 5467 2178 5521 utile
2215 5467 2283 5521 ad
2327 5466 2702 5537 intelligendas
2746 5474 2964 5520 sanctas
3015 5465 3326 5536 Scripturas
3373 5482 3462 5521 ra-

1882 5576 2010 5625 pere
2052 5563 2382 5626 poterimus;
2431 5579 2532 5615 nec
2576 5562 2644 5612 ad
2690 5560 2903 5611 illorum
2953 5560 3244 5615 theatricas
3293 5576 3464 5634 nugas

1881 5649 2157 5714 converti,
2202 5648 2247 5702 si
2275 5648 2478 5718 aliquid
2507 5649 2574 5704 de
2605 5647 2827 5704 citharis
2854 5657 2911 5704 et
2943 5650 3008 5704 de
3048 5653 3286 5724 organis,
3317 5653 3462 5722 quod

1883 5743 1950 5796 ad
2000 5742 2260 5812 spiritalia
2298 5743 2556 5812 capienda
2611 5742 2820 5809 valeat,
2873 5743 3224 5814 disputemus.
3279 5743 3467 5814 Neque

1880 5837 2026 5893 enim
2062 5845 2116 5891 et
2153 5835 2363 5891 litteras
2391 5837 2597 5892 discere
2641 5853 2748 5893 non
2778 5837 3076 5902 debuimus,
3109 5839 3236 5908 quia
3272 5851 3464 5891 eorum

1881 5927 2051 5983 Deum
2101 5927 2287 5982 dicunt
2340 5942 2460 5984 esse
2517 5927 2879 5995 Mercurium;
2921 5939 3014 5984 aut
3059 5929 3183 5997 quia
3229 5924 3463 5980 Iustitia
