  <div class='ocr_page' id='page_1' title='image "/cluster/home/n/w/nwhite01/storage/ocr_20150623/107/hvd.32044015466832/207.png"; bbox 0 0 3974 6444; ppageno 0'>
   <div class='ocr_carea' id='block_1_1' title="bbox 465 432 3769 509">
    <p class='ocr_par' dir='ltr' id='par_1_1' title="bbox 465 432 3769 509">
     <span class='ocr_line' id='line_1_1' title="bbox 465 432 3769 509; baseline 0.003 -13"><span class='ocrx_word' id='word_1_1' title='bbox 465 441 574 509; x_wconf 70' lang='lat' dir='ltr'><strong>tos</strong></span> <span class='ocrx_word' id='word_1_2' title='bbox 1079 439 1141 496; x_wconf 78' lang='grc' dir='ltr'><strong>Β.</strong></span> <span class='ocrx_word' id='word_1_3' title='bbox 1181 434 1438 505; x_wconf 71' lang='lat' dir='ltr'><strong>MBAN!</strong></span> <span class='ocrx_word' id='word_1_4' title='bbox 1475 436 1698 503; x_wconf 68' lang='lat' dir='ltr'><strong>mum</strong></span> <span class='ocrx_word' id='word_1_5' title='bbox 1728 435 2052 501; x_wconf 74' lang='lat' dir='ltr'><strong>ARCHIEP.</strong></span> <span class='ocrx_word' id='word_1_6' title='bbox 2096 436 2409 501; x_wconf 82' lang='lat' dir='ltr'><strong>MOGUN’I&#39;.</strong></span> <span class='ocrx_word' id='word_1_7' title='bbox 2452 432 2741 507; x_wconf 75' lang='lat' dir='ltr'><strong>oPEBUM</strong></span> <span class='ocrx_word' id='word_1_8' title='bbox 2771 439 2955 507; x_wconf 73' lang='lat' dir='ltr'><strong>PARS</strong></span> <span class='ocrx_word' id='word_1_9' title='bbox 2992 442 3033 500; x_wconf 82' lang='grc' dir='ltr'><strong>ι.</strong></span> <span class='ocrx_word' id='word_1_10' title='bbox 3658 449 3769 507; x_wconf 74' lang='lat' dir='ltr'><strong>tot</strong></span> 
     </span>
    </p>
   </div>
   <div class='ocr_carea' id='block_1_2' title="bbox 466 549 3770 639">
    <p class='ocr_par' dir='ltr' id='par_1_2' title="bbox 466 549 3770 639">
     <span class='ocr_line' id='line_1_2' title="bbox 466 549 3770 639; baseline 0.001 -27"><span class='ocrx_word' id='word_1_11' title='bbox 466 554 780 639; x_wconf 75' lang='lat' dir='ltr'><strong>Virtutique</strong></span> <span class='ocrx_word' id='word_1_12' title='bbox 807 552 1007 633; x_wconf 86' lang='lat' dir='ltr'><strong>templa</strong></span> <span class='ocrx_word' id='word_1_13' title='bbox 1032 553 1370 639; x_wconf 82' lang='lat' dir='ltr'><strong>dedicarunt,</strong></span> <span class='ocrx_word' id='word_1_14' title='bbox 1397 561 1453 609; x_wconf 90' lang='lat' dir='ltr'><strong>et</strong></span> <span class='ocrx_word' id='word_1_15' title='bbox 1474 568 1596 625; x_wconf 85' lang='lat' dir='ltr'><strong>quae</strong></span> <span class='ocrx_word' id='word_1_16' title='bbox 1619 552 1781 609; x_wconf 89' lang='lat' dir='ltr'><strong>corde</strong></span> <span class='ocrx_word' id='word_1_17' title='bbox 1802 552 2062 627; x_wconf 80' lang='lat' dir='ltr'><strong>gestanda</strong></span> <span class='ocrx_word' id='word_1_18' title='bbox 2089 556 2142 625; x_wconf 78' lang='grc' dir='ltr'><strong>Α</strong></span> <span class='ocrx_word' id='word_1_19' title='bbox 2165 560 2334 631; x_wconf 86' lang='lat' dir='ltr'><strong>utque</strong></span> <span class='ocrx_word' id='word_1_20' title='bbox 2358 550 2636 613; x_wconf 84' lang='lat' dir='ltr'><strong>Paschalis</strong></span> <span class='ocrx_word' id='word_1_21' title='bbox 2662 549 2789 609; x_wconf 82' lang='lat' dir='ltr'><strong>festi</strong></span> <span class='ocrx_word' id='word_1_22' title='bbox 2816 554 3059 622; x_wconf 82' lang='lat' dir='ltr'><strong>exordia,</strong></span> <span class='ocrx_word' id='word_1_23' title='bbox 3088 563 3145 615; x_wconf 88' lang='lat' dir='ltr'><strong>et</strong></span> <span class='ocrx_word' id='word_1_24' title='bbox 3170 564 3321 613; x_wconf 83' lang='lat' dir='ltr'><strong>certa</strong></span> <span class='ocrx_word' id='word_1_25' title='bbox 3357 557 3479 614; x_wconf 88' lang='lat' dir='ltr'><strong>loca</strong></span> <span class='ocrx_word' id='word_1_26' title='bbox 3512 562 3770 630; x_wconf 73' lang='lat' dir='ltr'><strong>omnium</strong></span> 
     </span>
    </p>
   </div>
   <div class='ocr_carea' id='block_1_3' title="bbox 469 643 3777 723">
    <p class='ocr_par' dir='ltr' id='par_1_3' title="bbox 469 643 3777 723">
     <span class='ocr_line' id='line_1_3' title="bbox 469 643 3777 723; baseline 0 -15"><span class='ocrx_word' id='word_1_27' title='bbox 469 659 635 723; x_wconf 84' lang='lat' dir='ltr'><strong>sunt,</strong></span> <span class='ocrx_word' id='word_1_28' title='bbox 685 653 741 705; x_wconf 89' lang='lat' dir='ltr'><strong>in</strong></span> <span class='ocrx_word' id='word_1_29' title='bbox 795 649 1063 722; x_wconf 76' lang='lat' dir='ltr'><strong>lapidibus</strong></span> <span class='ocrx_word' id='word_1_30' title='bbox 1113 646 1343 709; x_wconf 78' lang='lat' dir='ltr'><strong>adorare</strong></span> <span class='ocrx_word' id='word_1_31' title='bbox 1398 648 1730 716; x_wconf 87' lang='lat' dir='ltr'><strong>maluerunt,</strong></span> <span class='ocrx_word' id='word_1_32' title='bbox 1768 655 2055 720; x_wconf 82' lang='lat' dir='ltr'><strong>propterea</strong></span> <span class='ocrx_word' id='word_1_33' title='bbox 2160 643 2562 705; x_wconf 87' lang='lat' dir='ltr'><strong>solemnitatum</strong></span> <span class='ocrx_word' id='word_1_34' title='bbox 2606 652 2769 716; x_wconf 89' lang='lat' dir='ltr'><strong>atque</strong></span> <span class='ocrx_word' id='word_1_35' title='bbox 2805 645 3255 715; x_wconf 88' lang='lat' dir='ltr'><strong>celebrationum,</strong></span> <span class='ocrx_word' id='word_1_36' title='bbox 3303 648 3410 705; x_wconf 85' lang='lat' dir='ltr'><strong>sibi</strong></span> <span class='ocrx_word' id='word_1_37' title='bbox 3451 650 3591 705; x_wconf 83' lang='lat' dir='ltr'><strong>sciat</strong></span> <span class='ocrx_word' id='word_1_38' title='bbox 3636 650 3777 709; x_wconf 83' lang='lat' dir='ltr'><strong>inti—</strong></span> 
     </span>
    </p>
   </div>
   <div class='ocr_carea' id='block_1_4' title="bbox 469 740 2056 819">
    <p class='ocr_par' dir='ltr' id='par_1_4' title="bbox 469 740 2056 819">
     <span class='ocr_line' id='line_1_4' title="bbox 469 740 2056 819; baseline -0.003 -17"><span class='ocrx_word' id='word_1_39' title='bbox 469 746 630 813; x_wconf 90' lang='lat' dir='ltr'><strong>nobis</strong></span> <span class='ocrx_word' id='word_1_40' title='bbox 650 743 864 819; x_wconf 73' lang='lat' dir='ltr'><strong>iustitia</strong></span> <span class='ocrx_word' id='word_1_41' title='bbox 893 743 1177 817; x_wconf 87' lang='lat' dir='ltr'><strong>virtusque</strong></span> <span class='ocrx_word' id='word_1_42' title='bbox 1207 740 1459 812; x_wconf 76' lang='lat' dir='ltr'><strong>fugienda</strong></span> <span class='ocrx_word' id='word_1_43' title='bbox 1484 750 1584 797; x_wconf 87' lang='lat' dir='ltr'><strong>est.</strong></span> <span class='ocrx_word' id='word_1_44' title='bbox 1604 741 1720 801; x_wconf 88' lang='lat' dir='ltr'><strong>Imo</strong></span> <span class='ocrx_word' id='word_1_45' title='bbox 1745 757 1875 797; x_wconf 90' lang='lat' dir='ltr'><strong>vero</strong></span> <span class='ocrx_word' id='word_1_46' title='bbox 1902 743 2056 817; x_wconf 84' lang='lat' dir='ltr'><strong>quis-</strong></span> 
     </span>
    </p>
   </div>
   <div class='ocr_carea' id='block_1_5' title="bbox 473 834 2057 913">
    <p class='ocr_par' dir='ltr' id='par_1_5' title="bbox 473 834 2057 913">
     <span class='ocr_line' id='line_1_5' title="bbox 473 834 2057 913; baseline -0.001 -20"><span class='ocrx_word' id='word_1_47' title='bbox 473 841 596 913; x_wconf 86' lang='lat' dir='ltr'><strong>quis</strong></span> <span class='ocrx_word' id='word_1_48' title='bbox 631 838 808 894; x_wconf 88' lang='lat' dir='ltr'><strong>bonus</strong></span> <span class='ocrx_word' id='word_1_49' title='bbox 850 850 1121 909; x_wconf 77' lang='lat' dir='ltr'><strong>verusque</strong></span> <span class='ocrx_word' id='word_1_50' title='bbox 1155 834 1496 897; x_wconf 87' lang='lat' dir='ltr'><strong>Christianus</strong></span> <span class='ocrx_word' id='word_1_51' title='bbox 1533 844 1648 903; x_wconf 91' lang='lat' dir='ltr'><strong>est,</strong></span> <span class='ocrx_word' id='word_1_52' title='bbox 1694 837 1865 892; x_wconf 89' lang='lat' dir='ltr'><strong>Deum</strong></span> <span class='ocrx_word' id='word_1_53' title='bbox 1899 852 2057 893; x_wconf 89' lang='lat' dir='ltr'><strong>suum</strong></span> 
     </span>
    </p>
   </div>
   <div class='ocr_carea' id='block_1_6' title="bbox 472 928 1866 1003">
    <p class='ocr_par' dir='ltr' id='par_1_6' title="bbox 472 928 1866 1003">
     <span class='ocr_line' id='line_1_6' title="bbox 472 928 1866 1003; baseline -0.001 -18"><span class='ocrx_word' id='word_1_54' title='bbox 472 944 592 985; x_wconf 87' lang='lat' dir='ltr'><strong>esse</strong></span> <span class='ocrx_word' id='word_1_55' title='bbox 616 928 903 1003; x_wconf 81' lang='lat' dir='ltr'><strong>intelligat,</strong></span> <span class='ocrx_word' id='word_1_56' title='bbox 931 930 1237 1000; x_wconf 86' lang='lat' dir='ltr'><strong>ubicunque</strong></span> <span class='ocrx_word' id='word_1_57' title='bbox 1266 928 1535 984; x_wconf 79' lang='lat' dir='ltr'><strong>invenerit</strong></span> <span class='ocrx_word' id='word_1_58' title='bbox 1562 930 1866 989; x_wconf 87' lang='lat' dir='ltr'><strong>veritatem.</strong></span> 
     </span>
    </p>
   </div>
   <div class='ocr_carea' id='block_1_7' title="bbox 1036 1040 1485 1103">
    <p class='ocr_par' dir='ltr' id='par_1_7' title="bbox 1036 1040 1485 1103">
     <span class='ocr_line' id='line_1_7' title="bbox 1036 1040 1485 1103; baseline -0.004 0"><span class='ocrx_word' id='word_1_59' title='bbox 1036 1041 1266 1103; x_wconf 80' lang='lat' dir='ltr'><strong>CAPUT</strong></span> <span class='ocrx_word' id='word_1_60' title='bbox 1316 1040 1485 1101; x_wconf 78' lang='lat' dir='ltr'><strong>XXV.</strong></span> 
     </span>
    </p>
   </div>
   <div class='ocr_carea' id='block_1_8' title="bbox 1037 1113 1494 1171">
    <p class='ocr_par' dir='ltr' id='par_1_8' title="bbox 1037 1113 1494 1171">
     <span class='ocr_line' id='line_1_8' title="bbox 1037 1113 1494 1171; baseline -0.007 0"><span class='ocrx_word' id='word_1_61' title='bbox 1037 1113 1116 1171; x_wconf 71' lang='lat' dir='ltr'><strong>De</strong></span> <span class='ocrx_word' id='word_1_62' title='bbox 1152 1115 1494 1168; x_wconf 81' lang='lat' dir='ltr'><strong>astronomia.</strong></span> 
     </span>
    </p>
   </div>
   <div class='ocr_carea' id='block_1_9' title="bbox 535 1205 2057 1283">
    <p class='ocr_par' dir='ltr' id='par_1_9' title="bbox 535 1205 2057 1283">
     <span class='ocr_line' id='line_1_9' title="bbox 535 1205 2057 1283; baseline -0.003 -18"><span class='ocrx_word' id='word_1_63' title='bbox 535 1206 881 1277; x_wconf 77' lang='lat' dir='ltr'><strong>Astronomia</strong></span> <span class='ocrx_word' id='word_1_64' title='bbox 911 1221 1040 1279; x_wconf 78' lang='lat' dir='ltr'><strong>ergo</strong></span> <span class='ocrx_word' id='word_1_65' title='bbox 1072 1213 1340 1276; x_wconf 88' lang='lat' dir='ltr'><strong>superest,</strong></span> <span class='ocrx_word' id='word_1_66' title='bbox 1368 1220 1507 1283; x_wconf 66' lang='lat' dir='ltr'><strong>quze,</strong></span> <span class='ocrx_word' id='word_1_67' title='bbox 1540 1212 1601 1259; x_wconf 89' lang='lat' dir='ltr'><strong>ut</strong></span> <span class='ocrx_word' id='word_1_68' title='bbox 1634 1205 1855 1283; x_wconf 86' lang='lat' dir='ltr'><strong>quidam</strong></span> <span class='ocrx_word' id='word_1_69' title='bbox 1897 1205 2057 1275; x_wconf 79' lang='lat' dir='ltr'><strong>dixit,</strong></span> 
     </span>
    </p>
   </div>
   <div class='ocr_carea' id='block_1_10' title="bbox 468 1300 2059 1374">
    <p class='ocr_par' dir='ltr' id='par_1_10' title="bbox 468 1300 2059 1374">
     <span class='ocr_line' id='line_1_10' title="bbox 468 1300 2059 1374; baseline -0.001 -17"><span class='ocrx_word' id='word_1_70' title='bbox 468 1300 688 1374; x_wconf 82' lang='lat' dir='ltr'><strong>dignum</strong></span> <span class='ocrx_word' id='word_1_71' title='bbox 720 1309 804 1358; x_wconf 89' lang='lat' dir='ltr'><strong>est</strong></span> <span class='ocrx_word' id='word_1_72' title='bbox 845 1302 1112 1373; x_wconf 83' lang='lat' dir='ltr'><strong>religiosis</strong></span> <span class='ocrx_word' id='word_1_73' title='bbox 1142 1309 1543 1371; x_wconf 79' lang='lat' dir='ltr'><strong>argumentum,</strong></span> <span class='ocrx_word' id='word_1_74' title='bbox 1576 1316 1941 1372; x_wconf 81' lang='lat' dir='ltr'><strong>magnumque</strong></span> <span class='ocrx_word' id='word_1_75' title='bbox 1965 1316 2059 1356; x_wconf 91' lang='lat' dir='ltr'><strong>cu-</strong></span> 
     </span>
    </p>
   </div>
   <div class='ocr_carea' id='block_1_11' title="bbox 467 1392 2057 1464">
    <p class='ocr_par' dir='ltr' id='par_1_11' title="bbox 467 1392 2057 1464">
     <span class='ocr_line' id='line_1_11' title="bbox 467 1392 2057 1464; baseline -0.002 -17"><span class='ocrx_word' id='word_1_76' title='bbox 467 1393 631 1453; x_wconf 88' lang='lat' dir='ltr'><strong>riosis</strong></span> <span class='ocrx_word' id='word_1_77' title='bbox 676 1402 1026 1455; x_wconf 81' lang='lat' dir='ltr'><strong>tormentum.</strong></span> <span class='ocrx_word' id='word_1_78' title='bbox 1058 1392 1209 1453; x_wconf 78' lang='lat' dir='ltr'><strong>lianc</strong></span> <span class='ocrx_word' id='word_1_79' title='bbox 1234 1407 1366 1464; x_wconf 83' lang='lat' dir='ltr'><strong>ergo</strong></span> <span class='ocrx_word' id='word_1_80' title='bbox 1403 1393 1449 1447; x_wconf 90' lang='lat' dir='ltr'><strong>si</strong></span> <span class='ocrx_word' id='word_1_81' title='bbox 1491 1399 1641 1447; x_wconf 87' lang='lat' dir='ltr'><strong>casta</strong></span> <span class='ocrx_word' id='word_1_82' title='bbox 1680 1407 1743 1449; x_wconf 89' lang='lat' dir='ltr'><strong>ac</strong></span> <span class='ocrx_word' id='word_1_83' title='bbox 1778 1392 2057 1449; x_wconf 86' lang='lat' dir='ltr'><strong>moderata</strong></span> 
     </span>
    </p>
   </div>
   <div class='ocr_carea' id='block_1_12' title="bbox 472 1485 2063 1563">
    <p class='ocr_par' dir='ltr' id='par_1_12' title="bbox 472 1485 2063 1563">
     <span class='ocr_line' id='line_1_12' title="bbox 472 1485 2063 1563; baseline 0.002 -25"><span class='ocrx_word' id='word_1_84' title='bbox 472 1493 655 1539; x_wconf 86' lang='lat' dir='ltr'><strong>mente</strong></span> <span class='ocrx_word' id='word_1_85' title='bbox 689 1485 1077 1563; x_wconf 87' lang='lat' dir='ltr'><strong>perquirimus,</strong></span> <span class='ocrx_word' id='word_1_86' title='bbox 1124 1500 1313 1539; x_wconf 81' lang='lat' dir='ltr'><strong>sensus</strong></span> <span class='ocrx_word' id='word_1_87' title='bbox 1370 1498 1583 1554; x_wconf 87' lang='lat' dir='ltr'><strong>quoque</strong></span> <span class='ocrx_word' id='word_1_88' title='bbox 1625 1491 1857 1551; x_wconf 89' lang='lat' dir='ltr'><strong>nostros,</strong></span> <span class='ocrx_word' id='word_1_89' title='bbox 1906 1488 1967 1538; x_wconf 87' lang='lat' dir='ltr'><strong>ut</strong></span> <span class='ocrx_word' id='word_1_90' title='bbox 2006 1492 2063 1541; x_wconf 84' lang='lat' dir='ltr'><strong>et</strong></span> 
     </span>
    </p>
   </div>
   <div class='ocr_carea' id='block_1_13' title="bbox 468 1576 2062 1649">
    <p class='ocr_par' dir='ltr' id='par_1_13' title="bbox 468 1576 2062 1649">
     <span class='ocr_line' id='line_1_13' title="bbox 468 1576 2062 1649; baseline 0.005 -22"><span class='ocrx_word' id='word_1_91' title='bbox 468 1584 687 1630; x_wconf 80' lang='lat' dir='ltr'><strong>veteres</strong></span> <span class='ocrx_word' id='word_1_92' title='bbox 735 1576 950 1643; x_wconf 88' lang='lat' dir='ltr'><strong>dicunt,</strong></span> <span class='ocrx_word' id='word_1_93' title='bbox 992 1592 1188 1649; x_wconf 83' lang='lat' dir='ltr'><strong>magna</strong></span> <span class='ocrx_word' id='word_1_94' title='bbox 1239 1576 1505 1635; x_wconf 86' lang='lat' dir='ltr'><strong>charitate</strong></span> <span class='ocrx_word' id='word_1_95' title='bbox 1546 1576 1836 1647; x_wconf 81' lang='lat' dir='ltr'><strong>perfundit.</strong></span> <span class='ocrx_word' id='word_1_96' title='bbox 1891 1576 2062 1645; x_wconf 86' lang='lat' dir='ltr'><strong>Quale</strong></span> 
     </span>
    </p>
   </div>
   <div class='ocr_carea' id='block_1_14' title="bbox 469 1669 2062 1741">
    <p class='ocr_par' dir='ltr' id='par_1_14' title="bbox 469 1669 2062 1741">
     <span class='ocr_line' id='line_1_14' title="bbox 469 1669 2062 1741; baseline 0.006 -19"><span class='ocrx_word' id='word_1_97' title='bbox 469 1676 552 1723; x_wconf 90' lang='lat' dir='ltr'><strong>est</strong></span> <span class='ocrx_word' id='word_1_98' title='bbox 597 1669 743 1725; x_wconf 84' lang='lat' dir='ltr'><strong>enim</strong></span> <span class='ocrx_word' id='word_1_99' title='bbox 787 1671 855 1725; x_wconf 89' lang='lat' dir='ltr'><strong>ad</strong></span> <span class='ocrx_word' id='word_1_100' title='bbox 903 1670 1071 1726; x_wconf 77' lang='lat' dir='ltr'><strong>caelos</strong></span> <span class='ocrx_word' id='word_1_101' title='bbox 1108 1671 1297 1739; x_wconf 76' lang='lat' dir='ltr'><strong>animo</strong></span> <span class='ocrx_word' id='word_1_102' title='bbox 1342 1670 1544 1739; x_wconf 87' lang='lat' dir='ltr'><strong>subire,</strong></span> <span class='ocrx_word' id='word_1_103' title='bbox 1592 1679 1870 1741; x_wconf 72' lang='lat' dir='ltr'><strong>imamque</strong></span> <span class='ocrx_word' id='word_1_104' title='bbox 1913 1671 2062 1731; x_wconf 86' lang='lat' dir='ltr'><strong>illam</strong></span> 
     </span>
    </p>
   </div>
   <div class='ocr_carea' id='block_1_15' title="bbox 469 1760 2058 1835">
    <p class='ocr_par' dir='ltr' id='par_1_15' title="bbox 469 1760 2058 1835">
     <span class='ocr_line' id='line_1_15' title="bbox 469 1760 2058 1835; baseline 0.004 -22"><span class='ocrx_word' id='word_1_105' title='bbox 469 1760 781 1815; x_wconf 78' lang='lat' dir='ltr'><strong>machinam</strong></span> <span class='ocrx_word' id='word_1_106' title='bbox 826 1776 1123 1834; x_wconf 84' lang='lat' dir='ltr'><strong>supernam</strong></span> <span class='ocrx_word' id='word_1_107' title='bbox 1170 1764 1459 1835; x_wconf 81' lang='lat' dir='ltr'><strong>indagahili</strong></span> <span class='ocrx_word' id='word_1_108' title='bbox 1505 1764 1715 1823; x_wconf 83' lang='lat' dir='ltr'><strong>ratione</strong></span> <span class='ocrx_word' id='word_1_109' title='bbox 1764 1764 2058 1832; x_wconf 87' lang='lat' dir='ltr'><strong>discutere,</strong></span> 
     </span>
    </p>
   </div>
   <div class='ocr_carea' id='block_1_16' title="bbox 2159 734 3774 807">
    <p class='ocr_par' dir='ltr' id='par_1_16' title="bbox 2159 734 3774 807">
     <span class='ocr_line' id='line_1_16' title="bbox 2159 734 3774 807; baseline 0.01 -21"><span class='ocrx_word' id='word_1_110' title='bbox 2159 747 2309 788; x_wconf 92' lang='lat' dir='ltr'><strong>mare</strong></span> <span class='ocrx_word' id='word_1_111' title='bbox 2337 734 2697 803; x_wconf 87' lang='lat' dir='ltr'><strong>observanda,</strong></span> <span class='ocrx_word' id='word_1_112' title='bbox 2730 742 2785 791; x_wconf 88' lang='lat' dir='ltr'><strong>et</strong></span> <span class='ocrx_word' id='word_1_113' title='bbox 2816 736 3013 807; x_wconf 88' lang='lat' dir='ltr'><strong>populo</strong></span> <span class='ocrx_word' id='word_1_114' title='bbox 3046 737 3144 793; x_wconf 91' lang='lat' dir='ltr'><strong>Dei</strong></span> <span class='ocrx_word' id='word_1_115' title='bbox 3177 739 3283 796; x_wconf 85' lang='lat' dir='ltr'><strong>rite</strong></span> <span class='ocrx_word' id='word_1_116' title='bbox 3307 739 3493 797; x_wconf 81' lang='lat' dir='ltr'><strong>valeat</strong></span> <span class='ocrx_word' id='word_1_117' title='bbox 3520 740 3774 801; x_wconf 73' lang='lat' dir='ltr'><strong>indicare</strong></span> 
     </span>
    </p>
   </div>
   <div class='ocr_carea' id='block_1_17' title="bbox 2161 824 2503 882">
    <p class='ocr_par' dir='ltr' id='par_1_17' title="bbox 2161 824 2503 882">
     <span class='ocr_line' id='line_1_17' title="bbox 2161 824 2503 882; baseline 0.006 -2"><span class='ocrx_word' id='word_1_118' title='bbox 2161 824 2503 882; x_wconf 84' lang='lat' dir='ltr'><strong>celebranda.</strong></span> 
     </span>
    </p>
   </div>
   <div class='ocr_carea' id='block_1_18' title="bbox 2720 917 3282 981">
    <p class='ocr_par' dir='ltr' id='par_1_18' title="bbox 2720 917 3282 981">
     <span class='ocr_line' id='line_1_18' title="bbox 2720 917 3282 981; baseline 0.004 -7"><span class='ocrx_word' id='word_1_119' title='bbox 2720 917 2955 979; x_wconf 82' lang='lat' dir='ltr'><strong>CAPUT</strong></span> <span class='ocrx_word' id='word_1_120' title='bbox 2990 918 3182 981; x_wconf 76' lang='grc' dir='ltr'><strong>ΧΧἫ.</strong></span> <span class='ocrx_word' id='word_1_121' title='bbox 3274 944 3282 958; x_wconf 70' lang='grc' dir='ltr'><em>ι</em></span> 
     </span>
    </p>
   </div>
   <div class='ocr_carea' id='block_1_19' title="bbox 2598 1007 3330 1082">
    <p class='ocr_par' dir='ltr' id='par_1_19' title="bbox 2598 1007 3330 1082">
     <span class='ocr_line' id='line_1_19' title="bbox 2598 1007 3330 1082; baseline 0.008 -19"><span class='ocrx_word' id='word_1_122' title='bbox 2598 1007 2677 1063; x_wconf 87' lang='lat' dir='ltr'><strong>De</strong></span> <span class='ocrx_word' id='word_1_123' title='bbox 2700 1009 3132 1082; x_wconf 79' lang='lat' dir='ltr'><strong>philosophorum</strong></span> <span class='ocrx_word' id='word_1_124' title='bbox 3162 1012 3330 1069; x_wconf 81' lang='lat' dir='ltr'><strong>libris.</strong></span> 
     </span>
    </p>
   </div>
   <div class='ocr_carea' id='block_1_20' title="bbox 2230 1124 3771 1203">
    <p class='ocr_par' dir='ltr' id='par_1_20' title="bbox 2230 1124 3771 1203">
     <span class='ocr_line' id='line_1_20' title="bbox 2230 1124 3771 1203; baseline 0.005 -23"><span class='ocrx_word' id='word_1_125' title='bbox 2230 1124 2372 1187; x_wconf 85' lang='lat' dir='ltr'><strong>Ecce</strong></span> <span class='ocrx_word' id='word_1_126' title='bbox 2392 1125 2462 1181; x_wconf 89' lang='lat' dir='ltr'><strong>de</strong></span> <span class='ocrx_word' id='word_1_127' title='bbox 2484 1133 2690 1197; x_wconf 85' lang='lat' dir='ltr'><strong>septem</strong></span> <span class='ocrx_word' id='word_1_128' title='bbox 2720 1126 3037 1187; x_wconf 82' lang='lat' dir='ltr'><strong>liberalibus</strong></span> <span class='ocrx_word' id='word_1_129' title='bbox 3058 1128 3267 1187; x_wconf 86' lang='lat' dir='ltr'><strong>artibus</strong></span> <span class='ocrx_word' id='word_1_130' title='bbox 3286 1129 3771 1203; x_wconf 77' lang='lat' dir='ltr'><strong>philosophorum,</strong></span> 
     </span>
    </p>
   </div>
   <div class='ocr_carea' id='block_1_21' title="bbox 2161 1218 3772 1294">
    <p class='ocr_par' dir='ltr' id='par_1_21' title="bbox 2161 1218 3772 1294">
     <span class='ocr_line' id='line_1_21' title="bbox 2161 1218 3772 1294; baseline 0.005 -21"><span class='ocrx_word' id='word_1_131' title='bbox 2161 1218 2229 1279; x_wconf 88' lang='lat' dir='ltr'><strong>ad</strong></span> <span class='ocrx_word' id='word_1_132' title='bbox 2260 1233 2425 1289; x_wconf 87' lang='lat' dir='ltr'><strong>quam</strong></span> <span class='ocrx_word' id='word_1_133' title='bbox 2470 1218 2763 1277; x_wconf 78' lang='lat' dir='ltr'><strong>utilitatem</strong></span> <span class='ocrx_word' id='word_1_134' title='bbox 2794 1218 3066 1277; x_wconf 66' lang='lat' dir='ltr'><strong>discendae</strong></span> <span class='ocrx_word' id='word_1_135' title='bbox 3106 1221 3216 1281; x_wconf 90' lang='lat' dir='ltr'><strong>sint</strong></span> <span class='ocrx_word' id='word_1_136' title='bbox 3261 1223 3576 1289; x_wconf 81' lang='lat' dir='ltr'><strong>catholicis,</strong></span> <span class='ocrx_word' id='word_1_137' title='bbox 3609 1225 3772 1294; x_wconf 82' lang='lat' dir='ltr'><strong>satis.</strong></span> 
     </span>
    </p>
   </div>
   <div class='ocr_carea' id='block_1_22' title="bbox 2162 1309 3767 1384">
    <p class='ocr_par' dir='ltr' id='par_1_22' title="bbox 2162 1309 3767 1384">
     <span class='ocr_line' id='line_1_22' title="bbox 2162 1309 3767 1384; baseline 0.004 -19"><span class='ocrx_word' id='word_1_138' title='bbox 2162 1318 2223 1371; x_wconf 84' lang='lat' dir='ltr'><strong>ut</strong></span> <span class='ocrx_word' id='word_1_139' title='bbox 2265 1325 2412 1379; x_wconf 89' lang='lat' dir='ltr'><strong>reor,</strong></span> <span class='ocrx_word' id='word_1_140' title='bbox 2455 1310 2704 1381; x_wconf 80' lang='lat' dir='ltr'><strong>superius</strong></span> <span class='ocrx_word' id='word_1_141' title='bbox 2743 1309 2997 1369; x_wconf 77' lang='lat' dir='ltr'><strong>diximus.</strong></span> <span class='ocrx_word' id='word_1_142' title='bbox 3038 1310 3177 1369; x_wconf 86' lang='lat' dir='ltr'><strong>Illud</strong></span> <span class='ocrx_word' id='word_1_143' title='bbox 3218 1312 3397 1373; x_wconf 87' lang='lat' dir='ltr'><strong>adhuc</strong></span> <span class='ocrx_word' id='word_1_144' title='bbox 3442 1314 3767 1384; x_wconf 82' lang='lat' dir='ltr'><strong>adjicimns,</strong></span> 
     </span>
    </p>
   </div>
   <div class='ocr_carea' id='block_1_23' title="bbox 2160 1401 3774 1477">
    <p class='ocr_par' dir='ltr' id='par_1_23' title="bbox 2160 1401 3774 1477">
     <span class='ocr_line' id='line_1_23' title="bbox 2160 1401 3774 1477; baseline 0.001 -20"><span class='ocrx_word' id='word_1_145' title='bbox 2160 1402 2309 1473; x_wconf 80' lang='lat' dir='ltr'><strong>quod</strong></span> <span class='ocrx_word' id='word_1_146' title='bbox 2346 1401 2651 1475; x_wconf 87' lang='lat' dir='ltr'><strong>philosophi</strong></span> <span class='ocrx_word' id='word_1_147' title='bbox 2681 1401 2785 1473; x_wconf 89' lang='lat' dir='ltr'><strong>ipsi</strong></span> <span class='ocrx_word' id='word_1_148' title='bbox 2811 1403 2901 1471; x_wconf 91' lang='lat' dir='ltr'><strong>qui</strong></span> <span class='ocrx_word' id='word_1_149' title='bbox 2935 1412 3221 1473; x_wconf 81' lang='lat' dir='ltr'><strong>vocantur,</strong></span> <span class='ocrx_word' id='word_1_150' title='bbox 3245 1405 3292 1465; x_wconf 88' lang='lat' dir='ltr'><strong>si</strong></span> <span class='ocrx_word' id='word_1_151' title='bbox 3322 1420 3431 1477; x_wconf 85' lang='lat' dir='ltr'><strong>qua</strong></span> <span class='ocrx_word' id='word_1_152' title='bbox 3464 1404 3617 1469; x_wconf 65' lang='lat' dir='ltr'><strong>forte</strong></span> <span class='ocrx_word' id='word_1_153' title='bbox 3647 1424 3774 1465; x_wconf 75' lang='lat' dir='ltr'><strong>ven</strong></span> 
     </span>
    </p>
   </div>
   <div class='ocr_carea' id='block_1_24' title="bbox 2164 1496 3775 1569">
    <p class='ocr_par' dir='ltr' id='par_1_24' title="bbox 2164 1496 3775 1569">
     <span class='ocr_line' id='line_1_24' title="bbox 2164 1496 3775 1569; baseline 0.003 -16"><span class='ocrx_word' id='word_1_154' title='bbox 2164 1505 2217 1553; x_wconf 86' lang='lat' dir='ltr'><strong>et</strong></span> <span class='ocrx_word' id='word_1_155' title='bbox 2242 1496 2367 1555; x_wconf 84' lang='lat' dir='ltr'><strong>lidei</strong></span> <span class='ocrx_word' id='word_1_156' title='bbox 2392 1505 2594 1555; x_wconf 77' lang='lat' dir='ltr'><strong>nostra:</strong></span> <span class='ocrx_word' id='word_1_157' title='bbox 2615 1498 3019 1561; x_wconf 85' lang='lat' dir='ltr'><strong>accommodata</strong></span> <span class='ocrx_word' id='word_1_158' title='bbox 3049 1498 3103 1557; x_wconf 87' lang='lat' dir='ltr'><strong>in</strong></span> <span class='ocrx_word' id='word_1_159' title='bbox 3129 1499 3638 1569; x_wconf 84' lang='lat' dir='ltr'><strong>dispensationibus</strong></span> <span class='ocrx_word' id='word_1_160' title='bbox 3661 1502 3775 1558; x_wconf 83' lang='lat' dir='ltr'><strong>suis</strong></span> 
     </span>
    </p>
   </div>
   <div class='ocr_carea' id='block_1_25' title="bbox 2160 1590 3775 1665">
    <p class='ocr_par' dir='ltr' id='par_1_25' title="bbox 2160 1590 3775 1665">
     <span class='ocr_line' id='line_1_25' title="bbox 2160 1590 3775 1665; baseline -0.001 -14"><span class='ocrx_word' id='word_1_161' title='bbox 2160 1605 2261 1653; x_wconf 72' lang='lat' dir='ltr'><strong>seu</strong></span> <span class='ocrx_word' id='word_1_162' title='bbox 2304 1590 2524 1665; x_wconf 81' lang='lat' dir='ltr'><strong>scriptis</strong></span> <span class='ocrx_word' id='word_1_163' title='bbox 2552 1590 2824 1655; x_wconf 77' lang='lat' dir='ltr'><strong>dixerunt,</strong></span> <span class='ocrx_word' id='word_1_164' title='bbox 2864 1590 3098 1651; x_wconf 77' lang='lat' dir='ltr'><strong>maxime</strong></span> <span class='ocrx_word' id='word_1_165' title='bbox 3130 1591 3418 1658; x_wconf 82' lang='lat' dir='ltr'><strong>Platonici,</strong></span> <span class='ocrx_word' id='word_1_166' title='bbox 3449 1610 3567 1649; x_wconf 89' lang='lat' dir='ltr'><strong>non</strong></span> <span class='ocrx_word' id='word_1_167' title='bbox 3599 1593 3775 1651; x_wconf 80' lang='lat' dir='ltr'><strong>solum</strong></span> 
     </span>
    </p>
   </div>
   <div class='ocr_carea' id='block_1_26' title="bbox 2162 1681 3777 1756">
    <p class='ocr_par' dir='ltr' id='par_1_26' title="bbox 2162 1681 3777 1756">
     <span class='ocr_line' id='line_1_26' title="bbox 2162 1681 3777 1756; baseline 0.001 -17"><span class='ocrx_word' id='word_1_168' title='bbox 2162 1681 2503 1747; x_wconf 69' lang='lat' dir='ltr'><strong>formidanda</strong></span> <span class='ocrx_word' id='word_1_169' title='bbox 2554 1698 2661 1738; x_wconf 88' lang='lat' dir='ltr'><strong>non</strong></span> <span class='ocrx_word' id='word_1_170' title='bbox 2711 1690 2870 1750; x_wconf 69' lang='lat' dir='ltr'><strong>Sunt,</strong></span> <span class='ocrx_word' id='word_1_171' title='bbox 2914 1683 3009 1741; x_wconf 82' lang='lat' dir='ltr'><strong>sed</strong></span> <span class='ocrx_word' id='word_1_172' title='bbox 3052 1685 3123 1739; x_wconf 87' lang='lat' dir='ltr'><strong>ab</strong></span> <span class='ocrx_word' id='word_1_173' title='bbox 3171 1684 3249 1741; x_wconf 86' lang='lat' dir='ltr'><strong>eis</strong></span> <span class='ocrx_word' id='word_1_174' title='bbox 3295 1686 3469 1747; x_wconf 77' lang='lat' dir='ltr'><strong>etiam</strong></span> <span class='ocrx_word' id='word_1_175' title='bbox 3508 1696 3777 1756; x_wconf 82' lang='lat' dir='ltr'><strong>tauquam</strong></span> 
     </span>
    </p>
   </div>
   <div class='ocr_carea' id='block_1_27' title="bbox 2165 1774 3773 1847">
    <p class='ocr_par' dir='ltr' id='par_1_27' title="bbox 2165 1774 3773 1847">
     <span class='ocr_line' id='line_1_27' title="bbox 2165 1774 3773 1847; baseline 0.001 -14"><span class='ocrx_word' id='word_1_176' title='bbox 2165 1774 2384 1847; x_wconf 77' lang='lat' dir='ltr'><strong>iniustis</strong></span> <span class='ocrx_word' id='word_1_177' title='bbox 2419 1776 2825 1847; x_wconf 77' lang='lat' dir='ltr'><strong>possessoribus</strong></span> <span class='ocrx_word' id='word_1_178' title='bbox 2848 1777 2904 1838; x_wconf 85' lang='lat' dir='ltr'><strong>in</strong></span> <span class='ocrx_word' id='word_1_179' title='bbox 2934 1793 3091 1832; x_wconf 88' lang='lat' dir='ltr'><strong>usum</strong></span> <span class='ocrx_word' id='word_1_180' title='bbox 3136 1788 3385 1835; x_wconf 87' lang='lat' dir='ltr'><strong>nostrum</strong></span> <span class='ocrx_word' id='word_1_181' title='bbox 3416 1781 3773 1839; x_wconf 83' lang='lat' dir='ltr'><strong>vindicanda.</strong></span> 
     </span>
    </p>
   </div>
   <div class='ocr_carea' id='block_1_28' title="bbox 466 1852 3779 1941">
    <p class='ocr_par' dir='ltr' id='par_1_28' title="bbox 466 1852 3779 1941">
     <span class='ocr_line' id='line_1_28' title="bbox 466 1852 3779 1941; baseline 0.008 -37"><span class='ocrx_word' id='word_1_182' title='bbox 466 1859 523 1905; x_wconf 89' lang='lat' dir='ltr'><strong>et</strong></span> <span class='ocrx_word' id='word_1_183' title='bbox 549 1852 846 1925; x_wconf 88' lang='lat' dir='ltr'><strong>inspectiva</strong></span> <span class='ocrx_word' id='word_1_184' title='bbox 876 1855 1076 1911; x_wconf 89' lang='lat' dir='ltr'><strong>mentis</strong></span> <span class='ocrx_word' id='word_1_185' title='bbox 1100 1855 1431 1913; x_wconf 82' lang='lat' dir='ltr'><strong>sublimitate</strong></span> <span class='ocrx_word' id='word_1_186' title='bbox 1454 1871 1522 1913; x_wconf 79' lang='lat' dir='ltr'><strong>ex</strong></span> <span class='ocrx_word' id='word_1_187' title='bbox 1562 1857 1741 1928; x_wconf 88' lang='lat' dir='ltr'><strong>aliqua</strong></span> <span class='ocrx_word' id='word_1_188' title='bbox 1768 1865 1925 1927; x_wconf 82' lang='lat' dir='ltr'><strong>parte</strong></span> <span class='ocrx_word' id='word_1_189' title='bbox 1952 1857 2062 1913; x_wconf 90' lang='lat' dir='ltr'><strong>col-</strong></span> <span class='ocrx_word' id='word_1_190' title='bbox 2089 1880 2137 1941; x_wconf 81' lang='grc' dir='ltr'><strong>Β</strong></span> <span class='ocrx_word' id='word_1_191' title='bbox 2167 1867 2324 1927; x_wconf 74' lang='lat' dir='ltr'><strong>Sicut</strong></span> <span class='ocrx_word' id='word_1_192' title='bbox 2352 1868 2499 1929; x_wconf 76' lang='lat' dir='ltr'><strong>enim</strong></span> <span class='ocrx_word' id='word_1_193' title='bbox 2528 1867 2770 1940; x_wconf 69' lang='lat' dir='ltr'><strong>Aigyptii</strong></span> <span class='ocrx_word' id='word_1_194' title='bbox 2812 1885 2921 1925; x_wconf 87' lang='lat' dir='ltr'><strong>non</strong></span> <span class='ocrx_word' id='word_1_195' title='bbox 2955 1877 3166 1929; x_wconf 81' lang='lat' dir='ltr'><strong>tantum</strong></span> <span class='ocrx_word' id='word_1_196' title='bbox 3216 1871 3358 1928; x_wconf 86' lang='lat' dir='ltr'><strong>idola</strong></span> <span class='ocrx_word' id='word_1_197' title='bbox 3406 1873 3701 1931; x_wconf 77' lang='lat' dir='ltr'><strong>habebant</strong></span> <span class='ocrx_word' id='word_1_198' title='bbox 3725 1882 3779 1930; x_wconf 78' lang='lat' dir='ltr'><strong>et</strong></span> 
     </span>
    </p>
   </div>
   <div class='ocr_carea' id='block_1_29' title="bbox 464 1941 2058 2017">
    <p class='ocr_par' dir='ltr' id='par_1_29' title="bbox 464 1941 2058 2017">
     <span class='ocr_line' id='line_1_29' title="bbox 464 1941 2058 2017; baseline 0.004 -20"><span class='ocrx_word' id='word_1_199' title='bbox 464 1941 655 2015; x_wconf 71' lang='lat' dir='ltr'><strong>ligare,</strong></span> <span class='ocrx_word' id='word_1_200' title='bbox 686 1946 828 2014; x_wconf 90' lang='lat' dir='ltr'><strong>quod</strong></span> <span class='ocrx_word' id='word_1_201' title='bbox 856 1955 1025 2007; x_wconf 79' lang='lat' dir='ltr'><strong>tantae</strong></span> <span class='ocrx_word' id='word_1_202' title='bbox 1055 1946 1439 2017; x_wconf 79' lang='lat' dir='ltr'><strong>magnitudinis</strong></span> <span class='ocrx_word' id='word_1_203' title='bbox 1476 1963 1676 2005; x_wconf 85' lang='lat' dir='ltr'><strong>arcana</strong></span> <span class='ocrx_word' id='word_1_204' title='bbox 1710 1948 2058 2009; x_wconf 80' lang='lat' dir='ltr'><strong>velaverunt?</strong></span> 
     </span>
    </p>
   </div>
   <div class='ocr_carea' id='block_1_30' title="bbox 466 2032 2061 2111">
    <p class='ocr_par' dir='ltr' id='par_1_30' title="bbox 466 2032 2061 2111">
     <span class='ocr_line' id='line_1_30' title="bbox 466 2032 2061 2111; baseline 0.004 -22"><span class='ocrx_word' id='word_1_205' title='bbox 466 2032 603 2091; x_wconf 86' lang='lat' dir='ltr'><strong>Nam</strong></span> <span class='ocrx_word' id='word_1_206' title='bbox 633 2038 865 2094; x_wconf 89' lang='lat' dir='ltr'><strong>mundus</strong></span> <span class='ocrx_word' id='word_1_207' title='bbox 890 2038 1020 2108; x_wconf 91' lang='lat' dir='ltr'><strong>ipse,</strong></span> <span class='ocrx_word' id='word_1_208' title='bbox 1048 2047 1108 2093; x_wconf 91' lang='lat' dir='ltr'><strong>ut</strong></span> <span class='ocrx_word' id='word_1_209' title='bbox 1155 2039 1374 2111; x_wconf 76' lang='lat' dir='ltr'><strong>quidam</strong></span> <span class='ocrx_word' id='word_1_210' title='bbox 1406 2038 1612 2107; x_wconf 87' lang='lat' dir='ltr'><strong>dicunt,</strong></span> <span class='ocrx_word' id='word_1_211' title='bbox 1644 2039 1906 2109; x_wconf 82' lang='lat' dir='ltr'><strong>sphaerica</strong></span> <span class='ocrx_word' id='word_1_212' title='bbox 1952 2038 2061 2095; x_wconf 80' lang='lat' dir='ltr'><strong>fer—</strong></span> 
     </span>
    </p>
   </div>
   <div class='ocr_carea' id='block_1_31' title="bbox 468 2129 2061 2194">
    <p class='ocr_par' dir='ltr' id='par_1_31' title="bbox 468 2129 2061 2194">
     <span class='ocr_line' id='line_1_31' title="bbox 468 2129 2061 2194; baseline 0.004 -14"><span class='ocrx_word' id='word_1_213' title='bbox 468 2133 559 2181; x_wconf 89' lang='lat' dir='ltr'><strong>tur</strong></span> <span class='ocrx_word' id='word_1_214' title='bbox 583 2129 917 2184; x_wconf 90' lang='lat' dir='ltr'><strong>rotunditate</strong></span> <span class='ocrx_word' id='word_1_215' title='bbox 954 2129 1231 2194; x_wconf 88' lang='lat' dir='ltr'><strong>collectus,</strong></span> <span class='ocrx_word' id='word_1_216' title='bbox 1269 2138 1331 2183; x_wconf 90' lang='lat' dir='ltr'><strong>ut</strong></span> <span class='ocrx_word' id='word_1_217' title='bbox 1363 2130 1606 2189; x_wconf 87' lang='lat' dir='ltr'><strong>diversas</strong></span> <span class='ocrx_word' id='word_1_218' title='bbox 1636 2146 1818 2189; x_wconf 87' lang='lat' dir='ltr'><strong>rerum</strong></span> <span class='ocrx_word' id='word_1_219' title='bbox 1853 2130 2061 2191; x_wconf 78' lang='lat' dir='ltr'><strong>formas</strong></span> 
     </span>
    </p>
   </div>
   <div class='ocr_carea' id='block_1_32' title="bbox 469 2219 2061 2287">
    <p class='ocr_par' dir='ltr' id='par_1_32' title="bbox 469 2219 2061 2287">
     <span class='ocr_line' id='line_1_32' title="bbox 469 2219 2061 2287; baseline 0.004 -14"><span class='ocrx_word' id='word_1_220' title='bbox 469 2219 707 2277; x_wconf 82' lang='lat' dir='ltr'><strong>ambitus</strong></span> <span class='ocrx_word' id='word_1_221' title='bbox 750 2222 834 2277; x_wconf 89' lang='lat' dir='ltr'><strong>sui</strong></span> <span class='ocrx_word' id='word_1_222' title='bbox 880 2221 1199 2278; x_wconf 83' lang='lat' dir='ltr'><strong>circuitione</strong></span> <span class='ocrx_word' id='word_1_223' title='bbox 1248 2223 1614 2281; x_wconf 84' lang='lat' dir='ltr'><strong>concluderet.</strong></span> <span class='ocrx_word' id='word_1_224' title='bbox 1664 2222 1815 2281; x_wconf 87' lang='lat' dir='ltr'><strong>Unde</strong></span> <span class='ocrx_word' id='word_1_225' title='bbox 1858 2224 2061 2287; x_wconf 83' lang='lat' dir='ltr'><strong>librum</strong></span> 
     </span>
    </p>
   </div>
   <div class='ocr_carea' id='block_1_33' title="bbox 465 2308 2057 2391">
    <p class='ocr_par' dir='ltr' id='par_1_33' title="bbox 465 2308 2057 2391">
     <span class='ocr_line' id='line_1_33' title="bbox 465 2308 2057 2391; baseline 0.002 -23"><span class='ocrx_word' id='word_1_226' title='bbox 465 2308 674 2370; x_wconf 85' lang='lat' dir='ltr'><strong>Seneca</strong></span> <span class='ocrx_word' id='word_1_227' title='bbox 719 2324 1083 2379; x_wconf 78' lang='lat' dir='ltr'><strong>consentanea</strong></span> <span class='ocrx_word' id='word_1_228' title='bbox 1140 2316 1477 2389; x_wconf 82' lang='lat' dir='ltr'><strong>philosophis</strong></span> <span class='ocrx_word' id='word_1_229' title='bbox 1532 2316 1898 2391; x_wconf 86' lang='lat' dir='ltr'><strong>disputatione</strong></span> <span class='ocrx_word' id='word_1_230' title='bbox 1939 2316 2057 2375; x_wconf 78' lang='lat' dir='ltr'><strong>for-</strong></span> 
     </span>
    </p>
   </div>
   <div class='ocr_carea' id='block_1_34' title="bbox 398 2407 2061 2479">
    <p class='ocr_par' dir='ltr' id='par_1_34' title="bbox 398 2407 2061 2479">
     <span class='ocr_line' id='line_1_34' title="bbox 398 2407 2061 2479; baseline 0.001 -17"><span class='ocrx_word' id='word_1_231' title='bbox 398 2415 401 2417; x_wconf 78' lang='lat'><strong><em>&#39;</em></strong></span> <span class='ocrx_word' id='word_1_232' title='bbox 464 2407 655 2475; x_wconf 87' lang='lat' dir='ltr'><strong>mavit,</strong></span> <span class='ocrx_word' id='word_1_233' title='bbox 688 2407 775 2471; x_wconf 88' lang='lat' dir='ltr'><strong>cui</strong></span> <span class='ocrx_word' id='word_1_234' title='bbox 807 2407 994 2467; x_wconf 86' lang='lat' dir='ltr'><strong>titulus</strong></span> <span class='ocrx_word' id='word_1_235' title='bbox 1026 2415 1113 2463; x_wconf 90' lang='lat' dir='ltr'><strong>est</strong></span> <span class='ocrx_word' id='word_1_236' title='bbox 1145 2407 1219 2462; x_wconf 87' lang='lat' dir='ltr'><strong>De</strong></span> <span class='ocrx_word' id='word_1_237' title='bbox 1246 2409 1421 2479; x_wconf 81' lang='lat' dir='ltr'><strong>[arma</strong></span> <span class='ocrx_word' id='word_1_238' title='bbox 1460 2408 1665 2467; x_wconf 82' lang='lat' dir='ltr'><strong>mundi.</strong></span> <span class='ocrx_word' id='word_1_239' title='bbox 1710 2408 2061 2469; x_wconf 86' lang='lat' dir='ltr'><strong>Astronomia</strong></span> 
     </span>
    </p>
   </div>
   <div class='ocr_carea' id='block_1_35' title="bbox 465 2494 2056 2568">
    <p class='ocr_par' dir='ltr' id='par_1_35' title="bbox 465 2494 2056 2568">
     <span class='ocr_line' id='line_1_35' title="bbox 465 2494 2056 2568; baseline 0.003 -17"><span class='ocrx_word' id='word_1_240' title='bbox 465 2494 652 2568; x_wconf 86' lang='lat' dir='ltr'><strong>itaque</strong></span> <span class='ocrx_word' id='word_1_241' title='bbox 699 2497 927 2565; x_wconf 89' lang='lat' dir='ltr'><strong>dicitur,</strong></span> <span class='ocrx_word' id='word_1_242' title='bbox 970 2499 1114 2565; x_wconf 86' lang='lat' dir='ltr'><strong>unde</strong></span> <span class='ocrx_word' id='word_1_243' title='bbox 1162 2500 1316 2557; x_wconf 85' lang='lat' dir='ltr'><strong>nobis</strong></span> <span class='ocrx_word' id='word_1_244' title='bbox 1373 2516 1572 2568; x_wconf 87' lang='lat' dir='ltr'><strong>sermo,</strong></span> <span class='ocrx_word' id='word_1_245' title='bbox 1618 2509 1888 2563; x_wconf 86' lang='lat' dir='ltr'><strong>astrorum</strong></span> <span class='ocrx_word' id='word_1_246' title='bbox 1924 2501 2056 2556; x_wconf 81' lang='lat' dir='ltr'><strong>lex:</strong></span> 
     </span>
    </p>
   </div>
   <div class='ocr_carea' id='block_1_36' title="bbox 463 2586 2061 2664">
    <p class='ocr_par' dir='ltr' id='par_1_36' title="bbox 463 2586 2061 2664">
     <span class='ocr_line' id='line_1_36' title="bbox 463 2586 2061 2664; baseline 0.005 -24"><span class='ocrx_word' id='word_1_247' title='bbox 463 2588 591 2656; x_wconf 86' lang='lat' dir='ltr'><strong>quia</strong></span> <span class='ocrx_word' id='word_1_248' title='bbox 616 2588 864 2644; x_wconf 89' lang='lat' dir='ltr'><strong>nesciunt</strong></span> <span class='ocrx_word' id='word_1_249' title='bbox 888 2586 997 2644; x_wconf 91' lang='lat' dir='ltr'><strong>ullo</strong></span> <span class='ocrx_word' id='word_1_250' title='bbox 1034 2590 1196 2653; x_wconf 87' lang='lat' dir='ltr'><strong>modo</strong></span> <span class='ocrx_word' id='word_1_251' title='bbox 1233 2590 1409 2657; x_wconf 87' lang='lat' dir='ltr'><strong>aliter,</strong></span> <span class='ocrx_word' id='word_1_252' title='bbox 1439 2608 1600 2664; x_wconf 90' lang='lat' dir='ltr'><strong>quam</strong></span> <span class='ocrx_word' id='word_1_253' title='bbox 1628 2608 1658 2649; x_wconf 89' lang='lat' dir='ltr'><strong>a</strong></span> <span class='ocrx_word' id='word_1_254' title='bbox 1686 2608 1789 2653; x_wconf 83' lang='lat' dir='ltr'><strong>suo</strong></span> <span class='ocrx_word' id='word_1_255' title='bbox 1814 2602 2061 2655; x_wconf 81' lang='lat' dir='ltr'><strong>creatore</strong></span> 
     </span>
    </p>
   </div>
   <div class='ocr_carea' id='block_1_37' title="bbox 463 2679 2062 2753">
    <p class='ocr_par' dir='ltr' id='par_1_37' title="bbox 463 2679 2062 2753">
     <span class='ocr_line' id='line_1_37' title="bbox 463 2679 2062 2753; baseline 0.006 -20"><span class='ocrx_word' id='word_1_256' title='bbox 463 2679 724 2751; x_wconf 88' lang='lat' dir='ltr'><strong>disposita</strong></span> <span class='ocrx_word' id='word_1_257' title='bbox 748 2690 898 2749; x_wconf 89' lang='lat' dir='ltr'><strong>sunt,</strong></span> <span class='ocrx_word' id='word_1_258' title='bbox 923 2684 1008 2739; x_wconf 85' lang='lat' dir='ltr'><strong>vel</strong></span> <span class='ocrx_word' id='word_1_259' title='bbox 1045 2684 1363 2753; x_wconf 83' lang='lat' dir='ltr'><strong>consistere,</strong></span> <span class='ocrx_word' id='word_1_260' title='bbox 1391 2685 1479 2741; x_wconf 86' lang='lat' dir='ltr'><strong>vel</strong></span> <span class='ocrx_word' id='word_1_261' title='bbox 1507 2687 1716 2747; x_wconf 83' lang='lat' dir='ltr'><strong>moveri</strong></span> <span class='ocrx_word' id='word_1_262' title='bbox 1740 2705 1754 2741; x_wconf 90' lang='lat'>:</span> <span class='ocrx_word' id='word_1_263' title='bbox 1785 2687 1891 2751; x_wconf 83' lang='lat' dir='ltr'><strong>nisi</strong></span> <span class='ocrx_word' id='word_1_264' title='bbox 1919 2687 2062 2745; x_wconf 82' lang='lat' dir='ltr'><strong>forte</strong></span> 
     </span>
    </p>
   </div>
   <div class='ocr_carea' id='block_1_38' title="bbox 462 2772 2062 2851">
    <p class='ocr_par' dir='ltr' id='par_1_38' title="bbox 462 2772 2062 2851">
     <span class='ocr_line' id='line_1_38' title="bbox 462 2772 2062 2851; baseline 0.009 -25"><span class='ocrx_word' id='word_1_265' title='bbox 462 2772 701 2844; x_wconf 90' lang='lat' dir='ltr'><strong>quando,</strong></span> <span class='ocrx_word' id='word_1_266' title='bbox 730 2775 913 2851; x_wconf 88' lang='lat' dir='ltr'><strong>aliquo</strong></span> <span class='ocrx_word' id='word_1_267' title='bbox 955 2777 1219 2841; x_wconf 83' lang='lat' dir='ltr'><strong>miraculo</strong></span> <span class='ocrx_word' id='word_1_268' title='bbox 1260 2776 1440 2846; x_wconf 81' lang='lat' dir='ltr'><strong>facto,</strong></span> <span class='ocrx_word' id='word_1_269' title='bbox 1486 2779 1786 2843; x_wconf 79' lang='lat' dir='ltr'><strong>divinitatis</strong></span> <span class='ocrx_word' id='word_1_270' title='bbox 1832 2779 2062 2843; x_wconf 79' lang='lat' dir='ltr'><strong>arbitrio</strong></span> 
     </span>
    </p>
   </div>
   <div class='ocr_carea' id='block_1_39' title="bbox 460 2868 2062 2936">
    <p class='ocr_par' dir='ltr' id='par_1_39' title="bbox 460 2868 2062 2936">
     <span class='ocr_line' id='line_1_39' title="bbox 460 2868 2062 2936; baseline 0.006 -17"><span class='ocrx_word' id='word_1_271' title='bbox 460 2874 892 2936; x_wconf 86' lang='lat' dir='ltr'><strong>commutantur;</strong></span> <span class='ocrx_word' id='word_1_272' title='bbox 938 2868 1100 2929; x_wconf 83' lang='lat' dir='ltr'><strong>sicuti</strong></span> <span class='ocrx_word' id='word_1_273' title='bbox 1131 2869 1258 2931; x_wconf 82' lang='lat' dir='ltr'><strong>Jesu</strong></span> <span class='ocrx_word' id='word_1_274' title='bbox 1294 2870 1444 2929; x_wconf 83' lang='lat' dir='ltr'><strong>Nave</strong></span> <span class='ocrx_word' id='word_1_275' title='bbox 1488 2872 1589 2931; x_wconf 88' lang='lat' dir='ltr'><strong>soli</strong></span> <span class='ocrx_word' id='word_1_276' title='bbox 1638 2872 1697 2933; x_wconf 87' lang='lat' dir='ltr'><strong>in</strong></span> <span class='ocrx_word' id='word_1_277' title='bbox 1727 2871 1950 2931; x_wconf 83' lang='lat' dir='ltr'><strong>Gabaon</strong></span> <span class='ocrx_word' id='word_1_278' title='bbox 2000 2880 2062 2929; x_wconf 85' lang='lat' dir='ltr'><strong>ut</strong></span> 
     </span>
    </p>
   </div>
   <div class='ocr_carea' id='block_1_40' title="bbox 461 2956 2062 3039">
    <p class='ocr_par' dir='ltr' id='par_1_40' title="bbox 461 2956 2062 3039">
     <span class='ocr_line' id='line_1_40' title="bbox 461 2956 2062 3039; baseline 0.009 -30"><span class='ocrx_word' id='word_1_279' title='bbox 461 2963 636 3017; x_wconf 83' lang='lat' dir='ltr'><strong>staret</strong></span> <span class='ocrx_word' id='word_1_280' title='bbox 680 2956 876 3031; x_wconf 75' lang='lat' dir='ltr'><strong>legitur</strong></span> <span class='ocrx_word' id='word_1_281' title='bbox 922 2960 1221 3035; x_wconf 75' lang='lat' dir='ltr'><strong>imperasse</strong></span> <span class='ocrx_word' id='word_1_282' title='bbox 1270 2961 1426 3036; x_wconf 80' lang='lat' dir='ltr'><strong>(los.</strong></span> <span class='ocrx_word' id='word_1_283' title='bbox 1468 2962 1574 3035; x_wconf 77' lang='lat' dir='ltr'><strong>x);</strong></span> <span class='ocrx_word' id='word_1_284' title='bbox 1620 2971 1677 3027; x_wconf 81' lang='lat' dir='ltr'><strong>et</strong></span> <span class='ocrx_word' id='word_1_285' title='bbox 1721 2964 2062 3039; x_wconf 69' lang='lat' dir='ltr'><strong>temporibus</strong></span> 
     </span>
    </p>
   </div>
   <div class='ocr_carea' id='block_1_41' title="bbox 459 3048 2061 3131">
    <p class='ocr_par' dir='ltr' id='par_1_41' title="bbox 459 3048 2061 3131">
     <span class='ocr_line' id='line_1_41' title="bbox 459 3048 2061 3131; baseline 0.013 -28"><span class='ocrx_word' id='word_1_286' title='bbox 459 3048 708 3107; x_wconf 65' lang='lat' dir='ltr'><strong>Ezechiae</strong></span> <span class='ocrx_word' id='word_1_287' title='bbox 737 3052 902 3125; x_wconf 76' lang='lat' dir='ltr'><strong>regis,</strong></span> <span class='ocrx_word' id='word_1_288' title='bbox 934 3065 1235 3115; x_wconf 84' lang='lat' dir='ltr'><strong>retrorsum</strong></span> <span class='ocrx_word' id='word_1_289' title='bbox 1270 3058 1462 3119; x_wconf 87' lang='lat' dir='ltr'><strong>decem</strong></span> <span class='ocrx_word' id='word_1_290' title='bbox 1492 3060 1750 3131; x_wconf 78' lang='lat' dir='ltr'><strong>gradibus</strong></span> <span class='ocrx_word' id='word_1_291' title='bbox 1779 3076 2061 3125; x_wconf 72' lang='lat' dir='ltr'><strong>reversum</strong></span> 
     </span>
    </p>
   </div>
   <div class='ocr_carea' id='block_1_42' title="bbox 458 3135 2059 3221">
    <p class='ocr_par' dir='ltr' id='par_1_42' title="bbox 458 3135 2059 3221">
     <span class='ocr_line' id='line_1_42' title="bbox 458 3135 2059 3221; baseline 0.009 -27"><span class='ocrx_word' id='word_1_292' title='bbox 458 3135 630 3197; x_wconf 79' lang='lat' dir='ltr'><strong>fuisse</strong></span> <span class='ocrx_word' id='word_1_293' title='bbox 664 3138 775 3215; x_wconf 83' lang='lat' dir='ltr'><strong>(IV</strong></span> <span class='ocrx_word' id='word_1_294' title='bbox 800 3142 927 3218; x_wconf 83' lang='lat' dir='ltr'><strong>Reg.</strong></span> <span class='ocrx_word' id='word_1_295' title='bbox 953 3146 1083 3219; x_wconf 77' lang='lat' dir='ltr'><strong>xx);</strong></span> <span class='ocrx_word' id='word_1_296' title='bbox 1118 3157 1173 3209; x_wconf 87' lang='lat' dir='ltr'><strong>et</strong></span> <span class='ocrx_word' id='word_1_297' title='bbox 1221 3149 1276 3204; x_wconf 93' lang='lat' dir='ltr'><strong>in</strong></span> <span class='ocrx_word' id='word_1_298' title='bbox 1323 3151 1581 3221; x_wconf 88' lang='lat' dir='ltr'><strong>passione</strong></span> <span class='ocrx_word' id='word_1_299' title='bbox 1624 3151 1839 3211; x_wconf 83' lang='lat' dir='ltr'><strong>Domini</strong></span> <span class='ocrx_word' id='word_1_300' title='bbox 1886 3153 2059 3217; x_wconf 83' lang='lat' dir='ltr'><strong>tribus</strong></span> 
     </span>
    </p>
   </div>
   <div class='ocr_carea' id='block_1_43' title="bbox 2162 1960 3776 2032">
    <p class='ocr_par' dir='ltr' id='par_1_43' title="bbox 2162 1960 3776 2032">
     <span class='ocr_line' id='line_1_43' title="bbox 2162 1960 3776 2032; baseline 0.003 -17"><span class='ocrx_word' id='word_1_301' title='bbox 2162 1976 2331 2027; x_wconf 85' lang='lat' dir='ltr'><strong>onera</strong></span> <span class='ocrx_word' id='word_1_302' title='bbox 2357 1960 2566 2032; x_wconf 73' lang='lat' dir='ltr'><strong>gravia,</strong></span> <span class='ocrx_word' id='word_1_303' title='bbox 2596 1976 2716 2031; x_wconf 76' lang='lat' dir='ltr'><strong>quae</strong></span> <span class='ocrx_word' id='word_1_304' title='bbox 2742 1961 2973 2032; x_wconf 90' lang='lat' dir='ltr'><strong>populus</strong></span> <span class='ocrx_word' id='word_1_305' title='bbox 3000 1962 3167 2018; x_wconf 86' lang='lat' dir='ltr'><strong>Israel</strong></span> <span class='ocrx_word' id='word_1_306' title='bbox 3205 1964 3583 2023; x_wconf 76' lang='lat' dir='ltr'><strong>detestaer</strong></span> <span class='ocrx_word' id='word_1_307' title='bbox 3608 1977 3670 2020; x_wconf 84' lang='lat' dir='ltr'><strong>et</strong></span> <span class='ocrx_word' id='word_1_308' title='bbox 3698 1966 3776 2020; x_wconf 75' lang='lat' dir='ltr'><strong>iu-</strong></span> 
     </span>
    </p>
   </div>
   <div class='ocr_carea' id='block_1_44' title="bbox 2162 2053 3777 2124">
    <p class='ocr_par' dir='ltr' id='par_1_44' title="bbox 2162 2053 3777 2124">
     <span class='ocr_line' id='line_1_44' title="bbox 2162 2053 3777 2124; baseline 0.003 -17"><span class='ocrx_word' id='word_1_309' title='bbox 2162 2059 2336 2124; x_wconf 77' lang='lat' dir='ltr'><strong>geret.</strong></span> <span class='ocrx_word' id='word_1_310' title='bbox 2366 2053 2461 2107; x_wconf 89' lang='lat' dir='ltr'><strong>sed</strong></span> <span class='ocrx_word' id='word_1_311' title='bbox 2502 2053 2666 2113; x_wconf 87' lang='lat' dir='ltr'><strong>etiam</strong></span> <span class='ocrx_word' id='word_1_312' title='bbox 2698 2068 2825 2115; x_wconf 81' lang='lat' dir='ltr'><strong>vasa</strong></span> <span class='ocrx_word' id='word_1_313' title='bbox 2870 2061 3036 2123; x_wconf 87' lang='lat' dir='ltr'><strong>atque</strong></span> <span class='ocrx_word' id='word_1_314' title='bbox 3075 2064 3397 2117; x_wconf 79' lang='lat' dir='ltr'><strong>ornamenta</strong></span> <span class='ocrx_word' id='word_1_315' title='bbox 3442 2057 3516 2113; x_wconf 90' lang='lat' dir='ltr'><strong>de</strong></span> <span class='ocrx_word' id='word_1_316' title='bbox 3547 2072 3696 2113; x_wconf 84' lang='lat' dir='ltr'><strong>auro</strong></span> <span class='ocrx_word' id='word_1_317' title='bbox 3726 2064 3777 2112; x_wconf 86' lang='lat' dir='ltr'><strong>et</strong></span> 
     </span>
    </p>
   </div>
   <div class='ocr_carea' id='block_1_45' title="bbox 2162 2142 3777 2215">
    <p class='ocr_par' dir='ltr' id='par_1_45' title="bbox 2162 2142 3777 2215">
     <span class='ocr_line' id='line_1_45' title="bbox 2162 2142 3777 2215; baseline 0 -14"><span class='ocrx_word' id='word_1_318' title='bbox 2162 2150 2408 2214; x_wconf 77' lang='lat' dir='ltr'><strong>argento,</strong></span> <span class='ocrx_word' id='word_1_319' title='bbox 2438 2151 2492 2197; x_wconf 88' lang='lat' dir='ltr'><strong>et</strong></span> <span class='ocrx_word' id='word_1_320' title='bbox 2528 2149 2754 2209; x_wconf 65' lang='lat' dir='ltr'><strong>vestem,</strong></span> <span class='ocrx_word' id='word_1_321' title='bbox 2784 2158 2909 2213; x_wconf 74' lang='lat' dir='ltr'><strong>qua:</strong></span> <span class='ocrx_word' id='word_1_322' title='bbox 2951 2142 3041 2203; x_wconf 89' lang='lat' dir='ltr'><strong>ille</strong></span> <span class='ocrx_word' id='word_1_323' title='bbox 3078 2144 3309 2215; x_wconf 86' lang='lat' dir='ltr'><strong>populus</strong></span> <span class='ocrx_word' id='word_1_324' title='bbox 3336 2145 3531 2201; x_wconf 83' lang='lat' dir='ltr'><strong>exiens</strong></span> <span class='ocrx_word' id='word_1_325' title='bbox 3564 2147 3643 2203; x_wconf 86' lang='lat' dir='ltr'><strong>de</strong></span> <span class='ocrx_word' id='word_1_326' title='bbox 3686 2146 3777 2201; x_wconf 73' lang='grc' dir='ltr'><strong>ΑΞ-</strong></span> 
     </span>
    </p>
   </div>
   <div class='ocr_carea' id='block_1_46' title="bbox 2161 2234 3778 2308">
    <p class='ocr_par' dir='ltr' id='par_1_46' title="bbox 2161 2234 3778 2308">
     <span class='ocr_line' id='line_1_46' title="bbox 2161 2234 3778 2308; baseline -0.004 -18"><span class='ocrx_word' id='word_1_327' title='bbox 2161 2242 2324 2306; x_wconf 70' lang='lat' dir='ltr'><strong>gypto</strong></span> <span class='ocrx_word' id='word_1_328' title='bbox 2349 2234 2451 2295; x_wconf 80' lang='lat' dir='ltr'><strong>sibi</strong></span> <span class='ocrx_word' id='word_1_329' title='bbox 2480 2242 2737 2308; x_wconf 82' lang='lat' dir='ltr'><strong>tanquam</strong></span> <span class='ocrx_word' id='word_1_330' title='bbox 2767 2234 2836 2290; x_wconf 88' lang='lat' dir='ltr'><strong>ad</strong></span> <span class='ocrx_word' id='word_1_331' title='bbox 2862 2250 3020 2295; x_wconf 84' lang='lat' dir='ltr'><strong>usum</strong></span> <span class='ocrx_word' id='word_1_332' title='bbox 3050 2235 3329 2295; x_wconf 75' lang='lat' dir='ltr'><strong>meliorem</strong></span> <span class='ocrx_word' id='word_1_333' title='bbox 3357 2236 3624 2299; x_wconf 65' lang='lat' dir='ltr'><strong>clanculo</strong></span> <span class='ocrx_word' id='word_1_334' title='bbox 3654 2254 3778 2293; x_wconf 63' lang='grc' dir='ltr'><strong>γεη-</strong></span> 
     </span>
    </p>
   </div>
   <div class='ocr_carea' id='block_1_47' title="bbox 2161 2325 3843 2401">
    <p class='ocr_par' dir='ltr' id='par_1_47' title="bbox 2161 2325 3843 2401">
     <span class='ocr_line' id='line_1_47' title="bbox 2161 2325 3843 2401; baseline 0.002 -22"><span class='ocrx_word' id='word_1_335' title='bbox 2161 2326 2391 2391; x_wconf 75' lang='lat' dir='ltr'><strong>dicavit,</strong></span> <span class='ocrx_word' id='word_1_336' title='bbox 2441 2341 2548 2385; x_wconf 87' lang='lat' dir='ltr'><strong>non</strong></span> <span class='ocrx_word' id='word_1_337' title='bbox 2598 2325 2927 2387; x_wconf 80' lang='lat' dir='ltr'><strong>auctoritate</strong></span> <span class='ocrx_word' id='word_1_338' title='bbox 2968 2327 3212 2397; x_wconf 82' lang='lat' dir='ltr'><strong>propria,</strong></span> <span class='ocrx_word' id='word_1_339' title='bbox 3254 2327 3351 2383; x_wconf 84' lang='lat' dir='ltr'><strong>sed</strong></span> <span class='ocrx_word' id='word_1_340' title='bbox 3384 2336 3678 2399; x_wconf 67' lang='lat' dir='ltr'><strong>praecepto</strong></span> <span class='ocrx_word' id='word_1_341' title='bbox 3723 2334 3776 2383; x_wconf 87' lang='lat' dir='ltr'><strong>et</strong></span> <span class='ocrx_word' id='word_1_342' title='bbox 3828 2376 3843 2401; x_wconf 73' lang='grc'><strong><em>,</em></strong></span> 
     </span>
    </p>
   </div>
   <div class='ocr_carea' id='block_1_48' title="bbox 2161 2415 3777 2491">
    <p class='ocr_par' dir='ltr' id='par_1_48' title="bbox 2161 2415 3777 2491">
     <span class='ocr_line' id='line_1_48' title="bbox 2161 2415 3777 2491; baseline 0.005 -20"><span class='ocrx_word' id='word_1_343' title='bbox 2161 2417 2437 2482; x_wconf 82' lang='lat' dir='ltr'><strong>mandato,</strong></span> <span class='ocrx_word' id='word_1_344' title='bbox 2467 2417 2599 2488; x_wconf 87' lang='lat' dir='ltr'><strong>ipsis</strong></span> <span class='ocrx_word' id='word_1_345' title='bbox 2645 2415 2917 2491; x_wconf 64' lang='lat' dir='ltr'><strong>.Egyptiis</strong></span> <span class='ocrx_word' id='word_1_346' title='bbox 2947 2418 3259 2479; x_wconf 55' lang='lat' dir='ltr'><strong>nescit-nter</strong></span> <span class='ocrx_word' id='word_1_347' title='bbox 3289 2420 3777 2481; x_wconf 66' lang='lat' dir='ltr'><strong>consmodantibns</strong></span> 
     </span>
    </p>
   </div>
   <div class='ocr_carea' id='block_1_49' title="bbox 2162 2511 3781 2584">
    <p class='ocr_par' dir='ltr' id='par_1_49' title="bbox 2162 2511 3781 2584">
     <span class='ocr_line' id='line_1_49' title="bbox 2162 2511 3781 2584; baseline 0.003 -18"><span class='ocrx_word' id='word_1_348' title='bbox 2162 2527 2226 2567; x_wconf 89' lang='lat' dir='ltr'><strong>ea</strong></span> <span class='ocrx_word' id='word_1_349' title='bbox 2269 2512 2470 2584; x_wconf 86' lang='lat' dir='ltr'><strong>quibus</strong></span> <span class='ocrx_word' id='word_1_350' title='bbox 2499 2519 2558 2567; x_wconf 86' lang='lat' dir='ltr'><strong>ut</strong></span> <span class='ocrx_word' id='word_1_351' title='bbox 2604 2511 2761 2569; x_wconf 88' lang='lat' dir='ltr'><strong>bonis</strong></span> <span class='ocrx_word' id='word_1_352' title='bbox 2790 2512 3124 2573; x_wconf 85' lang='lat' dir='ltr'><strong>utebantur:</strong></span> <span class='ocrx_word' id='word_1_353' title='bbox 3158 2513 3239 2573; x_wconf 87' lang='lat' dir='ltr'><strong>sic</strong></span> <span class='ocrx_word' id='word_1_354' title='bbox 3265 2513 3533 2575; x_wconf 71' lang='lat' dir='ltr'><strong>dominae</strong></span> <span class='ocrx_word' id='word_1_355' title='bbox 3585 2528 3781 2571; x_wconf 70' lang='lat' dir='ltr'><strong>omnes</strong></span> 
     </span>
    </p>
   </div>
   <div class='ocr_carea' id='block_1_50' title="bbox 2161 2603 3778 2676">
    <p class='ocr_par' dir='ltr' id='par_1_50' title="bbox 2161 2603 3778 2676">
     <span class='ocr_line' id='line_1_50' title="bbox 2161 2603 3778 2676; baseline 0.003 -16"><span class='ocrx_word' id='word_1_356' title='bbox 2161 2604 2443 2675; x_wconf 77' lang='lat' dir='ltr'><strong>gentilium</strong></span> <span class='ocrx_word' id='word_1_357' title='bbox 2490 2618 2600 2667; x_wconf 87' lang='lat' dir='ltr'><strong>non</strong></span> <span class='ocrx_word' id='word_1_358' title='bbox 2646 2603 2822 2669; x_wconf 77' lang='lat' dir='ltr'><strong>solum</strong></span> <span class='ocrx_word' id='word_1_359' title='bbox 2865 2605 3119 2667; x_wconf 81' lang='lat' dir='ltr'><strong>simulata</strong></span> <span class='ocrx_word' id='word_1_360' title='bbox 3166 2615 3222 2667; x_wconf 82' lang='lat' dir='ltr'><strong>et</strong></span> <span class='ocrx_word' id='word_1_361' title='bbox 3266 2606 3669 2676; x_wconf 69' lang='lat' dir='ltr'><strong>superstitiosa</strong></span> <span class='ocrx_word' id='word_1_362' title='bbox 3711 2606 3778 2665; x_wconf 65' lang='lat' dir='ltr'><strong>lio</strong></span> 
     </span>
    </p>
   </div>
   <div class='ocr_carea' id='block_1_51' title="bbox 2162 2699 3779 2771">
    <p class='ocr_par' dir='ltr' id='par_1_51' title="bbox 2162 2699 3779 2771">
     <span class='ocr_line' id='line_1_51' title="bbox 2162 2699 3779 2771; baseline 0.002 -18"><span class='ocrx_word' id='word_1_363' title='bbox 2162 2705 2382 2769; x_wconf 79' lang='lat' dir='ltr'><strong>gmenta</strong></span> <span class='ocrx_word' id='word_1_364' title='bbox 2434 2699 2740 2769; x_wconf 69' lang='lat' dir='ltr'><strong>gravesque</strong></span> <span class='ocrx_word' id='word_1_365' title='bbox 2797 2699 3045 2757; x_wconf 82' lang='lat' dir='ltr'><strong>sarcinas</strong></span> <span class='ocrx_word' id='word_1_366' title='bbox 3106 2700 3497 2771; x_wconf 85' lang='lat' dir='ltr'><strong>supervacanei</strong></span> <span class='ocrx_word' id='word_1_367' title='bbox 3563 2700 3779 2757; x_wconf 83' lang='lat' dir='ltr'><strong>laboris</strong></span> 
     </span>
    </p>
   </div>
   <div class='ocr_carea' id='block_1_52' title="bbox 2160 2791 3778 2862">
    <p class='ocr_par' dir='ltr' id='par_1_52' title="bbox 2160 2791 3778 2862">
     <span class='ocr_line' id='line_1_52' title="bbox 2160 2791 3778 2862; baseline 0 -15"><span class='ocrx_word' id='word_1_368' title='bbox 2160 2791 2384 2857; x_wconf 79' lang='lat' dir='ltr'><strong>habent,</strong></span> <span class='ocrx_word' id='word_1_369' title='bbox 2411 2806 2533 2861; x_wconf 75' lang='lat' dir='ltr'><strong>qua:</strong></span> <span class='ocrx_word' id='word_1_370' title='bbox 2572 2792 2947 2862; x_wconf 83' lang='lat' dir='ltr'><strong>unusquisque</strong></span> <span class='ocrx_word' id='word_1_371' title='bbox 2987 2799 3232 2850; x_wconf 86' lang='lat' dir='ltr'><strong>nostrum</strong></span> <span class='ocrx_word' id='word_1_372' title='bbox 3278 2792 3417 2853; x_wconf 80' lang='lat' dir='ltr'><strong>duce</strong></span> <span class='ocrx_word' id='word_1_373' title='bbox 3452 2792 3691 2851; x_wconf 83' lang='lat' dir='ltr'><strong>Christo</strong></span> <span class='ocrx_word' id='word_1_374' title='bbox 3715 2792 3778 2847; x_wconf 80' lang='lat' dir='ltr'><strong>dc</strong></span> 
     </span>
    </p>
   </div>
   <div class='ocr_carea' id='block_1_53' title="bbox 2159 2883 3779 2955">
    <p class='ocr_par' dir='ltr' id='par_1_53' title="bbox 2159 2883 3779 2955">
     <span class='ocr_line' id='line_1_53' title="bbox 2159 2883 3779 2955; baseline -0.001 -14"><span class='ocrx_word' id='word_1_375' title='bbox 2159 2883 2418 2943; x_wconf 78' lang='lat' dir='ltr'><strong>societate</strong></span> <span class='ocrx_word' id='word_1_376' title='bbox 2452 2883 2733 2954; x_wconf 73' lang='lat' dir='ltr'><strong>gentilium</strong></span> <span class='ocrx_word' id='word_1_377' title='bbox 2781 2884 2994 2951; x_wconf 76' lang='lat' dir='ltr'><strong>exiens,</strong></span> <span class='ocrx_word' id='word_1_378' title='bbox 3040 2884 3202 2943; x_wconf 82' lang='lat' dir='ltr'><strong>debet</strong></span> <span class='ocrx_word' id='word_1_379' title='bbox 3247 2885 3555 2947; x_wconf 75' lang='lat' dir='ltr'><strong>abominari</strong></span> <span class='ocrx_word' id='word_1_380' title='bbox 3611 2892 3779 2955; x_wconf 69' lang='lat' dir='ltr'><strong>atque</strong></span> 
     </span>
    </p>
   </div>
   <div class='ocr_carea' id='block_1_54' title="bbox 2161 2976 3779 3050">
    <p class='ocr_par' dir='ltr' id='par_1_54' title="bbox 2161 2976 3779 3050">
     <span class='ocr_line' id='line_1_54' title="bbox 2161 2976 3779 3050; baseline 0.004 -13"><span class='ocrx_word' id='word_1_381' title='bbox 2161 2976 2421 3041; x_wconf 80' lang='lat' dir='ltr'><strong>devitarc,</strong></span> <span class='ocrx_word' id='word_1_382' title='bbox 2462 2977 2559 3033; x_wconf 89' lang='lat' dir='ltr'><strong>sed</strong></span> <span class='ocrx_word' id='word_1_383' title='bbox 2589 2977 2755 3035; x_wconf 89' lang='lat' dir='ltr'><strong>etiam</strong></span> <span class='ocrx_word' id='word_1_384' title='bbox 2805 2977 3056 3037; x_wconf 80' lang='lat' dir='ltr'><strong>liberales</strong></span> <span class='ocrx_word' id='word_1_385' title='bbox 3089 2978 3428 3050; x_wconf 73' lang='lat' dir='ltr'><strong>disciplinas.</strong></span> <span class='ocrx_word' id='word_1_386' title='bbox 3458 2980 3532 3035; x_wconf 70' lang='lat' dir='ltr'><strong>d0</strong></span> <span class='ocrx_word' id='word_1_387' title='bbox 3565 2979 3779 3049; x_wconf 68' lang='grc' dir='ltr'><strong>ςειίδυ</strong></span> 
     </span>
    </p>
   </div>
   <div class='ocr_carea' id='block_1_55' title="bbox 2158 3070 3778 3142">
    <p class='ocr_par' dir='ltr' id='par_1_55' title="bbox 2158 3070 3778 3142">
     <span class='ocr_line' id='line_1_55' title="bbox 2158 3070 3778 3142; baseline -0.002 -16"><span class='ocrx_word' id='word_1_388' title='bbox 2158 3071 2318 3142; x_wconf 88' lang='lat' dir='ltr'><strong>paulo</strong></span> <span class='ocrx_word' id='word_1_389' title='bbox 2341 3080 2468 3126; x_wconf 87' lang='lat' dir='ltr'><strong>ante</strong></span> <span class='ocrx_word' id='word_1_390' title='bbox 2492 3070 2721 3141; x_wconf 77' lang='lat' dir='ltr'><strong>egimus,</strong></span> <span class='ocrx_word' id='word_1_391' title='bbox 2750 3071 2873 3129; x_wconf 80' lang='lat' dir='ltr'><strong>usui</strong></span> <span class='ocrx_word' id='word_1_392' title='bbox 2898 3071 3148 3131; x_wconf 81' lang='lat' dir='ltr'><strong>veritatis</strong></span> <span class='ocrx_word' id='word_1_393' title='bbox 3170 3072 3413 3142; x_wconf 79' lang='lat' dir='ltr'><strong>aptiores</strong></span> <span class='ocrx_word' id='word_1_394' title='bbox 3430 3079 3491 3126; x_wconf 89' lang='lat' dir='ltr'><strong>et</strong></span> <span class='ocrx_word' id='word_1_395' title='bbox 3512 3070 3778 3141; x_wconf 59' lang='lat' dir='ltr'><strong>quaedam</strong></span> 
     </span>
    </p>
   </div>
   <div class='ocr_carea' id='block_1_56' title="bbox 2157 3164 3778 3235">
    <p class='ocr_par' dir='ltr' id='par_1_56' title="bbox 2157 3164 3778 3235">
     <span class='ocr_line' id='line_1_56' title="bbox 2157 3164 3778 3235; baseline -0.004 -10"><span class='ocrx_word' id='word_1_396' title='bbox 2157 3180 2373 3225; x_wconf 81' lang='lat' dir='ltr'><strong>morum</strong></span> <span class='ocrx_word' id='word_1_397' title='bbox 2414 3172 2687 3235; x_wconf 60' lang='lat' dir='ltr'><strong>praerepta</strong></span> <span class='ocrx_word' id='word_1_398' title='bbox 2735 3164 3028 3221; x_wconf 84' lang='lat' dir='ltr'><strong>utilissima</strong></span> <span class='ocrx_word' id='word_1_399' title='bbox 3072 3166 3386 3231; x_wconf 77' lang='lat' dir='ltr'><strong>continent,</strong></span> <span class='ocrx_word' id='word_1_400' title='bbox 3430 3165 3615 3235; x_wconf 80' lang='lat' dir='ltr'><strong>deque</strong></span> <span class='ocrx_word' id='word_1_401' title='bbox 3658 3165 3778 3234; x_wconf 83' lang='lat' dir='ltr'><strong>ipso</strong></span> 
     </span>
    </p>
   </div>
   <div class='ocr_carea' id='block_1_57' title="bbox 459 3229 3779 3326">
    <p class='ocr_par' dir='ltr' id='par_1_57' title="bbox 459 3229 3779 3326">
     <span class='ocr_line' id='line_1_57' title="bbox 459 3229 3779 3326; baseline -0.004 -5"><span class='ocrx_word' id='word_1_402' title='bbox 459 3229 630 3326; x_wconf 49' lang='lat' dir='ltr'><strong>i‘f’”?</strong></span> <span class='ocrx_word' id='word_1_403' title='bbox 660 3233 742 3289; x_wconf 74' lang='grc'><strong>⁵⁰¹</strong></span> <span class='ocrx_word' id='word_1_404' title='bbox 792 3238 1114 3301; x_wconf 55' lang='lat' dir='ltr'><strong>tenebrosus</strong></span> <span class='ocrx_word' id='word_1_405' title='bbox 1163 3237 1388 3299; x_wconf 70' lang='grc' dir='ltr'><strong>θίΪθοιυδ</strong></span> <span class='ocrx_word' id='word_1_406' title='bbox 1434 3249 1516 3299; x_wconf 65' lang='grc' dir='ltr'><strong>θεῖ</strong></span> <span class='ocrx_word' id='word_1_407' title='bbox 1562 3240 1715 3315; x_wconf 69' lang='grc' dir='ltr'><strong>(Ῑιαοο</strong></span> <span class='ocrx_word' id='word_1_408' title='bbox 1763 3242 1957 3317; x_wconf 56' lang='grc' dir='ltr'><strong>ΠΜ),</strong></span> <span class='ocrx_word' id='word_1_409' title='bbox 2003 3251 2130 3318; x_wconf 66' lang='grc' dir='ltr'><strong>ειϐ</strong></span> <span class='ocrx_word' id='word_1_410' title='bbox 2162 3271 2267 3319; x_wconf 77' lang='lat' dir='ltr'><strong>uno</strong></span> <span class='ocrx_word' id='word_1_411' title='bbox 2316 3229 2435 3317; x_wconf 75' lang='lat' dir='ltr'><strong>Ded</strong></span> <span class='ocrx_word' id='word_1_412' title='bbox 2471 3229 2701 3315; x_wconf 80' lang='lat' dir='ltr'><strong>colendo</strong></span> <span class='ocrx_word' id='word_1_413' title='bbox 2738 3256 2995 3317; x_wconf 83' lang='lat' dir='ltr'><strong>nonnulla</strong></span> <span class='ocrx_word' id='word_1_414' title='bbox 3037 3272 3163 3315; x_wconf 82' lang='lat' dir='ltr'><strong>vera</strong></span> <span class='ocrx_word' id='word_1_415' title='bbox 3221 3229 3574 3315; x_wconf 75' lang='lat' dir='ltr'><strong>inveniuntur</strong></span> <span class='ocrx_word' id='word_1_416' title='bbox 3633 3229 3779 3326; x_wconf 67' lang='lat' dir='ltr'><strong>apud</strong></span> 
     </span>
    </p>
   </div>
   <div class='ocr_carea' id='block_1_58' title="bbox 458 3320 2060 3407">
    <p class='ocr_par' dir='ltr' id='par_1_58' title="bbox 458 3320 2060 3407">
     <span class='ocr_line' id='line_1_58' title="bbox 458 3320 2060 3407; baseline 0.012 -28"><span class='ocrx_word' id='word_1_417' title='bbox 458 3320 547 3379; x_wconf 87' lang='lat' dir='ltr'><strong>bis</strong></span> <span class='ocrx_word' id='word_1_418' title='bbox 588 3324 809 3389; x_wconf 78' lang='lat' dir='ltr'><strong>similia.</strong></span> <span class='ocrx_word' id='word_1_419' title='bbox 854 3329 981 3385; x_wconf 82' lang='lat' dir='ltr'><strong>ideo</strong></span> <span class='ocrx_word' id='word_1_420' title='bbox 1007 3331 1156 3387; x_wconf 91' lang='lat' dir='ltr'><strong>enim</strong></span> <span class='ocrx_word' id='word_1_421' title='bbox 1203 3334 1469 3395; x_wconf 83' lang='lat' dir='ltr'><strong>miracula</strong></span> <span class='ocrx_word' id='word_1_422' title='bbox 1498 3335 1772 3403; x_wconf 88' lang='lat' dir='ltr'><strong>dicuntur,</strong></span> <span class='ocrx_word' id='word_1_423' title='bbox 1799 3337 2060 3407; x_wconf 82' lang='lat' dir='ltr'><strong>quoniam</strong></span> 
     </span>
    </p>
   </div>
   <div class='ocr_carea' id='block_1_59' title="bbox 459 3421 2055 3501">
    <p class='ocr_par' dir='ltr' id='par_1_59' title="bbox 459 3421 2055 3501">
     <span class='ocr_line' id='line_1_59' title="bbox 459 3421 2055 3501; baseline 0.011 -33"><span class='ocrx_word' id='word_1_424' title='bbox 459 3422 650 3481; x_wconf 84' lang='lat' dir='ltr'><strong>contra</strong></span> <span class='ocrx_word' id='word_1_425' title='bbox 681 3421 1127 3478; x_wconf 88' lang='lat' dir='ltr'><strong>consuetudinem</strong></span> <span class='ocrx_word' id='word_1_426' title='bbox 1153 3439 1336 3483; x_wconf 89' lang='lat' dir='ltr'><strong>rerum</strong></span> <span class='ocrx_word' id='word_1_427' title='bbox 1366 3426 1685 3489; x_wconf 86' lang='lat' dir='ltr'><strong>admiranda</strong></span> <span class='ocrx_word' id='word_1_428' title='bbox 1713 3429 2055 3501; x_wconf 80' lang='lat' dir='ltr'><strong>contingunt.</strong></span> 
     </span>
    </p>
   </div>
   <div class='ocr_carea' id='block_1_60' title="bbox 459 3502 2059 3591">
    <p class='ocr_par' dir='ltr' id='par_1_60' title="bbox 459 3502 2059 3591">
     <span class='ocr_line' id='line_1_60' title="bbox 459 3502 2059 3591; baseline 0.012 -33"><span class='ocrx_word' id='word_1_429' title='bbox 459 3502 735 3567; x_wconf 86' lang='lat' dir='ltr'><strong>Feruntur</strong></span> <span class='ocrx_word' id='word_1_430' title='bbox 764 3510 930 3577; x_wconf 90' lang='lat' dir='ltr'><strong>enim,</strong></span> <span class='ocrx_word' id='word_1_431' title='bbox 964 3513 1104 3569; x_wconf 89' lang='lat' dir='ltr'><strong>sicut</strong></span> <span class='ocrx_word' id='word_1_432' title='bbox 1148 3514 1339 3572; x_wconf 90' lang='lat' dir='ltr'><strong>dicunt</strong></span> <span class='ocrx_word' id='word_1_433' title='bbox 1384 3520 1708 3585; x_wconf 85' lang='lat' dir='ltr'><strong>astronomi,</strong></span> <span class='ocrx_word' id='word_1_434' title='bbox 1753 3536 1873 3591; x_wconf 75' lang='lat' dir='ltr'><strong>qua:</strong></span> <span class='ocrx_word' id='word_1_435' title='bbox 1919 3522 2059 3583; x_wconf 74' lang='lat' dir='ltr'><strong>omlo</strong></span> 
     </span>
    </p>
   </div>
   <div class='ocr_carea' id='block_1_61' title="bbox 463 3596 2055 3683">
    <p class='ocr_par' dir='ltr' id='par_1_61' title="bbox 463 3596 2055 3683">
     <span class='ocr_line' id='line_1_61' title="bbox 463 3596 2055 3683; baseline 0.013 -31"><span class='ocrx_word' id='word_1_436' title='bbox 463 3596 574 3653; x_wconf 79' lang='lat' dir='ltr'><strong>ﬁxa</strong></span> <span class='ocrx_word' id='word_1_437' title='bbox 604 3609 758 3666; x_wconf 85' lang='lat' dir='ltr'><strong>sunt;</strong></span> <span class='ocrx_word' id='word_1_438' title='bbox 806 3614 1094 3667; x_wconf 72' lang='lat' dir='ltr'><strong>moventur</strong></span> <span class='ocrx_word' id='word_1_439' title='bbox 1130 3621 1260 3665; x_wconf 82' lang='lat' dir='ltr'><strong>vero</strong></span> <span class='ocrx_word' id='word_1_440' title='bbox 1294 3608 1545 3681; x_wconf 79' lang='lat' dir='ltr'><strong>planetae,</strong></span> <span class='ocrx_word' id='word_1_441' title='bbox 1580 3610 1632 3665; x_wconf 89' lang='lat' dir='ltr'><strong>id</strong></span> <span class='ocrx_word' id='word_1_442' title='bbox 1660 3620 1744 3667; x_wconf 87' lang='lat' dir='ltr'><strong>est</strong></span> <span class='ocrx_word' id='word_1_443' title='bbox 1788 3614 2055 3683; x_wconf 56' lang='lat' dir='ltr'><strong>erraticas.</strong></span> 
     </span>
    </p>
   </div>
   <div class='ocr_carea' id='block_1_62' title="bbox 460 3702 2053 3771">
    <p class='ocr_par' dir='ltr' id='par_1_62' title="bbox 460 3702 2053 3771">
     <span class='ocr_line' id='line_1_62' title="bbox 460 3702 2053 3771; baseline 0.014 -26"><span class='ocrx_word' id='word_1_444' title='bbox 460 3706 582 3763; x_wconf 62' lang='lat' dir='ltr'><strong>quae</strong></span> <span class='ocrx_word' id='word_1_445' title='bbox 612 3708 805 3755; x_wconf 88' lang='lat' dir='ltr'><strong>cursus</strong></span> <span class='ocrx_word' id='word_1_446' title='bbox 830 3711 959 3762; x_wconf 79' lang='lat' dir='ltr'><strong>suos</strong></span> <span class='ocrx_word' id='word_1_447' title='bbox 992 3709 1141 3755; x_wconf 88' lang='lat' dir='ltr'><strong>certa</strong></span> <span class='ocrx_word' id='word_1_448' title='bbox 1172 3707 1355 3765; x_wconf 84' lang='lat' dir='ltr'><strong>tamen</strong></span> <span class='ocrx_word' id='word_1_449' title='bbox 1388 3702 1712 3765; x_wconf 78' lang='lat' dir='ltr'><strong>difﬁnitione</strong></span> <span class='ocrx_word' id='word_1_450' title='bbox 1737 3702 2053 3771; x_wconf 71' lang='lat' dir='ltr'><strong>coniiciunt.</strong></span> 
     </span>
    </p>
   </div>
   <div class='ocr_carea' id='block_1_63' title="bbox 456 3780 2059 3868">
    <p class='ocr_par' dir='ltr' id='par_1_63' title="bbox 456 3780 2059 3868">
     <span class='ocr_line' id='line_1_63' title="bbox 456 3780 2059 3868; baseline 0.012 -30"><span class='ocrx_word' id='word_1_451' title='bbox 456 3780 807 3851; x_wconf 82' lang='lat' dir='ltr'><strong>Astronomia</strong></span> <span class='ocrx_word' id='word_1_452' title='bbox 834 3798 920 3851; x_wconf 86' lang='lat' dir='ltr'><strong>est</strong></span> <span class='ocrx_word' id='word_1_453' title='bbox 964 3792 1166 3862; x_wconf 88' lang='lat' dir='ltr'><strong>itaque,</strong></span> <span class='ocrx_word' id='word_1_454' title='bbox 1208 3794 1349 3850; x_wconf 84' lang='lat' dir='ltr'><strong>sicut</strong></span> <span class='ocrx_word' id='word_1_455' title='bbox 1370 3793 1487 3867; x_wconf 70' lang='lat' dir='ltr'><strong>iam</strong></span> <span class='ocrx_word' id='word_1_456' title='bbox 1520 3796 1724 3857; x_wconf 88' lang='lat' dir='ltr'><strong>dictum</strong></span> <span class='ocrx_word' id='word_1_457' title='bbox 1761 3809 1865 3868; x_wconf 86' lang='lat' dir='ltr'><strong>est,</strong></span> <span class='ocrx_word' id='word_1_458' title='bbox 1894 3802 2059 3861; x_wconf 83' lang='lat' dir='ltr'><strong>disci.-</strong></span> 
     </span>
    </p>
   </div>
   <div class='ocr_carea' id='block_1_64' title="bbox 453 3871 2060 3961">
    <p class='ocr_par' dir='ltr' id='par_1_64' title="bbox 453 3871 2060 3961">
     <span class='ocr_line' id='line_1_64' title="bbox 453 3871 2060 3961; baseline 0.019 -35"><span class='ocrx_word' id='word_1_459' title='bbox 453 3871 602 3944; x_wconf 90' lang='lat' dir='ltr'><strong>plina</strong></span> <span class='ocrx_word' id='word_1_460' title='bbox 629 3891 750 3947; x_wconf 62' lang='lat' dir='ltr'><strong>quae</strong></span> <span class='ocrx_word' id='word_1_461' title='bbox 776 3893 968 3941; x_wconf 84' lang='lat' dir='ltr'><strong>cursus</strong></span> <span class='ocrx_word' id='word_1_462' title='bbox 1003 3882 1304 3943; x_wconf 82' lang='lat' dir='ltr'><strong>caelestium</strong></span> <span class='ocrx_word' id='word_1_463' title='bbox 1342 3886 1583 3947; x_wconf 79' lang='lat' dir='ltr'><strong>siderum</strong></span> <span class='ocrx_word' id='word_1_464' title='bbox 1613 3897 1668 3947; x_wconf 88' lang='lat' dir='ltr'><strong>et</strong></span> <span class='ocrx_word' id='word_1_465' title='bbox 1698 3889 1900 3961; x_wconf 73' lang='lat' dir='ltr'><strong>figuras</strong></span> <span class='ocrx_word' id='word_1_466' title='bbox 1927 3907 2060 3955; x_wconf 79' lang='lat' dir='ltr'><strong>con-</strong></span> 
     </span>
    </p>
   </div>
   <div class='ocr_carea' id='block_1_65' title="bbox 456 3966 2058 4043">
    <p class='ocr_par' dir='ltr' id='par_1_65' title="bbox 456 3966 2058 4043">
     <span class='ocr_line' id='line_1_65' title="bbox 456 3966 2058 4043; baseline 0.016 -25"><span class='ocrx_word' id='word_1_467' title='bbox 456 3966 771 4037; x_wconf 88' lang='lat' dir='ltr'><strong>templatur,</strong></span> <span class='ocrx_word' id='word_1_468' title='bbox 814 3985 1005 4026; x_wconf 90' lang='lat' dir='ltr'><strong>omnes</strong></span> <span class='ocrx_word' id='word_1_469' title='bbox 1031 3981 1085 4035; x_wconf 87' lang='lat' dir='ltr'><strong>et</strong></span> <span class='ocrx_word' id='word_1_470' title='bbox 1122 3973 1465 4041; x_wconf 73' lang='lat' dir='ltr'><strong>habitudines</strong></span> <span class='ocrx_word' id='word_1_471' title='bbox 1492 3979 1773 4036; x_wconf 89' lang='lat' dir='ltr'><strong>stellarum</strong></span> <span class='ocrx_word' id='word_1_472' title='bbox 1815 3985 1962 4041; x_wconf 75' lang='lat' dir='ltr'><strong>circa</strong></span> <span class='ocrx_word' id='word_1_473' title='bbox 1998 3998 2058 4043; x_wconf 80' lang='lat' dir='ltr'><strong>se</strong></span> 
     </span>
    </p>
   </div>
   <div class='ocr_carea' id='block_1_66' title="bbox 458 4059 2059 4144">
    <p class='ocr_par' dir='ltr' id='par_1_66' title="bbox 458 4059 2059 4144">
     <span class='ocr_line' id='line_1_66' title="bbox 458 4059 2059 4144; baseline 0.014 -30"><span class='ocrx_word' id='word_1_474' title='bbox 458 4065 515 4114; x_wconf 88' lang='lat' dir='ltr'><strong>et</strong></span> <span class='ocrx_word' id='word_1_475' title='bbox 560 4059 708 4114; x_wconf 90' lang='lat' dir='ltr'><strong>circa</strong></span> <span class='ocrx_word' id='word_1_476' title='bbox 738 4067 941 4117; x_wconf 90' lang='lat' dir='ltr'><strong>terram</strong></span> <span class='ocrx_word' id='word_1_477' title='bbox 992 4064 1281 4136; x_wconf 76' lang='lat' dir='ltr'><strong>indagabili</strong></span> <span class='ocrx_word' id='word_1_478' title='bbox 1329 4070 1542 4127; x_wconf 86' lang='lat' dir='ltr'><strong>ratione</strong></span> <span class='ocrx_word' id='word_1_479' title='bbox 1572 4076 1863 4144; x_wconf 87' lang='lat' dir='ltr'><strong>percurrit.</strong></span> <span class='ocrx_word' id='word_1_480' title='bbox 1909 4076 2059 4137; x_wconf 73' lang='lat' dir='ltr'><strong>inter</strong></span> 
     </span>
    </p>
   </div>
   <div class='ocr_carea' id='block_1_67' title="bbox 457 4153 2052 4236">
    <p class='ocr_par' dir='ltr' id='par_1_67' title="bbox 457 4153 2052 4236">
     <span class='ocr_line' id='line_1_67' title="bbox 457 4153 2052 4236; baseline 0.013 -33"><span class='ocrx_word' id='word_1_481' title='bbox 457 4153 848 4215; x_wconf 85' lang='lat' dir='ltr'><strong>astronomiam</strong></span> <span class='ocrx_word' id='word_1_482' title='bbox 891 4162 1071 4211; x_wconf 87' lang='lat' dir='ltr'><strong>autem</strong></span> <span class='ocrx_word' id='word_1_483' title='bbox 1116 4166 1170 4213; x_wconf 88' lang='lat' dir='ltr'><strong>et</strong></span> <span class='ocrx_word' id='word_1_484' title='bbox 1216 4160 1565 4232; x_wconf 75' lang='lat' dir='ltr'><strong>astrologiam</strong></span> <span class='ocrx_word' id='word_1_485' title='bbox 1607 4164 1812 4236; x_wconf 87' lang='lat' dir='ltr'><strong>aliquid</strong></span> <span class='ocrx_word' id='word_1_486' title='bbox 1853 4166 2052 4234; x_wconf 70' lang='lat' dir='ltr'><strong>differt,</strong></span> 
     </span>
    </p>
   </div>
   <div class='ocr_carea' id='block_1_68' title="bbox 455 4237 2056 4325">
    <p class='ocr_par' dir='ltr' id='par_1_68' title="bbox 455 4237 2056 4325">
     <span class='ocr_line' id='line_1_68' title="bbox 455 4237 2056 4325; baseline 0.012 -29"><span class='ocrx_word' id='word_1_487' title='bbox 455 4237 585 4296; x_wconf 88' lang='lat' dir='ltr'><strong>licet</strong></span> <span class='ocrx_word' id='word_1_488' title='bbox 631 4244 698 4297; x_wconf 89' lang='lat' dir='ltr'><strong>ad</strong></span> <span class='ocrx_word' id='word_1_489' title='bbox 741 4260 904 4303; x_wconf 89' lang='lat' dir='ltr'><strong>unam</strong></span> <span class='ocrx_word' id='word_1_490' title='bbox 947 4247 1286 4318; x_wconf 80' lang='lat' dir='ltr'><strong>disciplinam</strong></span> <span class='ocrx_word' id='word_1_491' title='bbox 1333 4255 1510 4317; x_wconf 67' lang='lat' dir='ltr'><strong>ambae</strong></span> <span class='ocrx_word' id='word_1_492' title='bbox 1544 4258 1869 4325; x_wconf 88' lang='lat' dir='ltr'><strong>pertineant.</strong></span> <span class='ocrx_word' id='word_1_493' title='bbox 1915 4260 2056 4319; x_wconf 86' lang='lat' dir='ltr'><strong>Nam</strong></span> 
     </span>
    </p>
   </div>
   <div class='ocr_carea' id='block_1_69' title="bbox 456 4333 2055 4411">
    <p class='ocr_par' dir='ltr' id='par_1_69' title="bbox 456 4333 2055 4411">
     <span class='ocr_line' id='line_1_69' title="bbox 456 4333 2055 4411; baseline 0.011 -26"><span class='ocrx_word' id='word_1_494' title='bbox 456 4333 787 4397; x_wconf 86' lang='lat' dir='ltr'><strong>astronomia</strong></span> <span class='ocrx_word' id='word_1_495' title='bbox 834 4334 954 4390; x_wconf 72' lang='grc' dir='ltr'><strong>οωιί</strong></span> <span class='ocrx_word' id='word_1_496' title='bbox 987 4342 1419 4405; x_wconf 84' lang='lat' dir='ltr'><strong>conversionem,</strong></span> <span class='ocrx_word' id='word_1_497' title='bbox 1469 4353 1645 4409; x_wconf 87' lang='lat' dir='ltr'><strong>ortus,</strong></span> <span class='ocrx_word' id='word_1_498' title='bbox 1693 4347 1894 4411; x_wconf 85' lang='lat' dir='ltr'><strong>obitus,</strong></span> <span class='ocrx_word' id='word_1_499' title='bbox 1940 4365 2055 4407; x_wconf 79' lang='lat' dir='ltr'><strong>mo-</strong></span> 
     </span>
    </p>
   </div>
   <div class='ocr_carea' id='block_1_70' title="bbox 459 4424 2055 4504">
    <p class='ocr_par' dir='ltr' id='par_1_70' title="bbox 459 4424 2055 4504">
     <span class='ocr_line' id='line_1_70' title="bbox 459 4424 2055 4504; baseline 0.012 -26"><span class='ocrx_word' id='word_1_500' title='bbox 459 4429 652 4494; x_wconf 89' lang='lat' dir='ltr'><strong>tusque</strong></span> <span class='ocrx_word' id='word_1_501' title='bbox 695 4424 934 4481; x_wconf 88' lang='lat' dir='ltr'><strong>siderum</strong></span> <span class='ocrx_word' id='word_1_502' title='bbox 964 4428 1228 4497; x_wconf 79' lang='lat' dir='ltr'><strong>continet,</strong></span> <span class='ocrx_word' id='word_1_503' title='bbox 1257 4430 1340 4487; x_wconf 88' lang='lat' dir='ltr'><strong>vel</strong></span> <span class='ocrx_word' id='word_1_504' title='bbox 1386 4447 1454 4488; x_wconf 79' lang='lat' dir='ltr'><strong>ex</strong></span> <span class='ocrx_word' id='word_1_505' title='bbox 1494 4449 1599 4504; x_wconf 84' lang='lat' dir='ltr'><strong>qua</strong></span> <span class='ocrx_word' id='word_1_506' title='bbox 1631 4449 1795 4493; x_wconf 84' lang='lat' dir='ltr'><strong>causa</strong></span> <span class='ocrx_word' id='word_1_507' title='bbox 1842 4436 1918 4493; x_wconf 88' lang='lat' dir='ltr'><strong>ita</strong></span> <span class='ocrx_word' id='word_1_508' title='bbox 1960 4454 2055 4497; x_wconf 50' lang='lat' dir='ltr'><strong>vo.</strong></span> 
     </span>
    </p>
   </div>
   <div class='ocr_carea' id='block_1_71' title="bbox 451 4519 2051 4602">
    <p class='ocr_par' dir='ltr' id='par_1_71' title="bbox 451 4519 2051 4602">
     <span class='ocr_line' id='line_1_71' title="bbox 451 4519 2051 4602; baseline 0.012 -28"><span class='ocrx_word' id='word_1_509' title='bbox 451 4524 679 4584; x_wconf 87' lang='lat' dir='ltr'><strong>centur;</strong></span> <span class='ocrx_word' id='word_1_510' title='bbox 728 4519 1019 4593; x_wconf 76' lang='lat' dir='ltr'><strong>astrologia</strong></span> <span class='ocrx_word' id='word_1_511' title='bbox 1066 4538 1195 4581; x_wconf 87' lang='lat' dir='ltr'><strong>vero</strong></span> <span class='ocrx_word' id='word_1_512' title='bbox 1242 4526 1441 4596; x_wconf 86' lang='lat' dir='ltr'><strong>partim</strong></span> <span class='ocrx_word' id='word_1_513' title='bbox 1504 4528 1803 4596; x_wconf 85' lang='lat' dir='ltr'><strong>naturalis,</strong></span> <span class='ocrx_word' id='word_1_514' title='bbox 1850 4533 2051 4602; x_wconf 87' lang='lat' dir='ltr'><strong>partim</strong></span> 
     </span>
    </p>
   </div>
   <div class='ocr_carea' id='block_1_72' title="bbox 2162 3347 3779 3419">
    <p class='ocr_par' dir='ltr' id='par_1_72' title="bbox 2162 3347 3779 3419">
     <span class='ocr_line' id='line_1_72' title="bbox 2162 3347 3779 3419; baseline -0.002 -12"><span class='ocrx_word' id='word_1_515' title='bbox 2162 3363 2286 3416; x_wconf 81' lang='lat' dir='ltr'><strong>eos;</strong></span> <span class='ocrx_word' id='word_1_516' title='bbox 2315 3350 2461 3419; x_wconf 90' lang='lat' dir='ltr'><strong>quod</strong></span> <span class='ocrx_word' id='word_1_517' title='bbox 2488 3364 2677 3411; x_wconf 88' lang='lat' dir='ltr'><strong>eorum</strong></span> <span class='ocrx_word' id='word_1_518' title='bbox 2698 3358 2957 3419; x_wconf 85' lang='lat' dir='ltr'><strong>tanquam</strong></span> <span class='ocrx_word' id='word_1_519' title='bbox 2985 3364 3180 3405; x_wconf 84' lang='lat' dir='ltr'><strong>aurum</strong></span> <span class='ocrx_word' id='word_1_520' title='bbox 3207 3355 3264 3402; x_wconf 89' lang='lat' dir='ltr'><strong>et</strong></span> <span class='ocrx_word' id='word_1_521' title='bbox 3285 3356 3595 3419; x_wconf 73' lang='lat' dir='ltr'><strong>argentum,</strong></span> <span class='ocrx_word' id='word_1_522' title='bbox 3629 3347 3779 3418; x_wconf 77' lang='lat' dir='ltr'><strong>quod</strong></span> 
     </span>
    </p>
   </div>
   <div class='ocr_carea' id='block_1_73' title="bbox 2161 3441 3775 3513">
    <p class='ocr_par' dir='ltr' id='par_1_73' title="bbox 2161 3441 3775 3513">
     <span class='ocr_line' id='line_1_73' title="bbox 2161 3441 3775 3513; baseline -0.001 -14"><span class='ocrx_word' id='word_1_523' title='bbox 2161 3460 2271 3501; x_wconf 88' lang='lat' dir='ltr'><strong>non</strong></span> <span class='ocrx_word' id='word_1_524' title='bbox 2316 3444 2419 3513; x_wconf 78' lang='lat' dir='ltr'><strong>ipsi</strong></span> <span class='ocrx_word' id='word_1_525' title='bbox 2451 3443 2824 3507; x_wconf 85' lang='lat' dir='ltr'><strong>instituerunt.</strong></span> <span class='ocrx_word' id='word_1_526' title='bbox 2856 3443 2954 3499; x_wconf 86' lang='lat' dir='ltr'><strong>sed</strong></span> <span class='ocrx_word' id='word_1_527' title='bbox 2989 3443 3056 3497; x_wconf 90' lang='lat' dir='ltr'><strong>de</strong></span> <span class='ocrx_word' id='word_1_528' title='bbox 3106 3441 3429 3512; x_wconf 83' lang='lat' dir='ltr'><strong>quihusdam</strong></span> <span class='ocrx_word' id='word_1_529' title='bbox 3456 3443 3621 3512; x_wconf 89' lang='lat' dir='ltr'><strong>quasi</strong></span> <span class='ocrx_word' id='word_1_530' title='bbox 3658 3455 3775 3497; x_wconf 82' lang='lat' dir='ltr'><strong>me-</strong></span> 
     </span>
    </p>
   </div>
   <div class='ocr_carea' id='block_1_74' title="bbox 2160 3532 3777 3605">
    <p class='ocr_par' dir='ltr' id='par_1_74' title="bbox 2160 3532 3777 3605">
     <span class='ocr_line' id='line_1_74' title="bbox 2160 3532 3777 3605; baseline -0.004 -10"><span class='ocrx_word' id='word_1_531' title='bbox 2160 3536 2305 3595; x_wconf 76' lang='lat' dir='ltr'><strong>tallis</strong></span> <span class='ocrx_word' id='word_1_532' title='bbox 2344 3536 2539 3594; x_wconf 81' lang='lat' dir='ltr'><strong>divime</strong></span> <span class='ocrx_word' id='word_1_533' title='bbox 2584 3533 2960 3605; x_wconf 63' lang='lat' dir='ltr'><strong>providentiae,</strong></span> <span class='ocrx_word' id='word_1_534' title='bbox 3004 3549 3126 3604; x_wconf 67' lang='lat' dir='ltr'><strong>qua!</strong></span> <span class='ocrx_word' id='word_1_535' title='bbox 3176 3533 3375 3605; x_wconf 76' lang='lat' dir='ltr'><strong>ubique</strong></span> <span class='ocrx_word' id='word_1_536' title='bbox 3421 3532 3604 3589; x_wconf 83' lang='lat' dir='ltr'><strong>infusa</strong></span> <span class='ocrx_word' id='word_1_537' title='bbox 3658 3541 3777 3598; x_wconf 71' lang='lat' dir='ltr'><strong>est,</strong></span> 
     </span>
    </p>
   </div>
   <div class='ocr_carea' id='block_1_75' title="bbox 2159 3626 3775 3698">
    <p class='ocr_par' dir='ltr' id='par_1_75' title="bbox 2159 3626 3775 3698">
     <span class='ocr_line' id='line_1_75' title="bbox 2159 3626 3775 3698; baseline -0.004 -13"><span class='ocrx_word' id='word_1_538' title='bbox 2159 3637 2449 3693; x_wconf 70' lang='lat' dir='ltr'><strong>eruerant;</strong></span> <span class='ocrx_word' id='word_1_539' title='bbox 2490 3637 2546 3687; x_wconf 88' lang='lat' dir='ltr'><strong>et</strong></span> <span class='ocrx_word' id='word_1_540' title='bbox 2574 3643 2684 3698; x_wconf 83' lang='lat' dir='ltr'><strong>quo</strong></span> <span class='ocrx_word' id='word_1_541' title='bbox 2728 3641 2986 3697; x_wconf 75' lang='lat' dir='ltr'><strong>perverse</strong></span> <span class='ocrx_word' id='word_1_542' title='bbox 3019 3635 3183 3697; x_wconf 85' lang='lat' dir='ltr'><strong>atque</strong></span> <span class='ocrx_word' id='word_1_543' title='bbox 3216 3626 3476 3697; x_wconf 72' lang='lat' dir='ltr'><strong>iniuriose</strong></span> <span class='ocrx_word' id='word_1_544' title='bbox 3505 3626 3575 3680; x_wconf 82' lang='lat' dir='ltr'><strong>ad</strong></span> <span class='ocrx_word' id='word_1_545' title='bbox 3606 3627 3775 3680; x_wconf 79' lang='lat' dir='ltr'><strong>obso-</strong></span> 
     </span>
    </p>
   </div>
   <div class='ocr_carea' id='block_1_76' title="bbox 2161 3717 3775 3791">
    <p class='ocr_par' dir='ltr' id='par_1_76' title="bbox 2161 3717 3775 3791">
     <span class='ocr_line' id='line_1_76' title="bbox 2161 3717 3775 3791; baseline -0.004 -12"><span class='ocrx_word' id='word_1_546' title='bbox 2161 3722 2287 3791; x_wconf 80' lang='lat' dir='ltr'><strong>quia</strong></span> <span class='ocrx_word' id='word_1_547' title='bbox 2332 3723 2637 3777; x_wconf 63' lang='lat' dir='ltr'><strong>daemonum</strong></span> <span class='ocrx_word' id='word_1_548' title='bbox 2678 3720 2999 3785; x_wconf 85' lang='lat' dir='ltr'><strong>abutuntur,</strong></span> <span class='ocrx_word' id='word_1_549' title='bbox 3052 3734 3180 3774; x_wconf 85' lang='lat' dir='ltr'><strong>eum</strong></span> <span class='ocrx_word' id='word_1_550' title='bbox 3230 3719 3296 3772; x_wconf 81' lang='lat' dir='ltr'><strong>ab</strong></span> <span class='ocrx_word' id='word_1_551' title='bbox 3324 3731 3517 3771; x_wconf 91' lang='lat' dir='ltr'><strong>eorum</strong></span> <span class='ocrx_word' id='word_1_552' title='bbox 3562 3717 3775 3777; x_wconf 69' lang='lat' dir='ltr'><strong>misera</strong></span> 
     </span>
    </p>
   </div>
   <div class='ocr_carea' id='block_1_77' title="bbox 2161 3798 3776 3879">
    <p class='ocr_par' dir='ltr' id='par_1_77' title="bbox 2161 3798 3776 3879">
     <span class='ocr_line' id='line_1_77' title="bbox 2161 3798 3776 3879; baseline -0.002 -12"><span class='ocrx_word' id='word_1_553' title='bbox 2161 3798 2423 3867; x_wconf 86' lang='lat' dir='ltr'><strong>societate</strong></span> <span class='ocrx_word' id='word_1_554' title='bbox 2467 3825 2589 3866; x_wconf 89' lang='lat' dir='ltr'><strong>sese</strong></span> <span class='ocrx_word' id='word_1_555' title='bbox 2638 3809 2822 3867; x_wconf 88' lang='lat' dir='ltr'><strong>animo</strong></span> <span class='ocrx_word' id='word_1_556' title='bbox 2862 3816 3105 3879; x_wconf 77' lang='lat' dir='ltr'><strong>separat,</strong></span> <span class='ocrx_word' id='word_1_557' title='bbox 3136 3809 3296 3865; x_wconf 87' lang='lat' dir='ltr'><strong>debet</strong></span> <span class='ocrx_word' id='word_1_558' title='bbox 3335 3807 3405 3862; x_wconf 83' lang='lat' dir='ltr'><strong>ab</strong></span> <span class='ocrx_word' id='word_1_559' title='bbox 3427 3808 3506 3863; x_wconf 83' lang='lat' dir='ltr'><strong>eis</strong></span> <span class='ocrx_word' id='word_1_560' title='bbox 3548 3806 3776 3864; x_wconf 69' lang='lat' dir='ltr'><strong>autem</strong></span> 
     </span>
    </p>
   </div>
   <div class='ocr_carea' id='block_1_78' title="bbox 2159 3899 3763 3971">
    <p class='ocr_par' dir='ltr' id='par_1_78' title="bbox 2159 3899 3763 3971">
     <span class='ocr_line' id='line_1_78' title="bbox 2159 3899 3763 3971; baseline -0.005 -12"><span class='ocrx_word' id='word_1_561' title='bbox 2159 3902 2500 3963; x_wconf 84' lang='lat' dir='ltr'><strong>Christianus</strong></span> <span class='ocrx_word' id='word_1_562' title='bbox 2525 3902 2593 3957; x_wconf 85' lang='lat' dir='ltr'><strong>ad</strong></span> <span class='ocrx_word' id='word_1_563' title='bbox 2637 3918 2797 3958; x_wconf 85' lang='lat' dir='ltr'><strong>usum</strong></span> <span class='ocrx_word' id='word_1_564' title='bbox 2839 3899 3047 3971; x_wconf 77' lang='lat' dir='ltr'><strong>iustum</strong></span> <span class='ocrx_word' id='word_1_565' title='bbox 3080 3899 3408 3971; x_wconf 60' lang='lat' dir='ltr'><strong>praedicandi</strong></span> <span class='ocrx_word' id='word_1_566' title='bbox 3451 3899 3763 3969; x_wconf 72' lang='lat' dir='ltr'><strong>Evangelii.</strong></span> 
     </span>
    </p>
   </div>
   <div class='ocr_carea' id='block_1_79' title="bbox 2160 3981 3772 4067">
    <p class='ocr_par' dir='ltr' id='par_1_79' title="bbox 2160 3981 3772 4067">
     <span class='ocr_line' id='line_1_79' title="bbox 2160 3981 3772 4067; baseline -0.002 -16"><span class='ocrx_word' id='word_1_567' title='bbox 2160 3996 2378 4051; x_wconf 83' lang='lat' dir='ltr'><strong>Vestem</strong></span> <span class='ocrx_word' id='word_1_568' title='bbox 2426 4009 2640 4067; x_wconf 91' lang='lat' dir='ltr'><strong>quoque</strong></span> <span class='ocrx_word' id='word_1_569' title='bbox 2691 3981 2937 4060; x_wconf 82' lang='lat' dir='ltr'><strong>illorum,</strong></span> <span class='ocrx_word' id='word_1_570' title='bbox 2984 3994 3037 4048; x_wconf 91' lang='lat' dir='ltr'><strong>id</strong></span> <span class='ocrx_word' id='word_1_571' title='bbox 3086 4001 3169 4048; x_wconf 90' lang='lat' dir='ltr'><strong>est</strong></span> <span class='ocrx_word' id='word_1_572' title='bbox 3217 3992 3497 4048; x_wconf 89' lang='lat' dir='ltr'><strong>hominum</strong></span> <span class='ocrx_word' id='word_1_573' title='bbox 3541 3992 3772 4062; x_wconf 83' lang='lat' dir='ltr'><strong>quidem</strong></span> 
     </span>
    </p>
   </div>
   <div class='ocr_carea' id='block_1_80' title="bbox 2158 4087 3772 4155">
    <p class='ocr_par' dir='ltr' id='par_1_80' title="bbox 2158 4087 3772 4155">
     <span class='ocr_line' id='line_1_80' title="bbox 2158 4087 3772 4155; baseline -0.002 -10"><span class='ocrx_word' id='word_1_574' title='bbox 2158 4090 2429 4155; x_wconf 88' lang='lat' dir='ltr'><strong>instituta,</strong></span> <span class='ocrx_word' id='word_1_575' title='bbox 2470 4090 2566 4145; x_wconf 91' lang='lat' dir='ltr'><strong>sed</strong></span> <span class='ocrx_word' id='word_1_576' title='bbox 2613 4099 2793 4145; x_wconf 89' lang='lat' dir='ltr'><strong>tamen</strong></span> <span class='ocrx_word' id='word_1_577' title='bbox 2837 4089 3248 4145; x_wconf 82' lang='lat' dir='ltr'><strong>accommodata</strong></span> <span class='ocrx_word' id='word_1_578' title='bbox 3296 4088 3547 4143; x_wconf 70' lang='lat' dir='ltr'><strong>humana:</strong></span> <span class='ocrx_word' id='word_1_579' title='bbox 3589 4087 3772 4142; x_wconf 82' lang='lat' dir='ltr'><strong>socie-</strong></span> 
     </span>
    </p>
   </div>
   <div class='ocr_carea' id='block_1_81' title="bbox 2159 4178 3770 4252">
    <p class='ocr_par' dir='ltr' id='par_1_81' title="bbox 2159 4178 3770 4252">
     <span class='ocr_line' id='line_1_81' title="bbox 2159 4178 3770 4252; baseline -0.002 -16"><span class='ocrx_word' id='word_1_580' title='bbox 2159 4183 2274 4245; x_wconf 89' lang='lat' dir='ltr'><strong>tati,</strong></span> <span class='ocrx_word' id='word_1_581' title='bbox 2310 4182 2505 4252; x_wconf 88' lang='lat' dir='ltr'><strong>quibus</strong></span> <span class='ocrx_word' id='word_1_582' title='bbox 2553 4182 2608 4235; x_wconf 92' lang='lat' dir='ltr'><strong>in</strong></span> <span class='ocrx_word' id='word_1_583' title='bbox 2643 4183 2746 4237; x_wconf 88' lang='lat' dir='ltr'><strong>hac</strong></span> <span class='ocrx_word' id='word_1_584' title='bbox 2772 4181 2883 4237; x_wconf 86' lang='lat' dir='ltr'><strong>vita</strong></span> <span class='ocrx_word' id='word_1_585' title='bbox 2922 4196 3113 4236; x_wconf 83' lang='lat' dir='ltr'><strong>carere</strong></span> <span class='ocrx_word' id='word_1_586' title='bbox 3139 4196 3247 4235; x_wconf 93' lang='lat' dir='ltr'><strong>non</strong></span> <span class='ocrx_word' id='word_1_587' title='bbox 3272 4193 3586 4250; x_wconf 90' lang='lat' dir='ltr'><strong>possumus,</strong></span> <span class='ocrx_word' id='word_1_588' title='bbox 3617 4178 3770 4234; x_wconf 81' lang='lat' dir='ltr'><strong>acci-</strong></span> 
     </span>
    </p>
   </div>
   <div class='ocr_carea' id='block_1_82' title="bbox 2157 4271 3765 4345">
    <p class='ocr_par' dir='ltr' id='par_1_82' title="bbox 2157 4271 3765 4345">
     <span class='ocr_line' id='line_1_82' title="bbox 2157 4271 3765 4345; baseline -0.001 -16"><span class='ocrx_word' id='word_1_589' title='bbox 2157 4286 2287 4345; x_wconf 88' lang='lat' dir='ltr'><strong>pere</strong></span> <span class='ocrx_word' id='word_1_590' title='bbox 2335 4281 2499 4342; x_wconf 89' lang='lat' dir='ltr'><strong>atque</strong></span> <span class='ocrx_word' id='word_1_591' title='bbox 2554 4271 2759 4328; x_wconf 84' lang='lat' dir='ltr'><strong>habere</strong></span> <span class='ocrx_word' id='word_1_592' title='bbox 2809 4272 3025 4327; x_wconf 83' lang='lat' dir='ltr'><strong>licuerit</strong></span> <span class='ocrx_word' id='word_1_593' title='bbox 3067 4273 3122 4327; x_wconf 91' lang='lat' dir='ltr'><strong>in</strong></span> <span class='ocrx_word' id='word_1_594' title='bbox 3166 4286 3325 4326; x_wconf 83' lang='lat' dir='ltr'><strong>usum</strong></span> <span class='ocrx_word' id='word_1_595' title='bbox 3390 4272 3765 4327; x_wconf 74' lang='lat' dir='ltr'><strong>convertenda</strong></span> 
     </span>
    </p>
   </div>
   <div class='ocr_carea' id='block_1_83' title="bbox 2159 4361 3765 4432">
    <p class='ocr_par' dir='ltr' id='par_1_83' title="bbox 2159 4361 3765 4432">
     <span class='ocr_line' id='line_1_83' title="bbox 2159 4361 3765 4432; baseline 0.001 -15"><span class='ocrx_word' id='word_1_596' title='bbox 2159 4363 2549 4419; x_wconf 84' lang='lat' dir='ltr'><strong>Christianum.</strong></span> <span class='ocrx_word' id='word_1_597' title='bbox 2597 4362 2733 4417; x_wconf 83' lang='lat' dir='ltr'><strong>Nam</strong></span> <span class='ocrx_word' id='word_1_598' title='bbox 2776 4362 2905 4432; x_wconf 87' lang='lat' dir='ltr'><strong>quid</strong></span> <span class='ocrx_word' id='word_1_599' title='bbox 2953 4362 3101 4419; x_wconf 86' lang='lat' dir='ltr'><strong>aliud</strong></span> <span class='ocrx_word' id='word_1_600' title='bbox 3149 4361 3398 4419; x_wconf 74' lang='lat' dir='ltr'><strong>iecerunt</strong></span> <span class='ocrx_word' id='word_1_601' title='bbox 3427 4362 3558 4418; x_wconf 87' lang='lat' dir='ltr'><strong>boni</strong></span> <span class='ocrx_word' id='word_1_602' title='bbox 3602 4363 3765 4418; x_wconf 84' lang='lat' dir='ltr'><strong>ulti</strong></span> 
     </span>
    </p>
   </div>
   <div class='ocr_carea' id='block_1_84' title="bbox 2159 4450 3765 4526">
    <p class='ocr_par' dir='ltr' id='par_1_84' title="bbox 2159 4450 3765 4526">
     <span class='ocr_line' id='line_1_84' title="bbox 2159 4450 3765 4526; baseline -0.003 -13"><span class='ocrx_word' id='word_1_603' title='bbox 2159 4450 2343 4513; x_wconf 77' lang='lat' dir='ltr'><strong>ﬁdeles</strong></span> <span class='ocrx_word' id='word_1_604' title='bbox 2381 4453 2587 4509; x_wconf 88' lang='lat' dir='ltr'><strong>nostri?</strong></span> <span class='ocrx_word' id='word_1_605' title='bbox 2616 4452 2808 4509; x_wconf 79' lang='lat' dir='ltr'><strong>Nonne</strong></span> <span class='ocrx_word' id='word_1_606' title='bbox 2853 4453 3146 4524; x_wconf 79' lang='lat' dir='ltr'><strong>aspicimus</strong></span> <span class='ocrx_word' id='word_1_607' title='bbox 3172 4463 3380 4524; x_wconf 89' lang='lat' dir='ltr'><strong>quanto</strong></span> <span class='ocrx_word' id='word_1_608' title='bbox 3418 4470 3557 4526; x_wconf 79' lang='lat' dir='ltr'><strong>auro</strong></span> <span class='ocrx_word' id='word_1_609' title='bbox 3582 4464 3639 4509; x_wconf 89' lang='lat' dir='ltr'><strong>et</strong></span> <span class='ocrx_word' id='word_1_610' title='bbox 3672 4471 3765 4508; x_wconf 84' lang='lat' dir='ltr'><strong>ar-</strong></span> 
     </span>
    </p>
   </div>
   <div class='ocr_carea' id='block_1_85' title="bbox 2157 4542 3761 4618">
    <p class='ocr_par' dir='ltr' id='par_1_85' title="bbox 2157 4542 3761 4618">
     <span class='ocr_line' id='line_1_85' title="bbox 2157 4542 3761 4618; baseline 0 -19"><span class='ocrx_word' id='word_1_611' title='bbox 2157 4550 2319 4611; x_wconf 70' lang='lat' dir='ltr'><strong>gento</strong></span> <span class='ocrx_word' id='word_1_612' title='bbox 2360 4551 2415 4600; x_wconf 91' lang='lat' dir='ltr'><strong>et</strong></span> <span class='ocrx_word' id='word_1_613' title='bbox 2445 4551 2593 4603; x_wconf 79' lang='lat' dir='ltr'><strong>veste</strong></span> <span class='ocrx_word' id='word_1_614' title='bbox 2629 4542 2966 4601; x_wconf 72' lang='lat' dir='ltr'><strong>sull’arcinati</strong></span> <span class='ocrx_word' id='word_1_615' title='bbox 3008 4545 3262 4601; x_wconf 77' lang='lat' dir='ltr'><strong>exierunt</strong></span> <span class='ocrx_word' id='word_1_616' title='bbox 3287 4546 3355 4602; x_wconf 88' lang='lat' dir='ltr'><strong>de</strong></span> <span class='ocrx_word' id='word_1_617' title='bbox 3382 4545 3621 4617; x_wconf 66' lang='lat' dir='ltr'><strong>Egypto</strong></span> <span class='ocrx_word' id='word_1_618' title='bbox 3651 4546 3761 4618; x_wconf 83' lang='lat' dir='ltr'><strong>Cy-</strong></span> 
     </span>
    </p>
   </div>
   <div class='ocr_carea' id='block_1_86' title="bbox 452 4614 3759 4705">
    <p class='ocr_par' dir='ltr' id='par_1_86' title="bbox 452 4614 3759 4705">
     <span class='ocr_line' id='line_1_86' title="bbox 452 4614 3759 4705; baseline 0.007 -38"><span class='ocrx_word' id='word_1_619' title='bbox 452 4614 832 4705; x_wconf 74' lang='lat' dir='ltr'><strong>superstitiosa</strong></span> <span class='ocrx_word' id='word_1_620' title='bbox 879 4623 981 4672; x_wconf 89' lang='lat' dir='ltr'><strong>est.</strong></span> <span class='ocrx_word' id='word_1_621' title='bbox 1028 4616 1322 4686; x_wconf 88' lang='lat' dir='ltr'><strong>Naturalis,</strong></span> <span class='ocrx_word' id='word_1_622' title='bbox 1372 4621 1500 4681; x_wconf 90' lang='lat' dir='ltr'><strong>dum</strong></span> <span class='ocrx_word' id='word_1_623' title='bbox 1552 4626 1873 4697; x_wconf 80' lang='lat' dir='ltr'><strong>exsequitur</strong></span> <span class='ocrx_word' id='word_1_624' title='bbox 1922 4627 2056 4685; x_wconf 84' lang='lat' dir='ltr'><strong>solis</strong></span> <span class='ocrx_word' id='word_1_625' title='bbox 2084 4626 2386 4703; x_wconf 86' lang='lat' dir='ltr'><strong>Dprianus</strong></span> <span class='ocrx_word' id='word_1_626' title='bbox 2416 4642 2472 4689; x_wconf 89' lang='lat' dir='ltr'><strong>et</strong></span> <span class='ocrx_word' id='word_1_627' title='bbox 2502 4634 2692 4694; x_wconf 86' lang='lat' dir='ltr'><strong>doctor</strong></span> <span class='ocrx_word' id='word_1_628' title='bbox 2740 4635 3118 4699; x_wconf 55' lang='lat' dir='ltr'><strong>suai&#39;issimus,</strong></span> <span class='ocrx_word' id='word_1_629' title='bbox 3145 4643 3200 4687; x_wconf 87' lang='lat' dir='ltr'><strong>et</strong></span> <span class='ocrx_word' id='word_1_630' title='bbox 3248 4614 3759 4705; x_wconf 17' lang='lat' dir='ltr'><strong>martyrv‘beatiss‘i-</strong></span> 
     </span>
    </p>
   </div>
   <div class='ocr_carea' id='block_1_87' title="bbox 451 4700 2052 4792">
    <p class='ocr_par' dir='ltr' id='par_1_87' title="bbox 451 4700 2052 4792">
     <span class='ocr_line' id='line_1_87' title="bbox 451 4700 2052 4792; baseline 0.012 -34"><span class='ocrx_word' id='word_1_631' title='bbox 451 4700 703 4776; x_wconf 57' lang='lat' dir='ltr'><strong>lunaique</strong></span> <span class='ocrx_word' id='word_1_632' title='bbox 752 4721 947 4763; x_wconf 85' lang='lat' dir='ltr'><strong>cursus</strong></span> <span class='ocrx_word' id='word_1_633' title='bbox 990 4709 1077 4773; x_wconf 85' lang='lat' dir='ltr'><strong>vel</strong></span> <span class='ocrx_word' id='word_1_634' title='bbox 1140 4712 1462 4781; x_wconf 87' lang='lat' dir='ltr'><strong>stellarum,</strong></span> <span class='ocrx_word' id='word_1_635' title='bbox 1513 4726 1693 4774; x_wconf 85' lang='lat' dir='ltr'><strong>certas</strong></span> <span class='ocrx_word' id='word_1_636' title='bbox 1747 4727 2052 4792; x_wconf 89' lang='lat' dir='ltr'><strong>temporum</strong></span> 
     </span>
    </p>
   </div>
   <div class='ocr_carea' id='block_1_88' title="bbox 453 4799 2053 4883">
    <p class='ocr_par' dir='ltr' id='par_1_88' title="bbox 453 4799 2053 4883">
     <span class='ocr_line' id='line_1_88' title="bbox 453 4799 2053 4883; baseline 0.012 -30"><span class='ocrx_word' id='word_1_637' title='bbox 453 4799 798 4869; x_wconf 62' lang='lat' dir='ltr'><strong>quaestiones.</strong></span> <span class='ocrx_word' id='word_1_638' title='bbox 826 4799 1215 4872; x_wconf 86' lang='lat' dir='ltr'><strong>Superstitiosa</strong></span> <span class='ocrx_word' id='word_1_639' title='bbox 1240 4821 1371 4865; x_wconf 86' lang='lat' dir='ltr'><strong>vero</strong></span> <span class='ocrx_word' id='word_1_640' title='bbox 1400 4818 1484 4865; x_wconf 89' lang='lat' dir='ltr'><strong>est</strong></span> <span class='ocrx_word' id='word_1_641' title='bbox 1510 4810 1621 4879; x_wconf 87' lang='lat' dir='ltr'><strong>illa,</strong></span> <span class='ocrx_word' id='word_1_642' title='bbox 1651 4828 1813 4883; x_wconf 85' lang='lat' dir='ltr'><strong>quam</strong></span> <span class='ocrx_word' id='word_1_643' title='bbox 1842 4817 2053 4872; x_wconf 83' lang='lat' dir='ltr'><strong>matbe—</strong></span> 
     </span>
    </p>
   </div>
   <div class='ocr_carea' id='block_1_89' title="bbox 454 4890 2052 4979">
    <p class='ocr_par' dir='ltr' id='par_1_89' title="bbox 454 4890 2052 4979">
     <span class='ocr_line' id='line_1_89' title="bbox 454 4890 2052 4979; baseline 0.011 -34"><span class='ocrx_word' id='word_1_644' title='bbox 454 4890 639 4947; x_wconf 89' lang='lat' dir='ltr'><strong>matici</strong></span> <span class='ocrx_word' id='word_1_645' title='bbox 698 4901 1017 4962; x_wconf 90' lang='lat' dir='ltr'><strong>sequuntur,</strong></span> <span class='ocrx_word' id='word_1_646' title='bbox 1067 4896 1159 4965; x_wconf 92' lang='lat' dir='ltr'><strong>qui</strong></span> <span class='ocrx_word' id='word_1_647' title='bbox 1222 4899 1395 4957; x_wconf 88' lang='lat' dir='ltr'><strong>stellis</strong></span> <span class='ocrx_word' id='word_1_648' title='bbox 1449 4915 1807 4974; x_wconf 82' lang='lat' dir='ltr'><strong>augurantur,</strong></span> <span class='ocrx_word' id='word_1_649' title='bbox 1850 4909 2052 4979; x_wconf 81' lang='lat' dir='ltr'><strong>quique</strong></span> 
     </span>
    </p>
   </div>
   <div class='ocr_carea' id='block_1_90' title="bbox 454 4981 2050 5065">
    <p class='ocr_par' dir='ltr' id='par_1_90' title="bbox 454 4981 2050 5065">
     <span class='ocr_line' id='line_1_90' title="bbox 454 4981 2050 5065; baseline 0.013 -30"><span class='ocrx_word' id='word_1_650' title='bbox 454 4981 621 5039; x_wconf 90' lang='lat' dir='ltr'><strong>etiam</strong></span> <span class='ocrx_word' id='word_1_651' title='bbox 651 4983 937 5041; x_wconf 88' lang='lat' dir='ltr'><strong>duodecim</strong></span> <span class='ocrx_word' id='word_1_652' title='bbox 982 4986 1105 5043; x_wconf 72' lang='grc' dir='ltr'><strong>οωΙί</strong></span> <span class='ocrx_word' id='word_1_653' title='bbox 1149 4989 1300 5059; x_wconf 75' lang='lat' dir='ltr'><strong>signa</strong></span> <span class='ocrx_word' id='word_1_654' title='bbox 1349 5006 1447 5062; x_wconf 90' lang='lat' dir='ltr'><strong>per</strong></span> <span class='ocrx_word' id='word_1_655' title='bbox 1484 4995 1696 5065; x_wconf 78' lang='lat' dir='ltr'><strong>singula</strong></span> <span class='ocrx_word' id='word_1_656' title='bbox 1726 4999 1921 5055; x_wconf 66' lang='lat' dir='ltr'><strong>animae</strong></span> <span class='ocrx_word' id='word_1_657' title='bbox 1964 5002 2050 5056; x_wconf 82' lang='lat' dir='ltr'><strong>vel</strong></span> 
     </span>
    </p>
   </div>
   <div class='ocr_carea' id='block_1_91' title="bbox 455 5075 2050 5156">
    <p class='ocr_par' dir='ltr' id='par_1_91' title="bbox 455 5075 2050 5156">
     <span class='ocr_line' id='line_1_91' title="bbox 455 5075 2050 5156; baseline 0.013 -30"><span class='ocrx_word' id='word_1_658' title='bbox 455 5075 698 5145; x_wconf 84' lang='lat' dir='ltr'><strong>corporis</strong></span> <span class='ocrx_word' id='word_1_659' title='bbox 735 5077 978 5135; x_wconf 88' lang='lat' dir='ltr'><strong>membra</strong></span> <span class='ocrx_word' id='word_1_660' title='bbox 1017 5078 1327 5151; x_wconf 82' lang='lat' dir='ltr'><strong>disponunt,</strong></span> <span class='ocrx_word' id='word_1_661' title='bbox 1358 5084 1705 5156; x_wconf 90' lang='lat' dir='ltr'><strong>siderumque</strong></span> <span class='ocrx_word' id='word_1_662' title='bbox 1748 5104 1913 5144; x_wconf 87' lang='lat' dir='ltr'><strong>cursu</strong></span> <span class='ocrx_word' id='word_1_663' title='bbox 1951 5108 2050 5147; x_wconf 85' lang='lat' dir='ltr'><strong>na-</strong></span> 
     </span>
    </p>
   </div>
   <div class='ocr_carea' id='block_1_92' title="bbox 454 5163 2046 5243">
    <p class='ocr_par' dir='ltr' id='par_1_92' title="bbox 454 5163 2046 5243">
     <span class='ocr_line' id='line_1_92' title="bbox 454 5163 2046 5243; baseline 0.011 -27"><span class='ocrx_word' id='word_1_664' title='bbox 454 5163 694 5223; x_wconf 87' lang='lat' dir='ltr'><strong>tivitates</strong></span> <span class='ocrx_word' id='word_1_665' title='bbox 750 5167 1031 5225; x_wconf 88' lang='lat' dir='ltr'><strong>hominum</strong></span> <span class='ocrx_word' id='word_1_666' title='bbox 1078 5178 1133 5225; x_wconf 89' lang='lat' dir='ltr'><strong>et</strong></span> <span class='ocrx_word' id='word_1_667' title='bbox 1169 5180 1375 5228; x_wconf 90' lang='lat' dir='ltr'><strong>mortes</strong></span> <span class='ocrx_word' id='word_1_668' title='bbox 1410 5175 1709 5243; x_wconf 67' lang='lat' dir='ltr'><strong>praedicare</strong></span> <span class='ocrx_word' id='word_1_669' title='bbox 1762 5189 2046 5234; x_wconf 88' lang='lat' dir='ltr'><strong>conantur.</strong></span> 
     </span>
    </p>
   </div>
   <div class='ocr_carea' id='block_1_93' title="bbox 458 5252 2051 5341">
    <p class='ocr_par' dir='ltr' id='par_1_93' title="bbox 458 5252 2051 5341">
     <span class='ocr_line' id='line_1_93' title="bbox 458 5252 2051 5341; baseline 0.011 -33"><span class='ocrx_word' id='word_1_670' title='bbox 458 5252 607 5311; x_wconf 84' lang='lat' dir='ltr'><strong>Hanc</strong></span> <span class='ocrx_word' id='word_1_671' title='bbox 639 5258 857 5326; x_wconf 85' lang='lat' dir='ltr'><strong>quidem</strong></span> <span class='ocrx_word' id='word_1_672' title='bbox 900 5268 1111 5331; x_wconf 89' lang='lat' dir='ltr'><strong>partem</strong></span> <span class='ocrx_word' id='word_1_673' title='bbox 1137 5264 1441 5335; x_wconf 73' lang='lat' dir='ltr'><strong>astrologiae</strong></span> <span class='ocrx_word' id='word_1_674' title='bbox 1461 5281 1583 5336; x_wconf 81' lang='lat' dir='ltr'><strong>quae</strong></span> <span class='ocrx_word' id='word_1_675' title='bbox 1609 5270 1843 5324; x_wconf 86' lang='lat' dir='ltr'><strong>naturali</strong></span> <span class='ocrx_word' id='word_1_676' title='bbox 1880 5259 2051 5341; x_wconf 80' lang='lat' dir='ltr'><strong>inqui-</strong></span> 
     </span>
    </p>
   </div>
   <div class='ocr_carea' id='block_1_94' title="bbox 461 5348 2050 5428">
    <p class='ocr_par' dir='ltr' id='par_1_94' title="bbox 461 5348 2050 5428">
     <span class='ocr_line' id='line_1_94' title="bbox 461 5348 2050 5428; baseline 0.008 -25"><span class='ocrx_word' id='word_1_677' title='bbox 461 5348 657 5403; x_wconf 88' lang='lat' dir='ltr'><strong>sitione</strong></span> <span class='ocrx_word' id='word_1_678' title='bbox 683 5351 1018 5421; x_wconf 77' lang='lat' dir='ltr'><strong>exsequitur,</strong></span> <span class='ocrx_word' id='word_1_679' title='bbox 1046 5353 1176 5411; x_wconf 88' lang='lat' dir='ltr'><strong>solis</strong></span> <span class='ocrx_word' id='word_1_680' title='bbox 1197 5354 1445 5427; x_wconf 56' lang='lat' dir='ltr'><strong>lunaque</strong></span> <span class='ocrx_word' id='word_1_681' title='bbox 1470 5373 1662 5414; x_wconf 90' lang='lat' dir='ltr'><strong>cursus</strong></span> <span class='ocrx_word' id='word_1_682' title='bbox 1683 5366 1842 5428; x_wconf 89' lang='lat' dir='ltr'><strong>atque</strong></span> <span class='ocrx_word' id='word_1_683' title='bbox 1869 5362 2050 5417; x_wconf 84' lang='lat' dir='ltr'><strong>stella-</strong></span> 
     </span>
    </p>
   </div>
   <div class='ocr_carea' id='block_1_95' title="bbox 461 5447 2051 5516">
    <p class='ocr_par' dir='ltr' id='par_1_95' title="bbox 461 5447 2051 5516">
     <span class='ocr_line' id='line_1_95' title="bbox 461 5447 2051 5516; baseline 0.011 -22"><span class='ocrx_word' id='word_1_684' title='bbox 461 5453 606 5503; x_wconf 81' lang='lat' dir='ltr'><strong>rum,</strong></span> <span class='ocrx_word' id='word_1_685' title='bbox 635 5447 692 5497; x_wconf 88' lang='lat' dir='ltr'><strong>et</strong></span> <span class='ocrx_word' id='word_1_686' title='bbox 732 5453 910 5501; x_wconf 84' lang='lat' dir='ltr'><strong>certas</strong></span> <span class='ocrx_word' id='word_1_687' title='bbox 949 5452 1252 5516; x_wconf 89' lang='lat' dir='ltr'><strong>temporum</strong></span> <span class='ocrx_word' id='word_1_688' title='bbox 1279 5449 1654 5507; x_wconf 87' lang='lat' dir='ltr'><strong>distinctiones</strong></span> <span class='ocrx_word' id='word_1_689' title='bbox 1684 5462 1844 5507; x_wconf 86' lang='lat' dir='ltr'><strong>caute</strong></span> <span class='ocrx_word' id='word_1_690' title='bbox 1886 5455 2051 5510; x_wconf 88' lang='lat' dir='ltr'><strong>rima-</strong></span> 
     </span>
    </p>
   </div>
   <div class='ocr_carea' id='block_1_96' title="bbox 370 5534 2050 5613">
    <p class='ocr_par' dir='ltr' id='par_1_96' title="bbox 370 5534 2050 5613">
     <span class='ocr_line' id='line_1_96' title="bbox 370 5534 2050 5613; baseline 0.011 -28"><span class='ocrx_word' id='word_1_691' title='bbox 370 5580 403 5613; x_wconf 60' lang='lat'><strong><em>,</em></strong></span> <span class='ocrx_word' id='word_1_692' title='bbox 460 5538 573 5597; x_wconf 85' lang='lat' dir='ltr'><strong>tur,</strong></span> <span class='ocrx_word' id='word_1_693' title='bbox 597 5539 811 5602; x_wconf 87' lang='lat' dir='ltr'><strong>oportet</strong></span> <span class='ocrx_word' id='word_1_694' title='bbox 833 5549 864 5587; x_wconf 91' lang='lat' dir='ltr'><strong>a</strong></span> <span class='ocrx_word' id='word_1_695' title='bbox 893 5534 1038 5589; x_wconf 87' lang='lat' dir='ltr'><strong>clero</strong></span> <span class='ocrx_word' id='word_1_696' title='bbox 1067 5538 1277 5595; x_wconf 88' lang='lat' dir='ltr'><strong>Domini</strong></span> <span class='ocrx_word' id='word_1_697' title='bbox 1304 5541 1487 5597; x_wconf 89' lang='lat' dir='ltr'><strong>solerti</strong></span> <span class='ocrx_word' id='word_1_698' title='bbox 1512 5543 1869 5602; x_wconf 91' lang='lat' dir='ltr'><strong>medicamine</strong></span> <span class='ocrx_word' id='word_1_699' title='bbox 1893 5547 2050 5610; x_wconf 87' lang='lat' dir='ltr'><strong>disci.</strong></span> 
     </span>
    </p>
   </div>
   <div class='ocr_carea' id='block_1_97' title="bbox 384 5623 2049 5696">
    <p class='ocr_par' dir='ltr' id='par_1_97' title="bbox 384 5623 2049 5696">
     <span class='ocr_line' id='line_1_97' title="bbox 384 5623 2049 5696; baseline 0.01 -21"><span class='ocrx_word' id='word_1_700' title='bbox 384 5626 399 5641; x_wconf 83' lang='lat'><strong><em>‘</em></strong></span> <span class='ocrx_word' id='word_1_701' title='bbox 458 5627 521 5676; x_wconf 88' lang='lat' dir='ltr'><strong>ut</strong></span> <span class='ocrx_word' id='word_1_702' title='bbox 566 5635 664 5693; x_wconf 87' lang='lat' dir='ltr'><strong>per</strong></span> <span class='ocrx_word' id='word_1_703' title='bbox 706 5627 886 5678; x_wconf 85' lang='lat' dir='ltr'><strong>certas</strong></span> <span class='ocrx_word' id='word_1_704' title='bbox 935 5623 1240 5692; x_wconf 77' lang='lat' dir='ltr'><strong>regularum</strong></span> <span class='ocrx_word' id='word_1_705' title='bbox 1288 5626 1650 5696; x_wconf 82' lang='lat' dir='ltr'><strong>conjecturas,</strong></span> <span class='ocrx_word' id='word_1_706' title='bbox 1683 5636 1739 5685; x_wconf 90' lang='lat' dir='ltr'><strong>et</strong></span> <span class='ocrx_word' id='word_1_707' title='bbox 1784 5639 1937 5688; x_wconf 87' lang='lat' dir='ltr'><strong>ratas</strong></span> <span class='ocrx_word' id='word_1_708' title='bbox 1983 5649 2049 5691; x_wconf 88' lang='lat' dir='ltr'><strong>ac</strong></span> 
     </span>
    </p>
   </div>
   <div class='ocr_carea' id='block_1_98' title="bbox 455 5718 2049 5797">
    <p class='ocr_par' dir='ltr' id='par_1_98' title="bbox 455 5718 2049 5797">
     <span class='ocr_line' id='line_1_98' title="bbox 455 5718 2049 5797; baseline 0.009 -28"><span class='ocrx_word' id='word_1_709' title='bbox 455 5728 616 5771; x_wconf 80' lang='lat' dir='ltr'><strong>veras</strong></span> <span class='ocrx_word' id='word_1_710' title='bbox 657 5721 1099 5785; x_wconf 84' lang='lat' dir='ltr'><strong>argumentorum</strong></span> <span class='ocrx_word' id='word_1_711' title='bbox 1131 5718 1536 5786; x_wconf 63' lang='lat' dir='ltr'><strong>aestimationes,</strong></span> <span class='ocrx_word' id='word_1_712' title='bbox 1570 5737 1677 5778; x_wconf 93' lang='lat' dir='ltr'><strong>non</strong></span> <span class='ocrx_word' id='word_1_713' title='bbox 1707 5723 1882 5781; x_wconf 91' lang='lat' dir='ltr'><strong>solum</strong></span> <span class='ocrx_word' id='word_1_714' title='bbox 1911 5743 2049 5797; x_wconf 65' lang='lat' dir='ltr'><strong>prae-</strong></span> 
     </span>
    </p>
   </div>
   <div class='ocr_carea' id='block_1_99' title="bbox 457 5807 2047 5889">
    <p class='ocr_par' dir='ltr' id='par_1_99' title="bbox 457 5807 2047 5889">
     <span class='ocr_line' id='line_1_99' title="bbox 457 5807 2047 5889; baseline 0.009 -26"><span class='ocrx_word' id='word_1_715' title='bbox 457 5807 626 5865; x_wconf 84' lang='lat' dir='ltr'><strong>terita</strong></span> <span class='ocrx_word' id='word_1_716' title='bbox 662 5820 931 5864; x_wconf 86' lang='lat' dir='ltr'><strong>annorum</strong></span> <span class='ocrx_word' id='word_1_717' title='bbox 974 5808 1242 5867; x_wconf 88' lang='lat' dir='ltr'><strong>curricula</strong></span> <span class='ocrx_word' id='word_1_718' title='bbox 1288 5813 1553 5871; x_wconf 82' lang='lat' dir='ltr'><strong>veraciter</strong></span> <span class='ocrx_word' id='word_1_719' title='bbox 1599 5816 1915 5889; x_wconf 82' lang='lat' dir='ltr'><strong>investiget,</strong></span> <span class='ocrx_word' id='word_1_720' title='bbox 1952 5822 2047 5877; x_wconf 86' lang='lat' dir='ltr'><strong>sed</strong></span> 
     </span>
    </p>
   </div>
   <div class='ocr_carea' id='block_1_100' title="bbox 461 5896 2048 5982">
    <p class='ocr_par' dir='ltr' id='par_1_100' title="bbox 461 5896 2048 5982">
     <span class='ocr_line' id='line_1_100' title="bbox 461 5896 2048 5982; baseline 0.01 -29"><span class='ocrx_word' id='word_1_721' title='bbox 461 5904 523 5953; x_wconf 89' lang='lat' dir='ltr'><strong>et</strong></span> <span class='ocrx_word' id='word_1_722' title='bbox 544 5897 612 5955; x_wconf 86' lang='lat' dir='ltr'><strong>de</strong></span> <span class='ocrx_word' id='word_1_723' title='bbox 638 5896 840 5959; x_wconf 70' lang='lat' dir='ltr'><strong>futuris</strong></span> <span class='ocrx_word' id='word_1_724' title='bbox 862 5900 1074 5961; x_wconf 86' lang='lat' dir='ltr'><strong>noverit</strong></span> <span class='ocrx_word' id='word_1_725' title='bbox 1106 5900 1335 5961; x_wconf 73' lang='lat' dir='ltr'><strong>fideliter</strong></span> <span class='ocrx_word' id='word_1_726' title='bbox 1359 5906 1677 5967; x_wconf 83' lang='lat' dir='ltr'><strong>ratiocinari</strong></span> <span class='ocrx_word' id='word_1_727' title='bbox 1710 5911 2048 5982; x_wconf 80' lang='lat' dir='ltr'><strong>temporibus</strong></span> 
     </span>
    </p>
   </div>
   <div class='ocr_carea' id='block_1_101' title="bbox 2162 4723 3760 4799">
    <p class='ocr_par' dir='ltr' id='par_1_101' title="bbox 2162 4723 3760 4799">
     <span class='ocr_line' id='line_1_101' title="bbox 2162 4723 3760 4799; baseline -0.004 -12"><span class='ocrx_word' id='word_1_728' title='bbox 2162 4726 2315 4787; x_wconf 86' lang='lat' dir='ltr'><strong>mus?</strong></span> <span class='ocrx_word' id='word_1_729' title='bbox 2357 4735 2561 4796; x_wconf 87' lang='lat' dir='ltr'><strong>quanto</strong></span> <span class='ocrx_word' id='word_1_730' title='bbox 2591 4724 2943 4781; x_wconf 80' lang='lat' dir='ltr'><strong>Lactantius?</strong></span> <span class='ocrx_word' id='word_1_731' title='bbox 2972 4732 3175 4796; x_wconf 88' lang='lat' dir='ltr'><strong>quanto</strong></span> <span class='ocrx_word' id='word_1_732' title='bbox 3204 4723 3540 4794; x_wconf 81' lang='lat' dir='ltr'><strong>Victorinus,</strong></span> <span class='ocrx_word' id='word_1_733' title='bbox 3585 4726 3760 4799; x_wconf 70' lang='lat' dir='ltr'><strong>Opta-</strong></span> 
     </span>
    </p>
   </div>
   <div class='ocr_carea' id='block_1_102' title="bbox 2160 4815 3758 4887">
    <p class='ocr_par' dir='ltr' id='par_1_102' title="bbox 2160 4815 3758 4887">
     <span class='ocr_line' id='line_1_102' title="bbox 2160 4815 3758 4887; baseline 0.003 -16"><span class='ocrx_word' id='word_1_734' title='bbox 2160 4817 2281 4883; x_wconf 72' lang='lat' dir='ltr'><strong>tus&#39;,</strong></span> <span class='ocrx_word' id='word_1_735' title='bbox 2335 4816 2620 4877; x_wconf 75' lang='lat' dir='ltr'><strong>Hilarius?</strong></span> <span class='ocrx_word' id='word_1_736' title='bbox 2660 4824 2867 4887; x_wconf 86' lang='lat' dir='ltr'><strong>quanto</strong></span> <span class='ocrx_word' id='word_1_737' title='bbox 2917 4815 3344 4873; x_wconf 84' lang='lat' dir='ltr'><strong>innumerabiles</strong></span> <span class='ocrx_word' id='word_1_738' title='bbox 3412 4819 3758 4887; x_wconf 71' lang='lat' dir='ltr'><strong>grammatici</strong></span> 
     </span>
    </p>
   </div>
   <div class='ocr_carea' id='block_1_103' title="bbox 2160 4905 3761 4982">
    <p class='ocr_par' dir='ltr' id='par_1_103' title="bbox 2160 4905 3761 4982">
     <span class='ocr_line' id='line_1_103' title="bbox 2160 4905 3761 4982; baseline -0.003 -13"><span class='ocrx_word' id='word_1_739' title='bbox 2160 4908 2547 4982; x_wconf 68' lang='lat' dir='ltr'><strong>[Al.,Grmci]?</strong></span> <span class='ocrx_word' id='word_1_740' title='bbox 2571 4908 2731 4976; x_wconf 85' lang='lat' dir='ltr'><strong>Quod</strong></span> <span class='ocrx_word' id='word_1_741' title='bbox 2757 4909 2909 4978; x_wconf 87' lang='lat' dir='ltr'><strong>prior</strong></span> <span class='ocrx_word' id='word_1_742' title='bbox 2939 4908 3053 4978; x_wconf 89' lang='lat' dir='ltr'><strong>ipse</strong></span> <span class='ocrx_word' id='word_1_743' title='bbox 3073 4905 3422 4963; x_wconf 82' lang='lat' dir='ltr'><strong>ﬁdelissimus</strong></span> <span class='ocrx_word' id='word_1_744' title='bbox 3449 4907 3548 4964; x_wconf 83' lang='lat' dir='ltr'><strong>Dei</strong></span> <span class='ocrx_word' id='word_1_745' title='bbox 3578 4908 3761 4979; x_wconf 47' lang='lat' dir='ltr'><strong>famae</strong></span> 
     </span>
    </p>
   </div>
   <div class='ocr_carea' id='block_1_104' title="bbox 2157 5001 3755 5075">
    <p class='ocr_par' dir='ltr' id='par_1_104' title="bbox 2157 5001 3755 5075">
     <span class='ocr_line' id='line_1_104' title="bbox 2157 5001 3755 5075; baseline 0.001 -18"><span class='ocrx_word' id='word_1_746' title='bbox 2157 5002 2244 5059; x_wconf 88' lang='lat' dir='ltr'><strong>lus</strong></span> <span class='ocrx_word' id='word_1_747' title='bbox 2282 5002 2494 5075; x_wconf 84' lang='lat' dir='ltr'><strong>Moyses</strong></span> <span class='ocrx_word' id='word_1_748' title='bbox 2538 5002 2764 5067; x_wconf 82' lang='lat' dir='ltr'><strong>fecerat,</strong></span> <span class='ocrx_word' id='word_1_749' title='bbox 2792 5002 2860 5057; x_wconf 87' lang='lat' dir='ltr'><strong>de</strong></span> <span class='ocrx_word' id='word_1_750' title='bbox 2899 5017 3007 5071; x_wconf 90' lang='lat' dir='ltr'><strong>quo</strong></span> <span class='ocrx_word' id='word_1_751' title='bbox 3034 5001 3293 5069; x_wconf 86' lang='lat' dir='ltr'><strong>scriptum</strong></span> <span class='ocrx_word' id='word_1_752' title='bbox 3319 5009 3406 5056; x_wconf 85' lang='lat' dir='ltr'><strong>est</strong></span> <span class='ocrx_word' id='word_1_753' title='bbox 3436 5001 3583 5071; x_wconf 83' lang='lat' dir='ltr'><strong>quod</strong></span> <span class='ocrx_word' id='word_1_754' title='bbox 3626 5020 3755 5058; x_wconf 71' lang='lat' dir='ltr'><strong>cru-</strong></span> 
     </span>
    </p>
   </div>
   <div class='ocr_carea' id='block_1_105' title="bbox 2158 5091 3751 5167">
    <p class='ocr_par' dir='ltr' id='par_1_105' title="bbox 2158 5091 3751 5167">
     <span class='ocr_line' id='line_1_105' title="bbox 2158 5091 3751 5167; baseline 0.001 -18"><span class='ocrx_word' id='word_1_755' title='bbox 2158 5095 2313 5149; x_wconf 79' lang='lat' dir='ltr'><strong>ditus‘</strong></span> <span class='ocrx_word' id='word_1_756' title='bbox 2337 5095 2496 5164; x_wconf 74' lang='lat' dir='ltr'><strong>fuerit</strong></span> <span class='ocrx_word' id='word_1_757' title='bbox 2540 5094 2683 5147; x_wconf 68' lang='lat' dir='ltr'><strong>omni</strong></span> <span class='ocrx_word' id='word_1_758' title='bbox 2728 5093 2987 5162; x_wconf 74' lang='lat' dir='ltr'><strong>rapientia</strong></span> <span class='ocrx_word' id='word_1_759' title='bbox 3033 5091 3410 5164; x_wconf 64' lang='lat' dir='ltr'><strong>Egyptiarum</strong></span> <span class='ocrx_word' id='word_1_760' title='bbox 3446 5094 3587 5167; x_wconf 77' lang='lat' dir='ltr'><strong>(Act.</strong></span> <span class='ocrx_word' id='word_1_761' title='bbox 3627 5098 3751 5167; x_wconf 77' lang='lat' dir='ltr'><strong>vn).</strong></span> 
     </span>
    </p>
   </div>
   <div class='ocr_carea' id='block_1_106' title="bbox 2159 5182 3753 5256">
    <p class='ocr_par' dir='ltr' id='par_1_106' title="bbox 2159 5182 3753 5256">
     <span class='ocr_line' id='line_1_106' title="bbox 2159 5182 3753 5256; baseline 0.003 -18"><span class='ocrx_word' id='word_1_762' title='bbox 2159 5184 2367 5251; x_wconf 84' lang='lat' dir='ltr'><strong>Quibus</strong></span> <span class='ocrx_word' id='word_1_763' title='bbox 2390 5183 2642 5239; x_wconf 84' lang='lat' dir='ltr'><strong>omnibus</strong></span> <span class='ocrx_word' id='word_1_764' title='bbox 2685 5182 2819 5237; x_wconf 88' lang='lat' dir='ltr'><strong>viris</strong></span> <span class='ocrx_word' id='word_1_765' title='bbox 2847 5184 3218 5254; x_wconf 83' lang='lat' dir='ltr'><strong>superstitiosa</strong></span> <span class='ocrx_word' id='word_1_766' title='bbox 3244 5184 3489 5256; x_wconf 74' lang='lat' dir='ltr'><strong>gentium</strong></span> <span class='ocrx_word' id='word_1_767' title='bbox 3518 5201 3753 5243; x_wconf 84' lang='lat' dir='ltr'><strong>consue-</strong></span> 
     </span>
    </p>
   </div>
   <div class='ocr_carea' id='block_1_107' title="bbox 2158 5275 3754 5348">
    <p class='ocr_par' dir='ltr' id='par_1_107' title="bbox 2158 5275 3754 5348">
     <span class='ocr_line' id='line_1_107' title="bbox 2158 5275 3754 5348; baseline 0.004 -17"><span class='ocrx_word' id='word_1_768' title='bbox 2158 5278 2307 5339; x_wconf 86' lang='lat' dir='ltr'><strong>tudo,</strong></span> <span class='ocrx_word' id='word_1_769' title='bbox 2338 5284 2395 5331; x_wconf 89' lang='lat' dir='ltr'><strong>et</strong></span> <span class='ocrx_word' id='word_1_770' title='bbox 2429 5277 2665 5332; x_wconf 78' lang='lat' dir='ltr'><strong>maxime</strong></span> <span class='ocrx_word' id='word_1_771' title='bbox 2707 5275 2813 5332; x_wconf 89' lang='lat' dir='ltr'><strong>illis</strong></span> <span class='ocrx_word' id='word_1_772' title='bbox 2848 5278 3181 5348; x_wconf 82' lang='lat' dir='ltr'><strong>temporibus</strong></span> <span class='ocrx_word' id='word_1_773' title='bbox 3204 5294 3331 5334; x_wconf 88' lang='lat' dir='ltr'><strong>cum</strong></span> <span class='ocrx_word' id='word_1_774' title='bbox 3364 5280 3569 5341; x_wconf 84' lang='lat' dir='ltr'><strong>Christi</strong></span> <span class='ocrx_word' id='word_1_775' title='bbox 3602 5297 3754 5338; x_wconf 76' lang='lat' dir='ltr'><strong>recu-</strong></span> 
     </span>
    </p>
   </div>
   <div class='ocr_carea' id='block_1_108' title="bbox 2158 5368 3749 5446">
    <p class='ocr_par' dir='ltr' id='par_1_108' title="bbox 2158 5368 3749 5446">
     <span class='ocr_line' id='line_1_108' title="bbox 2158 5368 3749 5446; baseline 0.006 -22"><span class='ocrx_word' id='word_1_776' title='bbox 2158 5369 2297 5425; x_wconf 89' lang='lat' dir='ltr'><strong>tiens</strong></span> <span class='ocrx_word' id='word_1_777' title='bbox 2337 5368 2527 5441; x_wconf 74' lang='lat' dir='ltr'><strong>iugum</strong></span> <span class='ocrx_word' id='word_1_778' title='bbox 2572 5370 2914 5428; x_wconf 86' lang='lat' dir='ltr'><strong>Christianos</strong></span> <span class='ocrx_word' id='word_1_779' title='bbox 2957 5376 3402 5444; x_wconf 80' lang='lat' dir='ltr'><strong>persequebatur,</strong></span> <span class='ocrx_word' id='word_1_780' title='bbox 3434 5376 3749 5446; x_wconf 79' lang='lat' dir='ltr'><strong>disciplinas</strong></span> 
     </span>
    </p>
   </div>
   <div class='ocr_carea' id='block_1_109' title="bbox 2157 5464 3747 5536">
    <p class='ocr_par' dir='ltr' id='par_1_109' title="bbox 2157 5464 3747 5536">
     <span class='ocr_line' id='line_1_109' title="bbox 2157 5464 3747 5536; baseline 0.004 -18"><span class='ocrx_word' id='word_1_781' title='bbox 2157 5479 2292 5534; x_wconf 89' lang='lat' dir='ltr'><strong>quas</strong></span> <span class='ocrx_word' id='word_1_782' title='bbox 2315 5464 2473 5521; x_wconf 88' lang='lat' dir='ltr'><strong>utiles</strong></span> <span class='ocrx_word' id='word_1_783' title='bbox 2500 5466 2736 5521; x_wconf 83' lang='lat' dir='ltr'><strong>habebat</strong></span> <span class='ocrx_word' id='word_1_784' title='bbox 2768 5482 3042 5536; x_wconf 85' lang='lat' dir='ltr'><strong>nunquam</strong></span> <span class='ocrx_word' id='word_1_785' title='bbox 3067 5467 3458 5534; x_wconf 79' lang='lat' dir='ltr'><strong>commodaret,</strong></span> <span class='ocrx_word' id='word_1_786' title='bbox 3494 5471 3540 5524; x_wconf 88' lang='lat' dir='ltr'><strong>si</strong></span> <span class='ocrx_word' id='word_1_787' title='bbox 3570 5485 3664 5525; x_wconf 80' lang='lat' dir='ltr'><strong>eas</strong></span> <span class='ocrx_word' id='word_1_788' title='bbox 3692 5472 3747 5525; x_wconf 85' lang='lat' dir='ltr'><strong>in</strong></span> 
     </span>
    </p>
   </div>
   <div class='ocr_carea' id='block_1_110' title="bbox 2153 5554 3806 5627">
    <p class='ocr_par' dir='ltr' id='par_1_110' title="bbox 2153 5554 3806 5627">
     <span class='ocr_line' id='line_1_110' title="bbox 2153 5554 3806 5627; baseline 0.007 -22"><span class='ocrx_word' id='word_1_789' title='bbox 2153 5571 2311 5606; x_wconf 83' lang='lat' dir='ltr'><strong>usum</strong></span> <span class='ocrx_word' id='word_1_790' title='bbox 2339 5557 2550 5608; x_wconf 81' lang='lat' dir='ltr'><strong>colendi</strong></span> <span class='ocrx_word' id='word_1_791' title='bbox 2578 5556 2739 5610; x_wconf 84' lang='lat' dir='ltr'><strong>unius</strong></span> <span class='ocrx_word' id='word_1_792' title='bbox 2768 5555 2884 5621; x_wconf 87' lang='lat' dir='ltr'><strong>Dei,</strong></span> <span class='ocrx_word' id='word_1_793' title='bbox 2909 5571 3017 5627; x_wconf 92' lang='lat' dir='ltr'><strong>quo</strong></span> <span class='ocrx_word' id='word_1_794' title='bbox 3056 5572 3229 5616; x_wconf 84' lang='lat' dir='ltr'><strong>vanus</strong></span> <span class='ocrx_word' id='word_1_795' title='bbox 3266 5559 3533 5615; x_wconf 77' lang='lat' dir='ltr'><strong>idolorum</strong></span> <span class='ocrx_word' id='word_1_796' title='bbox 3570 5562 3748 5616; x_wconf 77' lang='lat' dir='ltr'><strong>cultus</strong></span> <span class='ocrx_word' id='word_1_797' title='bbox 3792 5554 3806 5569; x_wconf 87' lang='grc'><strong>’</strong></span> 
     </span>
    </p>
   </div>
   <div class='ocr_carea' id='block_1_111' title="bbox 2152 5637 3743 5719">
    <p class='ocr_par' dir='ltr' id='par_1_111' title="bbox 2152 5637 3743 5719">
     <span class='ocr_line' id='line_1_111' title="bbox 2152 5637 3743 5719; baseline 0.007 -20"><span class='ocrx_word' id='word_1_798' title='bbox 2152 5646 2584 5713; x_wconf 74' lang='lat' dir='ltr'><strong>exscinderetur,</strong></span> <span class='ocrx_word' id='word_1_799' title='bbox 2634 5663 2926 5705; x_wconf 86' lang='lat' dir='ltr'><strong>conversas</strong></span> <span class='ocrx_word' id='word_1_800' title='bbox 2971 5637 3358 5719; x_wconf 71' lang='lat' dir='ltr'><strong>suspicaretur.</strong></span> <span class='ocrx_word' id='word_1_801' title='bbox 3415 5653 3525 5709; x_wconf 82' lang='lat' dir='ltr'><strong>Sed</strong></span> <span class='ocrx_word' id='word_1_802' title='bbox 3577 5656 3743 5710; x_wconf 81' lang='lat' dir='ltr'><strong>dede-</strong></span> 
     </span>
    </p>
   </div>
   <div class='ocr_carea' id='block_1_112' title="bbox 2152 5743 3741 5809">
    <p class='ocr_par' dir='ltr' id='par_1_112' title="bbox 2152 5743 3741 5809">
     <span class='ocr_line' id='line_1_112' title="bbox 2152 5743 3741 5809; baseline 0.006 -20"><span class='ocrx_word' id='word_1_803' title='bbox 2152 5743 2281 5789; x_wconf 90' lang='lat' dir='ltr'><strong>runt</strong></span> <span class='ocrx_word' id='word_1_804' title='bbox 2322 5750 2513 5790; x_wconf 86' lang='lat' dir='ltr'><strong>aurum</strong></span> <span class='ocrx_word' id='word_1_805' title='bbox 2543 5746 2599 5792; x_wconf 90' lang='lat' dir='ltr'><strong>et</strong></span> <span class='ocrx_word' id='word_1_806' title='bbox 2633 5748 2916 5809; x_wconf 82' lang='lat' dir='ltr'><strong>argentum</strong></span> <span class='ocrx_word' id='word_1_807' title='bbox 2963 5746 3019 5793; x_wconf 89' lang='lat' dir='ltr'><strong>et</strong></span> <span class='ocrx_word' id='word_1_808' title='bbox 3065 5749 3272 5797; x_wconf 83' lang='lat' dir='ltr'><strong>vestem</strong></span> <span class='ocrx_word' id='word_1_809' title='bbox 3319 5757 3474 5798; x_wconf 85' lang='lat' dir='ltr'><strong>suam</strong></span> <span class='ocrx_word' id='word_1_810' title='bbox 3525 5743 3741 5800; x_wconf 82' lang='lat' dir='ltr'><strong>exeunti</strong></span> 
     </span>
    </p>
   </div>
   <div class='ocr_carea' id='block_1_113' title="bbox 2150 5828 3741 5906">
    <p class='ocr_par' dir='ltr' id='par_1_113' title="bbox 2150 5828 3741 5906">
     <span class='ocr_line' id='line_1_113' title="bbox 2150 5828 3741 5906; baseline 0.007 -23"><span class='ocrx_word' id='word_1_811' title='bbox 2150 5829 2217 5883; x_wconf 88' lang='lat' dir='ltr'><strong>de</strong></span> <span class='ocrx_word' id='word_1_812' title='bbox 2260 5828 2515 5901; x_wconf 64' lang='lat' dir='ltr'><strong>ZEgypto&#39;</strong></span> <span class='ocrx_word' id='word_1_813' title='bbox 2540 5831 2737 5902; x_wconf 86' lang='lat' dir='ltr'><strong>populo</strong></span> <span class='ocrx_word' id='word_1_814' title='bbox 2766 5832 2897 5897; x_wconf 86' lang='lat' dir='ltr'><strong>Dei,</strong></span> <span class='ocrx_word' id='word_1_815' title='bbox 2939 5834 3246 5890; x_wconf 83' lang='lat' dir='ltr'><strong>nescientes</strong></span> <span class='ocrx_word' id='word_1_816' title='bbox 3285 5837 3741 5906; x_wconf 75' lang='lat' dir='ltr'><strong>quemadmodum</strong></span> 
     </span>
    </p>
   </div>
   <div class='ocr_carea' id='block_1_114' title="bbox 2147 5913 3735 6003">
    <p class='ocr_par' dir='ltr' id='par_1_114' title="bbox 2147 5913 3735 6003">
     <span class='ocr_line' id='line_1_114' title="bbox 2147 5913 3735 6003; baseline 0.01 -32"><span class='ocrx_word' id='word_1_817' title='bbox 2147 5913 2239 5971; x_wconf 78' lang='lat' dir='ltr'><strong>illa</strong></span> <span class='ocrx_word' id='word_1_818' title='bbox 2277 5931 2399 5989; x_wconf 65' lang='lat' dir='ltr'><strong>qua:</strong></span> <span class='ocrx_word' id='word_1_819' title='bbox 2426 5916 2630 5983; x_wconf 80' lang='lat' dir='ltr'><strong>dabant</strong></span> <span class='ocrx_word' id='word_1_820' title='bbox 2669 5918 2723 5974; x_wconf 88' lang='lat' dir='ltr'><strong>in</strong></span> <span class='ocrx_word' id='word_1_821' title='bbox 2766 5917 2968 5981; x_wconf 84' lang='lat' dir='ltr'><strong>Christi</strong></span> <span class='ocrx_word' id='word_1_822' title='bbox 3000 5923 3323 6003; x_wconf 72' lang='lat' dir='ltr'><strong>obsequium</strong></span> <span class='ocrx_word' id='word_1_823' title='bbox 3355 5924 3735 5987; x_wconf 64' lang='lat' dir='ltr'><strong>reddam.</strong></span> 
     </span>
    </p>
   </div>
  </div>
