3974 6450
282 412 401 473 405

1046 411 1145 472 ω
1174 410 1629 471 manauit
1666 409 2181 479 WTU'HONE,
2220 410 2376 470 ETC.
2420 440 2488 455 -—-
2524 411 2654 467 ω.
2696 411 2783 468 Ill.

3459 413 3567 473 408

282 530 424 594 Illud
448 529 595 588 enim
618 528 676 586 in
696 526 882 584 Exodo
902 523 1109 584 factum
1133 528 1252 584 sine
1272 527 1439 583 dubio
1457 529 1748 600 ﬁguratum
1770 532 1876 593 est,
1903 526 1959 588 Α
1981 525 2345 595 fundamento,
2361 526 2421 580 in
2438 541 2598 597 quam
2623 525 2795 581 illisus
2818 535 2896 581 est
2912 528 3126 598 ﬂuvius,
3148 535 3199 582 et
3220 528 3468 585 cominico
3484 544 3568 586 oe-

282 634 349 683 ut
388 625 494 682 hoc
538 621 925 694 praasignaret,
968 620 1096 690 quia
1142 620 1259 675 sine
1296 620 1609 691 praeiudicio
1651 619 1876 674 alterius

286 721 576 791 autparis
627 726 722 774 aut
762 718 1002 773 melioris
1046 718 1415 789 intelligentiae
1466 718 1715 775 dixerim.
1766 716 1874 774 Sed

286 810 582 870 hocmodo
628 809 926 869 instructus
969 809 1275 863 divinarum
1324 809 1730 881 Scripturarum
1760 817 1873 866 stu-

284 906 495 971 diosus,
537 918 663 959 cum
708 904 775 958 ad
819 917 913 957 eas
952 902 1270 958 scrutandas
1302 904 1575 959 ‘sccedere
1613 904 1870 975 cmperit,

285 999 418 1053 illud
455 998 809 1067 apostolicum
841 998 1082 1069 cogitare
1118 1012 1224 1051 non
1263 1006 1483 1054 cesset:
1515 997 1750 1053 Seientia
1789 999 1874 1052 in-

284 1092 404 1162 ﬂat,
433 1091 664 1144 ebur-itas
693 1089 918 1157 adi/ient
965 1088 1018 1157 (Ι
1045 1087 1165 1143 Cor.
1189 1088 1331 1157 vni).
1373 1090 1449 1145 ita
1487 1090 1631 1143 enim
1676 1090 1839 1145 sentit

283 1182 533 1251 quamvis
561 1181 628 1235 de
663 1180 895 1252 Egypto
924 1180 1075 1236 dives
1101 1188 1280 1247 exeat,
1314 1188 1493 1235 tamen
1525 1182 1627 1236 nisi
1670 1182 1872 1252 pascha

282 1277 483 1346 egerit,
519 1276 725 1331 salvum
768 1290 827 1329 se
881 1289 1003 1330 esse
1048 1291 1154 1330 non
1207 1291 1383 1346 posse.
1436 1275 1642 1330 Pascha
1698 1286 1871 1329 autem

284 1378 521 1424 nostrum
556 1368 856 1423 immolatus
884 1377 958 1423 est
987 1367 1260 1433 Christus;
1290 1368 1530 1437 nihilque
1562 1369 1736 1439 tangis
1765 1369 1869 1423 im-

284 1461 507 1516 molatio
529 1461 727 1515 Christi
758 1476 856 1515 nos
884 1461 1056 1523 docet,
1093 1477 1254 1530 quam
1286 1461 1412 1515 illud
1442 1461 1587 1530 quod
1619 1460 1733 1530 ipse
1762 1460 1873 1514 cla-

287 1562 418 1616 mat,
452 1561 709 1622 tanquam
734 1551 801 1605 ad
831 1566 927 1605 eos
950 1567 1087 1621 quos
1124 1550 1177 1605 in
1204 1546 1437 1621 Egypto
1459 1551 1559 1605 sub
1588 1550 1873 1606 Pharaone

287 1644 431 1698 videt
464 1644 711 1697 laborare
745 1662 756 1701 :
810 1641 984 1697 Venite
1023 1643 1092 1697 ad
1123 1660 1225 1706 me,
1264 1644 1354 1713 qui
1392 1643 1644 1697 laboratis
1671 1652 1719 1697 et
1750 1660 1873 1698 one-

284 1737 386 1789 rati
416 1737 558 1798 estis,
586 1745 634 1789 et
657 1751 752 1803 ego
773 1750 860 1788 vos
888 1735 1137 1804 reficiam.
1165 1734 1352 1789 Tollite
1372 1736 1559 1805 iugum
1588 1752 1759 1790 meum
1781 1753 1871 1789 su-

282 1845 376 1897 per
404 1845 513 1891 cos,
539 1839 585 1881 et
613 1828 797 1882 discite
823 1828 949 1898 quia
978 1829 1118 1882 mitis
1148 1845 1262 1881 sunt
1289 1837 1335 1882 et
1365 1828 1578 1882 humilis
1603 1829 1797 1894 corde;
1821 1836 1870 1883 et

1978 618 2109 672 cidit
2128 633 2148 672 :
2169 626 2217 672 et
2236 617 2378 681 facta
2397 627 2472 673 est
2510 620 2665 673 ruina
2699 619 2886 675 domus
2907 619 3048 675 illius
3070 638 3264 693 magna
3284 620 3439 695 (Luc.
3460 621 3564 695 γι).

1977 707 2149 764 Debet
2170 717 2356 764 autem
2381 711 2752 781 unusquisque
2775 711 3076 768 catholicus
3105 713 3380 770 universis
3400 714 3572 770 virtu-
3627 771 3635 774 ,

1976 801 2123 857 tibus
2150 802 2431 873 aqualiter
2454 818 2675 873 operam
2694 805 2856 872 dare,
2892 814 2955 861 ut
2980 790 3204 863 et-intus
3230 815 3288 863 et
3313 802 3449 865 foris
3476 822 3569 866 no-

1975 894 2161 951 biliter
2184 906 2431 962 ornatus,
2461 898 2649 953 aeterni
2678 899 2821 970 regis
2842 900 3091 957 convivio
3116 901 3311 975 dignus
3345 903 3565 971 existat,

1977 995 2034 1043 et
2069 988 2329 1060 quadriga
2379 989 2609 1059 spiritali
2658 1000 2863 1057 vectus,
2912 993 2981 1048 ad
3027 1002 3286 1049 aeternam
3333 994 3569 1064 patriam

1977 1082 2323 1137 conscendat.
2374 1081 2542 1138 Debet
2588 1091 2769 1139 autem
2807 1086 3107 1155 prudentiae
3155 1086 3457 1153 intendere,
3509 1092 3572 1143 ut

1975 1174 2272 1262 prudenter
2306 1175 2603 1244 provideat,
2650 1178 2927 1234 veraciter
2953 1179 3236 1249 intelligat,
3268 1178 3571 1234 intellecta-

1977 1278 2083 1333 que
2102 1264 2416 1319 memoriter
2442 1266 2692 1323 retineat.
2726 1267 2895 1324 Debet
2912 1267 3139 1338 justitias
3165 1276 3225 1323 ut
3262 1268 3569 1340 religiosus,

1977 1356 2098 1426 pius
2136 1355 2465 1427 humilisque
2505 1354 2629 1425 fiat;
2677 1367 2737 1414 ut
2764 1360 2993 1431 gratiam
3036 1367 3094 1416 et
3126 1359 3573 1429 vindicationem,

1977 1448 2376 1503 observantiam
2421 1458 2476 1504 et
2504 1435 2789 1506 veritatem
2817 1458 3131 1515 conservet;
3160 1459 3487 1522 pactumque
3515 1456 3573 1506 et

1977 1540 2370 1610 parjudicatum
2416 1551 2471 1597 et
2506 1542 2681 1614 legem
2725 1544 3016 1599 custodiat.
3055 1542 3227 1599 Debet
3267 1541 3574 1598 fortitudini

1979 1636 2216 1689 studium
2250 1635 2558 1705 impendere
2583 1677 2597 1703 ,
2625 1645 2687 1691 ut
2709 1636 3165 1709 magniﬁcentiam
3186 1646 3242 1691 et
3270 1635 3572 1701 ﬁdentiam,

1978 1727 2294 1795 patientiam
2336 1736 2391 1783 et
2418 1730 2882 1799 perseverantiam
2910 1729 3126 1785 habeat.
3159 1730 3329 1783 Debet
3367 1736 3576 1797 tempe-

1980 1820 2173 1874 rantiae
2210 1827 2270 1874 ut
2313 1822 2601 1877 continens
2627 1863 2640 1885 ,
2673 1822 2912 1877 clemens
2933 1830 2988 1876 et
3015 1820 3327 1875 moderatus
3354 1819 3449 1873 ﬁat
3473 1835 3488 1885 ;
3520 1827 3577 1873 et

282 1893 555 1977 invenietis
621 1893 847 1994 requiem
914 1923 1191 1977 animabus
1241 1924 1442 1977 vestris.
1478 1922 1680 1994 Iugum
1734 1893 1874 1978 enim
1906 1893 1956 1957 Β
1985 1929 2146 1985 super
2170 1915 2286 1969 hinc
2312 1915 2497 1971 omnia
2525 1957 2539 1982 ,
2580 1924 2642 1971 ιη
2664 1916 2816 1987 patris
2840 1924 2895 1971 et
2938 1914 3219 1971 chariiaiis
3261 1912 3402 1968 ﬁdus
3426 1926 3578 1969 8X80-

284 2030 462 2071 meum
483 2034 640 2073 suave
659 2028 735 2072 est
751 2059 766 2084 ,
789 2027 838 2072 et
868 2034 1002 2073 onus
1024 2034 1196 2072 meum
1220 2016 1326 2073 leve
1358 2028 1431 2073 est
1456 2015 1673 2090 (Matth.
1697 2016 1798 2090 ιι).

835 2148 1063 2207 CAPUT
1103 2148 1319 2213 XXVII.

532 2240 613 2297 De
638 2242 981 2321 acquisitione
1008 2252 1056 2298 et
1084 2243 1330 2305 exercitio
1359 2241 1631 2303 virtutum.

350 2376 562 2434 Interea
590 2378 789 2450 quippe
818 2379 948 2439 dum
972 2379 1181 2435 intenta
1208 2374 1561 2436 meditatione
1590 2379 1875 2437 scientiam

276 2469 615 2542 spiritualem
629 2478 781 2541 optat
802 2472 1047 2543 adipisci,
1064 2488 1286 2528 necesse
1298 2481 1385 2530 est
1403 2482 1462 2527 ut
1476 2472 1590 2545 jugi
1613 2474 1877 2530 exercitio

277 2564 542 2621 virtutum
588 2566 691 2621 sibi
739 2576 949 2638 quaerat
981 2568 1343 2638 opulentiam,
1390 2582 1460 2622 ne
1506 2565 1634 2622 dum
1678 2569 1732 2623 in
1768 2584 1878 2625 uno

275 2652 435 2711 dives
477 2670 598 2712 esse
625 2658 795 2728 cupit,
823 2667 878 2713 et
906 2656 1131 2714 alterius
1174 2674 1306 2728 opes
1347 2673 1595 2729 quaerere
1632 2660 1874 2729 negligit,

276 2761 426 2805 verat
459 2750 748 2821 opulentia)
776 2749 985 2807 fructus
1030 2752 1250 2822 perdat;
1287 2768 1351 2807 ac
1400 2766 1512 2806 non
1556 2752 1729 2807 solum
1774 2752 1879 2823 ipsi

274 2842 517 2908 eveniat,
546 2842 673 2913 quia
701 2844 1053 2914 quasitarum
1089 2859 1269 2899 rerum
1299 2842 1592 2898 utilitatem
1637 2858 1745 2898 non
1782 2844 1879 2898 ha-

275 2932 433 3001 heat,
475 2936 585 2991 imo
612 2949 805 3007 poenas
845 2936 1076 3007 injustas
1103 2952 1389 3007 possessor
1420 2953 1522 3008 pro
1549 2938 1628 2994 eis
1650 2937 1879 2993 Domino

279 3025 480 3083 solvat.
508 3026 602 3082 Ait
627 3028 772 3084 enim
806 3028 921 3099 ipsa
954 3026 1168 3086 Veritas
1196 3030 1370 3086 servis
1394 3050 1407 3085 :
1441 3029 1547 3096 Qui
1574 3032 1670 3086 scit
1697 3029 1880 3086 volun-

274 3126 444 3172 tatem
472 3118 686 3174 Domini
710 3121 793 3175 sui
817 3129 865 3175 et
896 3136 999 3175 non
1028 3122 1179 3192 facit,
1214 3121 1482 3193 vapulabit
1523 3122 1740 3189 multis;
1788 3124 1881 3195 qui

275 3218 461 3269 autem
487 3211 645 3266 nescit
672 3220 723 3266 et
752 3228 854 3268 non
881 3214 1030 3283 facit,
1062 3214 1327 3285 vapulabit
1356 3216 1541 3287 paucis
1574 3214 1726 3289 (Luc.
1748 3215 1871 3288 xtl).

356 3300 497 3368 Quid
535 3316 665 3372 ergo
712 3305 957 3375 proderit
1004 3305 1315 3363 hominibus
1356 3309 1601 3379 ingentes
1658 3310 1877 3366 divitias

273 3407 640 3466 congregare,
694 3405 752 3452 et
788 3412 974 3453 earum
1015 3413 1174 3453 usum
1216 3399 1440 3455 minime
1487 3401 1708 3468 habere,
1757 3418 1884 3457 cum

272 3485 458 3541 multo
504 3486 695 3543 melior
734 3489 807 3544 sit
845 3488 934 3543 ille
973 3489 1067 3558 qui
1105 3498 1426 3561 paupertate
1460 3508 1559 3548 sua
1598 3502 1884 3552 contentus

272 3586 371 3632 est
393 3587 450 3633 et
484 3578 754 3634 testabitur
793 3580 862 3639 de
900 3580 1086 3636 labore
1112 3595 1245 3649 suo,
1287 3582 1340 3639 ei
1380 3583 1474 3655 qui
1517 3592 1682 3641 totam
1713 3586 1882 3642 vitam

275 3682 465 3735 suam,
488 3671 707 3727 divitias
749 3674 956 3729 habens
978 3715 994 3740 ,
1030 3675 1092 3730 in
1122 3684 1365 3747 egestate
1410 3682 1702 3747 consumit,
1733 3680 1883 3739 Salo-

271 3777 448 3818 mone
473 3770 786 3830 attestante,
811 3765 902 3835 qui
934 3767 1010 3821 ait
1041 3785 1055 3821 :
1098 3768 1289 3823 Melior
1324 3782 1396 3825 est
1424 3788 1624 3843 pauper
1651 3786 1701 3829 et
1722 3777 1879 3846 sufﬁi-

270 3855 428 3910 Ciens
453 3854 572 3919 sibi,
596 3872 754 3926 quam
779 3855 1038 3928 gloriosus
1057 3870 1107 3914 et
1125 3862 1362 3933 indigens
1385 3881 1519 3935 pane
1547 3864 1728 3938 (Prov.
1755 3868 1878 3941 xu).

274 3947 487 4005 Sancta
536 3950 810 4007 rusticitas
844 3951 1017 4007 solum
1059 3952 1160 4009 sibi
1208 3957 1469 4025 prodest;
1514 3967 1569 4013 et
1616 3969 1881 4031 quantum

274 4038 518 4096 miiiicat
544 4054 612 4095 ex
640 4041 765 4097 vita!
788 4043 984 4099 merito
1004 4084 1018 4109 ,
1052 4053 1260 4101 tantum
1300 4056 1459 4104 nocet
1498 4050 1545 4104 si
1570 4065 1677 4104 non
1707 4057 1761 4103 et
1788 4065 1882 4105 va-

276 4132 360 4191 let
382 4130 879 4191 contradicentibus
904 4137 1178 4194 resistere.
1220 4137 1325 4196 Sed
1351 4157 1419 4196 ex
1448 4142 1654 4199 duobus
1682 4144 1882 4213 imper-

277 4224 685 4298 fectis,‘magls
727 4228 868 4300 eligo
894 4238 1138 4285 sanctam
1181 4235 1542 4290 rusticitatem
1572 4251 1735 4307 quam
1771 4235 1882 4291 clo-

279 4320 564 4390 quentium
591 4323 980 4392 peccatricem;
1012 4324 1138 4394 quia
1168 4322 1445 4396 Sapientia
1479 4326 1609 4382 dicit
1637 4345 1651 4382 :
1689 4326 1881 4382 Melior

277 4422 360 4467 est
387 4429 587 4485 pauper
616 4414 892 4469 ambulans
928 4416 985 4469 in
1017 4416 1352 4487 simplicitate
1380 4435 1479 4473 sua
1502 4460 1516 4485 ,
1554 4436 1711 4491 quam
1740 4419 1879 4474 dives

278 4507 461 4577 pravis
494 4507 767 4562 itineribus
797 4522 815 4561 :
841 4509 933 4581 qui
953 4518 1127 4564 autem
1156 4511 1381 4566 custodit
1401 4511 1585 4584 legem,
1618 4512 1764 4584 ﬁlius
1794 4530 1880 4567 sa-

279 4598 431 4669 piens
477 4608 551 4651 est
579 4599 760 4671 (Prov.
810 4602 946 4674 xix).
976 4603 1202 4673 Oportet
1246 4606 1462 4676 quidem
1502 4622 1627 4662 eum
1656 4610 1747 4679 qui
1786 4625 1877 4665 sa-

279 4692 500 4764 pientia:
526 4694 723 4759 studet,
756 4696 944 4751 virtuti
970 4700 1191 4754 studere
1215 4741 1230 4766 ,
1259 4710 1319 4756 ut
1349 4703 1403 4758 id
1433 4695 1575 4773 quod
1604 4707 1879 4776 sapienter

280 4784 539 4854 intelligit
587 4786 641 4840 in
687 4796 891 4854 mente,
932 4789 1139 4845 utiliter
1175 4802 1432 4849 exerceat
1481 4797 1535 4850 in
1575 4812 1767 4866 opere;
1824 4809 1881 4853 ct

279 4875 646 4947 quodcunque
679 4878 807 4933 boni
837 4872 1017 4935 verbis
1049 4878 1170 4937 aliis
1223 4882 1403 4939 facere
1439 4887 1683 4957 prmcipit
1708 4929 1722 4953 ,
1767 4890 1880 4951 suis

279 4965 540 5035 operibus
575 4965 882 5023 faciendum
914 4985 1035 5026 esse
1074 4972 1226 5043 prius
1262 4974 1472 5043 doceat,
1504 4986 1564 5031 ut
1595 4977 1800 5033 facins
1828 4988 1882 5033 et

281 5058 487 5116 docens
509 5061 765 5116 mandata
801 5061 897 5118 Dei
923 5103 938 5128 ,
971 5064 1145 5134 major
1171 5077 1395 5122 vocetur
1428 5070 1482 5123 in
1513 5085 1681 5142 regno
1710 5072 1880 5128 cmlo-

200 5149 204 5153 ’
285 5171 410 5211 rum
443 5174 455 5210 :
482 5156 739 5211 minimus
763 5166 967 5222 autem,
997 5157 1042 5212 si
1072 5156 1315 5213 docuerit
1340 5167 1395 5214 et
1422 5161 1642 5215 solverit
1668 5164 1879 5219 actione

282 5267 454 5308 unum
485 5251 552 5307 de
576 5250 847 5307 mandatis
877 5250 973 5305 Dei
999 5250 1257 5306 minimis.
1292 5247 1474 5306 Omnis
1503 5252 1662 5320 enim,
1704 5254 1879 5324 inquit

285 5344 563 5411 Salvator,
596 5346 685 5417 qui
709 5344 849 5399 venit
875 5343 943 5397 ad
969 5359 1050 5398 me
1080 5352 1128 5398 et
1159 5342 1309 5398 audit
1337 5359 1599 5399 sermones
1630 5363 1801 5413 meos,
1829 5357 1879 5401 et

287 5442 417 5514 facit
440 5458 545 5503 eos,
576 5438 764 5495 similis
789 5448 863 5493 est
886 5437 1082 5493 homini
1106 5438 1393 5509 ardiﬁcanti
1422 5439 1653 5503 domum,
1678 5442 1767 5512 qui
1797 5440 1879 5511 fo-

286 5537 464 5598 dit'.in
503 5534 686 5599 altum,
741 5540 793 5588 et
836 5532 1008 5605 posuit
1058 5532 1399 5602 fundamenta
1448 5551 1608 5598 supra
1655 5545 1876 5602 petram.

286 5625 648 5687 [nuntiatione
686 5635 861 5680 autem
908 5623 1080 5694 facta,
1115 5622 1312 5677 illisum
1346 5631 1420 5678 est
1465 5624 1661 5694 [lumen
1697 5622 1883 5679 domus

286 5719 393 5788 illi,
420 5728 470 5775 et
499 5736 603 5774 non
628 5718 795 5791 potuit
816 5732 930 5773 eam
956 5732 1156 5770 movere
1186 5731 1203 5769 :
1230 5715 1454 5786 fundata
1478 5715 1615 5769 enim
1648 5724 1758 5769 erat
1788 5733 1880 5771 su-

290 5830 387 5888 per
410 5820 629 5883 petram.
664 5810 767 5878 Qui
798 5820 971 5865 autem
1007 5809 1154 5862 audit
1185 5816 1232 5862 et
1271 5824 1374 5862 non
1401 5807 1548 5877 facit,
1582 5792 1768 5862 similis
1805 5817 1881 5862 est

295 5892 496 5971 lumini
529 5903 814 5975 wdiﬁcanti
856 5903 1070 5957 domum
1112 5915 1264 5956 suam
1306 5914 1466 5973 supra
1505 5914 1721 5956 arenam
1768 5899 1881 5956 sine

1978 2013 2140 2061 cutor
2177 2006 2377 2060 cxistat
2424 2024 2440 2060 :
2469 2023 2593 2078 quae
2639 2007 2844 2062 scilicet
2871 2014 2955 2062 est
2985 1998 3263 2062 vinculum
3286 2003 3577 2076 perfectio-

1976 2096 2082 2152 nis.
2112 2096 2210 2152 His
2241 2106 2421 2153 autem
2450 2099 2733 2169 speciebus
2770 2100 3028 2155 virtutum
3075 2096 3317 2170 perfecte
3346 2097 3575 2154 adorna-

1976 2196 2086 2256 tus,
2116 2198 2173 2245 et
2194 2191 2473 2261 sapientia:
2493 2191 2697 2247 lumine
2725 2192 3025 2247 illustratus
3046 2191 3209 2247 homo
3230 2190 3358 2257 Dei,
3390 2191 3493 2245 rite
3521 2196 3577 2245 et

1976 2298 2218 2353 congrue
2257 2286 2540 2340 servitium
2569 2293 2744 2356 potest
2784 2302 2965 2358 agerc,
3016 2294 3178 2356 atque
3206 2285 3442 2340 oratoris
3462 2282 3579 2339 olli-
3677 2350 3680 2353 Α

1978 2375 2124 2430 cium
2153 2375 2312 2446 digne
2354 2384 2534 2446 potest
2572 2378 2628 2431 in
2658 2378 2902 2434 Ecclesia
2932 2377 3157 2448 implere
3199 2395 3214 2432 ε
3246 2392 3409 2448 quem
3439 2376 3577 2431 anti-

1975 2483 2085 2539 qua
2113 2468 2361 2525 dillinitio
2386 2470 2640 2539 afﬁrmat,
2665 2472 2839 2526 virum
2868 2473 3070 2527 bonum
3100 2479 3157 2527 et
3188 2470 3403 2527 dicendi
3425 2470 3579 2542 peri-

1978 2568 2096 2614 tum
2120 2576 2243 2616 esse
2270 2561 2487 2617 debere.
2517 2562 2577 2617 Si
2613 2578 2742 2633 ergo
2768 2564 2886 2619 haec
2914 2562 3158 2618 definitio
3189 2562 3244 2617 in
3272 2561 3582 2617 oratoribus

1979 2652 2263 2725 gentilium
2297 2655 2714 2721 observabatur,
2762 2655 2933 2710 multo
2959 2655 3132 2726 magis
3167 2655 3223 2710 in
3275 2652 3582 2709 oratoribus

1978 2746 2180 2803 Christi
2203 2749 2482 2804 observari
2517 2751 2792 2816 convenit,
2834 2766 3063 2821 quorum
3101 2763 3206 2804 non
3249 2745 3423 2803 solum
3463 2757 3583 2798 ser-

1979 2857 2105 2909 mo,
2140 2843 2248 2897 imo
2294 2842 2458 2896 etlam
2505 2850 2619 2897 tota
2666 2843 2777 2896 vita
2819 2841 3065 2896 doctrina
3112 2838 3374 2893 virtutum
3424 2834 3586 2889 debet

1981 2949 2123 2990 esse.
2162 2932 2268 2989 Sed
2308 2934 2436 3005 quia
2467 2936 2533 2989 de
2579 2936 2741 2989 modo
2772 2931 3079 2988 inveniendi
3123 2945 3189 2985 ea
3227 2941 3349 3000 quae
3388 2923 3585 2980 intelli-

1982 3024 2156 3095 genda
2201 3032 2328 3080 sunt
2359 3024 2413 3079 in
2445 3022 2747 3094 Scripturis
2777 3023 2944 3078 multa
2978 3021 3093 3092 jam
3130 3019 3402 3085 diximus,
3433 3013 3587 3085 adju-

1981 3124 2143 3170 vante
2185 3115 2414 3171 Domino
2437 3115 2505 3170 de
2532 3114 2858 3185 proferendo
2902 3129 2967 3171 ea
3007 3128 3128 3184 quae
3155 3111 3428 3168 intellecta
3461 3114 3589 3165 sunt

1980 3224 2154 3279 pauca
2184 3207 2428 3264 dicemus
2450 3249 2465 3273 ,
2510 3215 2571 3263 ut
2616 3210 2719 3265 hoc
2750 3207 3048 3263 novissimo
3085 3205 3227 3261 libro
3252 3213 3429 3261 totum
3451 3216 3587 3274 opus

1986 3302 2321 3360 claudamus.

2538 3393 2770 3450 CAPUT
2809 3391 3039 3448 XXVIII.

2079 3486 2221 3553 Quid
2251 3487 2430 3543 debeat
2456 3486 2642 3542 doctor
2669 3485 3037 3541 catholicus'in
3065 3483 3287 3539 dicendo
3319 3498 3492 3552 agere.

2057 3582 2227 3639 Debet
2264 3582 2430 3652 igitur
2461 3581 2765 3637 divinarum
2801 3578 3204 3650 Scripturarum
3232 3586 3494 3634 tractator
3526 3584 3587 3632 et

1987 3679 2194 3745 doctor,
2229 3677 2480 3734 defensor
2504 3686 2668 3732 recta:
2691 3676 2815 3731 fidei
2851 3691 2915 3731 ac
2945 3673 3241 3730 debellator
3274 3672 3499 3739 erroris,
3530 3678 3587 3726 et

1986 3774 2126 3829 bona
2156 3773 2373 3839 docere,
2398 3781 2453 3827 et
2478 3771 2620 3826 mala
2642 3770 2938 3837 dedocere;
2969 3777 3133 3839 atque
3161 3768 3218 3823 in
3244 3769 3349 3823 hoc
3382 3781 3579 3836 opere,

1984 3880 2236 3921 sermone
2276 3864 2570 3920 conciliare
2615 3877 2855 3929 avemus,
2904 3861 3163 3916 remissos
3209 3858 3439 3929 erigere,
3489 3871 3586 3912 ne-

1986 3956 2282 4013 scientibus
2310 3956 2438 4026 quid
2481 3970 2643 4026 agere
2668 3995 2683 4021 ,
2737 3950 2869 4024 quid
2907 3961 3166 4022 expetere
3194 3950 3428 4006 debeant
3455 3948 3586 4015 inti-

1986 4066 2156 4107 mare.
2196 4049 2299 4106 Ubi
2326 4058 2509 4104 autem
2559 4046 2865 4113 benevolos,
2926 4046 3186 4111 intentos,
3237 4043 3462 4109 dociles,
3492 4048 3590 4099 aut

1966 4148 2334 4211 invenerunt,
2363 4151 2457 4199 aut
2477 4142 2581 4213 ipsi
2608 4142 2875 4208 fecerunt,
2905 4149 3103 4197 caetera
3127 4137 3437 4210 peragenda
3461 4141 3590 4192 sunt

1987 4240 2127 4295 sicut
2159 4235 2398 4309 postulat
2443 4251 2628 4292 causa.
2675 4233 2731 4289 Si
2774 4233 3002 4289 docendi
3043 4239 3169 4287 sunt
3217 4230 3310 4301 qui
3339 4227 3583 4295 audiunt,

1987 4333 2298 4386 narratione
2328 4329 2633 4384 faciendum
2666 4335 2778 4392 est,
2810 4327 2855 4380 si
2883 4334 3063 4379 tamen
3097 4321 3374 4395 indigeat,
3405 4327 3467 4376 ut
3500 4335 3590 4377 res

1986 4428 2051 4481 de
2078 4441 2185 4497 qua
2222 4425 2403 4495 agitur
2430 4423 2752 4477 innotescat.
2793 4418 2866 4476 Ut
2901 4428 3083 4474 autem
3120 4432 3242 4490 quae
3268 4415 3427 4473 dubia
3459 4423 3588 4471 sunt

1987 4524 2135 4573 certa
2165 4516 2318 4581 fiant,
2355 4513 2693 4570 documentis
2735 4510 2993 4566 adhibitis
3016 4508 3449 4569 ratiocinandum
3481 4514 3583 4563 est.

1990 4610 2091 4677 Qui
2124 4624 2254 4664 vero
2277 4607 2501 4662 audiunt
2532 4602 2782 4659 movendi
2823 4611 2952 4657 sunt
2988 4599 3168 4671 potius
3193 4613 3358 4669 quam
3382 4597 3585 4652 docen-

1902 4667 1957 4727 Β
1984 4667 2059 4768 (ii,
2084 4709 2143 4759 ut
2171 4703 2222 4756 in
2247 4715 2312 4755 eo
2345 4697 2487 4769 quod
2509 4697 2621 4767 jam
2650 4696 2848 4760 sciunt,
2874 4667 3083 4773 agendo
3105 4667 3228 4745 non?
3242 4696 3505 4761 torpeant,
3531 4697 3586 4745 et

1989 4795 2148 4847 rebus
2175 4806 2310 4863 quas
2336 4802 2494 4841 veras
2522 4800 2642 4841 esse
2668 4784 2927 4850 fatentur,
2952 4795 3235 4838 assensum
3275 4794 3586 4836 accommo-

1987 4884 2134 4947 dent,
2166 4879 2462 4949 majoribus
2502 4876 2715 4933 dicendi
2759 4875 2966 4932 viribus
3005 4890 3141 4953 opus
3166 4881 3280 4942 est;
3314 4872 3405 4929 ubi
3428 4873 3588 4929 obse—
3634 4933 3639 4955 ἶ

1985 4975 2257 5031 orationes
2286 4980 2339 5027 et
2368 4972 2787 5043 increpationes,
2818 4969 3210 5025 concitationes
3232 4974 3288 5024 et
3314 4965 3584 5023 exercita-

1986 5058 2184 5133 tiones,
2228 5076 2283 5123 et
2325 5081 2658 5141 quaecunque
2702 5064 2803 5119 alia
2850 5063 3033 5119 valent
3070 5061 3138 5116 ad
3162 5059 3585 5117 commovendos

1988 5163 2215 5224 animos,
2246 5167 2372 5215 sunt
2396 5159 2723 5214 necessaria.
2756 5159 2822 5212 Et
2851 5156 2966 5211 haec
2990 5154 3207 5228 quidem
3240 5162 3434 5211 cuncta
3462 5171 3585 5230 quae

1986 5253 2119 5316 dixi,
2142 5267 2330 5307 omnes
2352 5252 2464 5305 fere
2490 5251 2740 5307 homines
2763 5249 2818 5304 in
2849 5249 2933 5304 his
2956 5263 3077 5320 qum
3097 5247 3367 5320 loquendo
3390 5257 3581 5320 agunt,

1986 5343 2166 5400 facere
2192 5360 2297 5398 non
2315 5345 2617 5415 quiescunt.
2645 5341 2750 5397 Sed
2766 5356 2889 5397 cum
2912 5339 3002 5396 alii
3026 5339 3229 5396 faciant
3254 5340 3463 5408 obtuse,
3491 5341 3583 5396 de-

1987 5441 2256 5507 formiter,
2286 5438 2507 5510 frigide;
2543 5438 2631 5493 alii
2666 5445 2844 5503 acute,
2873 5443 3085 5503 ornate,
3112 5436 3492 5501 vehementer;
3520 5433 3581 5489 il—

1984 5534 2097 5589 lum
2125 5533 2191 5588 ad
2220 5534 2324 5588 hoc
2348 5514 2481 5602 opus
2509 5530 2648 5585 unde
2673 5530 2885 5600 agimus
2911 5536 3125 5598 oportet
3149 5529 3408 5584 accedere
3429 5525 3580 5598 jam,

1987 5621 2077 5692 qui
2117 5627 2295 5691 potest
2337 5620 2613 5690 disputare
2654 5617 2739 5673 vel
2789 5616 2971 5683 dicere
3009 5617 3309 5690 sapienter,
3339 5618 3501 5683 etiam
3531 5616 3581 5675 si

1985 5729 2091 5768 non
2137 5720 2317 5782 potest
2361 5711 2697 5781 eloquenter,
2740 5718 2800 5765 ut
2839 5710 3010 5783 prosit
3037 5711 3385 5767 audientibus
3412 5710 3581 5767 etiam

1984 5806 2288 5877 sapienter,
2317 5804 2361 5859 si
2388 5803 2565 5857 minus
2593 5819 2756 5881 quam
2799 5805 3079 5876 prodesset
3116 5802 3434 5874 eloquenter
3450 5815 3582 5879 pos-

1980 5907 2064 5957 set
2091 5899 2287 5955 dicere.
2319 5896 2422 5969 Qui
2451 5911 2578 5953 vero
2603 5896 2772 5954 aiiluit
2794 5897 3067 5970 insipienti
3092 5895 3425 5969 eloquentia,
3452 5902 3580 5959 tan-
