3974 6448
429 388 538 450 497

1108 398 1171 455 Β.
1212 398 1469 456 RABANI
1505 398 1727 458 MAURI
1763 397 2085 458 ARCHIEP.
2126 399 2439 461 MOGUNT.
2475 399 2767 483 OPERUM
2799 403 2982 462 PARS
3015 406 3058 462 Ι.

3610 400 3718 467 ιώ

430 518 492 568 to
512 508 687 581 magis
727 508 999 567 cavendus
1039 519 1144 577 est,
1190 521 1394 581 quanto
1430 513 1605 585 magis
1640 512 1708 568 ab
1754 526 1821 570 eo
1850 513 1907 569 in
1934 513 2019 569 his
2044 515 2101 576 Α
2123 512 2283 569 nibus
2320 513 2662 569 sermonibus
2687 514 2800 570 suis
2827 515 3079 585 primitus
3106 529 3173 571 ac
3198 515 3433 574 maxime
3455 524 3521 573 ut
3559 519 3726 576 intel-

431 618 554 675 qua:
573 603 762 658 audire
810 602 996 657 inutile
1042 612 1144 670 est,
1193 604 1492 661 delectatur
1532 607 1764 673 auditor,
1816 615 1872 663 et
1896 623 2021 663 eum
2126 605 2363 677 ligantur
2390 605 2692 673 elaborent,
2741 621 2807 663 ea
2857 616 3122 678 quantum
3168 618 3397 678 possunt
3421 612 3728 693 perspicui-

429 709 595 766 quem
625 694 824 750 diserte
855 692 1037 750 dicere
1066 695 1253 763 audit,
1280 697 1441 752 etiam
1471 713 1600 754 vere
1625 699 1807 756 dicere
1832 701 2020 757 existi-
2124 704 2234 753 tate
2263 698 2495 765 dicendi,
2531 708 2593 755 ut
2622 706 2717 755 aut
2749 700 2980 756 multum
3005 700 3192 756 tardus
3216 702 3289 757 sit
3310 703 3405 774 qui
3432 719 3545 760 non
3572 692 3732 763 intel-

430 794 562 843 mat.
614 785 742 843 Haec
770 794 952 844 autem
996 788 1223 844 scientia
1250 804 1350 845 nec
1374 790 1496 847 illos
1538 791 1695 863 fugit,
1724 794 1818 864 qui
1848 804 2019 851 artem

429 879 757 934 rhetoricam
806 880 1104 936 docendam
1133 889 1478 950 putaverunt.
1514 882 1668 940 Fassi
1713 893 1841 941 sunt
1874 886 2021 942 enim

426 970 749 1040 sapientiam
794 970 912 1026 sine
940 971 1245 1042 eloquentia
1274 989 1467 1043 parum
1506 976 1764 1044 prodesse
1789 976 2023 1033 civitatis

425 1061 555 1129 bus;
586 1062 953 1134 eloquentiam
982 1080 1111 1120 vero
1139 1065 1258 1121 sine
1285 1068 1548 1137 sapientia
1579 1069 1804 1124 nimium
1827 1072 2021 1127 obesse

422 1155 766 1226 plerumque,
800 1157 1058 1225 prodesse
1089 1172 1385 1227 nunquam.
1421 1157 1706 1230 Sapienter
1736 1170 1917 1216 autem
1946 1163 2023 1218 di-

423 1246 499 1301 cit
524 1246 686 1301 bomo
715 1256 867 1302 tanto
891 1248 1065 1320 magis
1086 1248 1172 1303 vel
1191 1249 1391 1316 minus,
1415 1259 1619 1320 quanto
1640 1252 1695 1306 in
1726 1251 2021 1323 Scripturis

425 1336 631 1391 sanctis
662 1337 836 1407 majus
866 1337 1112 1394 minusve
1144 1341 1381 1411 prolicit.
1408 1341 1526 1397 Non
1557 1343 1675 1399 dico
1696 1343 1750 1399 in
1777 1346 1857 1400 eis
1884 1346 2022 1401 mul-

426 1434 542 1480 tum
571 1425 812 1497 legendis
842 1430 1228 1501 memoriasque
1258 1434 1579 1490 mandandis
1603 1476 1618 1501 ,
1651 1437 1745 1491 sed
1773 1436 1911 1493 bene
1939 1438 2021 1493 in-

427 1517 734 1589 telligendis
757 1560 772 1584 ,
804 1528 860 1575 et
883 1521 1173 1593 diligenter
1194 1541 1381 1581 earum
1410 1527 1658 1583 sensibus
1678 1529 2016 1601 indagandis.

427 1606 567 1664 Sunt
592 1609 736 1664 enim
756 1613 849 1681 qui
876 1629 968 1669 eas
994 1614 1201 1687 legunt,
1228 1628 1284 1672 et
1308 1617 1616 1690 negligunt;
1649 1619 1836 1690 legunt
1855 1630 1914 1676 ut
1940 1630 2020 1676 te-

423 1708 609 1767 neant,
642 1704 919 1774 negligunt
964 1723 1032 1763 ne
1078 1709 1398 1781 intelligant.
1444 1712 1650 1780 Quibus
1697 1714 1853 1786 longe
1900 1717 2020 1771 sine

2104 785 2240 860 eligit
2263 830 2277 856 ,
2312 798 2406 845 aut
2453 789 2510 845 in
2540 805 2724 845 rerum
2750 804 2886 860 quas
2924 790 3200 861 explicare
3233 799 3399 863 atque
3431 797 3730 853 ostendere

2122 881 2372 938 volumus
2399 882 2719 939 difﬁcultate
2746 898 2812 938 ac
2836 882 3137 940 subtilitate
3156 924 3174 950 ,
3203 900 3311 940 non
3345 887 3401 941 in
3427 896 3626 943 nostra
3653 888 3728 944 lo-

2122 974 2339 1029 cutione
2376 975 2450 1029 sit
2475 990 2639 1029 causa
2663 990 2772 1045 quo
2796 974 2974 1030 minus
3006 974 3285 1032 tardiusve
3325 992 3450 1047 quae
3492 979 3729 1037 dicimus

2119 1066 2328 1133 possint
2345 1065 2588 1137 intelligi.
2618 1066 2751 1120 Sunt
2781 1065 2924 1119 enim
2951 1066 3219 1134 quaedam,
3243 1081 3365 1137 qua:
3390 1079 3488 1122 aut
3511 1084 3624 1123 non
3651 1069 3727 1124 in-

2124 1155 2452 1227 telliguntur,
2485 1165 2580 1212 aut
2595 1157 2681 1211 vix
2711 1156 3106 1228 intelliguntur,
3139 1160 3391 1228 quamvis
3406 1160 3727 1229 planissime

2121 1249 2350 1306 dicentis
2392 1259 2676 1307 versentur
2723 1251 2962 1321 eloquio,
3000 1265 3123 1320 quae
3163 1252 3217 1306 in
3267 1253 3452 1322 populi
3504 1255 3730 1310 audien-

2120 1333 2273 1410 tiam,
2305 1344 2390 1399 vel
2420 1359 2563 1410 raro,
2605 1344 2652 1399 si
2684 1344 2888 1416 aliquid
2917 1353 3094 1415 urget,
3125 1345 3210 1400 vel
3231 1361 3519 1417 nunquam
3546 1348 3729 1407 omni-

2119 1448 2192 1489 no
2220 1434 2486 1491 mittenda
2517 1443 2665 1491 sunt.

2690 1525 2920 1583 CAPUT
2942 1527 3115 1583 XXX.

2295 1614 2451 1681 Quod
2469 1614 2617 1686 facili
2643 1615 2903 1672 locutione
2937 1620 3014 1672 uti
3046 1619 3101 1673 in
3134 1618 3318 1691 vulgus
3344 1620 3556 1675 debeat.

2190 1710 2449 1780 Quamvis
2488 1714 2544 1768 in
2587 1715 2745 1771 bonis
2784 1718 3114 1775 doctoribus.
3142 1729 3289 1775 tanta
3315 1721 3552 1777 docendi
3602 1734 3726 1774 cura

420 1788 586 1846 dubio
617 1793 935 1862 praeferendi
981 1809 1108 1854 sunt
1156 1802 1249 1871 qui
1299 1803 1460 1859 verba
1505 1819 1693 1860 earum
1723 1806 1903 1862 minus
1934 1816 2016 1861 te-
2119 1800 2190 1855 sit
2209 1802 2295 1858 vel
2318 1819 2441 1858 esse
2463 1804 2674 1873 debeat,
2719 1814 2780 1861 ut
2808 1809 3033 1865 verbum
3064 1812 3207 1881 quod
3236 1813 3402 1867 nimis
3430 1814 3724 1868 obscurum

418 1891 571 1947 nent,
589 1891 646 1938 et
665 1900 761 1939 cor
779 1901 967 1943 earum
984 1891 1065 1944 sui
1090 1891 1270 1947 cordis
1296 1895 1468 1949 oculis
1483 1896 1687 1950 vident.
1718 1896 1825 1952 Sed
1855 1899 2016 1955 utris-
2043 1890 2092 1952 B
2121 1893 2191 1947 Sil
2212 1893 2296 1948 γει
2322 1896 2657 1967 ambiguum.
2680 1897 2934 1955 Latinum
2958 1917 3079 1958 esse
3108 1919 3216 1958 non
3242 1905 3437 1975 possit,
3462 1905 3615 1976 vulgi
3642 1920 3728 1958 an-

417 1986 524 2041 que
559 1974 650 2028 ille
680 1978 903 2045 melior,
939 1981 1030 2051 qui
1063 1990 1119 2037 et
1145 1999 1268 2038 cum
1303 1986 1447 2040 volet
1470 2002 1564 2042 eas
1591 1988 1753 2055 dicit,
1794 1997 1849 2044 et
1874 1991 2017 2045 sicut

417 2074 633 2134 oportet
674 2070 941 2143 intelligit.
992 2075 1130 2131 Huic
1157 2092 1287 2148 ergo
1324 2080 1416 2148 qui
1448 2081 1723 2149 sapienter
1743 2082 1903 2137 debet
1930 2084 2014 2138 di-

416 2173 543 2214 cere
560 2201 575 2225 ,
606 2162 772 2219 etiam
801 2166 944 2234 quod
968 2182 1075 2221 non
1108 2179 1287 2237 potest
1316 2171 1653 2242 eloquenter,
1681 2174 1847 2230 verba
1871 2174 2018 2230 Scri-

413 2259 700 2320 pturarum
744 2266 930 2314 tenere
979 2262 1214 2317 maxime
1254 2265 1619 2320 necessarium
1658 2274 1761 2322 est.
1800 2266 2017 2335 Quanto

414 2345 561 2400 enim
591 2362 651 2403 se
683 2353 1060 2422 pauperiorem
1109 2356 1285 2410 cernit
1334 2358 1387 2412 in
1428 2358 1563 2424 suis,
1608 2366 1758 2415 tanto
1801 2360 1857 2415 in
1898 2361 2016 2416 istis

413 2448 629 2506 Oportet
657 2455 780 2496 eum
809 2459 928 2500 esse
954 2445 1205 2502 ditiorem
1233 2489 1249 2515 ,
1280 2457 1340 2504 ut
1368 2452 1511 2520 quod
1535 2451 1732 2507 dixerit
1760 2453 1873 2507 suis
1895 2468 2017 2508 ver-

414 2527 517 2592 bis,
548 2531 742 2597 probet
780 2542 837 2587 et
877 2533 999 2590 illis.
1043 2536 1215 2592 Porro
1252 2540 1346 2608 qui
1374 2556 1481 2596 non
1511 2541 1687 2596 solum
1724 2544 2010 2612 sapienter,

414 2633 602 2674 verum
629 2622 793 2676 etiam
821 2624 1137 2696 eloquenter
1167 2630 1284 2685 vult
1313 2631 1512 2695 dicere,
1547 2634 1802 2704 quoniam
1836 2636 2018 2706 profe—

413 2718 502 2766 cto
528 2712 648 2781 plus
673 2716 950 2785 proderit,
987 2720 1032 2774 si
1067 2728 1355 2793 utrumque
1380 2726 1638 2794 potuerit,
1666 2726 1736 2782 ad
1756 2727 2017 2797 legendos

412 2800 498 2855 vel
525 2803 824 2861 audiendos
849 2814 906 2861 et
940 2810 1331 2868 exercitatione
1360 2813 1651 2872 imitandos
1676 2815 2013 2887 eloquentes,

411 2905 536 2948 eum
558 2894 727 2951 multo
752 2898 925 2969 magis
949 2916 1113 2970 quam
1148 2904 1421 2974 magistris
1445 2907 1582 2963 artis
1606 2909 1894 2964 rhetoricae
1921 2925 2018 2965 va-

411 3000 541 3042 care
576 2990 866 3061 prazcipio,
907 2994 954 3049 si
984 3003 1163 3052 tamen
1187 2999 1243 3053 hi
1273 3000 1368 3070 qui
1412 3000 1598 3073 legunt
1620 3011 1676 3058 et
1698 3005 2011 3072 audiuntur,

413 3091 522 3132 non
550 3078 726 3135 solum
754 3082 1090 3153 eloquenter,
1140 3089 1235 3143 sed
1274 3090 1441 3145 etiam
1479 3093 1753 3162 sapienter
1787 3095 2013 3162 dixisse,
2054 3079 2064 3094 ’

411 3164 499 3221 vel
525 3166 705 3224 dicere
736 3175 914 3230 veraci
952 3177 1338 3247 praedicatione
1377 3181 1684 3239 laudantur.
1727 3184 1830 3253 Qui
1865 3187 2014 3243 enim

2123 1994 2230 2042 tem
2262 2004 2414 2044 more
2447 1990 2524 2046 sic
2563 1991 2811 2058 dicatur,
2847 2005 2907 2049 ut
2949 1997 3273 2069 ambiguitas
3306 1999 3728 2067 obscuritasque

2120 2079 2323 2135 vitetur
2345 2121 2359 2146 ,
2392 2097 2498 2137 non
2539 2083 2619 2139 sic
2661 2084 2876 2142 dicatur
2901 2097 2961 2142 ut
3004 2104 3035 2143 a
3074 2090 3248 2146 doctis
3274 2134 3289 2157 ,
3319 2081 3416 2147 sed
3460 2093 3651 2162 potius
3674 2100 3729 2145 ut

2121 2172 2189 2227 ab
2218 2173 2448 2232 indoctis
2476 2175 2585 2231 dici
2621 2178 2777 2233 solet.
2821 2180 2961 2247 Quid
3004 2183 3148 2236 enim
3185 2183 3410 2255 prodest
3440 2184 3728 2239 locutionis

2121 2262 2403 2334 integritas
2444 2281 2606 2336 quam
2651 2284 2759 2325 non
2792 2273 3041 2340 sequitur
3080 2273 3383 2330 intellectus
3419 2277 3728 2341 audientis,

2121 2369 2244 2409 cum
2278 2371 2381 2411 non
2413 2357 2720 2430 intelligunt
2762 2372 2983 2433 propter
3027 2379 3164 2435 quos
3209 2376 3269 2421 ut
3308 2367 3618 2439 intelligant
3658 2367 3735 2421 lo-

2121 2446 2380 2515 quimur?
2408 2446 2509 2516 Qui
2561 2465 2691 2520 ergo
2720 2453 2898 2517 docet,
2952 2456 3145 2511 vitabit
3182 2458 3351 2513 verba
3396 2459 3586 2514 omnia
3612 2472 3735 2528 quae

2120 2552 2228 2592 non
2258 2540 2458 2594 docent
2483 2556 2497 2607 ;
2531 2549 2587 2597 et
2620 2542 2666 2597 si
2691 2559 2794 2614 pro
2822 2546 2901 2601 eis
2933 2546 3113 2617 aliqua
3138 2589 3154 2613 ,
3184 2564 3305 2619 qua:
3333 2549 3731 2620 intelligantur,

2120 2629 2334 2699 integra
2358 2641 2539 2702 potest
2563 2634 2746 2691 dicere
2770 2677 2784 2702 ,
2816 2637 2871 2692 id
2896 2639 3072 2710 magis
3099 2639 3296 2709 eliget;
3326 2641 3374 2695 si
3405 2651 3591 2696 autem
3623 2657 3735 2696 non

2120 2730 2319 2790 potest,
2375 2724 2489 2780 sive
2516 2726 2645 2795 quia
2684 2742 2792 2783 non
2831 2739 2986 2796 sunt,
3031 2731 3148 2786 sive
3171 2734 3299 2801 quia
3345 2734 3401 2786 iu
3440 2734 3737 2803 praesentia

2119 2826 2229 2866 non
2278 2824 2611 2884 occurrunt,
2645 2826 2831 2874 utetur
2852 2820 3019 2875 etiam
3043 2823 3227 2878 verbis
3266 2824 3448 2879 minus
3476 2824 3732 2894 integris,

2120 2903 2248 2958 dum
2270 2912 2449 2960 tamen
2479 2922 2568 2963 res
2597 2907 2713 2978 ipsa
2744 2911 3005 2967 doceatur
3040 2920 3209 2983 atque
3229 2914 3475 2971 discatur
3497 2916 3731 2986 integre.

2119 2994 2188 3049 Et
2229 2996 2336 3052 hoc
2367 2998 2586 3068 quidem
2631 3016 2739 3056 non
2763 3003 2939 3059 solum
2982 3006 3040 3060 in
3089 3007 3585 3075 collocutionibus,
3617 3008 3735 3064 sive

2120 3084 2256 3142 ﬁant
2299 3103 2425 3143 cum
2482 3090 2663 3162 aliquo
2713 3109 2844 3161 uno,
2893 3096 3010 3152 sive
3059 3112 3184 3153 cum
3225 3099 3492 3168 pluribus,
3541 3113 3732 3154 verum

2119 3178 2288 3260 etiam
2313 3179 2485 3236 multo
2511 3183 2684 3255 magis
2720 3184 2777 3239 in
2805 3186 3018 3257 populis
3055 3191 3276 3258 quando
3314 3204 3498 3245 sermo
3524 3189 3734 3260 promi-

410 3256 731 3329 eloquenter
772 3266 997 3333 dicunt,
1031 3272 1300 3340 suaviter;
1325 3275 1418 3344 qui
1444 3276 1751 3347 sapienter,
1777 3278 2012 3334 salubri-

2123 3253 2230 3339 tur,
2259 3281 2321 3328 ut
2351 3253 2723 3347 intelligamur
2754 3253 3199 3339 instandum-est.
3232 3284 3370 3351 Quia
3400 3285 3458 3338 in
3488 3253 3731 3340 collocu-

411 3354 497 3402 ter
517 3351 827 3409 audiuntur.
863 3355 1002 3413 Sunt
1022 3376 1153 3434 ergo
1171 3363 1527 3422 ecclesiastici
1554 3367 1674 3433 viri,
1707 3369 1800 3439 qui
1827 3370 2011 3427 divina

411 3439 625 3512 eloquia
651 3462 757 3501 non
781 3450 956 3507 solum
982 3456 1288 3525 sapienter,
1330 3461 1425 3516 sed
1461 3469 1516 3517 et
1554 3462 1873 3533 eloquenter
1902 3474 2013 3520 tra-

410 3539 728 3603 ctaverunt;
754 3541 950 3611 quibus
972 3543 1214 3617 legendis
1231 3552 1405 3622 magis
1425 3567 1531 3607 non
1555 3552 1753 3609 suliicit
1776 3562 2007 3625 tempus,

408 3638 579 3701 quam
610 3629 802 3688 deesse
832 3634 934 3706 ipsi
954 3639 1297 3698 studentibus
1338 3654 1392 3697 et
1416 3645 1734 3702 vacantibus
1760 3658 2009 3717 possunt.

979 3749 1209 3810 CAPUT
1248 3753 1438 3809 XXIX.

414 3832 572 3903 Quod
597 3847 837 3896 auctores
869 3845 1244 3921 canonicorum
1272 3847 1550 3921 librorum,
1588 3857 1639 3904 et
1662 3850 1922 3921 sapientes
1961 3861 2012 3906 et

908 3913 1205 3986 eloquentes
1256 3918 1492 3987 fuerunt.

480 3998 584 4055 Hic
612 4001 809 4072 aliquis
845 4002 1076 4061 forsitan
1105 4004 1311 4078 quaerit
1331 4018 1514 4066 utrum
1537 4019 1788 4069 auctores
1812 4013 2011 4080 nostri,

407 4102 641 4160 quorum
658 4093 861 4161 scripta
876 4094 1134 4151 divinitus
1148 4097 1408 4169 inspirata
1421 4117 1685 4158 eanonem
1702 4104 1856 4160 nobis
1870 4104 2014 4160 salu-

407 4175 649 4235 berrima
670 4186 994 4241 auctoritate
1022 4185 1288 4254 fecerunt,
1325 4193 1598 4261 sapientes
1613 4196 2011 4264 tantummodo,

410 4280 480 4343 ap
506 4267 823 4338 eloquentes
847 4278 1195 4345 nuncupandi
1221 4280 1350 4333 sint.
1379 4280 1510 4348 Qua:
1537 4283 1758 4353 quidem
1783 4285 2012 4355 quaestio

410 4360 557 4431 apud
582 4362 870 4433 meipsum,
916 4375 972 4419 et
1009 4367 1153 4437 apud
1180 4380 1274 4423 eos
1314 4370 1407 4439 qui
1447 4385 1660 4426 mecum
1703 4374 1849 4443 quod
1890 4375 2013 4431 dico

410 4452 676 4520 sentiunt,
723 4453 979 4511 facillime
1017 4458 1265 4514 solvitur.
1307 4459 1444 4516 Nam
1493 4463 1586 4519 ubi
1626 4478 1720 4520 eos
1746 4466 2006 4540 intelligo,

408 4557 520 4599 non
564 4543 739 4599 solum
777 4546 913 4601 nihil
932 4548 1013 4603 eis
1056 4550 1385 4620 sapientius,
1437 4566 1626 4609 verum
1664 4557 1829 4612 etiam
1875 4560 2011 4614 nihil

408 4632 752 4704 eloquentius
775 4636 911 4691 mihi
940 4636 1114 4694 videri
1146 4648 1360 4708 potest;
1405 4651 1462 4696 et
1486 4644 1658 4700 audeo
1688 4646 1868 4704 dicere
1893 4664 2012 4703 om-

408 4740 508 4780 nes
537 4725 631 4795 qui
659 4735 811 4781 recte
844 4729 1153 4802 intelligunt
1189 4734 1335 4802 quod
1365 4735 1443 4790 illi
1481 4737 1777 4808 loquuntur
1800 4780 1816 4807 ,
1849 4741 2013 4797 simul

409 4815 711 4887 intelligere
745 4833 850 4873 non
901 4834 996 4875 eos
1040 4822 1199 4877 aliter
1228 4824 1376 4895 loqui
1412 4828 1681 4885 debuisse.
1728 4830 1882 4887 Sicut
1915 4848 2013 4889 au-

411 4919 521 4965 tem
547 4919 631 4965 cst
652 4913 903 4980 quaedam
925 4912 1233 4985 eloquentia
1260 4934 1380 4989 quae
1417 4924 1589 4995 magis
1616 4932 1830 4980 aetatem
1850 4926 2011 4995 juve-

409 5002 576 5058 nilem
596 5006 788 5070 decet,
815 5013 900 5061 est
924 5022 1045 5078 qua:
1070 5009 1328 5079 senilem;
1372 5026 1474 5069 nec
1491 5015 1606 5085 jam
1640 5015 1871 5072 dicenda
1899 5019 2013 5074 elo-

407 5096 655 5167 quentia,
702 5098 749 5154 si
789 5113 1039 5169 persouaa
1080 5116 1190 5157 non
1226 5115 1488 5176 congruat
1527 5107 1849 5178 eloquentis.
1909 5110 2012 5167 Ubi

409 5201 542 5243 vero
570 5203 680 5242 non
706 5203 803 5244 eos
840 5191 1081 5264 intelligo
1106 5234 1122 5261 ,
1164 5195 1345 5251 minus
1371 5199 1589 5267 quidem
1623 5207 1851 5269 apparet
1879 5201 2013 5256 mihi

409 5291 602 5334 eorum
630 5280 958 5352 eloquentia,
1006 5288 1100 5342 sed
1136 5302 1256 5344 eam
1302 5305 1411 5345 non
1456 5290 1643 5347 dubito
1672 5307 1791 5347 esse
1824 5292 2009 5362 talem,

413 5370 593 5441 qualis
621 5381 705 5427 est
730 5376 819 5430 ubi
850 5376 1110 5452 intelligo.
1142 5380 1233 5437 Sic
1260 5383 1460 5454 quippe
1482 5382 1559 5437 illi
1582 5383 1747 5439 locuti
1774 5394 1920 5452 sunt,
1950 5396 2011 5441 ut

414 5463 744 5533 posteriores
773 5467 864 5536 qui
895 5484 990 5526 eos
1018 5481 1165 5528 recte
1190 5473 1551 5544 intelligerent
1579 5483 1635 5529 et
1651 5486 2007 5545 exponerent,

417 5552 644 5608 alteram
698 5556 955 5624 gratiam,
1011 5562 1284 5628 disparem
1332 5564 1587 5628 quidem,
1635 5577 2012 5618 verumtamen

415 5641 836 5713 subsequentem
878 5647 933 5702 in
967 5648 1063 5703 Dei
1102 5647 1342 5704 Ecclesia
1381 5650 1699 5720 reperirent.
1735 5650 1851 5707 Non
1882 5669 2012 5725 ergo

417 5735 754 5805 expositores
773 5752 963 5807 eorum
986 5740 1062 5795 ita
1085 5739 1232 5811 loqui
1253 5742 1453 5798 debent
1475 5784 1489 5811 ,
1522 5754 1782 5817 tanquam
1808 5746 2013 5818 seipsos

418 5832 767 5899 exponendos
793 5834 952 5893 simili
985 5836 1312 5894 auctoritate
1336 5848 1668 5910 proponant;
1700 5840 1795 5899 sed
1816 5840 1873 5898 in
1898 5855 2011 5899 om-

2039 4622 2095 4685 D

2120 3364 2361 3420 tionibus
2391 3377 2476 3422 est
2515 3368 2715 3439 cuique
2742 3370 3117 3441 interrogandi
3167 3385 3449 3444 potestas;
3497 3378 3594 3433 ubi
3632 3392 3734 3432 au-

2120 3463 2231 3511 tem
2278 3473 2469 3515 omnes
2500 3468 2683 3516 tacent
2728 3470 2789 3517 ut
2834 3463 3088 3521 audiatur
3116 3481 3289 3534 unus,
3326 3476 3383 3523 et
3406 3468 3466 3524 in
3488 3485 3616 3527 eum
3645 3470 3730 3527 in-

2121 3557 2269 3605 tenta
2299 3567 2398 3606 ora
2439 3562 2796 3622 convertunt,
2845 3556 2918 3611 ibi
2968 3566 3029 3613 ut
3073 3561 3315 3629 requirat
3353 3565 3731 3637 unusquisque

2119 3655 2241 3710 quae
2281 3658 2389 3699 non
2416 3643 2744 3702 intellexerit
2761 3689 2775 3714 ,
2815 3664 2919 3704 nec
2948 3651 3116 3707 moris
3136 3660 3221 3708 est
3249 3668 3350 3709 nec
3378 3655 3628 3721 decoris;
3658 3673 3725 3712 ac

2119 3748 2220 3803 per
2266 3734 2371 3791 hoc
2417 3736 2578 3793 debet
2614 3740 2852 3795 maxime
2894 3743 3089 3797 tacenti
3126 3744 3414 3800 subvenire
3460 3761 3592 3801 cura
3646 3749 3730 3803 di-

2120 3825 2316 3882 centis.
2348 3826 2500 3883 Solet
2520 3837 2701 3887 autem
2732 3841 2881 3888 motu
2905 3848 3006 3890 suo
3027 3835 3335 3907 signiﬁcare
3359 3845 3547 3893 utrum
3573 3840 3729 3895 intel-

2120 3915 2319 3973 lexerit
2358 3923 2719 3991 cegnoseendi
2751 3926 2909 3981 avida
2939 3926 3226 3984 multitudo
3255 3944 3272 3983 :
3301 3945 3424 4001 qua;
3448 3932 3627 3988 donec
3656 3934 3732 3988 si-

2120 4009 2340 4080 gniﬁcet
2363 4052 2378 4079 ,
2406 4014 2731 4071 versandum
2772 4026 2860 4073 est
2885 4020 3029 4089 quod
3060 4021 3243 4093 agitur
3267 4022 3591 4079 multimoda
3634 4041 3729 4079 va-

2123 4100 2317 4156 rietate
2355 4102 2599 4172 dicendi;
2637 4122 2758 4178 quae
2787 4108 2843 4163 in
2872 4117 3171 4181 postestate
3209 4128 3319 4169 non
3351 4114 3557 4170 habent
3579 4155 3598 4181 ,
3634 4116 3725 4185 qui

2120 4204 2426 4264 praeparata
2454 4204 2512 4252 et
2533 4198 2603 4253 ad
2627 4200 2853 4255 verbum
2891 4204 3206 4260 memoriter
3242 4212 3453 4261 retenta
3480 4221 3723 4277 pronun-

2123 4283 2278 4339 tiant.
2304 4285 2426 4342 Mox
2447 4295 2629 4343 autem
2667 4298 2727 4344 ut
2754 4290 3082 4351 intellectum
3111 4310 3234 4352 esse
3255 4298 3564 4353 constiterit
3584 4339 3602 4364 ,
3634 4308 3725 4354 aut

2120 4389 2299 4432 sermo
2325 4380 2619 4436 sumendus
2637 4389 2761 4448 est,
2787 4392 2882 4439 aut
2903 4385 2957 4440 in
2987 4385 3092 4441 alia
3122 4390 3533 4445 transeundum.
3569 4390 3724 4446 Sicut

2120 4467 2268 4522 enim
2292 4478 2482 4539 gratus
2506 4480 2592 4526 est
2617 4474 2709 4543 qui
2743 4479 3085 4547 agnoscenda
3115 4480 3354 4536 enubilat
3376 4521 3393 4549 ,
3418 4483 3501 4539 sic
3522 4497 3718 4539 onero-

2121 4575 2232 4628 sus,
2262 4563 2356 4633 qui
2384 4566 2600 4637 cognita
2623 4568 2877 4625 inculcat.

2689 4681 2920 4740 CAPUT
2952 4683 3144 4740 XXXI.

2119 4767 2202 4823 De
2220 4770 2418 4841 optimo
2442 4772 2599 4827 modo
2627 4773 2836 4849 dicendi
2861 4815 2878 4841 ,
2898 4783 2950 4849 et
2973 4776 3102 4849 quid
3135 4787 3370 4847 oporteat
3396 4777 3713 4849 praedictum

2529 4859 2639 4897 rem
2670 4845 2725 4899 in
2751 4844 3293 4909 dicendo'obseruare.

2192 4931 2289 4988 Est
2309 4940 2493 4988 autem
2525 4935 2762 5004 optimus
2801 4937 2993 4993 modus
3020 4939 3273 5007 dicendi,
3312 4942 3406 5012 qui
3438 4943 3504 4999 ﬁt
3534 4951 3595 4999 ut
3624 4944 3713 5016 qui

2121 5028 2292 5095 audit,
2324 5043 2512 5083 verum
2541 5030 2753 5096 audiat;
2793 5038 2987 5101 etquae
3013 5034 3185 5100 audit,
3213 5034 3511 5109 intelligat;
3549 5040 3714 5095 bono-

2119 5135 2349 5190 rumque
2399 5121 2735 5189 ingeniorum
2778 5120 3004 5193 insignis
3034 5133 3117 5180 est
3162 5125 3389 5193 indoles,
3437 5130 3495 5183 in
3534 5131 3713 5187 verbis

2117 5224 2305 5265 verum
2354 5225 2559 5277 amare,
2616 5226 2725 5266 non
2747 5214 2931 5269 verba.
2980 5213 3120 5282 Quid
3167 5217 3309 5273 enim
3358 5220 3579 5289 prodest
3606 5221 3713 5276 cla-

2116 5303 2200 5359 vis
2227 5318 2391 5359 aurea
2413 5345 2429 5372 ,
2463 5304 2509 5359 si
2538 5306 2751 5375 aperire
2779 5322 2900 5378 quae
2928 5310 3177 5367 volumus
3215 5327 3320 5367 non
3346 5314 3567 5382 potest?
3606 5314 3713 5371 Aut

2116 5394 2246 5466 quid
2272 5396 2425 5451 obest
2451 5395 2627 5468 lignea
2650 5437 2665 5463 ,
2708 5397 2753 5452 si
2788 5398 2891 5454 hoc
2917 5408 3130 5469 potest,
3164 5403 3379 5473 quando
3398 5403 3539 5458 nihil
3563 5419 3708 5475 quae-

2115 5487 2305 5554 rimus,
2345 5489 2450 5544 nisi
2488 5496 2549 5544 ut
2580 5498 2764 5560 pateat
2806 5493 2950 5560 quod
2991 5493 3233 5550 clausum
3259 5496 3381 5551 est?
3407 5495 3559 5554 Dixit
3583 5512 3708 5570 ergo

2113 5579 2334 5643 quidam
2385 5580 2664 5647 eloquens,
2715 5587 2770 5634 et
2816 5584 3197 5652 verumdixit,
3246 5587 3321 5642 ita
3357 5588 3557 5646 debere
3594 5590 3706 5647 elo-

2113 5675 2370 5736 quentem
2417 5668 2594 5739 loqui,
2638 5678 2698 5725 ut
2734 5672 2943 5739 doceat,
2987 5683 3049 5730 ut
3091 5676 3360 5746 delectet,
3412 5687 3472 5734 ut
3505 5678 3707 5739 ﬂectat.

2114 5754 2319 5811 Deinde
2372 5757 2614 5815 addidit:
2650 5759 2855 5817 Docere
2899 5767 3238 5823 necessitatis
3281 5778 3386 5836 est,
3438 5768 3707 5826 delectare

2114 5844 2400 5906 suavitatis
2423 5883 2440 5917 ,
2483 5857 2540 5904 et
2577 5848 2798 5908 ﬂectere
2839 5851 3102 5913 victorian.
3131 5854 3336 5917 Horum
3363 5856 3532 5915 trium
3559 5855 3704 5933 aut!
