3974 6464
263 429 383 491 409

1024 425 1114 484 DE
1152 421 1601 485 CLERICORUM
1634 417 2144 491 INS’I'ITU’PIONE,
2186 420 2338 480 ETC.
2381 408 2453 467 4
2488 422 2617 484 LIB.
2656 424 2745 484 III.

3428 432 3536 493 ιιο

259 551 437 622 primo
470 544 591 603 loco
617 543 855 618 positum
881 554 967 601 est
986 583 1003 609 ,
1034 543 1138 599 hoc
1166 550 1252 599 est
1271 542 1497 598 docendi
1526 542 1848 608 necessitas,
1876 540 1933 602 Α
1955 541 2237 598 minimum
2264 552 2366 611 est,
2403 546 2689 603 minimum
2715 555 2830 617 est;
2862 550 2960 607 sed
2984 547 3042 608 in
3067 548 3297 610 minimo
3321 551 3536 611 ﬁdelem

258 642 320 697 in
340 640 501 715 rem
520 645 607 695 est
635 637 929 694 constituta
946 651 1084 708 quas
1109 636 1369 701 dicimus;
1407 634 1615 705 reliqua
1634 635 1761 701 duo,
1792 635 1849 690 in

257 731 421 805 @9510
444 746 554 804 quo
581 729 831 786 dicimus.
863 727 1093 784 Prorsus
1124 729 1239 785 haec
1273 728 1346 784 sit
1381 728 1435 783 in
1462 728 1703 784 docendo
1735 726 1850 783 elo-

255 821 502 894 quentia,
550 835 660 877 non
696 828 759 875 ut
801 819 965 875 libeat
1002 819 1145 890 quod
1181 819 1458 886 horrebat,
1507 827 1603 873 aut
1645 827 1707 874 ut
1753 818 1849 875 ﬂat

255 914 400 985 quod
426 914 643 985 pigeat,
675 911 772 968 sed
801 918 862 967 ut
888 919 1146 984 appareat
1174 912 1318 983 quod
1364 911 1584 968 latebat.
1614 910 1772 979 Quod
1798 910 1849 967 si

253 1007 422 1061 etiam
447 1006 718 1062 delectare
743 1004 861 1061 vult
886 1020 1011 1061 eum
1040 1006 1126 1061 cui
1151 1005 1303 1071 dicit,
1330 1014 1425 1061 aut
1455 1004 1674 1062 ﬂectere
1692 1045 1707 1072 ,
1736 1020 1845 1062 non

251 1116 577 1173 quocunque
617 1092 778 1156 modo
826 1101 930 1157 hoc
976 1100 1190 1167 dixerit,
1232 1100 1430 1167 faciet;
1485 1101 1580 1157 sed
1620 1100 1847 1155 interest

251 1200 523 1270 quomodo
555 1199 729 1265 dicat,
760 1206 822 1254 ut
863 1197 1047 1253 faciat.
1077 1195 1231 1253 Sicut
1258 1205 1343 1253 est
1370 1204 1551 1253 autem
1576 1207 1634 1252 ut
1662 1205 1845 1253 tenea-

249 1302 338 1347 tur
371 1292 440 1346 ad
470 1291 795 1346 audiendum
842 1290 1189 1346 delectandus
1227 1290 1442 1345 auditor
1467 1331 1481 1356 ,
1522 1289 1595 1344 ita
1625 1288 1844 1345 ﬂecten-

246 1384 368 1448 dus,
412 1389 474 1437 ut
498 1389 781 1437 moveatur
819 1382 887 1437 ad
925 1382 1231 1452 agendum;
1274 1390 1329 1437 et
1366 1383 1506 1438 sicut
1541 1383 1843 1438 delectatur

244 1475 289 1526 si
317 1473 556 1529 suaviter
583 1473 825 1543 loquaris
847 1515 862 1540 ,
891 1474 965 1527 ita
993 1472 1227 1530 ﬂectitur
1256 1475 1301 1530 si
1332 1484 1476 1531 amet
1503 1475 1646 1547 quod
1677 1474 1839 1547 polli-

244 1566 409 1632 ceris,
442 1567 633 1622 timeat
655 1568 799 1638 quod
827 1566 1072 1634 minaris,
1100 1568 1279 1624 oderit
1298 1569 1441 1639 quod
1464 1570 1663 1640 arguis,
1695 1571 1840 1640 quod

242 1660 594 1715 commendas
622 1659 1011 1731 amplectatur,
1042 1661 1186 1730 quod
1225 1660 1511 1716 dolendum
1545 1676 1839 1733 exaggeras
1858 1702 1871 1713 κ

241 1750 439 1817 doleat,
483 1766 607 1807 cum
652 1752 781 1822 quid
824 1751 1127 1810 lzetandum'
1155 1752 1414 1823 praedicas
1453 1753 1701 1823 gaudeat,
1742 1754 1837 1808 mi-

239 1851 490 1899 sereatur
518 1858 706 1899 eorum
733 1859 867 1914 quos
888 1844 1226 1900 miserandos
1251 1852 1377 1899 ante
1404 1844 1590 1901 oculos
1610 1843 1837 1900 dicendo

1949 647 2092 703 esse,
2120 650 2375 707 magnum
2406 648 2506 695 est.

2491 729 2719 790 CAPUT
2744 733 2981 792 XXXIII.

1951 813 2177 882 Quando
2204 819 2462 903 submisso
2490 840 2699 894 genere,
2716 836 2776 903 et
2798 829 3010 903 quando
3039 835 3347 903 temperata,
3372 845 3537 903 quatt-

2363 893 2530 964 doque
2557 898 2747 967 grandi
2775 893 3028 956 utendum
3048 902 3136 955 sit.

2014 1000 2268 1059 Attamen
2294 1021 2419 1086 cum
2448 1008 2636 1065 doctor
2662 1011 2765 1068 iste
2791 1014 2985 1070 debeat
3010 1031 3194 1073 rerum
3211 1016 3388 1074 dictor
3413 1029 3537 1073 esse

1945 1110 2263 1167 magnarum
2282 1140 2298 1165 ,
2332 1116 2441 1157 non
2481 1118 2693 1176 semper
2712 1122 2805 1163 eas
2835 1109 2994 1165 debet
3022 1111 3299 1183 granditer
3330 1111 3532 1177 dicere,

1944 1191 2040 1245 sed
2070 1194 2359 1261 submisse,
2391 1211 2513 1251 cum
2543 1200 2745 1270 aliquid
2769 1203 3024 1271 docetur;
3050 1214 3534 1277 temperate,‘cum

1944 1282 2148 1355 aliquid
2175 1287 2511 1359 vituperatur
2545 1293 2659 1347 sive
2702 1293 2971 1351 laudatur.
3018 1296 3156 1353 Cum
3180 1312 3311 1353 vero
3332 1297 3535 1368 aliquid

1944 1379 2209 1449 agendum
2238 1390 2322 1437 est
2342 1424 2356 1448 ,
2388 1391 2443 1439 et
2469 1386 2536 1440 ad
2566 1401 2660 1442 eos
2686 1388 2959 1458 loquimur
2979 1390 3072 1461 qui
3110 1390 3215 1445 hoc
3249 1405 3412 1461 agere
3442 1390 3532 1444 de-

1942 1469 2092 1537 bent,
2120 1487 2219 1528 nec
2240 1480 2420 1530 tamen
2450 1475 2656 1544 volunt,
2679 1487 2808 1535 tunc
2826 1495 2890 1535 ea
2911 1496 3033 1551 quae
3052 1496 3249 1553 magna
3275 1487 3421 1545 sunt,
3454 1479 3533 1533 di-

1942 1564 2114 1617 cenda
2144 1572 2270 1619 sunt
2292 1567 2570 1636 granditer
2590 1610 2605 1635 ,
2646 1577 2703 1625 et
2739 1571 2807 1626 ad
2845 1570 3136 1628 ﬂectendos
3167 1573 3377 1627 animos
3405 1586 3530 1625 con-

1940 1662 2215 1724 gruenter.
2251 1655 2318 1711 Et
2341 1657 2631 1728 aliquando
2660 1661 2727 1716 de
2770 1678 2875 1719 una
2917 1665 3217 1733 eademque
3249 1678 3306 1718 re
3336 1676 3534 1732 magna

1941 1754 1995 1799 et
2027 1746 2292 1802 submisse
2320 1747 2540 1817 dicitur,
2564 1750 2610 1805 si
2632 1753 2893 1821 docetur;
2924 1761 2979 1810 et
3005 1762 3300 1824 temperate
3327 1754 3372 1809 si
3397 1766 3531 1824 prae-

1941 1836 2153 1891 dicatur
2173 1845 2279 1904 ;'et
2311 1841 2588 1910 granditer
2613 1843 2657 1898 si
2682 1858 2903 1901 aversus
2934 1845 3059 1900 inde
3081 1845 3293 1899 animus
3321 1852 3383 1899 ut
3404 1858 3529 1899 eon-

239 1937 547 2003 consmuis,
582 1935 749 2009 fugiat
775 1952 871 1993 eos
891 1953 1029 2009 quos
1053 1936 1326 1993 cavendas
1350 1937 1604 1993 terrendo
1628 1950 1836 2007 μετεβο-
1862 1935 1911 1995 B
1938 1935 2183 1982 vertatur
2206 1928 2516 1999 impellitur.
2549 1931 2689 2000 Quid
2730 1935 2875 1989 enim
2919 1936 3029 1991 Deo
3058 1936 3175 2006 ipso
3208 1934 3382 2005 majus
3405 1932 3533 1989 est?

237 2030 355 2094 nis;
387 2040 442 2085 et
472 2030 729 2101 quidquid
764 2030 908 2086 aliud
933 2031 1130 2102 'grandi
1172 2029 1482 2101 eloquentia
1508 2028 1624 2085 ﬁeri
1656 2037 1832 2099 potest

236 2121 307 2176 ad
335 2123 748 2182 commovendos
784 2123 992 2178 animos
1016 2122 1323 2177 auditorum
1340 2124 1490 2188 ,ἠοιι
1521 2122 1650 2191 quid
1669 2137 1834 2193 agen-

234 2214 365 2269 dum
398 2216 470 2271 sit
494 2225 553 2271 ut
578 2217 774 2282 sciant,
809 2218 903 2272 sed
933 2225 992 2270 ut
1014 2227 1178 2288 agant
1198 2230 1317 2287 quae
1338 2216 1544 2285 agenda
1582 2231 1703 2271 esse
1717 2214 1831 2285 jam

233 2306 434 2363 sciunt.
499 2307 726 2380 Oportet
780 2326 910 2382 ergo
964 2310 1304 2382 eloquentem
1357 2310 1784 2366 ecclesiasticum
1813 2350 1829 2377 ,

232 2401 453 2471 quando
481 2402 673 2457 suadet
701 2402 906 2474 aliquid
926 2404 1069 2473 quod
1092 2403 1359 2475 agendum
1382 2412 1485 2467 est,
1518 2418 1627 2459 non
1655 2403 1831 2459 solum

229 2491 429 2549 docere
472 2502 532 2549 ut
580 2494 838 2562 instruat,
892 2505 946 2551 et
983 2496 1251 2553 delectare
1285 2506 1344 2553 ut
1385 2497 1590 2565 veniat,
1637 2511 1829 2553 verum

230 2586 399 2641 etiam
426 2585 644 2644 ﬂectere
668 2596 728 2643 ut
758 2590 960 2646 vincat.

794 2724 1021 2782 CAPUT
1051 2726 1269 2782 XXXII.

226 2831 305 2888 De
350 2832 548 2904 triplici
585 2850 789 2909 genere
829 2835 1131 2909 locutionis,
1182 2839 1326 2909 quod
1365 2838 1594 2896 Romani
1644 2841 1830 2897 doctor

742 2906 932 2980 eloquii
961 2909 1036 2962 ita
1062 2906 1323 2965 distinxit.

290 3037 376 3093 Ad
401 3039 519 3096 haec
559 3043 706 3098 enim
735 3042 840 3099 tria
864 3084 881 3112 ,
911 3043 965 3100 id
989 3053 1103 3109 est,
1134 3055 1196 3102 ut
1226 3048 1446 3116 doceat,
1478 3056 1538 3103 ut
1573 3048 1826 3117 delectet,

221 3134 281 3182 nt
299 3126 515 3195 ﬂectet,
562 3132 728 3189 etiam
756 3133 843 3190 illa
878 3135 980 3190 tria
1019 3136 1231 3193 videtur
1278 3140 1553 3210 pertinere
1591 3140 1829 3196 voluisse

222 3217 365 3274 idem
400 3221 515 3290 ipse
544 3222 777 3279 Romani
809 3234 998 3281 auctor
1020 3226 1240 3298 eloquii,
1269 3245 1395 3285 cum
1422 3230 1609 3286 itidem
1640 3232 1773 3287 dicit
1807 3250 1821 3286 :

1933 2019 2186 2092 Nunquid
2225 2022 2349 2077 ideo
2393 2040 2498 2079 non
2540 2025 2769 2081 dicitur?
2796 2027 2904 2082 Aut
2940 2027 3033 2098 qui
3070 2028 3231 2083 docet
3270 2026 3530 2080 unitatem

1935 2111 2233 2177 Trinitatis,
2278 2115 2438 2171 debet
2485 2118 2589 2172 nisi
2633 2120 2903 2175 submissa
2946 2121 3312 2192 disputatione
3350 2132 3528 2190 agere,

1932 2214 1994 2262 ut
2040 2222 2128 2263 res
2176 2210 2243 2264 ad
2285 2208 2710 2281 dignoscendum
2750 2213 3001 2278 dillicilis,
3050 2222 3312 2284 quantum
3351 2213 3532 2277 datur.

1930 2303 2102 2372 possit
2129 2303 2395 2375 intelligi?
2446 2304 2698 2377 Nunquid
2728 2308 2818 2363 hic
2856 2318 3178 2364 ornamenta
3209 2315 3265 2363 et
3292 2320 3402 2363 non
3438 2304 3537 2359 do-

1932 2404 2188 2451 cumenta
2236 2398 2584 2467 quaaruntur?
2630 2397 2882 2471 Nunquid
2927 2408 2986 2454 ut
3022 2399 3227 2471 aliquid
3279 2405 3405 2469 agat
3448 2402 3534 2451 est

1930 2485 2230 2545 ﬂectendus
2266 2490 2482 2546 auditor
2504 2532 2517 2555 ,
2551 2499 2606 2547 et
2634 2507 2742 2547 non
2768 2501 2829 2547 ut
2855 2492 3031 2548 discat
3050 2493 3229 2563 potius
3257 2492 3533 2546 instruen-

1931 2578 2066 2635 dus?
2090 2579 2261 2637 Porro
2281 2597 2406 2638 cum
2429 2582 2680 2639 laudatur
2717 2582 2862 2640 Deus
2887 2585 3001 2640 sive
3033 2584 3099 2639 de
3132 2583 3249 2653 ipso
3271 2623 3288 2649 ,
3324 2581 3438 2637 sive
3467 2579 3536 2636 de

1930 2670 2186 2740 Operibus
2228 2675 2363 2740 suis,
2418 2686 2623 2747 quanta
2665 2674 2833 2732 facies
2864 2676 3102 2747 pulchrae
3142 2690 3207 2731 ac
3244 2671 3537 2746 splendida:

1929 2760 2183 2819 dictionis
2219 2743 2500 2822 suboritur
2527 2768 2578 2823 ei
2598 2743 2696 2839 qui
2724 2743 2905 2838 potest
2932 2776 3194 2838 quantum
3215 2743 3393 2837 potest
3419 2763 3535 2817 lau-

1930 2854 2080 2922 dare,
2111 2870 2275 2926 quem
2317 2871 2476 2913 nemo
2519 2858 3119 2924 convenienterJaudat
3144 2897 3159 2922 ,
3204 2869 3367 2910 nemo
3395 2866 3531 2922 quo-

1931 2948 2306 3017 modocunque
2342 2947 2556 3004 laudat!
2587 2949 2727 3005 At°si
2749 2966 2858 3006 non
2898 2949 3129 3015 colatur,
3172 2955 3267 3003 aut
3291 2959 3413 3000 cum
3440 2942 3532 2997 illo
3570 3020 3575 3025 ι

1929 3039 2015 3094 vel
2066 3041 2232 3096 etiam
2279 3056 2381 3111 pro
2411 3041 2503 3098 illo
2533 3043 2785 3099 colantur
2837 3043 3002 3109 idola,
3055 3044 3169 3099 sive
3232 3038 3529 3104 demonia,

1930 3137 2044 3192 sive
2080 3152 2418 3209 quaecunque
2444 3147 2717 3207 creatura,
2751 3147 3018 3209 quantum
3058 3139 3163 3194 hoc
3198 3134 3404 3195 malum
3438 3132 3528 3195 sit,

1930 3234 2094 3297 atque
2122 3237 2182 3282 ut
2205 3229 2273 3284 ab
2316 3229 2421 3285 hoc
2457 3238 2771 3286 avertantur
2816 3229 3105 3296 homines,
3140 3227 3304 3284 debet
3344 3224 3532 3294 utique

220 3306 269 3362 Is
295 3310 411 3364 erit
440 3312 605 3382 igitur
645 3313 928 3386 eloquens,
961 3318 1053 3388 qui
1095 3320 1295 3389 poterit
1337 3335 1503 3391 parva
1531 3324 1823 3391 submisse,
1852 3305 1900 3370 C
1931 3321 2210 3393 granditer
2231 3322 2358 3378 dici.

221 3400 439 3457 modica
481 3413 780 3475 temperate
804 3448 820 3475 ,
862 3423 1059 3479 magna
1106 3411 1386 3481 granditer
1428 3413 1608 3470 dicere
1656 3434 1669 3469 :
1710 3425 1827 3470 tan-

220 3506 386 3562 quam
438 3494 485 3549 si
522 3496 744 3553 adderet
781 3498 873 3553 illa
914 3500 1080 3556 etiam
1124 3501 1250 3567 tria,
1300 3510 1358 3557 et
1407 3504 1487 3559 sic
1528 3506 1826 3576 explicaret

218 3599 385 3639 unam
420 3588 778 3659 eamdemque
825 3592 1149 3646 sententiam
1183 3593 1370 3651 dicens
1416 3614 1430 3650 :
1467 3597 1516 3652 ls
1559 3599 1664 3653 erit
1695 3614 1826 3672 ergo

219 3675 506 3746 eloquens,
537 3680 630 3747 qui
657 3687 715 3735 ut
742 3680 971 3749 doceat,
1007 3686 1208 3754 poterit
1227 3703 1393 3758 parva
1422 3693 1729 3762 submisse;
1764 3704 1825 3751 ιιι

216 3768 488 3834 delectet,
524 3771 736 3827 modica
766 3781 1065 3845 temperate
1097 3795 1111 3831 :
1138 3788 1198 3833 ut
1222 3778 1426 3848 ﬂectat,
1457 3798 1651 3855 magna
1678 3784 1826 3841 dice-

219 3876 276 3917 re
303 3861 608 3930 granditer.
637 3863 764 3922 Haec
805 3877 983 3923 autem
1013 3870 1115 3925 tria
1142 3873 1211 3926 ab
1236 3888 1303 3928 eo
1330 3874 1473 3932 dicta
1499 3915 1515 3941 ,
1552 3876 1610 3930 in
1644 3877 1826 3934 causis

218 3951 529 4010 forensibus
549 3965 777 4025 possunt
795 3961 1008 4015 ostendi
1033 3977 1047 4027 ;
1079 3977 1187 4017 non
1211 3971 1391 4019 autem
1414 3966 1504 4021 hic
1520 4006 1535 4031 ,
1569 3966 1672 4023 hoc
1699 3975 1784 4023 est
1804 4008 1822 4035 ,

220 4042 274 4098 in
298 4042 688 4102 ecclesiasticis
707 4050 1122 4118 quaestionibus,
1156 4053 1209 4108 in
1238 4054 1436 4125 quibus
1459 4056 1639 4127 hujus,
1660 4073 1825 4127 quem

219 4136 471 4193 volumus
493 4138 787 4197 informare
809 4183 825 4209 ,
855 4158 1036 4201 sermo
1064 4155 1333 4201 versatur.
1361 4147 1418 4203 In
1444 4148 1551 4205 illis
1582 4136 1730 4204 enim
1758 4165 1825 4205 ea

223 4243 395 4298 parva
416 4228 689 4297 dicuntur,
714 4232 807 4287 ubi
837 4234 903 4289 de
935 4237 1096 4291 rebus
1119 4237 1449 4307 pecuniariis
1469 4237 1824 4308 iudicandum

224 4327 339 4386 est;
391 4332 456 4374 ea
491 4335 702 4392 magna,
743 4322 836 4379 ubi
875 4325 943 4380 de
978 4326 1150 4381 salute
1185 4342 1250 4382 ac
1296 4330 1473 4398 capite
1511 4330 1817 4393 hominum;

225 4424 287 4463 ea
314 4423 449 4465 vero
481 4412 571 4466 ubi
612 4412 745 4467 nihil
768 4413 1120 4485 iudicandum
1158 4425 1249 4472 es:
1281 4416 1525 4487 nihilque
1564 4419 1740 4489 agitur
1766 4428 1824 4474 ut

226 4503 475 4572 agatsive
495 4504 788 4570 discernat,
818 4508 912 4562 sed
935 4509 1309 4565 tantummodo
1324 4518 1383 4565 ut
1404 4510 1707 4567 delectetur
1730 4528 1825 4567 au-

226 4594 388 4660 ditor,
420 4594 561 4650 inter
588 4604 878 4669 utrumque
908 4599 1064 4669 quasi
1093 4600 1303 4665 media,
1337 4610 1393 4657 et
1420 4602 1492 4657 ob
1516 4604 1622 4659 hoc
1650 4604 1825 4659 modi-

226 4701 285 4742 ca
305 4727 322 4754 ,
361 4686 469 4743 hoc
514 4695 599 4743 est
628 4689 907 4744 moderata
940 4692 1195 4747 dixerunt
1226 4711 1241 4747 :
1273 4694 1501 4751 modicis
1527 4696 1671 4750 enim
1709 4711 1825 4751 mo-

228 4778 306 4835 dis
360 4794 562 4836 nomen
634 4781 844 4851 posuit;
904 4797 1030 4837 nam
1092 4785 1304 4839 modica
1353 4800 1454 4855 pro
1499 4788 1682 4857 parvis
1728 4789 1823 4843 ab-

228 4872 395 4938 usive,
439 4887 548 4928 non
586 4874 807 4944 proprie
830 4874 1081 4931 dicimus.
1114 4876 1174 4931 ln
1209 4876 1329 4934 istis
1367 4886 1547 4934 autem
1580 4881 1780 4937 nostris
1807 4922 1822 4946 ,

229 4964 661 5035 quandoquidem
714 4967 917 5033 omnia,
960 4969 1200 5024 maxime
1242 4986 1364 5041 quae
1405 4971 1473 5026 de
1518 4972 1637 5027 loco
1666 4987 1826 5042 supc-

188 5054 371 5110 ‘riore
418 5054 648 5111 dicimus
698 5057 927 5127 populis,
976 5058 1045 5112 ad
1096 5059 1376 5115 hominum
1426 5062 1672 5129 salutem,
1724 5080 1826 5121 nec

233 5146 632 5216 temporariam,
688 5147 783 5202 sed
828 5155 1087 5203 aeternam
1132 5147 1341 5204 referre
1383 5151 1642 5208 debemus
1664 5194 1680 5219 ,
1732 5156 1824 5210 ubi

233 5240 391 5293 etiam
418 5238 691 5295 cavendus
734 5247 817 5294 est
855 5249 1092 5296 aeternus
1136 5242 1424 5309 interitus,
1470 5245 1654 5299 omnia
1698 5255 1825 5302 sunt

236 5346 422 5404 magna
448 5347 570 5402 quae
594 5332 854 5398 dicimus;
882 5348 1050 5403 usque
1079 5332 1234 5399 adeo,
1267 5341 1329 5389 ut
1349 5349 1451 5390 nec
1479 5336 1545 5391 de
1568 5336 1700 5407 ipsis
1727 5353 1826 5407 pe-

235 5424 488 5479 cuniariis
513 5425 675 5479 rebus
705 5425 789 5479 vel
818 5426 1163 5495 acquirendis
1188 5426 1271 5482 vel
1294 5428 1631 5496 amittendis,
1662 5445 1825 5500 parva

235 5516 403 5573 videri
430 5517 685 5584 debeant,
714 5532 836 5588 quae
857 5517 1047 5572 doctor
1074 5520 1479 5577 ecclesiasticus
1507 5522 1677 5590 dicit,
1711 5525 1828 5582 sive

236 5609 302 5662 sit
328 5610 417 5666 illa
438 5628 655 5684 magna,
689 5612 803 5668 sive
838 5627 1005 5682 parva
1036 5612 1284 5682 pecunia.
1311 5611 1495 5681 Neque
1519 5611 1663 5666 enim
1700 5628 1825 5683 par-

236 5716 300 5755 va
319 5714 401 5760 est
418 5703 648 5773 iustitia,
670 5720 832 5776 quam
854 5703 1095 5775 profecto
1123 5712 1179 5758 et
1197 5719 1362 5774 parva
1379 5705 1607 5775 pecunia
1637 5713 1823 5760 custo-

239 5792 353 5850 dire
381 5797 659 5864 debemus,
693 5798 908 5853 dicente
935 5796 1162 5852 Domino
1189 5811 1202 5849 :
1233 5795 1336 5860 Qui
1364 5796 1421 5849 in
1449 5797 1666 5850 minimo
1688 5796 1825 5865 ﬁde-

240 5882 304 5943 lis
324 5896 429 5957 ut,
455 5900 505 5946 et
533 5891 588 5948 in
607 5905 799 5965 magno
822 5889 993 5960 ﬁdelis
1024 5897 1098 5943 est
1127 5887 1298 5959 (Luc.
1329 5901 1417 5943 xv:
1439 5887 1480 5959 ).
1509 5889 1665 5956 Quod
1697 5901 1827 5960 ergo

2486 3414 2714 3472 CAPUT
2743 3413 2984 3469 XXXIV.

1953 3503 2214 3576 Exempla
2235 3504 2293 3559 in
2321 3505 2570 3575 Apostolo
2588 3545 2607 3575 ,
2628 3506 2693 3561 de
2715 3505 2984 3578 prazdictis
3010 3499 3285 3575 generibus
3310 3496 3497 3551 tribus.

1999 3596 2294 3654 Submissa:
2329 3597 2581 3654 dictionis
2609 3596 2915 3669 exemplum
2952 3602 3037 3651 est
3063 3592 3205 3664 apud
3226 3587 3530 3661 apostolum

1925 3688 2173 3753 Paulum,
2202 3697 2264 3744 nt
2300 3687 2515 3761 planius
2538 3686 2741 3758 aliquid
2769 3696 3212 3748 commemorem,
3241 3680 3334 3736 ubi
3355 3677 3433 3733 ait
3460 3673 3531 3730 ad

1924 3782 2146 3839 Galatas
2180 3802 2192 3836 :
2233 3782 2404 3837 Dicite
2432 3781 2594 3848 mihi,
2632 3780 2727 3835 sub
2763 3779 2873 3851 lege
2916 3777 3145 3833 volentes
3193 3789 3335 3840 esse,
3367 3769 3533 3839 legem

1927 3888 2031 3927 non
2077 3872 2313 3943 legistis?
2346 3871 2610 3942 Scriptum
2652 3878 2728 3925 est
2759 3869 2895 3924 enim
2921 3909 2937 3935 ,
2977 3866 3227 3939 quoniam
3260 3859 3531 3916 Abraham

1924 3963 2059 4017 duos
2106 3961 2246 4032 ﬁlios
2291 3963 2495 4029 habuit,
2544 3978 2708 4017 unum
2728 3960 2793 4015 de
2826 3957 3055 4024 ancilla,
3088 3965 3136 4011 et
3173 3969 3340 4008 unum
3369 3949 3434 4004 de
3460 3949 3528 4003 li-

1926 4054 2068 4110 bera.
2124 4053 2228 4109 Sed
2272 4055 2363 4126 qui
2385 4054 2451 4109 de
2480 4053 2716 4122 ancilla,
2770 4050 3057 4107 secundum
3112 4061 3323 4103 carnem
3370 4050 3529 4097 natus

1924 4156 2049 4213 est;
2106 4149 2197 4219 qui
2254 4157 2429 4203 autem
2498 4147 2562 4202 de
2613 4147 2778 4201 libera
2801 4186 2817 4213 ,
2865 4161 2957 4217 per
3006 4140 3460 4214 repromissionem
3506 4146 3529 4188 ε

1924 4255 2043 4309 qua:
2090 4247 2210 4293 sunt
2248 4255 2339 4310 per
2370 4237 2681 4310 allegoriam
2719 4238 2882 4293 dicta.
2916 4235 3048 4290 Hrec
3093 4233 3230 4288 enim
3276 4240 3397 4286 sunt
3421 4228 3526 4283 duo

1926 4337 2256 4395 testamenta,
2312 4338 2419 4384 etc.
2474 4326 2698 4400 (Galat.
2744 4327 2864 4397 ιν.)
2916 4326 3051 4380 Item
3098 4323 3188 4377 ubi
3238 4319 3530 4375 ratiocina-

1927 4431 2017 4477 tur
2039 4431 2095 4477 et
2116 4422 2248 4477 dicit
2280 4440 2293 4476 :
2330 4420 2566 4488 Fratres,
2609 4420 2896 4476 secundum
2924 4418 3190 4473 hominem
3229 4416 3369 4469 dico.
3419 4411 3526 4467 Ta-

1924 4532 2044 4570 men
2069 4516 2300 4571 hominis
2326 4515 2700 4585 conﬁrmatum
2725 4522 3092 4569 testamentum
3126 4525 3276 4564 nemo
3315 4507 3526 4561 irritum

1927 4606 2057 4676 facit
2091 4617 2183 4662 aut
2223 4607 2614 4678 superordinat.
2660 4605 2887 4659 Abraha:
2916 4603 3072 4657 dicta:
3128 4608 3249 4655 sunt
3296 4598 3526 4670 promis-

1851 4679 1905 4740 D
1931 4703 2103 4755 siones
2128 4711 2176 4754 et
2223 4700 2408 4754 semini
2438 4698 2574 4768 ejus.
2609 4694 2733 4749 Non
2761 4694 2909 4757 dicit,
2943 4692 3012 4746 Et
3042 4689 3347 4752 seminibus,
3371 4686 3526 4756 quasi

1931 4792 1989 4845 in
2013 4790 2213 4855 multis,
2252 4789 2342 4842 sed
2369 4798 2624 4857 tanquam
2668 4786 2725 4839 in
2754 4799 2880 4849 uno,
2913 4781 2982 4836 Et
3008 4780 3195 4835 semini
3219 4788 3307 4833 tuo
3333 4778 3424 4849 qui
3449 4784 3527 4831 est

1934 4880 2195 4935 Christus.
2228 4878 2344 4934 Hoc
2374 4888 2549 4933 autem
2569 4878 2708 4943 dico,
2757 4884 3124 4930 testamentum
3156 4871 3524 4941 conﬁrmatum

1934 4992 1965 5028 a
1990 4971 2124 5039 Deo,
2147 4981 2261 5043 post
2288 4970 2695 5043 quadringentos
2718 4979 2764 5023 et
2788 4967 3004 5039 triginta
3044 4981 3208 5019 annos
3248 4963 3389 5034 facta
3418 4961 3522 5027 (ex,

1933 5081 2039 5119 non
2067 5062 2300 5133 inﬁrmat
2329 5061 2398 5116 ad
2426 5060 2760 5116 evacuandas
2782 5058 3172 5131 promissiones.
3217 5053 3278 5111 Si
3300 5054 3437 5107 enim
3461 5068 3526 5107 ea:

1932 5156 2043 5226 lege
2065 5154 2366 5220 haereditas,
2385 5153 2504 5223 jam
2545 5169 2649 5207 non
2676 5168 2741 5205 ea:
2768 5148 3131 5221 promissione.
3179 5144 3403 5198 Abrahw
3428 5158 3525 5197 au-

1932 5258 2033 5304 tem
2062 5264 2155 5319 per
2177 5247 2630 5318 repromissionem
2652 5242 2864 5298 donavit
2898 5239 3157 5295 Deus.‘Et
3178 5237 3305 5309 quia
3330 5252 3523 5292 occur-

1934 5354 2054 5395 rere
2082 5347 2299 5410 poterat
2340 5336 2612 5393 audientis
2640 5333 2980 5406 cogitationi,
3009 5330 3079 5388 Ut
3118 5329 3247 5403 quid
3275 5345 3404 5401 ergo
3435 5330 3522 5384 lex

1933 5431 2058 5487 data
2082 5439 2185 5496 est,
2219 5431 2264 5485 si
2292 5445 2361 5485 ex
2388 5430 2477 5485 illa
2509 5444 2615 5483 non
2655 5435 2739 5483 est
2774 5424 3087 5480 hmreditas?
3112 5422 3230 5494 Ipse
3277 5422 3378 5477 sibi
3418 5423 3521 5476 hoc

1932 5526 2151 5595 objecit,
2189 5534 2353 5595 atque
2377 5524 2455 5579 ait
2487 5522 2635 5578 velut
2664 5520 3007 5591 interrogans
3038 5536 3050 5571 :
3079 5516 3220 5584 Quid
3248 5532 3371 5587 ergo
3400 5514 3541 5569 lex?-

1932 5617 2139 5670 Deinde
2188 5617 2509 5681 respondit:
2541 5612 2996 5681 Transgressionis
3047 5610 3219 5682 gratia
3254 5608 3521 5682 proposita

1932 5716 2031 5771 est,
2058 5704 2223 5759 donec
2249 5705 2442 5759 veniret
2468 5719 2663 5770 semen,
2688 5705 2773 5758 cui
2798 5706 3117 5776 promissum
3143 5714 3242 5769 est,
3265 5701 3520 5773 disposita

1929 5814 2025 5869 per
2066 5795 2281 5866 angelos
2307 5796 2364 5849 in
2389 5811 2554 5849 manu
2600 5795 2932 5864 mediatoris,
2982 5804 3090 5853 etc.
3121 5795 3363 5852 Pertinet
3388 5805 3518 5860 ergo

1934 5887 2000 5945 ad
2027 5888 2255 5945 docendi
2274 5902 2464 5944 curam
2498 5901 2606 5946 non
2636 5887 2822 5947 solum
2854 5889 3070 5960 aperire
3089 5887 3295 5951 clausa,
3333 5892 3389 5939 et
3413 5894 3516 5936 no-
