  <div class='ocr_page' id='page_1' title='image "/cluster/home/n/w/nwhite01/storage/ocr_20150623/107/hvd.32044015466832/211.png"; bbox 0 0 3974 6460; ppageno 0'>
   <div class='ocr_carea' id='block_1_1' title="bbox 558 283 599 302">
    <p class='ocr_par' dir='ltr' id='par_1_1' title="bbox 558 283 599 302">
     <span class='ocr_line' id='line_1_1' title="bbox 558 283 599 302; baseline 0 0"><span class='ocrx_word' id='word_1_1' title='bbox 558 283 599 302; x_wconf 79' lang='lat'>\</span> 
     </span>
    </p>
   </div>
   <div class='ocr_carea' id='block_1_2' title="bbox 454 388 565 464">
    <p class='ocr_par' dir='ltr' id='par_1_2' title="bbox 454 388 565 464">
     <span class='ocr_line' id='line_1_2' title="bbox 454 388 565 464; baseline -0.009 0"><span class='ocrx_word' id='word_1_2' title='bbox 454 388 565 464; x_wconf 65' lang='grc' dir='ltr'><strong>ικι</strong></span> 
     </span>
    </p>
   </div>
   <div class='ocr_carea' id='block_1_3' title="bbox 1108 391 2031 460">
    <p class='ocr_par' dir='ltr' id='par_1_3' title="bbox 1108 394 2031 460">
     <span class='ocr_line' id='line_1_3' title="bbox 1108 394 2031 460; baseline 0 -4"><span class='ocrx_word' id='word_1_3' title='bbox 1108 400 1171 457; x_wconf 85' lang='grc' dir='ltr'><strong>Β.</strong></span> <span class='ocrx_word' id='word_1_4' title='bbox 1210 397 1467 460; x_wconf 68' lang='grc' dir='ltr'><strong>ΒΔΒΑΕΙ</strong></span> <span class='ocrx_word' id='word_1_5' title='bbox 1501 396 1721 455; x_wconf 77' lang='lat' dir='ltr'><strong>MAURI</strong></span> <span class='ocrx_word' id='word_1_6' title='bbox 1753 394 2031 457; x_wconf 73' lang='lat' dir='ltr'><strong>ARCH‘IEI</strong></span> 
     </span>
    </p>
   </div>
   <div class='ocr_carea' id='block_1_4' title="bbox 2139 391 3039 460">
    <p class='ocr_par' dir='ltr' id='par_1_4' title="bbox 2139 394 3039 459">
     <span class='ocr_line' id='line_1_4' title="bbox 2139 394 3039 459; baseline -0.004 0"><span class='ocrx_word' id='word_1_7' title='bbox 2139 394 2424 459; x_wconf 70' lang='lat' dir='ltr'><strong>IOGBNT.</strong></span> <span class='ocrx_word' id='word_1_8' title='bbox 2465 394 2751 456; x_wconf 68' lang='lat' dir='ltr'><strong>OPERUI</strong></span> <span class='ocrx_word' id='word_1_9' title='bbox 2782 396 2968 457; x_wconf 74' lang='lat' dir='ltr'><strong>PARS</strong></span> <span class='ocrx_word' id='word_1_10' title='bbox 2997 399 3039 456; x_wconf 84' lang='grc' dir='ltr'><strong>Ι.</strong></span> 
     </span>
    </p>
   </div>
   <div class='ocr_carea' id='block_1_5' title="bbox 2941 289 2971 316">
    <p class='ocr_par' dir='ltr' id='par_1_5' title="bbox 2941 289 2971 316">
     <span class='ocr_line' id='line_1_5' title="bbox 2941 289 2971 316; baseline 0 0"><span class='ocrx_word' id='word_1_11' title='bbox 2941 289 2971 316; x_wconf 87' lang='lat'><strong><em>/</em></strong></span> 
     </span>
    </p>
   </div>
   <div class='ocr_carea' id='block_1_6' title="bbox 3621 399 3732 465">
    <p class='ocr_par' dir='ltr' id='par_1_6' title="bbox 3621 399 3732 465">
     <span class='ocr_line' id='line_1_6' title="bbox 3621 399 3732 465; baseline -0.018 -1"><span class='ocrx_word' id='word_1_12' title='bbox 3621 399 3732 465; x_wconf 65' lang='grc' dir='ltr'><strong>ιιι</strong></span> 
     </span>
    </p>
   </div>
   <div class='ocr_carea' id='block_1_7' title="bbox 452 509 3731 593">
    <p class='ocr_par' dir='ltr' id='par_1_7' title="bbox 452 509 3731 593">
     <span class='ocr_line' id='line_1_7' title="bbox 452 509 3731 593; baseline 0 -15"><span class='ocrx_word' id='word_1_13' title='bbox 452 523 553 582; x_wconf 73' lang='grc' dir='ltr'><strong>ὼ·</strong></span> <span class='ocrx_word' id='word_1_14' title='bbox 574 520 789 579; x_wconf 70' lang='lat' dir='ltr'><strong>solvero</strong></span> <span class='ocrx_word' id='word_1_15' title='bbox 814 518 1197 590; x_wconf 60' lang='lat' dir='ltr'><strong>quodnam,</strong></span> <span class='ocrx_word' id='word_1_16' title='bbox 1222 515 1318 574; x_wconf 79' lang='lat' dir='ltr'><strong>sed</strong></span> <span class='ocrx_word' id='word_1_17' title='bbox 1346 512 1530 572; x_wconf 71' lang='lat' dir='ltr'><strong>etiam</strong></span> <span class='ocrx_word' id='word_1_18' title='bbox 1542 515 1672 571; x_wconf 84' lang='lat' dir='ltr'><strong>dum</strong></span> <span class='ocrx_word' id='word_1_19' title='bbox 1696 516 1803 573; x_wconf 82' lang='lat' dir='ltr'><strong>hoc</strong></span> <span class='ocrx_word' id='word_1_20' title='bbox 1834 514 2037 586; x_wconf 86' lang='lat' dir='ltr'><strong>agitur,</strong></span> <span class='ocrx_word' id='word_1_21' title='bbox 2065 509 2120 579; x_wconf 67' lang='grc' dir='ltr'>Α</span> <span class='ocrx_word' id='word_1_22' title='bbox 2143 524 2283 570; x_wconf 85' lang='lat' dir='ltr'><strong>certa</strong></span> <span class='ocrx_word' id='word_1_23' title='bbox 2309 514 2367 569; x_wconf 85' lang='lat' dir='ltr'><strong>in</strong></span> <span class='ocrx_word' id='word_1_24' title='bbox 2386 514 2653 586; x_wconf 78' lang='lat' dir='ltr'><strong>adjutorio</strong></span> <span class='ocrx_word' id='word_1_25' title='bbox 2678 513 2778 570; x_wconf 87' lang='lat' dir='ltr'><strong>Dei</strong></span> <span class='ocrx_word' id='word_1_26' title='bbox 2805 515 2984 583; x_wconf 73' lang='lat' dir='ltr'><strong>(Rom.</strong></span> <span class='ocrx_word' id='word_1_27' title='bbox 3008 516 3152 589; x_wconf 83' lang='lat' dir='ltr'><strong>vm).</strong></span> <span class='ocrx_word' id='word_1_28' title='bbox 3169 516 3265 574; x_wconf 78' lang='lat' dir='ltr'><strong>Ait</strong></span> <span class='ocrx_word' id='word_1_29' title='bbox 3279 525 3544 579; x_wconf 77' lang='lat' dir='ltr'><strong>autemet</strong></span> <span class='ocrx_word' id='word_1_30' title='bbox 3562 535 3731 593; x_wconf 78' lang='lat' dir='ltr'><strong>gran-</strong></span> 
     </span>
    </p>
   </div>
   <div class='ocr_carea' id='block_1_8' title="bbox 455 609 2037 686">
    <p class='ocr_par' dir='ltr' id='par_1_8' title="bbox 455 609 2037 686">
     <span class='ocr_line' id='line_1_8' title="bbox 455 609 2037 686; baseline -0.007 -10"><span class='ocrx_word' id='word_1_31' title='bbox 455 616 581 676; x_wconf 83' lang='lat' dir='ltr'><strong>aliis</strong></span> <span class='ocrx_word' id='word_1_32' title='bbox 623 614 1010 686; x_wconf 64' lang='lat' dir='ltr'><strong>quaestionibus</strong></span> <span class='ocrx_word' id='word_1_33' title='bbox 1067 627 1187 682; x_wconf 72' lang='lat' dir='ltr'><strong>quae</strong></span> <span class='ocrx_word' id='word_1_34' title='bbox 1234 610 1482 666; x_wconf 80' lang='lat' dir='ltr'><strong>fortassis</strong></span> <span class='ocrx_word' id='word_1_35' title='bbox 1516 610 1828 676; x_wconf 87' lang='lat' dir='ltr'><strong>inciderint,</strong></span> <span class='ocrx_word' id='word_1_36' title='bbox 1869 625 1940 666; x_wconf 84' lang='lat' dir='ltr'><strong>ne</strong></span> <span class='ocrx_word' id='word_1_37' title='bbox 1979 609 2037 665; x_wconf 88' lang='lat' dir='ltr'><strong>id</strong></span> 
     </span>
    </p>
   </div>
   <div class='ocr_carea' id='block_1_9' title="bbox 455 696 2036 783">
    <p class='ocr_par' dir='ltr' id='par_1_9' title="bbox 455 696 2036 783">
     <span class='ocr_line' id='line_1_9' title="bbox 455 696 2036 783; baseline -0.004 -17"><span class='ocrx_word' id='word_1_38' title='bbox 455 710 599 783; x_wconf 89' lang='lat' dir='ltr'><strong>quod</strong></span> <span class='ocrx_word' id='word_1_39' title='bbox 626 710 855 765; x_wconf 84' lang='lat' dir='ltr'><strong>dicimus</strong></span> <span class='ocrx_word' id='word_1_40' title='bbox 878 706 1211 778; x_wconf 77' lang='lat' dir='ltr'><strong>improbetur</strong></span> <span class='ocrx_word' id='word_1_41' title='bbox 1232 696 1334 776; x_wconf 81' lang='lat' dir='ltr'><strong>per</strong></span> <span class='ocrx_word' id='word_1_42' title='bbox 1362 705 1481 760; x_wconf 87' lang='lat' dir='ltr'><strong>illas</strong></span> <span class='ocrx_word' id='word_1_43' title='bbox 1503 713 1596 758; x_wconf 89' lang='lat' dir='ltr'><strong>aut</strong></span> <span class='ocrx_word' id='word_1_44' title='bbox 1620 704 1912 771; x_wconf 77' lang='lat' dir='ltr'><strong>refellatur,</strong></span> <span class='ocrx_word' id='word_1_45' title='bbox 1943 721 2036 761; x_wconf 91' lang='lat' dir='ltr'><strong>oc-</strong></span> 
     </span>
    </p>
   </div>
   <div class='ocr_carea' id='block_1_10' title="bbox 451 798 2037 871">
    <p class='ocr_par' dir='ltr' id='par_1_10' title="bbox 451 798 2037 871">
     <span class='ocr_line' id='line_1_10' title="bbox 451 798 2037 871; baseline -0.005 -10"><span class='ocrx_word' id='word_1_46' title='bbox 451 817 677 861; x_wconf 76' lang='lat' dir='ltr'><strong>currere</strong></span> <span class='ocrx_word' id='word_1_47' title='bbox 707 821 723 857; x_wconf 80' lang='grc' dir='ltr'><strong>ι</strong></span> <span class='ocrx_word' id='word_1_48' title='bbox 760 803 805 857; x_wconf 83' lang='lat' dir='ltr'><strong>Ii</strong></span> <span class='ocrx_word' id='word_1_49' title='bbox 835 808 1016 861; x_wconf 76' lang='lat' dir='ltr'><strong>tamen</strong></span> <span class='ocrx_word' id='word_1_50' title='bbox 1040 800 1157 871; x_wconf 85' lang='lat' dir='ltr'><strong>ipsa</strong></span> <span class='ocrx_word' id='word_1_51' title='bbox 1181 814 1368 855; x_wconf 90' lang='lat' dir='ltr'><strong>eorum</strong></span> <span class='ocrx_word' id='word_1_52' title='bbox 1394 798 1592 854; x_wconf 84' lang='lat' dir='ltr'><strong>solutio</strong></span> <span class='ocrx_word' id='word_1_53' title='bbox 1612 799 1818 868; x_wconf 89' lang='lat' dir='ltr'><strong>pariter</strong></span> <span class='ocrx_word' id='word_1_54' title='bbox 1838 814 2037 855; x_wconf 81' lang='lat' dir='ltr'><strong>occur-</strong></span> 
     </span>
    </p>
   </div>
   <div class='ocr_carea' id='block_1_11' title="bbox 454 891 2036 964">
    <p class='ocr_par' dir='ltr' id='par_1_11' title="bbox 454 891 2036 964">
     <span class='ocr_line' id='line_1_11' title="bbox 454 891 2036 964; baseline -0.002 -13"><span class='ocrx_word' id='word_1_55' title='bbox 454 896 607 961; x_wconf 87' lang='lat' dir='ltr'><strong>rerit,</strong></span> <span class='ocrx_word' id='word_1_56' title='bbox 639 910 708 949; x_wconf 89' lang='lat' dir='ltr'><strong>ne</strong></span> <span class='ocrx_word' id='word_1_57' title='bbox 733 906 1048 950; x_wconf 79' lang='lat' dir='ltr'><strong>moveamus</strong></span> <span class='ocrx_word' id='word_1_58' title='bbox 1072 893 1214 964; x_wconf 90' lang='lat' dir='ltr'><strong>quod</strong></span> <span class='ocrx_word' id='word_1_59' title='bbox 1241 891 1456 947; x_wconf 84' lang='lat' dir='ltr'><strong>auferre</strong></span> <span class='ocrx_word' id='word_1_60' title='bbox 1484 907 1591 945; x_wconf 89' lang='lat' dir='ltr'><strong>non</strong></span> <span class='ocrx_word' id='word_1_61' title='bbox 1617 907 1924 961; x_wconf 86' lang='lat' dir='ltr'><strong>possumus.</strong></span> <span class='ocrx_word' id='word_1_62' title='bbox 1949 893 2036 948; x_wconf 89' lang='lat' dir='ltr'><strong>Fit</strong></span> 
     </span>
    </p>
   </div>
   <div class='ocr_carea' id='block_1_12' title="bbox 451 984 2032 1055">
    <p class='ocr_par' dir='ltr' id='par_1_12' title="bbox 451 984 2032 1055">
     <span class='ocr_line' id='line_1_12' title="bbox 451 984 2032 1055; baseline -0.003 -12"><span class='ocrx_word' id='word_1_63' title='bbox 451 998 659 1054; x_wconf 79' lang='lat' dir='ltr'><strong>autem,</strong></span> <span class='ocrx_word' id='word_1_64' title='bbox 683 995 742 1043; x_wconf 89' lang='lat' dir='ltr'><strong>ut</strong></span> <span class='ocrx_word' id='word_1_65' title='bbox 762 1002 886 1044; x_wconf 87' lang='lat' dir='ltr'><strong>cum</strong></span> <span class='ocrx_word' id='word_1_66' title='bbox 910 986 1210 1043; x_wconf 79' lang='lat' dir='ltr'><strong>incidentes</strong></span> <span class='ocrx_word' id='word_1_67' title='bbox 1236 984 1522 1055; x_wconf 65' lang='lat' dir='ltr'><strong>quarstioni</strong></span> <span class='ocrx_word' id='word_1_68' title='bbox 1546 984 1665 1038; x_wconf 63' lang='lat' dir='ltr'><strong>alia;</strong></span> <span class='ocrx_word' id='word_1_69' title='bbox 1688 985 2032 1053; x_wconf 68' lang='lat' dir='ltr'><strong>quaestiones,</strong></span> 
     </span>
    </p>
   </div>
   <div class='ocr_carea' id='block_1_13' title="bbox 451 1077 2039 1148">
    <p class='ocr_par' dir='ltr' id='par_1_13' title="bbox 451 1077 2039 1148">
     <span class='ocr_line' id='line_1_13' title="bbox 451 1077 2039 1148; baseline -0.004 -9"><span class='ocrx_word' id='word_1_70' title='bbox 451 1089 506 1139; x_wconf 87' lang='lat' dir='ltr'><strong>et</strong></span> <span class='ocrx_word' id='word_1_71' title='bbox 529 1081 649 1136; x_wconf 72' lang='lat' dir='ltr'><strong>alia:</strong></span> <span class='ocrx_word' id='word_1_72' title='bbox 690 1094 882 1137; x_wconf 82' lang='lat' dir='ltr'><strong>rursus</strong></span> <span class='ocrx_word' id='word_1_73' title='bbox 909 1077 1271 1137; x_wconf 74' lang='lat' dir='ltr'><strong>incidentibus</strong></span> <span class='ocrx_word' id='word_1_74' title='bbox 1300 1077 1598 1132; x_wconf 78' lang='lat' dir='ltr'><strong>incidentes</strong></span> <span class='ocrx_word' id='word_1_75' title='bbox 1627 1085 2039 1148; x_wconf 84' lang='lat' dir='ltr'><strong>pertractantur</strong></span> 
     </span>
    </p>
   </div>
   <div class='ocr_carea' id='block_1_14' title="bbox 451 1170 2040 1244">
    <p class='ocr_par' dir='ltr' id='par_1_14' title="bbox 451 1170 2040 1244">
     <span class='ocr_line' id='line_1_14' title="bbox 451 1170 2040 1244; baseline -0.003 -15"><span class='ocrx_word' id='word_1_76' title='bbox 451 1184 617 1244; x_wconf 86' lang='lat' dir='ltr'><strong>atque</strong></span> <span class='ocrx_word' id='word_1_77' title='bbox 662 1173 967 1237; x_wconf 81' lang='lat' dir='ltr'><strong>solvuntur,</strong></span> <span class='ocrx_word' id='word_1_78' title='bbox 994 1172 1048 1227; x_wconf 91' lang='lat' dir='ltr'><strong>in</strong></span> <span class='ocrx_word' id='word_1_79' title='bbox 1085 1185 1208 1226; x_wconf 88' lang='lat' dir='ltr'><strong>eam</strong></span> <span class='ocrx_word' id='word_1_80' title='bbox 1236 1170 1626 1239; x_wconf 76' lang='lat' dir='ltr'><strong>longitudinem</strong></span> <span class='ocrx_word' id='word_1_81' title='bbox 1673 1171 2040 1226; x_wconf 81' lang='lat' dir='ltr'><strong>ratiocinatio-</strong></span> 
     </span>
    </p>
   </div>
   <div class='ocr_carea' id='block_1_15' title="bbox 449 1263 2038 1333">
    <p class='ocr_par' dir='ltr' id='par_1_15' title="bbox 449 1263 2038 1333">
     <span class='ocr_line' id='line_1_15' title="bbox 449 1263 2038 1333; baseline -0.003 -11"><span class='ocrx_word' id='word_1_82' title='bbox 449 1269 536 1322; x_wconf 94' lang='lat' dir='ltr'><strong>nis</strong></span> <span class='ocrx_word' id='word_1_83' title='bbox 555 1267 882 1323; x_wconf 79' lang='lat' dir='ltr'><strong>extendatur</strong></span> <span class='ocrx_word' id='word_1_84' title='bbox 921 1264 1168 1328; x_wconf 82' lang='lat' dir='ltr'><strong>intentio,</strong></span> <span class='ocrx_word' id='word_1_85' title='bbox 1207 1271 1269 1321; x_wconf 87' lang='lat' dir='ltr'><strong>ut</strong></span> <span class='ocrx_word' id='word_1_86' title='bbox 1300 1264 1405 1319; x_wconf 88' lang='lat' dir='ltr'><strong>nisi</strong></span> <span class='ocrx_word' id='word_1_87' title='bbox 1447 1263 1707 1319; x_wconf 86' lang='lat' dir='ltr'><strong>memoria</strong></span> <span class='ocrx_word' id='word_1_88' title='bbox 1746 1263 2038 1333; x_wconf 79' lang='lat' dir='ltr'><strong>plurimum</strong></span> 
     </span>
    </p>
   </div>
   <div class='ocr_carea' id='block_1_16' title="bbox 449 1356 2037 1429">
    <p class='ocr_par' dir='ltr' id='par_1_16' title="bbox 449 1356 2037 1429">
     <span class='ocr_line' id='line_1_16' title="bbox 449 1356 2037 1429; baseline -0.001 -16"><span class='ocrx_word' id='word_1_89' title='bbox 449 1362 628 1415; x_wconf 79' lang='lat' dir='ltr'><strong>valeat</strong></span> <span class='ocrx_word' id='word_1_90' title='bbox 667 1368 829 1429; x_wconf 85' lang='lat' dir='ltr'><strong>atque</strong></span> <span class='ocrx_word' id='word_1_91' title='bbox 856 1358 1056 1429; x_wconf 73' lang='lat' dir='ltr'><strong>vigeat,</strong></span> <span class='ocrx_word' id='word_1_92' title='bbox 1090 1357 1160 1413; x_wconf 88' lang='lat' dir='ltr'><strong>ad</strong></span> <span class='ocrx_word' id='word_1_93' title='bbox 1192 1365 1355 1427; x_wconf 85' lang='lat' dir='ltr'><strong>caput</strong></span> <span class='ocrx_word' id='word_1_94' title='bbox 1398 1356 1538 1411; x_wconf 88' lang='lat' dir='ltr'><strong>unde</strong></span> <span class='ocrx_word' id='word_1_95' title='bbox 1576 1357 1837 1426; x_wconf 76' lang='lat' dir='ltr'><strong>agebatur</strong></span> <span class='ocrx_word' id='word_1_96' title='bbox 1858 1356 2037 1426; x_wconf 82' lang='lat' dir='ltr'><strong>dispu-</strong></span> 
     </span>
    </p>
   </div>
   <div class='ocr_carea' id='block_1_17' title="bbox 453 1451 2040 1522">
    <p class='ocr_par' dir='ltr' id='par_1_17' title="bbox 453 1451 2040 1522">
     <span class='ocr_line' id='line_1_17' title="bbox 453 1451 2040 1522; baseline 0 -15"><span class='ocrx_word' id='word_1_97' title='bbox 453 1463 599 1507; x_wconf 89' lang='lat' dir='ltr'><strong>tator</strong></span> <span class='ocrx_word' id='word_1_98' title='bbox 647 1453 824 1509; x_wconf 87' lang='lat' dir='ltr'><strong>redire</strong></span> <span class='ocrx_word' id='word_1_99' title='bbox 872 1468 980 1508; x_wconf 86' lang='lat' dir='ltr'><strong>non</strong></span> <span class='ocrx_word' id='word_1_100' title='bbox 1010 1454 1202 1522; x_wconf 84' lang='lat' dir='ltr'><strong>possit.</strong></span> <span class='ocrx_word' id='word_1_101' title='bbox 1234 1451 1403 1507; x_wconf 81' lang='lat' dir='ltr'><strong>Valde</strong></span> <span class='ocrx_word' id='word_1_102' title='bbox 1427 1458 1607 1506; x_wconf 87' lang='lat' dir='ltr'><strong>autem</strong></span> <span class='ocrx_word' id='word_1_103' title='bbox 1632 1453 1831 1506; x_wconf 86' lang='lat' dir='ltr'><strong>bonum</strong></span> <span class='ocrx_word' id='word_1_104' title='bbox 1872 1460 1954 1507; x_wconf 89' lang='lat' dir='ltr'><strong>est</strong></span> <span class='ocrx_word' id='word_1_105' title='bbox 1980 1457 2040 1507; x_wconf 90' lang='lat' dir='ltr'><strong>ut</strong></span> 
     </span>
    </p>
   </div>
   <div class='ocr_carea' id='block_1_18' title="bbox 453 1541 2036 1614">
    <p class='ocr_par' dir='ltr' id='par_1_18' title="bbox 453 1541 2036 1614">
     <span class='ocr_line' id='line_1_18' title="bbox 453 1541 2036 1614; baseline 0 -17"><span class='ocrx_word' id='word_1_106' title='bbox 453 1544 714 1613; x_wconf 80' lang='lat' dir='ltr'><strong>quidquid</strong></span> <span class='ocrx_word' id='word_1_107' title='bbox 747 1544 1047 1600; x_wconf 82' lang='lat' dir='ltr'><strong>contradici</strong></span> <span class='ocrx_word' id='word_1_108' title='bbox 1080 1551 1277 1614; x_wconf 86' lang='lat' dir='ltr'><strong>potest,</strong></span> <span class='ocrx_word' id='word_1_109' title='bbox 1317 1543 1362 1597; x_wconf 93' lang='lat' dir='ltr'><strong>si</strong></span> <span class='ocrx_word' id='word_1_110' title='bbox 1387 1542 1706 1607; x_wconf 87' lang='lat' dir='ltr'><strong>occurrerit,</strong></span> <span class='ocrx_word' id='word_1_111' title='bbox 1743 1541 2036 1609; x_wconf 78' lang='lat' dir='ltr'><strong>refutetur;</strong></span> 
     </span>
    </p>
   </div>
   <div class='ocr_carea' id='block_1_19' title="bbox 451 1637 2041 1707">
    <p class='ocr_par' dir='ltr' id='par_1_19' title="bbox 451 1637 2041 1707">
     <span class='ocr_line' id='line_1_19' title="bbox 451 1637 2041 1707; baseline -0.001 -15"><span class='ocrx_word' id='word_1_112' title='bbox 451 1652 520 1692; x_wconf 89' lang='lat' dir='ltr'><strong>ne</strong></span> <span class='ocrx_word' id='word_1_113' title='bbox 572 1639 643 1692; x_wconf 91' lang='lat' dir='ltr'><strong>ibi</strong></span> <span class='ocrx_word' id='word_1_114' title='bbox 687 1648 939 1693; x_wconf 81' lang='lat' dir='ltr'><strong>occurrat</strong></span> <span class='ocrx_word' id='word_1_115' title='bbox 984 1638 1075 1693; x_wconf 89' lang='lat' dir='ltr'><strong>ubi</strong></span> <span class='ocrx_word' id='word_1_116' title='bbox 1124 1653 1230 1692; x_wconf 91' lang='lat' dir='ltr'><strong>non</strong></span> <span class='ocrx_word' id='word_1_117' title='bbox 1275 1645 1361 1693; x_wconf 89' lang='lat' dir='ltr'><strong>est</strong></span> <span class='ocrx_word' id='word_1_118' title='bbox 1411 1637 1499 1707; x_wconf 88' lang='lat' dir='ltr'><strong>qui</strong></span> <span class='ocrx_word' id='word_1_119' title='bbox 1536 1637 1888 1705; x_wconf 83' lang='lat' dir='ltr'><strong>respondeat;</strong></span> <span class='ocrx_word' id='word_1_120' title='bbox 1945 1643 2041 1691; x_wconf 85' lang='lat' dir='ltr'><strong>aut</strong></span> 
     </span>
    </p>
   </div>
   <div class='ocr_carea' id='block_1_20' title="bbox 451 1730 2039 1801">
    <p class='ocr_par' dir='ltr' id='par_1_20' title="bbox 451 1730 2039 1801">
     <span class='ocr_line' id='line_1_20' title="bbox 451 1730 2039 1801; baseline 0 -17"><span class='ocrx_word' id='word_1_121' title='bbox 451 1732 704 1801; x_wconf 82' lang='lat' dir='ltr'><strong>praesenti</strong></span> <span class='ocrx_word' id='word_1_122' title='bbox 736 1732 974 1800; x_wconf 86' lang='lat' dir='ltr'><strong>quidem,</strong></span> <span class='ocrx_word' id='word_1_123' title='bbox 1027 1733 1121 1787; x_wconf 87' lang='lat' dir='ltr'><strong>sed</strong></span> <span class='ocrx_word' id='word_1_124' title='bbox 1166 1730 1369 1787; x_wconf 84' lang='lat' dir='ltr'><strong>tacenti</strong></span> <span class='ocrx_word' id='word_1_125' title='bbox 1427 1738 1701 1796; x_wconf 85' lang='lat' dir='ltr'><strong>occurrat,</strong></span> <span class='ocrx_word' id='word_1_126' title='bbox 1758 1738 1816 1785; x_wconf 90' lang='lat' dir='ltr'><strong>et</strong></span> <span class='ocrx_word' id='word_1_127' title='bbox 1860 1730 2039 1784; x_wconf 88' lang='lat' dir='ltr'><strong>minus</strong></span> 
     </span>
    </p>
   </div>
   <div class='ocr_carea' id='block_1_21' title="bbox 449 1823 2039 1895">
    <p class='ocr_par' dir='ltr' id='par_1_21' title="bbox 449 1823 2039 1895">
     <span class='ocr_line' id='line_1_21' title="bbox 449 1823 2039 1895; baseline 0 -15"><span class='ocrx_word' id='word_1_128' title='bbox 449 1834 674 1880; x_wconf 80' lang='lat' dir='ltr'><strong>sanatus</strong></span> <span class='ocrx_word' id='word_1_129' title='bbox 721 1826 999 1881; x_wconf 82' lang='lat' dir='ltr'><strong>abscedat.</strong></span> <span class='ocrx_word' id='word_1_130' title='bbox 1045 1826 1105 1880; x_wconf 86' lang='lat' dir='ltr'><strong>In</strong></span> <span class='ocrx_word' id='word_1_131' title='bbox 1139 1827 1246 1881; x_wconf 87' lang='lat' dir='ltr'><strong>illis</strong></span> <span class='ocrx_word' id='word_1_132' title='bbox 1288 1833 1467 1881; x_wconf 78' lang='lat' dir='ltr'><strong>autem</strong></span> <span class='ocrx_word' id='word_1_133' title='bbox 1506 1825 1815 1895; x_wconf 85' lang='lat' dir='ltr'><strong>apostolicis</strong></span> <span class='ocrx_word' id='word_1_134' title='bbox 1859 1823 2039 1881; x_wconf 81' lang='lat' dir='ltr'><strong>verbis</strong></span> 
     </span>
    </p>
   </div>
   <div class='ocr_carea' id='block_1_22' title="bbox 2135 604 3730 681">
    <p class='ocr_par' dir='ltr' id='par_1_22' title="bbox 2135 604 3730 681">
     <span class='ocr_line' id='line_1_22' title="bbox 2135 604 3730 681; baseline 0.008 -22"><span class='ocrx_word' id='word_1_135' title='bbox 2135 605 2277 667; x_wconf 82' lang='lat' dir='ltr'><strong>diter</strong></span> <span class='ocrx_word' id='word_1_136' title='bbox 2305 613 2362 661; x_wconf 88' lang='lat' dir='ltr'><strong>et</strong></span> <span class='ocrx_word' id='word_1_137' title='bbox 2387 613 2578 661; x_wconf 83' lang='lat' dir='ltr'><strong>ornate</strong></span> <span class='ocrx_word' id='word_1_138' title='bbox 2606 624 2618 659; x_wconf 92' lang='lat'>:</span> <span class='ocrx_word' id='word_1_139' title='bbox 2650 604 2859 663; x_wconf 78' lang='lat' dir='ltr'><strong>Scimus</strong></span> <span class='ocrx_word' id='word_1_140' title='bbox 2886 608 3137 678; x_wconf 77' lang='lat' dir='ltr'><strong>quoniam</strong></span> <span class='ocrx_word' id='word_1_141' title='bbox 3169 608 3513 681; x_wconf 71' lang='lat' dir='ltr'><strong>diligentibus</strong></span> <span class='ocrx_word' id='word_1_142' title='bbox 3554 612 3730 671; x_wconf 71' lang='lat' dir='ltr'><strong>Bm</strong></span> 
     </span>
    </p>
   </div>
   <div class='ocr_carea' id='block_1_23' title="bbox 2132 698 3727 777">
    <p class='ocr_par' dir='ltr' id='par_1_23' title="bbox 2132 698 3727 777">
     <span class='ocr_line' id='line_1_23' title="bbox 2132 698 3727 777; baseline 0.004 -24"><span class='ocrx_word' id='word_1_143' title='bbox 2132 698 2311 755; x_wconf 81' lang='lat' dir='ltr'><strong>omnia</strong></span> <span class='ocrx_word' id='word_1_144' title='bbox 2330 707 2678 768; x_wconf 79' lang='lat' dir='ltr'><strong>cooperantur</strong></span> <span class='ocrx_word' id='word_1_145' title='bbox 2698 699 2756 753; x_wconf 88' lang='lat' dir='ltr'><strong>in</strong></span> <span class='ocrx_word' id='word_1_146' title='bbox 2797 698 2984 757; x_wconf 86' lang='lat' dir='ltr'><strong>bonum</strong></span> <span class='ocrx_word' id='word_1_147' title='bbox 3014 698 3096 754; x_wconf 84' lang='lat' dir='ltr'><strong>his</strong></span> <span class='ocrx_word' id='word_1_148' title='bbox 3107 700 3205 770; x_wconf 77' lang='lat' dir='ltr'><strong>qui</strong></span> <span class='ocrx_word' id='word_1_149' title='bbox 3221 703 3515 761; x_wconf 82' lang='lat' dir='ltr'><strong>secundum</strong></span> <span class='ocrx_word' id='word_1_150' title='bbox 3533 722 3727 777; x_wconf 78' lang='lat' dir='ltr'><strong>prapo-</strong></span> 
     </span>
    </p>
   </div>
   <div class='ocr_carea' id='block_1_24' title="bbox 2134 789 3725 867">
    <p class='ocr_par' dir='ltr' id='par_1_24' title="bbox 2134 789 3725 867">
     <span class='ocr_line' id='line_1_24' title="bbox 2134 789 3725 867; baseline 0.005 -24"><span class='ocrx_word' id='word_1_151' title='bbox 2134 789 2293 845; x_wconf 79' lang='lat' dir='ltr'><strong>situm</strong></span> <span class='ocrx_word' id='word_1_152' title='bbox 2318 790 2484 845; x_wconf 87' lang='lat' dir='ltr'><strong>vocati</strong></span> <span class='ocrx_word' id='word_1_153' title='bbox 2505 799 2625 844; x_wconf 87' lang='lat' dir='ltr'><strong>sunt</strong></span> <span class='ocrx_word' id='word_1_154' title='bbox 2648 790 2815 844; x_wconf 79' lang='lat' dir='ltr'><strong>sancti</strong></span> <span class='ocrx_word' id='word_1_155' title='bbox 2831 791 3116 861; x_wconf 80' lang='lat' dir='ltr'><strong>:quoniam</strong></span> <span class='ocrx_word' id='word_1_156' title='bbox 3138 808 3269 862; x_wconf 88' lang='lat' dir='ltr'><strong>quos</strong></span> <span class='ocrx_word' id='word_1_157' title='bbox 3291 803 3413 849; x_wconf 81' lang='lat' dir='ltr'><strong>ante</strong></span> <span class='ocrx_word' id='word_1_158' title='bbox 3435 797 3725 867; x_wconf 62' lang='lat' dir='ltr'><strong>precarii,</strong></span> 
     </span>
    </p>
   </div>
   <div class='ocr_carea' id='block_1_25' title="bbox 2135 882 3727 953">
    <p class='ocr_par' dir='ltr' id='par_1_25' title="bbox 2135 882 3727 953">
     <span class='ocr_line' id='line_1_25' title="bbox 2135 882 3727 953; baseline 0.003 -14"><span class='ocrx_word' id='word_1_159' title='bbox 2135 892 2183 939; x_wconf 81' lang='lat' dir='ltr'><strong>et</strong></span> <span class='ocrx_word' id='word_1_160' title='bbox 2212 882 2598 953; x_wconf 72' lang='lat' dir='ltr'><strong>prwdestinavit</strong></span> <span class='ocrx_word' id='word_1_161' title='bbox 2636 883 2925 952; x_wconf 77' lang='lat' dir='ltr'><strong>conformes</strong></span> <span class='ocrx_word' id='word_1_162' title='bbox 2957 883 3072 952; x_wconf 81' lang='lat' dir='ltr'><strong>ﬁeri</strong></span> <span class='ocrx_word' id='word_1_163' title='bbox 3099 883 3342 953; x_wconf 73' lang='lat' dir='ltr'><strong>imaginis</strong></span> <span class='ocrx_word' id='word_1_164' title='bbox 3372 883 3509 941; x_wconf 80' lang='lat' dir='ltr'><strong>Filii</strong></span> <span class='ocrx_word' id='word_1_165' title='bbox 3530 887 3643 951; x_wconf 83' lang='lat' dir='ltr'><strong>sui,</strong></span> <span class='ocrx_word' id='word_1_166' title='bbox 3673 898 3727 943; x_wconf 72' lang='lat' dir='ltr'><strong>ut</strong></span> 
     </span>
    </p>
   </div>
   <div class='ocr_carea' id='block_1_26' title="bbox 2135 973 3727 1046">
    <p class='ocr_par' dir='ltr' id='par_1_26' title="bbox 2135 973 3727 1046">
     <span class='ocr_line' id='line_1_26' title="bbox 2135 973 3727 1046; baseline 0.001 -15"><span class='ocrx_word' id='word_1_167' title='bbox 2135 975 2201 1037; x_wconf 73' lang='lat' dir='ltr'><strong>sit</strong></span> <span class='ocrx_word' id='word_1_168' title='bbox 2230 974 2338 1044; x_wconf 81' lang='lat' dir='ltr'><strong>ipse</strong></span> <span class='ocrx_word' id='word_1_169' title='bbox 2366 975 2740 1045; x_wconf 78' lang='lat' dir='ltr'><strong>primogenitae</strong></span> <span class='ocrx_word' id='word_1_170' title='bbox 2768 973 2827 1029; x_wconf 81' lang='lat' dir='ltr'><strong>in</strong></span> <span class='ocrx_word' id='word_1_171' title='bbox 2852 973 3030 1029; x_wconf 80' lang='lat' dir='ltr'><strong>multis</strong></span> <span class='ocrx_word' id='word_1_172' title='bbox 3054 973 3331 1045; x_wconf 72' lang='lat' dir='ltr'><strong>fratribus,</strong></span> <span class='ocrx_word' id='word_1_173' title='bbox 3358 983 3495 1043; x_wconf 84' lang='lat' dir='ltr'><strong>etc.;</strong></span> <span class='ocrx_word' id='word_1_174' title='bbox 3524 993 3650 1046; x_wconf 70' lang='lat' dir='ltr'><strong>qua:</strong></span> <span class='ocrx_word' id='word_1_175' title='bbox 3676 978 3727 1034; x_wconf 88' lang='lat' dir='ltr'><strong>in</strong></span> 
     </span>
    </p>
   </div>
   <div class='ocr_carea' id='block_1_27' title="bbox 2136 1066 2943 1139">
    <p class='ocr_par' dir='ltr' id='par_1_27' title="bbox 2136 1066 2943 1139">
     <span class='ocr_line' id='line_1_27' title="bbox 2136 1066 2943 1139; baseline 0 -16"><span class='ocrx_word' id='word_1_176' title='bbox 2136 1067 2327 1123; x_wconf 83' lang='lat' dir='ltr'><strong>eodem</strong></span> <span class='ocrx_word' id='word_1_177' title='bbox 2351 1066 2589 1139; x_wconf 86' lang='lat' dir='ltr'><strong>capitulo</strong></span> <span class='ocrx_word' id='word_1_178' title='bbox 2619 1074 2943 1137; x_wconf 87' lang='lat' dir='ltr'><strong>sequuntur.</strong></span> 
     </span>
    </p>
   </div>
   <div class='ocr_carea' id='block_1_28' title="bbox 2688 1182 3173 1239">
    <p class='ocr_par' dir='ltr' id='par_1_28' title="bbox 2688 1182 3173 1239">
     <span class='ocr_line' id='line_1_28' title="bbox 2688 1182 3173 1239; baseline 0.004 -3"><span class='ocrx_word' id='word_1_179' title='bbox 2688 1182 2918 1237; x_wconf 81' lang='lat' dir='ltr'><strong>CAPUT</strong></span> <span class='ocrx_word' id='word_1_180' title='bbox 2956 1182 3173 1239; x_wconf 75' lang='lat' dir='ltr'><strong>XXXV.</strong></span> 
     </span>
    </p>
   </div>
   <div class='ocr_carea' id='block_1_29' title="bbox 2140 1249 3729 1328">
    <p class='ocr_par' dir='ltr' id='par_1_29' title="bbox 2140 1249 3729 1328">
     <span class='ocr_line' id='line_1_29' title="bbox 2140 1249 3729 1328; baseline 0.002 -19"><span class='ocrx_word' id='word_1_181' title='bbox 2140 1249 2413 1318; x_wconf 84' lang='lat' dir='ltr'><strong>Quomodo</strong></span> <span class='ocrx_word' id='word_1_182' title='bbox 2437 1251 2653 1309; x_wconf 85' lang='lat' dir='ltr'><strong>debeant</strong></span> <span class='ocrx_word' id='word_1_183' title='bbox 2678 1254 2811 1308; x_wconf 82' lang='lat' dir='ltr'><strong>inter</strong></span> <span class='ocrx_word' id='word_1_184' title='bbox 2832 1271 2886 1308; x_wconf 83' lang='lat' dir='ltr'><strong>se</strong></span> <span class='ocrx_word' id='word_1_185' title='bbox 2910 1254 3020 1309; x_wconf 79' lang='lat' dir='ltr'><strong>hwc</strong></span> <span class='ocrx_word' id='word_1_186' title='bbox 3051 1257 3152 1309; x_wconf 86' lang='lat' dir='ltr'><strong>tria</strong></span> <span class='ocrx_word' id='word_1_187' title='bbox 3180 1271 3370 1326; x_wconf 86' lang='lat' dir='ltr'><strong>genera</strong></span> <span class='ocrx_word' id='word_1_188' title='bbox 3398 1258 3729 1328; x_wconf 73' lang='lat' dir='ltr'><strong>permisceri.</strong></span> 
     </span>
    </p>
   </div>
   <div class='ocr_carea' id='block_1_30' title="bbox 2208 1344 3733 1421">
    <p class='ocr_par' dir='ltr' id='par_1_30' title="bbox 2208 1344 3733 1421">
     <span class='ocr_line' id='line_1_30' title="bbox 2208 1344 3733 1421; baseline 0.002 -18"><span class='ocrx_word' id='word_1_189' title='bbox 2208 1344 2438 1403; x_wconf 82' lang='lat' dir='ltr'><strong>Interest</strong></span> <span class='ocrx_word' id='word_1_190' title='bbox 2466 1347 2610 1405; x_wconf 88' lang='lat' dir='ltr'><strong>enim</strong></span> <span class='ocrx_word' id='word_1_191' title='bbox 2642 1347 2783 1419; x_wconf 87' lang='lat' dir='ltr'><strong>quod</strong></span> <span class='ocrx_word' id='word_1_192' title='bbox 2815 1362 2985 1418; x_wconf 87' lang='lat' dir='ltr'><strong>genus</strong></span> <span class='ocrx_word' id='word_1_193' title='bbox 3011 1348 3097 1402; x_wconf 91' lang='lat' dir='ltr'><strong>cui</strong></span> <span class='ocrx_word' id='word_1_194' title='bbox 3125 1350 3307 1419; x_wconf 79' lang='lat' dir='ltr'><strong>generi</strong></span> <span class='ocrx_word' id='word_1_195' title='bbox 3351 1351 3733 1421; x_wconf 83' lang='lat' dir='ltr'><strong>interponatur</strong></span> 
     </span>
    </p>
   </div>
   <div class='ocr_carea' id='block_1_31' title="bbox 2137 1426 3733 1513">
    <p class='ocr_par' dir='ltr' id='par_1_31' title="bbox 2137 1426 3733 1513">
     <span class='ocr_line' id='line_1_31' title="bbox 2137 1426 3733 1513; baseline 0.003 -20"><span class='ocrx_word' id='word_1_196' title='bbox 2137 1438 2223 1493; x_wconf 89' lang='lat' dir='ltr'><strong>vel</strong></span> <span class='ocrx_word' id='word_1_197' title='bbox 2250 1426 2569 1495; x_wconf 82' lang='lat' dir='ltr'><strong>adhibeatur</strong></span> <span class='ocrx_word' id='word_1_198' title='bbox 2589 1440 2754 1497; x_wconf 79' lang='lat' dir='ltr'><strong>certis</strong></span> <span class='ocrx_word' id='word_1_199' title='bbox 2775 1449 2831 1495; x_wconf 90' lang='lat' dir='ltr'><strong>et</strong></span> <span class='ocrx_word' id='word_1_200' title='bbox 2854 1442 3180 1497; x_wconf 83' lang='lat' dir='ltr'><strong>necessariis</strong></span> <span class='ocrx_word' id='word_1_201' title='bbox 3210 1441 3363 1499; x_wconf 88' lang='lat' dir='ltr'><strong>locis.</strong></span> <span class='ocrx_word' id='word_1_202' title='bbox 3401 1442 3539 1499; x_wconf 78' lang='lat' dir='ltr'><strong>Nam</strong></span> <span class='ocrx_word' id='word_1_203' title='bbox 3563 1458 3733 1513; x_wconf 86' lang='lat' dir='ltr'><strong>quan-</strong></span> 
     </span>
    </p>
   </div>
   <div class='ocr_carea' id='block_1_32' title="bbox 2139 1529 3733 1602">
    <p class='ocr_par' dir='ltr' id='par_1_32' title="bbox 2139 1529 3733 1602">
     <span class='ocr_line' id='line_1_32' title="bbox 2139 1529 3733 1602; baseline 0.004 -17"><span class='ocrx_word' id='word_1_204' title='bbox 2139 1529 2207 1585; x_wconf 91' lang='lat' dir='ltr'><strong>do</strong></span> <span class='ocrx_word' id='word_1_205' title='bbox 2230 1531 2441 1600; x_wconf 77' lang='lat' dir='ltr'><strong>prolixa</strong></span> <span class='ocrx_word' id='word_1_206' title='bbox 2469 1531 2630 1587; x_wconf 89' lang='lat' dir='ltr'><strong>estin</strong></span> <span class='ocrx_word' id='word_1_207' title='bbox 2656 1548 2763 1587; x_wconf 89' lang='lat' dir='ltr'><strong>uno</strong></span> <span class='ocrx_word' id='word_1_208' title='bbox 2798 1548 3019 1602; x_wconf 88' lang='lat' dir='ltr'><strong>genere,</strong></span> <span class='ocrx_word' id='word_1_209' title='bbox 3047 1534 3223 1591; x_wconf 91' lang='lat' dir='ltr'><strong>minus</strong></span> <span class='ocrx_word' id='word_1_210' title='bbox 3263 1534 3475 1591; x_wconf 87' lang='lat' dir='ltr'><strong>detinet</strong></span> <span class='ocrx_word' id='word_1_211' title='bbox 3520 1536 3733 1591; x_wconf 74' lang='lat' dir='ltr'><strong>audito-</strong></span> 
     </span>
    </p>
   </div>
   <div class='ocr_carea' id='block_1_33' title="bbox 2140 1623 3730 1692">
    <p class='ocr_par' dir='ltr' id='par_1_33' title="bbox 2140 1623 3730 1692">
     <span class='ocr_line' id='line_1_33' title="bbox 2140 1623 3730 1692; baseline 0 -9"><span class='ocrx_word' id='word_1_212' title='bbox 2140 1640 2276 1683; x_wconf 80' lang='lat' dir='ltr'><strong>rem.</strong></span> <span class='ocrx_word' id='word_1_213' title='bbox 2310 1623 2443 1681; x_wconf 87' lang='lat' dir='ltr'><strong>Cum</strong></span> <span class='ocrx_word' id='word_1_214' title='bbox 2472 1632 2601 1683; x_wconf 68' lang='lat' dir='ltr'><strong>Vero</strong></span> <span class='ocrx_word' id='word_1_215' title='bbox 2646 1624 2708 1682; x_wconf 85' lang='lat' dir='ltr'><strong>lit</strong></span> <span class='ocrx_word' id='word_1_216' title='bbox 2735 1626 2790 1680; x_wconf 91' lang='lat' dir='ltr'><strong>in</strong></span> <span class='ocrx_word' id='word_1_217' title='bbox 2821 1626 2964 1683; x_wconf 88' lang='lat' dir='ltr'><strong>aliud</strong></span> <span class='ocrx_word' id='word_1_218' title='bbox 2993 1626 3061 1681; x_wconf 84' lang='lat' dir='ltr'><strong>ab</strong></span> <span class='ocrx_word' id='word_1_219' title='bbox 3100 1626 3205 1682; x_wconf 88' lang='lat' dir='ltr'><strong>alio</strong></span> <span class='ocrx_word' id='word_1_220' title='bbox 3233 1627 3526 1692; x_wconf 89' lang='lat' dir='ltr'><strong>transitus,</strong></span> <span class='ocrx_word' id='word_1_221' title='bbox 3566 1628 3730 1683; x_wconf 87' lang='lat' dir='ltr'><strong>etiam</strong></span> 
     </span>
    </p>
   </div>
   <div class='ocr_carea' id='block_1_34' title="bbox 2141 1718 3729 1792">
    <p class='ocr_par' dir='ltr' id='par_1_34' title="bbox 2141 1718 3729 1792">
     <span class='ocr_line' id='line_1_34' title="bbox 2141 1718 3729 1792; baseline 0.002 -18"><span class='ocrx_word' id='word_1_222' title='bbox 2141 1719 2185 1775; x_wconf 90' lang='lat' dir='ltr'><strong>si</strong></span> <span class='ocrx_word' id='word_1_223' title='bbox 2210 1718 2419 1790; x_wconf 78' lang='lat' dir='ltr'><strong>longius</strong></span> <span class='ocrx_word' id='word_1_224' title='bbox 2442 1728 2609 1785; x_wconf 87' lang='lat' dir='ltr'><strong>erret,</strong></span> <span class='ocrx_word' id='word_1_225' title='bbox 2639 1721 2919 1779; x_wconf 84' lang='lat' dir='ltr'><strong>decentius</strong></span> <span class='ocrx_word' id='word_1_226' title='bbox 2945 1722 3188 1792; x_wconf 85' lang='lat' dir='ltr'><strong>procedit</strong></span> <span class='ocrx_word' id='word_1_227' title='bbox 3216 1721 3416 1776; x_wconf 86' lang='lat' dir='ltr'><strong>oratio.</strong></span> <span class='ocrx_word' id='word_1_228' title='bbox 3452 1720 3515 1776; x_wconf 90' lang='lat' dir='ltr'><strong>In</strong></span> <span class='ocrx_word' id='word_1_229' title='bbox 3542 1723 3729 1792; x_wconf 82' lang='lat' dir='ltr'><strong>grandi</strong></span> 
     </span>
    </p>
   </div>
   <div class='ocr_carea' id='block_1_35' title="bbox 2141 1822 3729 1886">
    <p class='ocr_par' dir='ltr' id='par_1_35' title="bbox 2141 1822 3729 1886">
     <span class='ocr_line' id='line_1_35' title="bbox 2141 1822 3729 1886; baseline 0.003 -19"><span class='ocrx_word' id='word_1_230' title='bbox 2141 1827 2271 1882; x_wconf 87' lang='lat' dir='ltr'><strong>ergo</strong></span> <span class='ocrx_word' id='word_1_231' title='bbox 2318 1828 2514 1883; x_wconf 87' lang='lat' dir='ltr'><strong>genere</strong></span> <span class='ocrx_word' id='word_1_232' title='bbox 2549 1828 2787 1885; x_wconf 84' lang='lat' dir='ltr'><strong>semper,</strong></span> <span class='ocrx_word' id='word_1_233' title='bbox 2817 1823 2909 1879; x_wconf 87' lang='lat' dir='ltr'><strong>aut</strong></span> <span class='ocrx_word' id='word_1_234' title='bbox 2957 1829 3094 1886; x_wconf 83' lang='lat' dir='ltr'><strong>pene</strong></span> <span class='ocrx_word' id='word_1_235' title='bbox 3141 1830 3371 1885; x_wconf 87' lang='lat' dir='ltr'><strong>semper,</strong></span> <span class='ocrx_word' id='word_1_236' title='bbox 3429 1822 3729 1886; x_wconf 80' lang='lat' dir='ltr'><strong>temperata</strong></span> 
     </span>
    </p>
   </div>
   <div class='ocr_carea' id='block_1_36' title="bbox 448 1904 2031 1989">
    <p class='ocr_par' dir='ltr' id='par_1_36' title="bbox 448 1916 2031 1989">
     <span class='ocr_line' id='line_1_36' title="bbox 448 1916 2031 1989; baseline 0.001 -18"><span class='ocrx_word' id='word_1_237' title='bbox 448 1916 635 1971; x_wconf 81' lang='lat' dir='ltr'><strong>dictio-</strong></span> <span class='ocrx_word' id='word_1_238' title='bbox 658 1926 743 1973; x_wconf 87' lang='lat' dir='ltr'><strong>est</strong></span> <span class='ocrx_word' id='word_1_239' title='bbox 789 1927 1084 1988; x_wconf 81' lang='lat' dir='ltr'><strong>temperata</strong></span> <span class='ocrx_word' id='word_1_240' title='bbox 1113 1937 1126 1973; x_wconf 85' lang='lat'><strong>:</strong></span> <span class='ocrx_word' id='word_1_241' title='bbox 1158 1917 1427 1974; x_wconf 82' lang='lat' dir='ltr'><strong>Seniorem</strong></span> <span class='ocrx_word' id='word_1_242' title='bbox 1466 1934 1529 1972; x_wconf 84' lang='lat' dir='ltr'><strong>ne</strong></span> <span class='ocrx_word' id='word_1_243' title='bbox 1550 1918 1920 1989; x_wconf 85' lang='lat' dir='ltr'><strong>increpaveris,</strong></span> <span class='ocrx_word' id='word_1_244' title='bbox 1945 1918 2031 1972; x_wconf 85' lang='lat' dir='ltr'><strong>sed</strong></span> 
     </span>
    </p>
   </div>
   <div class='ocr_carea' id='block_1_37' title="bbox 2139 1904 3732 1989">
    <p class='ocr_par' dir='ltr' id='par_1_37' title="bbox 2139 1904 3732 1980">
     <span class='ocr_line' id='line_1_37' title="bbox 2139 1904 3732 1980; baseline 0.003 -21"><span class='ocrx_word' id='word_1_245' title='bbox 2139 1904 2298 1959; x_wconf 86' lang='lat' dir='ltr'><strong>decet</strong></span> <span class='ocrx_word' id='word_1_246' title='bbox 2323 1920 2445 1963; x_wconf 85' lang='lat' dir='ltr'><strong>esse</strong></span> <span class='ocrx_word' id='word_1_247' title='bbox 2468 1905 2766 1976; x_wconf 85' lang='lat' dir='ltr'><strong>principia;</strong></span> <span class='ocrx_word' id='word_1_248' title='bbox 2788 1914 2845 1961; x_wconf 86' lang='lat' dir='ltr'><strong>et</strong></span> <span class='ocrx_word' id='word_1_249' title='bbox 2867 1907 2920 1963; x_wconf 92' lang='lat' dir='ltr'><strong>iu</strong></span> <span class='ocrx_word' id='word_1_250' title='bbox 2945 1916 3214 1977; x_wconf 85' lang='lat' dir='ltr'><strong>potestate</strong></span> <span class='ocrx_word' id='word_1_251' title='bbox 3234 1915 3318 1965; x_wconf 90' lang='lat' dir='ltr'><strong>est</strong></span> <span class='ocrx_word' id='word_1_252' title='bbox 3341 1907 3657 1980; x_wconf 85' lang='lat' dir='ltr'><strong>eloquentis</strong></span> <span class='ocrx_word' id='word_1_253' title='bbox 3676 1917 3732 1963; x_wconf 87' lang='lat' dir='ltr'><strong>ut</strong></span> 
     </span>
    </p>
   </div>
   <div class='ocr_carea' id='block_1_38' title="bbox 447 2011 2035 2084">
    <p class='ocr_par' dir='ltr' id='par_1_38' title="bbox 447 2011 2035 2084">
     <span class='ocr_line' id='line_1_38' title="bbox 447 2011 2035 2084; baseline 0.003 -20"><span class='ocrx_word' id='word_1_254' title='bbox 447 2011 661 2065; x_wconf 84' lang='lat' dir='ltr'><strong>obsecra</strong></span> <span class='ocrx_word' id='word_1_255' title='bbox 690 2023 744 2066; x_wconf 89' lang='lat' dir='ltr'><strong>ut</strong></span> <span class='ocrx_word' id='word_1_256' title='bbox 774 2024 996 2083; x_wconf 83' lang='lat' dir='ltr'><strong>patrem,</strong></span> <span class='ocrx_word' id='word_1_257' title='bbox 1020 2014 1262 2084; x_wconf 84' lang='lat' dir='ltr'><strong>juniores</strong></span> <span class='ocrx_word' id='word_1_258' title='bbox 1315 2022 1373 2067; x_wconf 89' lang='lat' dir='ltr'><strong>ut</strong></span> <span class='ocrx_word' id='word_1_259' title='bbox 1404 2014 1616 2083; x_wconf 77' lang='lat' dir='ltr'><strong>fratres,</strong></span> <span class='ocrx_word' id='word_1_260' title='bbox 1649 2030 1782 2067; x_wconf 88' lang='lat' dir='ltr'><strong>anus</strong></span> <span class='ocrx_word' id='word_1_261' title='bbox 1825 2022 1883 2067; x_wconf 89' lang='lat' dir='ltr'><strong>ut</strong></span> <span class='ocrx_word' id='word_1_262' title='bbox 1917 2029 2035 2068; x_wconf 88' lang='lat' dir='ltr'><strong>ma-</strong></span> 
     </span>
    </p>
   </div>
   <div class='ocr_carea' id='block_1_39' title="bbox 447 2103 2032 2177">
    <p class='ocr_par' dir='ltr' id='par_1_39' title="bbox 447 2103 2032 2177">
     <span class='ocr_line' id='line_1_39' title="bbox 447 2103 2032 2177; baseline 0.004 -21"><span class='ocrx_word' id='word_1_263' title='bbox 447 2109 575 2168; x_wconf 79' lang='lat' dir='ltr'><strong>tres,</strong></span> <span class='ocrx_word' id='word_1_264' title='bbox 603 2103 1018 2160; x_wconf 69' lang='lat' dir='ltr'><strong>adolescentulos</strong></span> <span class='ocrx_word' id='word_1_265' title='bbox 1043 2115 1099 2159; x_wconf 89' lang='lat' dir='ltr'><strong>ut</strong></span> <span class='ocrx_word' id='word_1_266' title='bbox 1123 2123 1330 2160; x_wconf 84' lang='lat' dir='ltr'><strong>sorores</strong></span> <span class='ocrx_word' id='word_1_267' title='bbox 1357 2103 1408 2176; x_wconf 91' lang='lat' dir='ltr'><strong>(I</strong></span> <span class='ocrx_word' id='word_1_268' title='bbox 1443 2104 1578 2161; x_wconf 84' lang='lat' dir='ltr'><strong>Tim.</strong></span> <span class='ocrx_word' id='word_1_269' title='bbox 1605 2106 1680 2177; x_wconf 89' lang='lat' dir='ltr'><strong>v).</strong></span> <span class='ocrx_word' id='word_1_270' title='bbox 1714 2106 1780 2161; x_wconf 88' lang='lat' dir='ltr'><strong>Et</strong></span> <span class='ocrx_word' id='word_1_271' title='bbox 1800 2106 1853 2160; x_wconf 92' lang='lat' dir='ltr'><strong>in</strong></span> <span class='ocrx_word' id='word_1_272' title='bbox 1883 2106 1989 2162; x_wconf 87' lang='lat' dir='ltr'><strong>illis</strong></span> <span class='ocrx_word' id='word_1_273' title='bbox 2018 2124 2032 2162; x_wconf 75' lang='grc' dir='ltr'><strong>ε</strong></span> 
     </span>
    </p>
   </div>
   <div class='ocr_carea' id='block_1_40' title="bbox 447 2194 2035 2269">
    <p class='ocr_par' dir='ltr' id='par_1_40' title="bbox 447 2194 2035 2269">
     <span class='ocr_line' id='line_1_40' title="bbox 447 2194 2035 2269; baseline 0.001 -18"><span class='ocrx_word' id='word_1_274' title='bbox 447 2194 678 2251; x_wconf 75' lang='lat' dir='ltr'><strong>Obsecro</strong></span> <span class='ocrx_word' id='word_1_275' title='bbox 701 2207 875 2252; x_wconf 86' lang='lat' dir='ltr'><strong>autem</strong></span> <span class='ocrx_word' id='word_1_276' title='bbox 898 2215 1007 2265; x_wconf 87' lang='lat' dir='ltr'><strong>vos,</strong></span> <span class='ocrx_word' id='word_1_277' title='bbox 1037 2198 1249 2268; x_wconf 74' lang='lat' dir='ltr'><strong>fratres,</strong></span> <span class='ocrx_word' id='word_1_278' title='bbox 1275 2216 1368 2269; x_wconf 87' lang='lat' dir='ltr'><strong>per</strong></span> <span class='ocrx_word' id='word_1_279' title='bbox 1396 2199 1809 2254; x_wconf 87' lang='lat' dir='ltr'><strong>misericordiam</strong></span> <span class='ocrx_word' id='word_1_280' title='bbox 1834 2199 1951 2265; x_wconf 85' lang='lat' dir='ltr'><strong>Dei,</strong></span> <span class='ocrx_word' id='word_1_281' title='bbox 1980 2208 2035 2252; x_wconf 90' lang='lat' dir='ltr'><strong>ut</strong></span> 
     </span>
    </p>
   </div>
   <div class='ocr_carea' id='block_1_41' title="bbox 444 2289 2036 2361">
    <p class='ocr_par' dir='ltr' id='par_1_41' title="bbox 444 2289 2036 2361">
     <span class='ocr_line' id='line_1_41' title="bbox 444 2289 2036 2361; baseline 0.004 -20"><span class='ocrx_word' id='word_1_282' title='bbox 444 2289 732 2343; x_wconf 64' lang='lat' dir='ltr'><strong>embibeatis</strong></span> <span class='ocrx_word' id='word_1_283' title='bbox 746 2307 967 2361; x_wconf 67' lang='lat' dir='ltr'><strong>corpora</strong></span> <span class='ocrx_word' id='word_1_284' title='bbox 987 2300 1153 2346; x_wconf 77' lang='lat' dir='ltr'><strong>vestra</strong></span> <span class='ocrx_word' id='word_1_285' title='bbox 1178 2293 1402 2346; x_wconf 84' lang='lat' dir='ltr'><strong>hostiam</strong></span> <span class='ocrx_word' id='word_1_286' title='bbox 1427 2292 1613 2355; x_wconf 76' lang='lat' dir='ltr'><strong>vivam,</strong></span> <span class='ocrx_word' id='word_1_287' title='bbox 1642 2301 1900 2354; x_wconf 82' lang='lat' dir='ltr'><strong>sanctam,</strong></span> <span class='ocrx_word' id='word_1_288' title='bbox 1925 2292 2036 2347; x_wconf 85' lang='lat' dir='ltr'><strong>Deo</strong></span> 
     </span>
    </p>
   </div>
   <div class='ocr_carea' id='block_1_42' title="bbox 443 2379 2038 2454">
    <p class='ocr_par' dir='ltr' id='par_1_42' title="bbox 443 2379 2038 2454">
     <span class='ocr_line' id='line_1_42' title="bbox 443 2379 2038 2454; baseline 0.004 -22"><span class='ocrx_word' id='word_1_289' title='bbox 443 2379 733 2450; x_wconf 85' lang='lat' dir='ltr'><strong>placentem</strong></span> <span class='ocrx_word' id='word_1_290' title='bbox 765 2382 945 2454; x_wconf 79' lang='lat' dir='ltr'><strong>(Rom.</strong></span> <span class='ocrx_word' id='word_1_291' title='bbox 995 2383 1116 2453; x_wconf 82' lang='lat' dir='ltr'><strong>xu).</strong></span> <span class='ocrx_word' id='word_1_292' title='bbox 1166 2384 1235 2440; x_wconf 87' lang='lat' dir='ltr'><strong>Et</strong></span> <span class='ocrx_word' id='word_1_293' title='bbox 1268 2392 1414 2439; x_wconf 88' lang='lat' dir='ltr'><strong>totus</strong></span> <span class='ocrx_word' id='word_1_294' title='bbox 1440 2383 1554 2440; x_wconf 83' lang='lat' dir='ltr'><strong>fere</strong></span> <span class='ocrx_word' id='word_1_295' title='bbox 1580 2385 1749 2453; x_wconf 86' lang='lat' dir='ltr'><strong>ipsius</strong></span> <span class='ocrx_word' id='word_1_296' title='bbox 1781 2385 2038 2440; x_wconf 82' lang='lat' dir='ltr'><strong>exhorta-</strong></span> 
     </span>
    </p>
   </div>
   <div class='ocr_carea' id='block_1_43' title="bbox 444 2473 2030 2550">
    <p class='ocr_par' dir='ltr' id='par_1_43' title="bbox 444 2473 2030 2550">
     <span class='ocr_line' id='line_1_43' title="bbox 444 2473 2030 2550; baseline 0.004 -26"><span class='ocrx_word' id='word_1_297' title='bbox 444 2473 611 2529; x_wconf 83' lang='lat' dir='ltr'><strong>tionis</strong></span> <span class='ocrx_word' id='word_1_298' title='bbox 643 2475 797 2531; x_wconf 84' lang='lat' dir='ltr'><strong>locus</strong></span> <span class='ocrx_word' id='word_1_299' title='bbox 856 2485 1213 2548; x_wconf 87' lang='lat' dir='ltr'><strong>temperatum</strong></span> <span class='ocrx_word' id='word_1_300' title='bbox 1248 2480 1413 2534; x_wconf 84' lang='lat' dir='ltr'><strong>habet</strong></span> <span class='ocrx_word' id='word_1_301' title='bbox 1459 2478 1746 2535; x_wconf 87' lang='lat' dir='ltr'><strong>locutionis</strong></span> <span class='ocrx_word' id='word_1_302' title='bbox 1795 2493 1964 2550; x_wconf 87' lang='lat' dir='ltr'><strong>genus</strong></span> <span class='ocrx_word' id='word_1_303' title='bbox 2015 2494 2030 2531; x_wconf 86' lang='lat'><strong>:</strong></span> 
     </span>
    </p>
   </div>
   <div class='ocr_carea' id='block_1_44' title="bbox 441 2562 2034 2643">
    <p class='ocr_par' dir='ltr' id='par_1_44' title="bbox 441 2562 2034 2643">
     <span class='ocr_line' id='line_1_44' title="bbox 441 2562 2034 2643; baseline 0.005 -25"><span class='ocrx_word' id='word_1_304' title='bbox 441 2565 537 2619; x_wconf 81' lang='lat' dir='ltr'><strong>ubi</strong></span> <span class='ocrx_word' id='word_1_305' title='bbox 562 2562 650 2619; x_wconf 87' lang='lat' dir='ltr'><strong>illa</strong></span> <span class='ocrx_word' id='word_1_306' title='bbox 675 2567 982 2636; x_wconf 85' lang='lat' dir='ltr'><strong>pulchriora</strong></span> <span class='ocrx_word' id='word_1_307' title='bbox 1013 2578 1158 2635; x_wconf 88' lang='lat' dir='ltr'><strong>sunt,</strong></span> <span class='ocrx_word' id='word_1_308' title='bbox 1183 2571 1273 2626; x_wconf 85' lang='lat' dir='ltr'><strong>ubi</strong></span> <span class='ocrx_word' id='word_1_309' title='bbox 1289 2573 1504 2643; x_wconf 84' lang='lat' dir='ltr'><strong>propria</strong></span> <span class='ocrx_word' id='word_1_310' title='bbox 1525 2573 1758 2642; x_wconf 87' lang='lat' dir='ltr'><strong>propriis</strong></span> <span class='ocrx_word' id='word_1_311' title='bbox 1777 2580 2034 2642; x_wconf 86' lang='lat' dir='ltr'><strong>tanquam</strong></span> 
     </span>
    </p>
   </div>
   <div class='ocr_carea' id='block_1_45' title="bbox 445 2655 2035 2729">
    <p class='ocr_par' dir='ltr' id='par_1_45' title="bbox 445 2655 2035 2729">
     <span class='ocr_line' id='line_1_45' title="bbox 445 2655 2035 2729; baseline 0.006 -19"><span class='ocrx_word' id='word_1_312' title='bbox 445 2655 629 2712; x_wconf 86' lang='lat' dir='ltr'><strong>debita</strong></span> <span class='ocrx_word' id='word_1_313' title='bbox 659 2660 893 2725; x_wconf 87' lang='lat' dir='ltr'><strong>reddita,</strong></span> <span class='ocrx_word' id='word_1_314' title='bbox 926 2663 1181 2720; x_wconf 83' lang='lat' dir='ltr'><strong>decenter</strong></span> <span class='ocrx_word' id='word_1_315' title='bbox 1206 2673 1522 2729; x_wconf 81' lang='lat' dir='ltr'><strong>excurrunt,</strong></span> <span class='ocrx_word' id='word_1_316' title='bbox 1557 2666 1715 2720; x_wconf 85' lang='lat' dir='ltr'><strong>sicuti</strong></span> <span class='ocrx_word' id='word_1_317' title='bbox 1742 2674 1827 2720; x_wconf 82' lang='lat' dir='ltr'><strong>est</strong></span> <span class='ocrx_word' id='word_1_318' title='bbox 1865 2683 1878 2719; x_wconf 88' lang='lat'><strong>:</strong></span> <span class='ocrx_word' id='word_1_319' title='bbox 1916 2664 2035 2720; x_wconf 81' lang='lat' dir='ltr'><strong>Ha-</strong></span> 
     </span>
    </p>
   </div>
   <div class='ocr_carea' id='block_1_46' title="bbox 444 2746 2034 2829">
    <p class='ocr_par' dir='ltr' id='par_1_46' title="bbox 444 2746 2034 2829">
     <span class='ocr_line' id='line_1_46' title="bbox 444 2746 2034 2829; baseline 0.009 -30"><span class='ocrx_word' id='word_1_320' title='bbox 444 2746 619 2802; x_wconf 83' lang='lat' dir='ltr'><strong>bentes</strong></span> <span class='ocrx_word' id='word_1_321' title='bbox 660 2750 799 2807; x_wconf 80' lang='lat' dir='ltr'><strong>dona</strong></span> <span class='ocrx_word' id='word_1_322' title='bbox 825 2752 1033 2810; x_wconf 85' lang='lat' dir='ltr'><strong>diversa</strong></span> <span class='ocrx_word' id='word_1_323' title='bbox 1072 2757 1358 2811; x_wconf 84' lang='lat' dir='ltr'><strong>secundum</strong></span> <span class='ocrx_word' id='word_1_324' title='bbox 1387 2759 1614 2828; x_wconf 75' lang='lat' dir='ltr'><strong>gratiam</strong></span> <span class='ocrx_word' id='word_1_325' title='bbox 1653 2775 1768 2829; x_wconf 64' lang='lat' dir='ltr'><strong>qua</strong></span> <span class='ocrx_word' id='word_1_326' title='bbox 1803 2754 1930 2813; x_wconf 88' lang='lat' dir='ltr'><strong>data</strong></span> <span class='ocrx_word' id='word_1_327' title='bbox 1956 2768 2034 2813; x_wconf 86' lang='lat' dir='ltr'><strong>est</strong></span> 
     </span>
    </p>
   </div>
   <div class='ocr_carea' id='block_1_47' title="bbox 443 2838 2035 2919">
    <p class='ocr_par' dir='ltr' id='par_1_47' title="bbox 443 2838 2035 2919">
     <span class='ocr_line' id='line_1_47' title="bbox 443 2838 2035 2919; baseline 0.009 -29"><span class='ocrx_word' id='word_1_328' title='bbox 443 2838 626 2904; x_wconf 85' lang='lat' dir='ltr'><strong>nobis;</strong></span> <span class='ocrx_word' id='word_1_329' title='bbox 648 2841 755 2896; x_wconf 85' lang='lat' dir='ltr'><strong>sive</strong></span> <span class='ocrx_word' id='word_1_330' title='bbox 775 2846 1120 2915; x_wconf 81' lang='lat' dir='ltr'><strong>prophetiam,</strong></span> <span class='ocrx_word' id='word_1_331' title='bbox 1159 2849 1446 2902; x_wconf 83' lang='lat' dir='ltr'><strong>secundum</strong></span> <span class='ocrx_word' id='word_1_332' title='bbox 1477 2849 1711 2919; x_wconf 86' lang='lat' dir='ltr'><strong>regulam</strong></span> <span class='ocrx_word' id='word_1_333' title='bbox 1746 2849 1870 2918; x_wconf 78' lang='lat' dir='ltr'><strong>ﬁdei</strong></span> <span class='ocrx_word' id='word_1_334' title='bbox 1883 2867 1902 2915; x_wconf 87' lang='lat'><strong>;</strong></span> <span class='ocrx_word' id='word_1_335' title='bbox 1930 2851 2035 2905; x_wconf 82' lang='lat' dir='ltr'><strong>sive</strong></span> 
     </span>
    </p>
   </div>
   <div class='ocr_carea' id='block_1_48' title="bbox 440 2931 2032 3014">
    <p class='ocr_par' dir='ltr' id='par_1_48' title="bbox 440 2931 2032 3014">
     <span class='ocr_line' id='line_1_48' title="bbox 440 2931 2032 3014; baseline 0.007 -28"><span class='ocrx_word' id='word_1_336' title='bbox 440 2931 813 3003; x_wconf 76' lang='lat' dir='ltr'><strong>ministerium,</strong></span> <span class='ocrx_word' id='word_1_337' title='bbox 850 2939 911 2993; x_wconf 88' lang='lat' dir='ltr'><strong>in</strong></span> <span class='ocrx_word' id='word_1_338' title='bbox 938 2940 1327 3006; x_wconf 83' lang='lat' dir='ltr'><strong>ministrando;</strong></span> <span class='ocrx_word' id='word_1_339' title='bbox 1370 2943 1476 2997; x_wconf 82' lang='lat' dir='ltr'><strong>sive</strong></span> <span class='ocrx_word' id='word_1_340' title='bbox 1511 2944 1601 3014; x_wconf 82' lang='lat' dir='ltr'><strong>qui</strong></span> <span class='ocrx_word' id='word_1_341' title='bbox 1629 2943 1799 3008; x_wconf 88' lang='lat' dir='ltr'><strong>docet,</strong></span> <span class='ocrx_word' id='word_1_342' title='bbox 1830 2944 1884 2998; x_wconf 84' lang='lat' dir='ltr'><strong>in</strong></span> <span class='ocrx_word' id='word_1_343' title='bbox 1932 2944 2032 2997; x_wconf 91' lang='lat' dir='ltr'><strong>do-</strong></span> 
     </span>
    </p>
   </div>
   <div class='ocr_carea' id='block_1_49' title="bbox 440 3022 2033 3103">
    <p class='ocr_par' dir='ltr' id='par_1_49' title="bbox 440 3022 2033 3103">
     <span class='ocr_line' id='line_1_49' title="bbox 440 3022 2033 3103; baseline 0.008 -28"><span class='ocrx_word' id='word_1_344' title='bbox 440 3022 647 3088; x_wconf 86' lang='lat' dir='ltr'><strong>ctrina;</strong></span> <span class='ocrx_word' id='word_1_345' title='bbox 696 3026 801 3080; x_wconf 86' lang='lat' dir='ltr'><strong>sive</strong></span> <span class='ocrx_word' id='word_1_346' title='bbox 828 3030 919 3099; x_wconf 85' lang='lat' dir='ltr'><strong>qui</strong></span> <span class='ocrx_word' id='word_1_347' title='bbox 945 3031 1271 3098; x_wconf 68' lang='lat' dir='ltr'><strong>exhortatur,</strong></span> <span class='ocrx_word' id='word_1_348' title='bbox 1303 3033 1360 3087; x_wconf 83' lang='lat' dir='ltr'><strong>in</strong></span> <span class='ocrx_word' id='word_1_349' title='bbox 1389 3034 1787 3098; x_wconf 62' lang='lat' dir='ltr'><strong>exhortatione;</strong></span> <span class='ocrx_word' id='word_1_350' title='bbox 1827 3035 1916 3103; x_wconf 87' lang='lat' dir='ltr'><strong>qui</strong></span> <span class='ocrx_word' id='word_1_351' title='bbox 1940 3034 2033 3087; x_wconf 83' lang='lat' dir='ltr'><strong>tri-</strong></span> 
     </span>
    </p>
   </div>
   <div class='ocr_carea' id='block_1_50' title="bbox 442 3113 2032 3197">
    <p class='ocr_par' dir='ltr' id='par_1_50' title="bbox 442 3113 2032 3197">
     <span class='ocr_line' id='line_1_50' title="bbox 442 3113 2032 3197; baseline 0.008 -29"><span class='ocrx_word' id='word_1_352' title='bbox 442 3113 576 3181; x_wconf 84' lang='lat' dir='ltr'><strong>buit,</strong></span> <span class='ocrx_word' id='word_1_353' title='bbox 612 3118 668 3172; x_wconf 89' lang='lat' dir='ltr'><strong>in</strong></span> <span class='ocrx_word' id='word_1_354' title='bbox 697 3119 1063 3189; x_wconf 78' lang='lat' dir='ltr'><strong>simplicitate;</strong></span> <span class='ocrx_word' id='word_1_355' title='bbox 1090 3125 1179 3195; x_wconf 87' lang='lat' dir='ltr'><strong>qui</strong></span> <span class='ocrx_word' id='word_1_356' title='bbox 1203 3133 1411 3197; x_wconf 68' lang='lat' dir='ltr'><strong>prmest,</strong></span> <span class='ocrx_word' id='word_1_357' title='bbox 1440 3124 1496 3178; x_wconf 86' lang='lat' dir='ltr'><strong>in</strong></span> <span class='ocrx_word' id='word_1_358' title='bbox 1524 3124 1906 3191; x_wconf 81' lang='lat' dir='ltr'><strong>sollicitudine;</strong></span> <span class='ocrx_word' id='word_1_359' title='bbox 1941 3127 2032 3195; x_wconf 87' lang='lat' dir='ltr'><strong>qui</strong></span> 
     </span>
    </p>
   </div>
   <div class='ocr_carea' id='block_1_51' title="bbox 438 3210 2031 3291">
    <p class='ocr_par' dir='ltr' id='par_1_51' title="bbox 438 3210 2031 3291">
     <span class='ocr_line' id='line_1_51' title="bbox 438 3210 2031 3291; baseline 0.006 -27"><span class='ocrx_word' id='word_1_360' title='bbox 438 3210 740 3280; x_wconf 81' lang='lat' dir='ltr'><strong>miseretur,</strong></span> <span class='ocrx_word' id='word_1_361' title='bbox 763 3216 822 3269; x_wconf 87' lang='lat' dir='ltr'><strong>in</strong></span> <span class='ocrx_word' id='word_1_362' title='bbox 855 3215 1140 3285; x_wconf 77' lang='lat' dir='ltr'><strong>hilaritate,</strong></span> <span class='ocrx_word' id='word_1_363' title='bbox 1166 3225 1271 3273; x_wconf 87' lang='lat' dir='ltr'><strong>etc.</strong></span> <span class='ocrx_word' id='word_1_364' title='bbox 1296 3220 1364 3274; x_wconf 84' lang='lat' dir='ltr'><strong>Et</strong></span> <span class='ocrx_word' id='word_1_365' title='bbox 1389 3220 1665 3289; x_wconf 86' lang='lat' dir='ltr'><strong>aliquanto</strong></span> <span class='ocrx_word' id='word_1_366' title='bbox 1696 3228 1855 3291; x_wconf 87' lang='lat' dir='ltr'><strong>post:</strong></span> <span class='ocrx_word' id='word_1_367' title='bbox 1891 3219 2031 3274; x_wconf 79' lang='lat' dir='ltr'><strong>Red-</strong></span> 
     </span>
    </p>
   </div>
   <div class='ocr_carea' id='block_1_52' title="bbox 442 3304 2028 3380">
    <p class='ocr_par' dir='ltr' id='par_1_52' title="bbox 442 3304 2028 3380">
     <span class='ocr_line' id='line_1_52' title="bbox 442 3304 2028 3380; baseline 0.006 -23"><span class='ocrx_word' id='word_1_368' title='bbox 442 3304 566 3367; x_wconf 88' lang='lat' dir='ltr'><strong>dite,</strong></span> <span class='ocrx_word' id='word_1_369' title='bbox 598 3306 788 3377; x_wconf 88' lang='lat' dir='ltr'><strong>inquit,</strong></span> <span class='ocrx_word' id='word_1_370' title='bbox 829 3310 1069 3364; x_wconf 88' lang='lat' dir='ltr'><strong>omnibus</strong></span> <span class='ocrx_word' id='word_1_371' title='bbox 1101 3312 1275 3367; x_wconf 77' lang='lat' dir='ltr'><strong>debita</strong></span> <span class='ocrx_word' id='word_1_372' title='bbox 1299 3326 1317 3365; x_wconf 90' lang='lat'><strong><em>:</em></strong></span> <span class='ocrx_word' id='word_1_373' title='bbox 1342 3314 1428 3367; x_wconf 88' lang='lat' dir='ltr'><strong>cui</strong></span> <span class='ocrx_word' id='word_1_374' title='bbox 1455 3313 1726 3380; x_wconf 88' lang='lat' dir='ltr'><strong>tributum,</strong></span> <span class='ocrx_word' id='word_1_375' title='bbox 1755 3313 2028 3379; x_wconf 78' lang='lat' dir='ltr'><strong>tributum;</strong></span> 
     </span>
    </p>
   </div>
   <div class='ocr_carea' id='block_1_53' title="bbox 443 3397 2034 3471">
    <p class='ocr_par' dir='ltr' id='par_1_53' title="bbox 443 3397 2034 3471">
     <span class='ocr_line' id='line_1_53' title="bbox 443 3397 2034 3471; baseline 0.007 -23"><span class='ocrx_word' id='word_1_376' title='bbox 443 3397 530 3449; x_wconf 89' lang='lat' dir='ltr'><strong>cui</strong></span> <span class='ocrx_word' id='word_1_377' title='bbox 550 3398 786 3467; x_wconf 85' lang='lat' dir='ltr'><strong>vectigal,</strong></span> <span class='ocrx_word' id='word_1_378' title='bbox 819 3400 1041 3469; x_wconf 78' lang='lat' dir='ltr'><strong>vectigal</strong></span> <span class='ocrx_word' id='word_1_379' title='bbox 1062 3416 1080 3455; x_wconf 90' lang='lat'><strong><em>:</em></strong></span> <span class='ocrx_word' id='word_1_380' title='bbox 1105 3404 1191 3457; x_wconf 86' lang='lat' dir='ltr'><strong>cui</strong></span> <span class='ocrx_word' id='word_1_381' title='bbox 1224 3404 1486 3470; x_wconf 85' lang='lat' dir='ltr'><strong>timorem,</strong></span> <span class='ocrx_word' id='word_1_382' title='bbox 1514 3405 1751 3459; x_wconf 84' lang='lat' dir='ltr'><strong>timorem</strong></span> <span class='ocrx_word' id='word_1_383' title='bbox 1776 3423 1794 3471; x_wconf 90' lang='lat'><strong>;</strong></span> <span class='ocrx_word' id='word_1_384' title='bbox 1821 3405 1908 3459; x_wconf 88' lang='lat' dir='ltr'><strong>cui</strong></span> <span class='ocrx_word' id='word_1_385' title='bbox 1936 3405 2034 3459; x_wconf 80' lang='lat' dir='ltr'><strong>ho—</strong></span> 
     </span>
    </p>
   </div>
   <div class='ocr_carea' id='block_1_54' title="bbox 444 3492 2036 3565">
    <p class='ocr_par' dir='ltr' id='par_1_54' title="bbox 444 3492 2036 3565">
     <span class='ocr_line' id='line_1_54' title="bbox 444 3492 2036 3565; baseline 0.008 -25"><span class='ocrx_word' id='word_1_386' title='bbox 444 3503 644 3551; x_wconf 81' lang='lat' dir='ltr'><strong>norem,</strong></span> <span class='ocrx_word' id='word_1_387' title='bbox 670 3492 919 3546; x_wconf 84' lang='lat' dir='ltr'><strong>honorem</strong></span> <span class='ocrx_word' id='word_1_388' title='bbox 947 3492 1156 3565; x_wconf 85' lang='lat' dir='ltr'><strong>(Ibid.).</strong></span> <span class='ocrx_word' id='word_1_389' title='bbox 1186 3496 1316 3564; x_wconf 65' lang='lat' dir='ltr'><strong>Quae</strong></span> <span class='ocrx_word' id='word_1_390' title='bbox 1344 3498 1689 3553; x_wconf 76' lang='lat' dir='ltr'><strong>membratim</strong></span> <span class='ocrx_word' id='word_1_391' title='bbox 1731 3496 1850 3553; x_wconf 79' lang='lat' dir='ltr'><strong>fusa</strong></span> <span class='ocrx_word' id='word_1_392' title='bbox 1882 3497 2036 3553; x_wconf 84' lang='lat' dir='ltr'><strong>clau-</strong></span> 
     </span>
    </p>
   </div>
   <div class='ocr_carea' id='block_1_55' title="bbox 445 3577 2035 3659">
    <p class='ocr_par' dir='ltr' id='par_1_55' title="bbox 445 3577 2035 3659">
     <span class='ocr_line' id='line_1_55' title="bbox 445 3577 2035 3659; baseline 0.009 -28"><span class='ocrx_word' id='word_1_393' title='bbox 445 3577 646 3635; x_wconf 87' lang='lat' dir='ltr'><strong>duntur</strong></span> <span class='ocrx_word' id='word_1_394' title='bbox 680 3584 844 3637; x_wconf 86' lang='lat' dir='ltr'><strong>etiam</strong></span> <span class='ocrx_word' id='word_1_395' title='bbox 874 3586 992 3655; x_wconf 85' lang='lat' dir='ltr'><strong>ipso</strong></span> <span class='ocrx_word' id='word_1_396' title='bbox 1024 3588 1253 3643; x_wconf 84' lang='lat' dir='ltr'><strong>circultu</strong></span> <span class='ocrx_word' id='word_1_397' title='bbox 1275 3631 1289 3655; x_wconf 96' lang='lat'><strong>,</strong></span> <span class='ocrx_word' id='word_1_398' title='bbox 1313 3605 1472 3659; x_wconf 82' lang='lat' dir='ltr'><strong>quem</strong></span> <span class='ocrx_word' id='word_1_399' title='bbox 1500 3590 1607 3645; x_wconf 90' lang='lat' dir='ltr'><strong>duo</strong></span> <span class='ocrx_word' id='word_1_400' title='bbox 1631 3592 1873 3646; x_wconf 84' lang='lat' dir='ltr'><strong>membra</strong></span> <span class='ocrx_word' id='word_1_401' title='bbox 1902 3606 2035 3646; x_wconf 87' lang='lat' dir='ltr'><strong>con-</strong></span> 
     </span>
    </p>
   </div>
   <div class='ocr_carea' id='block_1_56' title="bbox 440 3672 2032 3751">
    <p class='ocr_par' dir='ltr' id='par_1_56' title="bbox 440 3672 2032 3751">
     <span class='ocr_line' id='line_1_56' title="bbox 440 3672 2032 3751; baseline 0.011 -29"><span class='ocrx_word' id='word_1_402' title='bbox 440 3676 634 3726; x_wconf 78' lang='lat' dir='ltr'><strong>texunt</strong></span> <span class='ocrx_word' id='word_1_403' title='bbox 672 3690 684 3726; x_wconf 90' lang='lat'><strong>:</strong></span> <span class='ocrx_word' id='word_1_404' title='bbox 722 3672 937 3731; x_wconf 81' lang='lat' dir='ltr'><strong>Nemini</strong></span> <span class='ocrx_word' id='word_1_405' title='bbox 982 3680 1268 3751; x_wconf 82' lang='lat' dir='ltr'><strong>quidquam</strong></span> <span class='ocrx_word' id='word_1_406' title='bbox 1297 3682 1545 3747; x_wconf 80' lang='lat' dir='ltr'><strong>debeatis,</strong></span> <span class='ocrx_word' id='word_1_407' title='bbox 1573 3683 1674 3738; x_wconf 86' lang='lat' dir='ltr'><strong>nisi</strong></span> <span class='ocrx_word' id='word_1_408' title='bbox 1712 3693 1769 3738; x_wconf 91' lang='grc' dir='ltr'><strong>ιιι</strong></span> <span class='ocrx_word' id='word_1_409' title='bbox 1814 3684 2032 3740; x_wconf 85' lang='lat' dir='ltr'><strong>invicem</strong></span> 
     </span>
    </p>
   </div>
   <div class='ocr_carea' id='block_1_57' title="bbox 444 3764 2033 3849">
    <p class='ocr_par' dir='ltr' id='par_1_57' title="bbox 444 3764 2033 3849">
     <span class='ocr_line' id='line_1_57' title="bbox 444 3764 2033 3849; baseline 0.009 -30"><span class='ocrx_word' id='word_1_410' title='bbox 444 3764 678 3836; x_wconf 79' lang='lat' dir='ltr'><strong>diligatis</strong></span> <span class='ocrx_word' id='word_1_411' title='bbox 726 3768 899 3838; x_wconf 82' lang='lat' dir='ltr'><strong>(Rom.</strong></span> <span class='ocrx_word' id='word_1_412' title='bbox 958 3773 1102 3844; x_wconf 76' lang='lat' dir='ltr'><strong>xui).</strong></span> <span class='ocrx_word' id='word_1_413' title='bbox 1151 3774 1370 3831; x_wconf 86' lang='lat' dir='ltr'><strong>Grande</strong></span> <span class='ocrx_word' id='word_1_414' title='bbox 1398 3787 1581 3833; x_wconf 87' lang='lat' dir='ltr'><strong>autem</strong></span> <span class='ocrx_word' id='word_1_415' title='bbox 1609 3776 1824 3833; x_wconf 86' lang='lat' dir='ltr'><strong>dicendi</strong></span> <span class='ocrx_word' id='word_1_416' title='bbox 1863 3792 2033 3849; x_wconf 82' lang='lat' dir='ltr'><strong>genus</strong></span> 
     </span>
    </p>
   </div>
   <div class='ocr_carea' id='block_1_58' title="bbox 440 3854 2035 3941">
    <p class='ocr_par' dir='ltr' id='par_1_58' title="bbox 440 3854 2035 3941">
     <span class='ocr_line' id='line_1_58' title="bbox 440 3854 2035 3941; baseline 0.009 -30"><span class='ocrx_word' id='word_1_417' title='bbox 440 3854 549 3913; x_wconf 80' lang='lat' dir='ltr'><strong>hoc</strong></span> <span class='ocrx_word' id='word_1_418' title='bbox 593 3861 826 3916; x_wconf 76' lang='lat' dir='ltr'><strong>maxime</strong></span> <span class='ocrx_word' id='word_1_419' title='bbox 875 3862 1041 3919; x_wconf 89' lang='lat' dir='ltr'><strong>distat</strong></span> <span class='ocrx_word' id='word_1_420' title='bbox 1071 3863 1140 3919; x_wconf 89' lang='lat' dir='ltr'><strong>ab</strong></span> <span class='ocrx_word' id='word_1_421' title='bbox 1167 3865 1271 3921; x_wconf 88' lang='lat' dir='ltr'><strong>isto</strong></span> <span class='ocrx_word' id='word_1_422' title='bbox 1299 3884 1497 3938; x_wconf 84' lang='lat' dir='ltr'><strong>genere</strong></span> <span class='ocrx_word' id='word_1_423' title='bbox 1533 3877 1859 3941; x_wconf 86' lang='lat' dir='ltr'><strong>temperato,</strong></span> <span class='ocrx_word' id='word_1_424' title='bbox 1890 3870 2035 3941; x_wconf 88' lang='lat' dir='ltr'><strong>quod</strong></span> 
     </span>
    </p>
   </div>
   <div class='ocr_carea' id='block_1_59' title="bbox 444 3954 2034 4037">
    <p class='ocr_par' dir='ltr' id='par_1_59' title="bbox 444 3954 2034 4037">
     <span class='ocr_line' id='line_1_59' title="bbox 444 3954 2034 4037; baseline 0.009 -34"><span class='ocrx_word' id='word_1_425' title='bbox 444 3964 550 4004; x_wconf 90' lang='lat' dir='ltr'><strong>non</strong></span> <span class='ocrx_word' id='word_1_426' title='bbox 584 3958 692 4004; x_wconf 91' lang='lat' dir='ltr'><strong>tam</strong></span> <span class='ocrx_word' id='word_1_427' title='bbox 722 3954 1013 4011; x_wconf 78' lang='lat' dir='ltr'><strong>verborum</strong></span> <span class='ocrx_word' id='word_1_428' title='bbox 1067 3959 1348 4014; x_wconf 87' lang='lat' dir='ltr'><strong>ornatibus</strong></span> <span class='ocrx_word' id='word_1_429' title='bbox 1399 3970 1675 4032; x_wconf 88' lang='lat' dir='ltr'><strong>comptum</strong></span> <span class='ocrx_word' id='word_1_430' title='bbox 1724 3969 1827 4028; x_wconf 85' lang='lat' dir='ltr'><strong>est,</strong></span> <span class='ocrx_word' id='word_1_431' title='bbox 1869 3977 2034 4037; x_wconf 84' lang='lat' dir='ltr'><strong>quam</strong></span> 
     </span>
    </p>
   </div>
   <div class='ocr_carea' id='block_1_60' title="bbox 442 4040 2033 4124">
    <p class='ocr_par' dir='ltr' id='par_1_60' title="bbox 442 4040 2033 4124">
     <span class='ocr_line' id='line_1_60' title="bbox 442 4040 2033 4124; baseline 0.013 -32"><span class='ocrx_word' id='word_1_432' title='bbox 442 4040 737 4099; x_wconf 86' lang='lat' dir='ltr'><strong>violentum</strong></span> <span class='ocrx_word' id='word_1_433' title='bbox 769 4054 852 4101; x_wconf 90' lang='lat' dir='ltr'><strong>est</strong></span> <span class='ocrx_word' id='word_1_434' title='bbox 876 4048 1041 4103; x_wconf 81' lang='lat' dir='ltr'><strong>animi</strong></span> <span class='ocrx_word' id='word_1_435' title='bbox 1073 4049 1376 4108; x_wconf 73' lang='lat' dir='ltr'><strong>affectibus.</strong></span> <span class='ocrx_word' id='word_1_436' title='bbox 1406 4051 1541 4108; x_wconf 79' lang='lat' dir='ltr'><strong>Nam</strong></span> <span class='ocrx_word' id='word_1_437' title='bbox 1571 4055 1716 4124; x_wconf 89' lang='lat' dir='ltr'><strong>capit</strong></span> <span class='ocrx_word' id='word_1_438' title='bbox 1753 4054 1914 4110; x_wconf 88' lang='lat' dir='ltr'><strong>etiam</strong></span> <span class='ocrx_word' id='word_1_439' title='bbox 1946 4054 2033 4112; x_wconf 87' lang='lat' dir='ltr'><strong>illa</strong></span> 
     </span>
    </p>
   </div>
   <div class='ocr_carea' id='block_1_61' title="bbox 444 4146 2033 4220">
    <p class='ocr_par' dir='ltr' id='par_1_61' title="bbox 444 4146 2033 4220">
     <span class='ocr_line' id='line_1_61' title="bbox 444 4146 2033 4220; baseline 0.013 -31"><span class='ocrx_word' id='word_1_440' title='bbox 444 4150 763 4195; x_wconf 85' lang='lat' dir='ltr'><strong>ornamenta</strong></span> <span class='ocrx_word' id='word_1_441' title='bbox 787 4157 923 4212; x_wconf 82' lang='lat' dir='ltr'><strong>pene</strong></span> <span class='ocrx_word' id='word_1_442' title='bbox 953 4146 1171 4212; x_wconf 84' lang='lat' dir='ltr'><strong>omnia;</strong></span> <span class='ocrx_word' id='word_1_443' title='bbox 1211 4149 1303 4203; x_wconf 87' lang='lat' dir='ltr'><strong>sed</strong></span> <span class='ocrx_word' id='word_1_444' title='bbox 1334 4166 1395 4204; x_wconf 88' lang='lat' dir='ltr'><strong>ea</strong></span> <span class='ocrx_word' id='word_1_445' title='bbox 1425 4152 1467 4206; x_wconf 89' lang='lat' dir='ltr'><strong>si</strong></span> <span class='ocrx_word' id='word_1_446' title='bbox 1494 4167 1599 4206; x_wconf 89' lang='lat' dir='ltr'><strong>non</strong></span> <span class='ocrx_word' id='word_1_447' title='bbox 1625 4152 1895 4220; x_wconf 86' lang='lat' dir='ltr'><strong>habuerit,</strong></span> <span class='ocrx_word' id='word_1_448' title='bbox 1924 4170 2033 4211; x_wconf 89' lang='lat' dir='ltr'><strong>non</strong></span> 
     </span>
    </p>
   </div>
   <div class='ocr_carea' id='block_1_62' title="bbox 444 4231 2038 4317">
    <p class='ocr_par' dir='ltr' id='par_1_62' title="bbox 444 4231 2038 4317">
     <span class='ocr_line' id='line_1_62' title="bbox 444 4231 2038 4317; baseline 0.009 -30"><span class='ocrx_word' id='word_1_449' title='bbox 444 4231 694 4299; x_wconf 81' lang='lat' dir='ltr'><strong>requirit.</strong></span> <span class='ocrx_word' id='word_1_450' title='bbox 722 4234 919 4291; x_wconf 87' lang='lat' dir='ltr'><strong>Fertur</strong></span> <span class='ocrx_word' id='word_1_451' title='bbox 945 4237 1089 4292; x_wconf 86' lang='lat' dir='ltr'><strong>enim</strong></span> <span class='ocrx_word' id='word_1_452' title='bbox 1119 4238 1320 4309; x_wconf 84' lang='lat' dir='ltr'><strong>impetu</strong></span> <span class='ocrx_word' id='word_1_453' title='bbox 1348 4254 1468 4307; x_wconf 87' lang='lat' dir='ltr'><strong>suo,</strong></span> <span class='ocrx_word' id='word_1_454' title='bbox 1500 4252 1554 4299; x_wconf 90' lang='lat' dir='ltr'><strong>et</strong></span> <span class='ocrx_word' id='word_1_455' title='bbox 1576 4245 1894 4301; x_wconf 88' lang='lat' dir='ltr'><strong>elocutionis</strong></span> <span class='ocrx_word' id='word_1_456' title='bbox 1918 4248 2038 4317; x_wconf 86' lang='lat' dir='ltr'><strong>pul-</strong></span> 
     </span>
    </p>
   </div>
   <div class='ocr_carea' id='block_1_63' title="bbox 442 4320 2034 4404">
    <p class='ocr_par' dir='ltr' id='par_1_63' title="bbox 442 4320 2034 4404">
     <span class='ocr_line' id='line_1_63' title="bbox 442 4320 2034 4404; baseline 0.01 -26"><span class='ocrx_word' id='word_1_457' title='bbox 442 4320 828 4391; x_wconf 84' lang='lat' dir='ltr'><strong>chritudinem,</strong></span> <span class='ocrx_word' id='word_1_458' title='bbox 855 4328 899 4380; x_wconf 90' lang='lat' dir='ltr'><strong>si</strong></span> <span class='ocrx_word' id='word_1_459' title='bbox 927 4333 1249 4397; x_wconf 88' lang='lat' dir='ltr'><strong>occurrerit,</strong></span> <span class='ocrx_word' id='word_1_460' title='bbox 1274 4332 1326 4385; x_wconf 90' lang='lat' dir='ltr'><strong>vi</strong></span> <span class='ocrx_word' id='word_1_461' title='bbox 1357 4349 1543 4388; x_wconf 86' lang='lat' dir='ltr'><strong>rerum</strong></span> <span class='ocrx_word' id='word_1_462' title='bbox 1572 4337 1732 4404; x_wconf 85' lang='lat' dir='ltr'><strong>rapit,</strong></span> <span class='ocrx_word' id='word_1_463' title='bbox 1760 4353 1867 4391; x_wconf 88' lang='lat' dir='ltr'><strong>non</strong></span> <span class='ocrx_word' id='word_1_464' title='bbox 1904 4354 2034 4394; x_wconf 92' lang='lat' dir='ltr'><strong>cura</strong></span> 
     </span>
    </p>
   </div>
   <div class='ocr_carea' id='block_1_64' title="bbox 445 4414 2031 4502">
    <p class='ocr_par' dir='ltr' id='par_1_64' title="bbox 445 4414 2031 4502">
     <span class='ocr_line' id='line_1_64' title="bbox 445 4414 2031 4502; baseline 0.011 -33"><span class='ocrx_word' id='word_1_465' title='bbox 445 4414 657 4469; x_wconf 89' lang='lat' dir='ltr'><strong>decoris</strong></span> <span class='ocrx_word' id='word_1_466' title='bbox 700 4419 946 4473; x_wconf 89' lang='lat' dir='ltr'><strong>assumit.</strong></span> <span class='ocrx_word' id='word_1_467' title='bbox 980 4419 1127 4476; x_wconf 86' lang='lat' dir='ltr'><strong>Satis</strong></span> <span class='ocrx_word' id='word_1_468' title='bbox 1155 4431 1239 4477; x_wconf 85' lang='lat' dir='ltr'><strong>est</strong></span> <span class='ocrx_word' id='word_1_469' title='bbox 1259 4424 1402 4479; x_wconf 89' lang='lat' dir='ltr'><strong>enim</strong></span> <span class='ocrx_word' id='word_1_470' title='bbox 1426 4425 1474 4479; x_wconf 88' lang='lat' dir='ltr'><strong>ei</strong></span> <span class='ocrx_word' id='word_1_471' title='bbox 1496 4437 1718 4498; x_wconf 90' lang='lat' dir='ltr'><strong>propter</strong></span> <span class='ocrx_word' id='word_1_472' title='bbox 1743 4429 1886 4499; x_wconf 90' lang='lat' dir='ltr'><strong>quod</strong></span> <span class='ocrx_word' id='word_1_473' title='bbox 1915 4432 2031 4502; x_wconf 87' lang='lat' dir='ltr'><strong>agi-</strong></span> 
     </span>
    </p>
   </div>
   <div class='ocr_carea' id='block_1_65' title="bbox 443 4512 2033 4595">
    <p class='ocr_par' dir='ltr' id='par_1_65' title="bbox 443 4512 2033 4595">
     <span class='ocr_line' id='line_1_65' title="bbox 443 4512 2033 4595; baseline 0.014 -36"><span class='ocrx_word' id='word_1_474' title='bbox 443 4512 555 4573; x_wconf 88' lang='lat' dir='ltr'><strong>tur,</strong></span> <span class='ocrx_word' id='word_1_475' title='bbox 608 4516 668 4563; x_wconf 89' lang='lat' dir='ltr'><strong>ut</strong></span> <span class='ocrx_word' id='word_1_476' title='bbox 705 4512 867 4567; x_wconf 85' lang='lat' dir='ltr'><strong>verba</strong></span> <span class='ocrx_word' id='word_1_477' title='bbox 917 4516 1297 4584; x_wconf 75' lang='lat' dir='ltr'><strong>congruentia,</strong></span> <span class='ocrx_word' id='word_1_478' title='bbox 1338 4531 1446 4573; x_wconf 89' lang='lat' dir='ltr'><strong>non</strong></span> <span class='ocrx_word' id='word_1_479' title='bbox 1494 4521 1608 4576; x_wconf 88' lang='lat' dir='ltr'><strong>oris</strong></span> <span class='ocrx_word' id='word_1_480' title='bbox 1645 4522 1914 4595; x_wconf 83' lang='lat' dir='ltr'><strong>eligantur</strong></span> <span class='ocrx_word' id='word_1_481' title='bbox 1950 4526 2033 4581; x_wconf 86' lang='lat' dir='ltr'><strong>in-</strong></span> 
     </span>
    </p>
   </div>
   <div class='ocr_carea' id='block_1_66' title="bbox 440 4596 2108 4711">
    <p class='ocr_par' dir='ltr' id='par_1_66' title="bbox 440 4596 2108 4711">
     <span class='ocr_line' id='line_1_66' title="bbox 440 4596 2108 4711; baseline 0.013 -58"><span class='ocrx_word' id='word_1_482' title='bbox 440 4596 665 4663; x_wconf 86' lang='lat' dir='ltr'><strong>dustria,</strong></span> <span class='ocrx_word' id='word_1_483' title='bbox 719 4601 812 4656; x_wconf 87' lang='lat' dir='ltr'><strong>sed</strong></span> <span class='ocrx_word' id='word_1_484' title='bbox 862 4606 1097 4673; x_wconf 90' lang='lat' dir='ltr'><strong>pectoris</strong></span> <span class='ocrx_word' id='word_1_485' title='bbox 1138 4617 1436 4678; x_wconf 87' lang='lat' dir='ltr'><strong>sequantur</strong></span> <span class='ocrx_word' id='word_1_486' title='bbox 1480 4611 1750 4668; x_wconf 89' lang='lat' dir='ltr'><strong>ardorem.</strong></span> <span class='ocrx_word' id='word_1_487' title='bbox 1798 4615 1933 4671; x_wconf 86' lang='lat' dir='ltr'><strong>Nam</strong></span> <span class='ocrx_word' id='word_1_488' title='bbox 1981 4619 2026 4673; x_wconf 85' lang='lat' dir='ltr'><strong>si</strong></span> <span class='ocrx_word' id='word_1_489' title='bbox 2051 4648 2108 4711; x_wconf 69' lang='grc' dir='ltr'><strong>Β</strong></span> 
     </span>
    </p>
   </div>
   <div class='ocr_carea' id='block_1_67' title="bbox 2139 1996 3733 2069">
    <p class='ocr_par' dir='ltr' id='par_1_67' title="bbox 2139 1996 3733 2069">
     <span class='ocr_line' id='line_1_67' title="bbox 2139 1996 3733 2069; baseline 0.002 -17"><span class='ocrx_word' id='word_1_490' title='bbox 2139 1996 2389 2053; x_wconf 89' lang='lat' dir='ltr'><strong>dicantur</strong></span> <span class='ocrx_word' id='word_1_491' title='bbox 2451 1997 2709 2053; x_wconf 89' lang='lat' dir='ltr'><strong>nonnulla</strong></span> <span class='ocrx_word' id='word_1_492' title='bbox 2763 1998 3056 2064; x_wconf 84' lang='lat' dir='ltr'><strong>submisse,</strong></span> <span class='ocrx_word' id='word_1_493' title='bbox 3115 1999 3280 2054; x_wconf 83' lang='lat' dir='ltr'><strong>etiam</strong></span> <span class='ocrx_word' id='word_1_494' title='bbox 3343 2015 3466 2069; x_wconf 65' lang='lat' dir='ltr'><strong>qua:</strong></span> <span class='ocrx_word' id='word_1_495' title='bbox 3515 2007 3733 2069; x_wconf 83' lang='lat' dir='ltr'><strong>possent</strong></span> 
     </span>
    </p>
   </div>
   <div class='ocr_carea' id='block_1_68' title="bbox 2138 2090 3735 2163">
    <p class='ocr_par' dir='ltr' id='par_1_68' title="bbox 2138 2090 3735 2163">
     <span class='ocr_line' id='line_1_68' title="bbox 2138 2090 3735 2163; baseline 0.003 -19"><span class='ocrx_word' id='word_1_496' title='bbox 2138 2090 2416 2161; x_wconf 83' lang='lat' dir='ltr'><strong>granditer</strong></span> <span class='ocrx_word' id='word_1_497' title='bbox 2456 2091 2560 2147; x_wconf 89' lang='lat' dir='ltr'><strong>dici</strong></span> <span class='ocrx_word' id='word_1_498' title='bbox 2598 2109 2611 2144; x_wconf 90' lang='lat'><strong>:</strong></span> <span class='ocrx_word' id='word_1_499' title='bbox 2649 2099 2706 2147; x_wconf 89' lang='lat' dir='ltr'><strong>ut</strong></span> <span class='ocrx_word' id='word_1_500' title='bbox 2743 2106 2807 2146; x_wconf 86' lang='lat' dir='ltr'><strong>ea</strong></span> <span class='ocrx_word' id='word_1_501' title='bbox 2839 2106 2959 2162; x_wconf 60' lang='lat' dir='ltr'><strong>quae</strong></span> <span class='ocrx_word' id='word_1_502' title='bbox 3007 2091 3261 2151; x_wconf 86' lang='lat' dir='ltr'><strong>dicuntur</strong></span> <span class='ocrx_word' id='word_1_503' title='bbox 3300 2092 3613 2163; x_wconf 85' lang='lat' dir='ltr'><strong>granditer,</strong></span> <span class='ocrx_word' id='word_1_504' title='bbox 3671 2107 3735 2149; x_wconf 80' lang='lat' dir='ltr'><strong>ex</strong></span> 
     </span>
    </p>
   </div>
   <div class='ocr_carea' id='block_1_69' title="bbox 2140 2182 3736 2255">
    <p class='ocr_par' dir='ltr' id='par_1_69' title="bbox 2140 2182 3736 2255">
     <span class='ocr_line' id='line_1_69' title="bbox 2140 2182 3736 2255; baseline 0.003 -19"><span class='ocrx_word' id='word_1_505' title='bbox 2140 2182 2351 2239; x_wconf 89' lang='lat' dir='ltr'><strong>illorum</strong></span> <span class='ocrx_word' id='word_1_506' title='bbox 2383 2183 2515 2239; x_wconf 82' lang='lat' dir='ltr'><strong>fiant</strong></span> <span class='ocrx_word' id='word_1_507' title='bbox 2538 2185 2941 2255; x_wconf 81' lang='lat' dir='ltr'><strong>comparatione</strong></span> <span class='ocrx_word' id='word_1_508' title='bbox 2968 2185 3274 2255; x_wconf 83' lang='lat' dir='ltr'><strong>grandiora,</strong></span> <span class='ocrx_word' id='word_1_509' title='bbox 3307 2193 3362 2241; x_wconf 89' lang='lat' dir='ltr'><strong>et</strong></span> <span class='ocrx_word' id='word_1_510' title='bbox 3389 2200 3587 2243; x_wconf 83' lang='lat' dir='ltr'><strong>eorum</strong></span> <span class='ocrx_word' id='word_1_511' title='bbox 3618 2194 3736 2241; x_wconf 84' lang='lat' dir='ltr'><strong>tan-</strong></span> 
     </span>
    </p>
   </div>
   <div class='ocr_carea' id='block_1_70' title="bbox 2136 2276 3737 2351">
    <p class='ocr_par' dir='ltr' id='par_1_70' title="bbox 2136 2276 3737 2351">
     <span class='ocr_line' id='line_1_70' title="bbox 2136 2276 3737 2351; baseline 0.003 -21"><span class='ocrx_word' id='word_1_512' title='bbox 2136 2292 2300 2348; x_wconf 87' lang='lat' dir='ltr'><strong>quam</strong></span> <span class='ocrx_word' id='word_1_513' title='bbox 2326 2277 2536 2333; x_wconf 86' lang='lat' dir='ltr'><strong>umbris</strong></span> <span class='ocrx_word' id='word_1_514' title='bbox 2567 2276 2919 2351; x_wconf 80' lang='lat' dir='ltr'><strong>luminosiora</strong></span> <span class='ocrx_word' id='word_1_515' title='bbox 2960 2277 3273 2337; x_wconf 88' lang='lat' dir='ltr'><strong>reddantur.</strong></span> <span class='ocrx_word' id='word_1_516' title='bbox 3318 2277 3375 2337; x_wconf 89' lang='lat' dir='ltr'><strong>ln</strong></span> <span class='ocrx_word' id='word_1_517' title='bbox 3409 2294 3737 2351; x_wconf 84' lang='lat' dir='ltr'><strong>quocunque</strong></span> 
     </span>
    </p>
   </div>
   <div class='ocr_carea' id='block_1_71' title="bbox 2136 2367 3737 2440">
    <p class='ocr_par' dir='ltr' id='par_1_71' title="bbox 2136 2367 3737 2440">
     <span class='ocr_line' id='line_1_71' title="bbox 2136 2367 3737 2440; baseline -0.001 -15"><span class='ocrx_word' id='word_1_518' title='bbox 2136 2377 2315 2433; x_wconf 83' lang='lat' dir='ltr'><strong>autem</strong></span> <span class='ocrx_word' id='word_1_519' title='bbox 2343 2384 2538 2440; x_wconf 85' lang='lat' dir='ltr'><strong>genere</strong></span> <span class='ocrx_word' id='word_1_520' title='bbox 2593 2367 2772 2439; x_wconf 88' lang='lat' dir='ltr'><strong>aliqua</strong></span> <span class='ocrx_word' id='word_1_521' title='bbox 2798 2368 3159 2439; x_wconf 68' lang='lat' dir='ltr'><strong>qurestionum</strong></span> <span class='ocrx_word' id='word_1_522' title='bbox 3203 2368 3419 2425; x_wconf 85' lang='lat' dir='ltr'><strong>vincula</strong></span> <span class='ocrx_word' id='word_1_523' title='bbox 3475 2368 3737 2425; x_wconf 78' lang='lat' dir='ltr'><strong>solvenda</strong></span> 
     </span>
    </p>
   </div>
   <div class='ocr_carea' id='block_1_72' title="bbox 2138 2463 3738 2536">
    <p class='ocr_par' dir='ltr' id='par_1_72' title="bbox 2138 2463 3738 2536">
     <span class='ocr_line' id='line_1_72' title="bbox 2138 2463 3738 2536; baseline -0.001 -16"><span class='ocrx_word' id='word_1_524' title='bbox 2138 2473 2283 2530; x_wconf 88' lang='lat' dir='ltr'><strong>sunt,</strong></span> <span class='ocrx_word' id='word_1_525' title='bbox 2312 2464 2564 2521; x_wconf 86' lang='lat' dir='ltr'><strong>acumine</strong></span> <span class='ocrx_word' id='word_1_526' title='bbox 2586 2479 2721 2533; x_wconf 89' lang='lat' dir='ltr'><strong>opus</strong></span> <span class='ocrx_word' id='word_1_527' title='bbox 2748 2472 2855 2528; x_wconf 85' lang='lat' dir='ltr'><strong>est,</strong></span> <span class='ocrx_word' id='word_1_528' title='bbox 2881 2464 3023 2534; x_wconf 91' lang='lat' dir='ltr'><strong>quod</strong></span> <span class='ocrx_word' id='word_1_529' title='bbox 3052 2463 3153 2518; x_wconf 88' lang='lat' dir='ltr'><strong>sibi</strong></span> <span class='ocrx_word' id='word_1_530' title='bbox 3181 2463 3533 2521; x_wconf 85' lang='lat' dir='ltr'><strong>summissum</strong></span> <span class='ocrx_word' id='word_1_531' title='bbox 3568 2479 3738 2536; x_wconf 85' lang='lat' dir='ltr'><strong>genus</strong></span> 
     </span>
    </p>
   </div>
   <div class='ocr_carea' id='block_1_73' title="bbox 2135 2554 3739 2628">
    <p class='ocr_par' dir='ltr' id='par_1_73' title="bbox 2135 2554 3739 2628">
     <span class='ocr_line' id='line_1_73' title="bbox 2135 2554 3739 2628; baseline -0.001 -18"><span class='ocrx_word' id='word_1_532' title='bbox 2135 2556 2353 2628; x_wconf 87' lang='lat' dir='ltr'><strong>proprie</strong></span> <span class='ocrx_word' id='word_1_533' title='bbox 2390 2555 2651 2618; x_wconf 74' lang='lat' dir='ltr'><strong>vindicat.</strong></span> <span class='ocrx_word' id='word_1_534' title='bbox 2679 2554 2756 2609; x_wconf 88' lang='lat' dir='ltr'><strong>Ac</strong></span> <span class='ocrx_word' id='word_1_535' title='bbox 2777 2572 2875 2624; x_wconf 89' lang='lat' dir='ltr'><strong>per</strong></span> <span class='ocrx_word' id='word_1_536' title='bbox 2916 2556 3016 2610; x_wconf 88' lang='lat' dir='ltr'><strong>hoc</strong></span> <span class='ocrx_word' id='word_1_537' title='bbox 3042 2570 3108 2609; x_wconf 91' lang='lat' dir='ltr'><strong>eo</strong></span> <span class='ocrx_word' id='word_1_538' title='bbox 3132 2570 3333 2624; x_wconf 83' lang='lat' dir='ltr'><strong>genere</strong></span> <span class='ocrx_word' id='word_1_539' title='bbox 3360 2555 3622 2613; x_wconf 87' lang='lat' dir='ltr'><strong>utendum</strong></span> <span class='ocrx_word' id='word_1_540' title='bbox 3652 2563 3739 2609; x_wconf 86' lang='lat' dir='ltr'><strong>est</strong></span> 
     </span>
    </p>
   </div>
   <div class='ocr_carea' id='block_1_74' title="bbox 2136 2648 3731 2719">
    <p class='ocr_par' dir='ltr' id='par_1_74' title="bbox 2136 2648 3731 2719">
     <span class='ocr_line' id='line_1_74' title="bbox 2136 2648 3731 2719; baseline -0.003 -13"><span class='ocrx_word' id='word_1_541' title='bbox 2136 2658 2191 2706; x_wconf 90' lang='lat' dir='ltr'><strong>et</strong></span> <span class='ocrx_word' id='word_1_542' title='bbox 2234 2650 2354 2704; x_wconf 90' lang='lat' dir='ltr'><strong>aliis</strong></span> <span class='ocrx_word' id='word_1_543' title='bbox 2383 2650 2593 2704; x_wconf 86' lang='lat' dir='ltr'><strong>duobus</strong></span> <span class='ocrx_word' id='word_1_544' title='bbox 2618 2650 2928 2718; x_wconf 82' lang='lat' dir='ltr'><strong>generibus,</strong></span> <span class='ocrx_word' id='word_1_545' title='bbox 2963 2651 3177 2719; x_wconf 90' lang='lat' dir='ltr'><strong>quando</strong></span> <span class='ocrx_word' id='word_1_546' title='bbox 3209 2648 3287 2702; x_wconf 91' lang='lat' dir='ltr'><strong>eis</strong></span> <span class='ocrx_word' id='word_1_547' title='bbox 3314 2648 3416 2702; x_wconf 85' lang='lat' dir='ltr'><strong>ista</strong></span> <span class='ocrx_word' id='word_1_548' title='bbox 3441 2648 3731 2703; x_wconf 88' lang='lat' dir='ltr'><strong>incidunt:</strong></span> 
     </span>
    </p>
   </div>
   <div class='ocr_carea' id='block_1_75' title="bbox 2135 2741 3733 2812">
    <p class='ocr_par' dir='ltr' id='par_1_75' title="bbox 2135 2741 3733 2812">
     <span class='ocr_line' id='line_1_75' title="bbox 2135 2741 3733 2812; baseline -0.004 -11"><span class='ocrx_word' id='word_1_549' title='bbox 2135 2745 2279 2801; x_wconf 87' lang='lat' dir='ltr'><strong>sicut</strong></span> <span class='ocrx_word' id='word_1_550' title='bbox 2309 2751 2393 2799; x_wconf 89' lang='lat' dir='ltr'><strong>cst</strong></span> <span class='ocrx_word' id='word_1_551' title='bbox 2439 2743 2765 2798; x_wconf 87' lang='lat' dir='ltr'><strong>laudandum</strong></span> <span class='ocrx_word' id='word_1_552' title='bbox 2802 2741 3006 2812; x_wconf 87' lang='lat' dir='ltr'><strong>aliquid</strong></span> <span class='ocrx_word' id='word_1_553' title='bbox 3038 2741 3123 2796; x_wconf 83' lang='lat' dir='ltr'><strong>vel</strong></span> <span class='ocrx_word' id='word_1_554' title='bbox 3161 2742 3603 2812; x_wconf 80' lang='lat' dir='ltr'><strong>vituperandum,</strong></span> <span class='ocrx_word' id='word_1_555' title='bbox 3642 2741 3733 2795; x_wconf 86' lang='lat' dir='ltr'><strong>ubi</strong></span> 
     </span>
    </p>
   </div>
   <div class='ocr_carea' id='block_1_76' title="bbox 2134 2831 3734 2905">
    <p class='ocr_par' dir='ltr' id='par_1_76' title="bbox 2134 2831 3734 2905">
     <span class='ocr_line' id='line_1_76' title="bbox 2134 2831 3734 2905; baseline -0.003 -14"><span class='ocrx_word' id='word_1_556' title='bbox 2134 2852 2238 2891; x_wconf 90' lang='lat' dir='ltr'><strong>nec</strong></span> <span class='ocrx_word' id='word_1_557' title='bbox 2285 2834 2564 2890; x_wconf 85' lang='lat' dir='ltr'><strong>damnatio</strong></span> <span class='ocrx_word' id='word_1_558' title='bbox 2622 2834 2962 2905; x_wconf 82' lang='lat' dir='ltr'><strong>cujusquam,</strong></span> <span class='ocrx_word' id='word_1_559' title='bbox 3017 2847 3117 2888; x_wconf 89' lang='lat' dir='ltr'><strong>nec</strong></span> <span class='ocrx_word' id='word_1_560' title='bbox 3174 2833 3450 2898; x_wconf 85' lang='lat' dir='ltr'><strong>liberatio,</strong></span> <span class='ocrx_word' id='word_1_561' title='bbox 3508 2847 3615 2888; x_wconf 86' lang='lat' dir='ltr'><strong>nee</strong></span> <span class='ocrx_word' id='word_1_562' title='bbox 3666 2831 3734 2886; x_wconf 86' lang='lat' dir='ltr'><strong>ad</strong></span> 
     </span>
    </p>
   </div>
   <div class='ocr_carea' id='block_1_77' title="bbox 2136 2925 3734 2998">
    <p class='ocr_par' dir='ltr' id='par_1_77' title="bbox 2136 2925 3734 2998">
     <span class='ocr_line' id='line_1_77' title="bbox 2136 2925 3734 2998; baseline -0.003 -15"><span class='ocrx_word' id='word_1_563' title='bbox 2136 2930 2404 2985; x_wconf 89' lang='lat' dir='ltr'><strong>actionem</strong></span> <span class='ocrx_word' id='word_1_564' title='bbox 2434 2926 2730 2998; x_wconf 84' lang='lat' dir='ltr'><strong>quamlibet</strong></span> <span class='ocrx_word' id='word_1_565' title='bbox 2775 2925 3018 2982; x_wconf 87' lang='lat' dir='ltr'><strong>assensio</strong></span> <span class='ocrx_word' id='word_1_566' title='bbox 3045 2925 3364 2994; x_wconf 90' lang='lat' dir='ltr'><strong>requiritur,</strong></span> <span class='ocrx_word' id='word_1_567' title='bbox 3404 2926 3460 2979; x_wconf 88' lang='lat' dir='ltr'><strong>in</strong></span> <span class='ocrx_word' id='word_1_568' title='bbox 3488 2940 3734 2995; x_wconf 84' lang='lat' dir='ltr'><strong>quocun-</strong></span> 
     </span>
    </p>
   </div>
   <div class='ocr_carea' id='block_1_78' title="bbox 2135 3017 3735 3095">
    <p class='ocr_par' dir='ltr' id='par_1_78' title="bbox 2135 3017 3735 3095">
     <span class='ocr_line' id='line_1_78' title="bbox 2135 3017 3735 3095; baseline -0.004 -19"><span class='ocrx_word' id='word_1_569' title='bbox 2135 3036 2241 3095; x_wconf 88' lang='lat' dir='ltr'><strong>que</strong></span> <span class='ocrx_word' id='word_1_570' title='bbox 2262 3022 2368 3079; x_wconf 91' lang='lat' dir='ltr'><strong>alio</strong></span> <span class='ocrx_word' id='word_1_571' title='bbox 2393 3036 2592 3092; x_wconf 79' lang='lat' dir='ltr'><strong>genere</strong></span> <span class='ocrx_word' id='word_1_572' title='bbox 2619 3020 2876 3083; x_wconf 84' lang='lat' dir='ltr'><strong>occurrit,</strong></span> <span class='ocrx_word' id='word_1_573' title='bbox 2902 3035 3072 3089; x_wconf 88' lang='lat' dir='ltr'><strong>genus</strong></span> <span class='ocrx_word' id='word_1_574' title='bbox 3102 3018 3466 3075; x_wconf 88' lang='lat' dir='ltr'><strong>adhibendum</strong></span> <span class='ocrx_word' id='word_1_575' title='bbox 3492 3027 3549 3073; x_wconf 89' lang='lat' dir='ltr'><strong>et</strong></span> <span class='ocrx_word' id='word_1_576' title='bbox 3571 3017 3735 3083; x_wconf 81' lang='lat' dir='ltr'><strong>inter-</strong></span> 
     </span>
    </p>
   </div>
   <div class='ocr_carea' id='block_1_79' title="bbox 2132 3112 3735 3188">
    <p class='ocr_par' dir='ltr' id='par_1_79' title="bbox 2132 3112 3735 3188">
     <span class='ocr_line' id='line_1_79' title="bbox 2132 3112 3735 3188; baseline -0.004 -16"><span class='ocrx_word' id='word_1_577' title='bbox 2132 3116 2440 3188; x_wconf 86' lang='lat' dir='ltr'><strong>ponendum</strong></span> <span class='ocrx_word' id='word_1_578' title='bbox 2468 3123 2553 3171; x_wconf 87' lang='lat' dir='ltr'><strong>est</strong></span> <span class='ocrx_word' id='word_1_579' title='bbox 2575 3122 2958 3184; x_wconf 86' lang='lat' dir='ltr'><strong>temperatum.</strong></span> <span class='ocrx_word' id='word_1_580' title='bbox 2977 3114 3035 3168; x_wconf 91' lang='lat' dir='ltr'><strong>ln</strong></span> <span class='ocrx_word' id='word_1_581' title='bbox 3063 3114 3254 3186; x_wconf 82' lang='lat' dir='ltr'><strong>grandi</strong></span> <span class='ocrx_word' id='word_1_582' title='bbox 3282 3128 3410 3183; x_wconf 85' lang='lat' dir='ltr'><strong>ergo</strong></span> <span class='ocrx_word' id='word_1_583' title='bbox 3436 3128 3637 3184; x_wconf 78' lang='lat' dir='ltr'><strong>genere</strong></span> <span class='ocrx_word' id='word_1_584' title='bbox 3658 3112 3735 3166; x_wconf 86' lang='lat' dir='ltr'><strong>iu-</strong></span> 
     </span>
    </p>
   </div>
   <div class='ocr_carea' id='block_1_80' title="bbox 2136 3204 3729 3273">
    <p class='ocr_par' dir='ltr' id='par_1_80' title="bbox 2136 3204 3729 3273">
     <span class='ocr_line' id='line_1_80' title="bbox 2136 3204 3729 3273; baseline -0.006 -7"><span class='ocrx_word' id='word_1_585' title='bbox 2136 3212 2357 3267; x_wconf 86' lang='lat' dir='ltr'><strong>veniunt</strong></span> <span class='ocrx_word' id='word_1_586' title='bbox 2382 3208 2530 3264; x_wconf 88' lang='lat' dir='ltr'><strong>locos</strong></span> <span class='ocrx_word' id='word_1_587' title='bbox 2555 3223 2681 3263; x_wconf 90' lang='lat' dir='ltr'><strong>suos</strong></span> <span class='ocrx_word' id='word_1_588' title='bbox 2706 3207 2811 3265; x_wconf 87' lang='lat' dir='ltr'><strong>duo</strong></span> <span class='ocrx_word' id='word_1_589' title='bbox 2841 3215 3058 3273; x_wconf 72' lang='lat' dir='ltr'><strong>ctetera,</strong></span> <span class='ocrx_word' id='word_1_590' title='bbox 3076 3214 3133 3262; x_wconf 89' lang='lat' dir='ltr'><strong>et</strong></span> <span class='ocrx_word' id='word_1_591' title='bbox 3160 3205 3429 3262; x_wconf 84' lang='lat' dir='ltr'><strong>submisso</strong></span> <span class='ocrx_word' id='word_1_592' title='bbox 3457 3204 3729 3263; x_wconf 73' lang='lat' dir='ltr'><strong>similiter.</strong></span> 
     </span>
    </p>
   </div>
   <div class='ocr_carea' id='block_1_81' title="bbox 2054 3276 3731 3371">
    <p class='ocr_par' dir='ltr' id='par_1_81' title="bbox 2054 3276 3731 3371">
     <span class='ocr_line' id='line_1_81' title="bbox 2054 3276 3731 3371; baseline -0.005 -12"><span class='ocrx_word' id='word_1_593' title='bbox 2054 3276 2107 3345; x_wconf 63' lang='grc' dir='ltr'><strong>δ</strong></span> <span class='ocrx_word' id='word_1_594' title='bbox 2136 3302 2517 3371; x_wconf 83' lang='lat' dir='ltr'><strong>Temperatum</strong></span> <span class='ocrx_word' id='word_1_595' title='bbox 2544 3309 2728 3355; x_wconf 89' lang='lat' dir='ltr'><strong>autem</strong></span> <span class='ocrx_word' id='word_1_596' title='bbox 2768 3313 2940 3370; x_wconf 88' lang='lat' dir='ltr'><strong>genus</strong></span> <span class='ocrx_word' id='word_1_597' title='bbox 2981 3313 3088 3354; x_wconf 89' lang='lat' dir='ltr'><strong>non</strong></span> <span class='ocrx_word' id='word_1_598' title='bbox 3116 3298 3333 3368; x_wconf 90' lang='lat' dir='ltr'><strong>quidem</strong></span> <span class='ocrx_word' id='word_1_599' title='bbox 3371 3311 3609 3366; x_wconf 81' lang='lat' dir='ltr'><strong>semper,</strong></span> <span class='ocrx_word' id='word_1_600' title='bbox 3639 3293 3731 3350; x_wconf 82' lang='lat' dir='ltr'><strong>sed</strong></span> 
     </span>
    </p>
   </div>
   <div class='ocr_carea' id='block_1_82' title="bbox 2135 3388 3731 3463">
    <p class='ocr_par' dir='ltr' id='par_1_82' title="bbox 2135 3388 3731 3463">
     <span class='ocr_line' id='line_1_82' title="bbox 2135 3388 3731 3463; baseline -0.004 -14"><span class='ocrx_word' id='word_1_601' title='bbox 2135 3402 2316 3449; x_wconf 88' lang='lat' dir='ltr'><strong>tamen</strong></span> <span class='ocrx_word' id='word_1_602' title='bbox 2340 3392 2629 3463; x_wconf 89' lang='lat' dir='ltr'><strong>aliquando</strong></span> <span class='ocrx_word' id='word_1_603' title='bbox 2657 3392 2927 3448; x_wconf 84' lang='lat' dir='ltr'><strong>submisso</strong></span> <span class='ocrx_word' id='word_1_604' title='bbox 2949 3391 3169 3461; x_wconf 84' lang='lat' dir='ltr'><strong>indiget,</strong></span> <span class='ocrx_word' id='word_1_605' title='bbox 3189 3391 3255 3456; x_wconf 90' lang='lat' dir='ltr'><strong>si,</strong></span> <span class='ocrx_word' id='word_1_606' title='bbox 3274 3400 3333 3443; x_wconf 89' lang='lat' dir='ltr'><strong>ut</strong></span> <span class='ocrx_word' id='word_1_607' title='bbox 3351 3388 3488 3453; x_wconf 78' lang='lat' dir='ltr'><strong>dixi,</strong></span> <span class='ocrx_word' id='word_1_608' title='bbox 3504 3388 3731 3458; x_wconf 59' lang='lat' dir='ltr'><strong>quaestio</strong></span> 
     </span>
    </p>
   </div>
   <div class='ocr_carea' id='block_1_83' title="bbox 2136 3482 3732 3561">
    <p class='ocr_par' dir='ltr' id='par_1_83' title="bbox 2136 3482 3732 3561">
     <span class='ocr_line' id='line_1_83' title="bbox 2136 3482 3732 3561; baseline -0.006 -15"><span class='ocrx_word' id='word_1_609' title='bbox 2136 3490 2291 3561; x_wconf 88' lang='lat' dir='ltr'><strong>cujus</strong></span> <span class='ocrx_word' id='word_1_610' title='bbox 2308 3487 2480 3544; x_wconf 86' lang='lat' dir='ltr'><strong>nodus</strong></span> <span class='ocrx_word' id='word_1_611' title='bbox 2506 3487 2797 3542; x_wconf 85' lang='lat' dir='ltr'><strong>solvendus</strong></span> <span class='ocrx_word' id='word_1_612' title='bbox 2828 3493 2934 3551; x_wconf 89' lang='lat' dir='ltr'><strong>est,</strong></span> <span class='ocrx_word' id='word_1_613' title='bbox 2958 3485 3203 3541; x_wconf 83' lang='lat' dir='ltr'><strong>incurrat</strong></span> <span class='ocrx_word' id='word_1_614' title='bbox 3224 3500 3240 3550; x_wconf 89' lang='lat'><strong>;</strong></span> <span class='ocrx_word' id='word_1_615' title='bbox 3263 3482 3349 3539; x_wconf 83' lang='lat' dir='ltr'><strong>vel</strong></span> <span class='ocrx_word' id='word_1_616' title='bbox 3360 3482 3582 3552; x_wconf 84' lang='lat' dir='ltr'><strong>quando</strong></span> <span class='ocrx_word' id='word_1_617' title='bbox 3602 3496 3732 3537; x_wconf 84' lang='lat' dir='ltr'><strong>non-</strong></span> 
     </span>
    </p>
   </div>
   <div class='ocr_carea' id='block_1_84' title="bbox 2137 3570 3731 3650">
    <p class='ocr_par' dir='ltr' id='par_1_84' title="bbox 2137 3570 3731 3650">
     <span class='ocr_line' id='line_1_84' title="bbox 2137 3570 3731 3650; baseline -0.008 -13"><span class='ocrx_word' id='word_1_618' title='bbox 2137 3580 2283 3637; x_wconf 90' lang='lat' dir='ltr'><strong>nulla</strong></span> <span class='ocrx_word' id='word_1_619' title='bbox 2316 3594 2436 3650; x_wconf 74' lang='lat' dir='ltr'><strong>qua:</strong></span> <span class='ocrx_word' id='word_1_620' title='bbox 2457 3578 2641 3634; x_wconf 90' lang='lat' dir='ltr'><strong>ornari</strong></span> <span class='ocrx_word' id='word_1_621' title='bbox 2666 3584 2907 3646; x_wconf 87' lang='lat' dir='ltr'><strong>possent,</strong></span> <span class='ocrx_word' id='word_1_622' title='bbox 2938 3576 3061 3631; x_wconf 89' lang='lat' dir='ltr'><strong>ideo</strong></span> <span class='ocrx_word' id='word_1_623' title='bbox 3081 3590 3188 3630; x_wconf 91' lang='lat' dir='ltr'><strong>non</strong></span> <span class='ocrx_word' id='word_1_624' title='bbox 3210 3580 3503 3637; x_wconf 86' lang='lat' dir='ltr'><strong>ornantur,</strong></span> <span class='ocrx_word' id='word_1_625' title='bbox 3530 3580 3594 3627; x_wconf 88' lang='lat' dir='ltr'><strong>ut</strong></span> <span class='ocrx_word' id='word_1_626' title='bbox 3614 3570 3731 3641; x_wconf 88' lang='lat' dir='ltr'><strong>qui-</strong></span> 
     </span>
    </p>
   </div>
   <div class='ocr_carea' id='block_1_85' title="bbox 2136 3663 3729 3741">
    <p class='ocr_par' dir='ltr' id='par_1_85' title="bbox 2136 3663 3729 3741">
     <span class='ocr_line' id='line_1_85' title="bbox 2136 3663 3729 3741; baseline -0.006 -12"><span class='ocrx_word' id='word_1_627' title='bbox 2136 3672 2362 3731; x_wconf 80' lang='lat' dir='ltr'><strong>busdam</strong></span> <span class='ocrx_word' id='word_1_628' title='bbox 2401 3670 2554 3741; x_wconf 89' lang='lat' dir='ltr'><strong>quasi</strong></span> <span class='ocrx_word' id='word_1_629' title='bbox 2585 3671 2758 3725; x_wconf 89' lang='lat' dir='ltr'><strong>thoris</strong></span> <span class='ocrx_word' id='word_1_630' title='bbox 2802 3676 3246 3725; x_wconf 88' lang='lat' dir='ltr'><strong>ornamentorum</strong></span> <span class='ocrx_word' id='word_1_631' title='bbox 3278 3667 3560 3737; x_wconf 71' lang='lat' dir='ltr'><strong>praebeant</strong></span> <span class='ocrx_word' id='word_1_632' title='bbox 3599 3663 3729 3721; x_wconf 87' lang='lat' dir='ltr'><strong>emi-</strong></span> 
     </span>
    </p>
   </div>
   <div class='ocr_carea' id='block_1_86' title="bbox 2137 3756 3727 3829">
    <p class='ocr_par' dir='ltr' id='par_1_86' title="bbox 2137 3756 3727 3829">
     <span class='ocr_line' id='line_1_86' title="bbox 2137 3756 3727 3829; baseline -0.003 -11"><span class='ocrx_word' id='word_1_633' title='bbox 2137 3765 2442 3820; x_wconf 84' lang='lat' dir='ltr'><strong>nentiorem</strong></span> <span class='ocrx_word' id='word_1_634' title='bbox 2473 3762 2674 3817; x_wconf 90' lang='lat' dir='ltr'><strong>locum.</strong></span> <span class='ocrx_word' id='word_1_635' title='bbox 2704 3760 3064 3817; x_wconf 87' lang='lat' dir='ltr'><strong>Summissum</strong></span> <span class='ocrx_word' id='word_1_636' title='bbox 3082 3774 3250 3829; x_wconf 90' lang='lat' dir='ltr'><strong>genus</strong></span> <span class='ocrx_word' id='word_1_637' title='bbox 3274 3757 3488 3813; x_wconf 86' lang='lat' dir='ltr'><strong>dicendi</strong></span> <span class='ocrx_word' id='word_1_638' title='bbox 3508 3756 3727 3813; x_wconf 80' lang='lat' dir='ltr'><strong>silentes</strong></span> 
     </span>
    </p>
   </div>
   <div class='ocr_carea' id='block_1_87' title="bbox 2139 3851 3730 3925">
    <p class='ocr_par' dir='ltr' id='par_1_87' title="bbox 2139 3851 3730 3925">
     <span class='ocr_line' id='line_1_87' title="bbox 2139 3851 3730 3925; baseline -0.004 -11"><span class='ocrx_word' id='word_1_639' title='bbox 2139 3858 2325 3921; x_wconf 80' lang='lat' dir='ltr'><strong>docet;</strong></span> <span class='ocrx_word' id='word_1_640' title='bbox 2357 3863 2414 3913; x_wconf 90' lang='lat' dir='ltr'><strong>et</strong></span> <span class='ocrx_word' id='word_1_641' title='bbox 2449 3863 2810 3925; x_wconf 86' lang='lat' dir='ltr'><strong>temperatum</strong></span> <span class='ocrx_word' id='word_1_642' title='bbox 2845 3868 3017 3924; x_wconf 87' lang='lat' dir='ltr'><strong>genus</strong></span> <span class='ocrx_word' id='word_1_643' title='bbox 3042 3852 3401 3909; x_wconf 85' lang='lat' dir='ltr'><strong>delectatione</strong></span> <span class='ocrx_word' id='word_1_644' title='bbox 3424 3866 3527 3908; x_wconf 82' lang='lat' dir='ltr'><strong>sua</strong></span> <span class='ocrx_word' id='word_1_645' title='bbox 3552 3851 3730 3909; x_wconf 72' lang='lat' dir='ltr'><strong>accla-</strong></span> 
     </span>
    </p>
   </div>
   <div class='ocr_carea' id='block_1_88' title="bbox 2137 3946 3731 4017">
    <p class='ocr_par' dir='ltr' id='par_1_88' title="bbox 2137 3946 3731 4017">
     <span class='ocr_line' id='line_1_88' title="bbox 2137 3946 3731 4017; baseline -0.001 -13"><span class='ocrx_word' id='word_1_646' title='bbox 2137 3950 2406 4011; x_wconf 86' lang='lat' dir='ltr'><strong>mationes</strong></span> <span class='ocrx_word' id='word_1_647' title='bbox 2456 3948 2793 4004; x_wconf 88' lang='lat' dir='ltr'><strong>audientium</strong></span> <span class='ocrx_word' id='word_1_648' title='bbox 2821 3948 3055 4009; x_wconf 81' lang='lat' dir='ltr'><strong>excitat;</strong></span> <span class='ocrx_word' id='word_1_649' title='bbox 3089 3946 3293 4017; x_wconf 84' lang='lat' dir='ltr'><strong>grande</strong></span> <span class='ocrx_word' id='word_1_650' title='bbox 3340 3954 3523 4000; x_wconf 85' lang='lat' dir='ltr'><strong>autem</strong></span> <span class='ocrx_word' id='word_1_651' title='bbox 3558 3958 3731 4017; x_wconf 67' lang='lat' dir='ltr'><strong>gentm</strong></span> 
     </span>
    </p>
   </div>
   <div class='ocr_carea' id='block_1_89' title="bbox 2137 4035 3728 4112">
    <p class='ocr_par' dir='ltr' id='par_1_89' title="bbox 2137 4035 3728 4112">
     <span class='ocr_line' id='line_1_89' title="bbox 2137 4035 3728 4112; baseline -0.002 -18"><span class='ocrx_word' id='word_1_652' title='bbox 2137 4041 2456 4112; x_wconf 89' lang='lat' dir='ltr'><strong>plerumque</strong></span> <span class='ocrx_word' id='word_1_653' title='bbox 2492 4040 2731 4109; x_wconf 90' lang='lat' dir='ltr'><strong>pondere</strong></span> <span class='ocrx_word' id='word_1_654' title='bbox 2767 4054 2869 4095; x_wconf 90' lang='lat' dir='ltr'><strong>suo</strong></span> <span class='ocrx_word' id='word_1_655' title='bbox 2897 4053 3059 4094; x_wconf 80' lang='lat' dir='ltr'><strong>voces</strong></span> <span class='ocrx_word' id='word_1_656' title='bbox 3081 4036 3299 4107; x_wconf 90' lang='lat' dir='ltr'><strong>premit,</strong></span> <span class='ocrx_word' id='word_1_657' title='bbox 3332 4036 3429 4092; x_wconf 87' lang='lat' dir='ltr'><strong>sed</strong></span> <span class='ocrx_word' id='word_1_658' title='bbox 3459 4035 3728 4107; x_wconf 80' lang='lat' dir='ltr'><strong>lacrymas</strong></span> 
     </span>
    </p>
   </div>
   <div class='ocr_carea' id='block_1_90' title="bbox 2138 4130 3728 4205">
    <p class='ocr_par' dir='ltr' id='par_1_90' title="bbox 2138 4130 3728 4205">
     <span class='ocr_line' id='line_1_90' title="bbox 2138 4130 3728 4205; baseline -0.003 -16"><span class='ocrx_word' id='word_1_659' title='bbox 2138 4134 2395 4205; x_wconf 82' lang='lat' dir='ltr'><strong>exprimit</strong></span> <span class='ocrx_word' id='word_1_660' title='bbox 2427 4153 2440 4189; x_wconf 89' lang='lat'><strong>:</strong></span> <span class='ocrx_word' id='word_1_661' title='bbox 2481 4143 2538 4189; x_wconf 89' lang='lat' dir='ltr'><strong>et</strong></span> <span class='ocrx_word' id='word_1_662' title='bbox 2565 4135 2669 4189; x_wconf 91' lang='lat' dir='ltr'><strong>hoc</strong></span> <span class='ocrx_word' id='word_1_663' title='bbox 2694 4134 2859 4199; x_wconf 89' lang='lat' dir='ltr'><strong>unde,</strong></span> <span class='ocrx_word' id='word_1_664' title='bbox 2889 4132 2993 4188; x_wconf 87' lang='lat' dir='ltr'><strong>nisi</strong></span> <span class='ocrx_word' id='word_1_665' title='bbox 3021 4132 3148 4202; x_wconf 85' lang='lat' dir='ltr'><strong>quia</strong></span> <span class='ocrx_word' id='word_1_666' title='bbox 3169 4130 3371 4186; x_wconf 85' lang='lat' dir='ltr'><strong>veritas</strong></span> <span class='ocrx_word' id='word_1_667' title='bbox 3397 4130 3479 4185; x_wconf 90' lang='lat' dir='ltr'><strong>sic</strong></span> <span class='ocrx_word' id='word_1_668' title='bbox 3507 4131 3728 4185; x_wconf 80' lang='lat' dir='ltr'><strong>demon-</strong></span> 
     </span>
    </p>
   </div>
   <div class='ocr_carea' id='block_1_91' title="bbox 2137 4222 3761 4297">
    <p class='ocr_par' dir='ltr' id='par_1_91' title="bbox 2137 4222 3761 4297">
     <span class='ocr_line' id='line_1_91' title="bbox 2137 4222 3761 4297; baseline -0.003 -16"><span class='ocrx_word' id='word_1_669' title='bbox 2137 4235 2333 4290; x_wconf 87' lang='lat' dir='ltr'><strong>strata,</strong></span> <span class='ocrx_word' id='word_1_670' title='bbox 2363 4227 2443 4281; x_wconf 91' lang='lat' dir='ltr'><strong>sic</strong></span> <span class='ocrx_word' id='word_1_671' title='bbox 2466 4225 2708 4297; x_wconf 87' lang='lat' dir='ltr'><strong>defensa,</strong></span> <span class='ocrx_word' id='word_1_672' title='bbox 2741 4227 2821 4281; x_wconf 91' lang='lat' dir='ltr'><strong>sic</strong></span> <span class='ocrx_word' id='word_1_673' title='bbox 2866 4225 3066 4280; x_wconf 85' lang='lat' dir='ltr'><strong>invicta</strong></span> <span class='ocrx_word' id='word_1_674' title='bbox 3091 4223 3427 4278; x_wconf 77' lang='lat' dir='ltr'><strong>delectatur?</strong></span> <span class='ocrx_word' id='word_1_675' title='bbox 3468 4222 3576 4277; x_wconf 88' lang='lat' dir='ltr'><strong>Iste</strong></span> <span class='ocrx_word' id='word_1_676' title='bbox 3599 4237 3726 4294; x_wconf 83' lang='lat' dir='ltr'><strong>ergo</strong></span> <span class='ocrx_word' id='word_1_677' title='bbox 3752 4248 3761 4257; x_wconf 88' lang='lat'><strong>-</strong></span> 
     </span>
    </p>
   </div>
   <div class='ocr_carea' id='block_1_92' title="bbox 2138 4313 3729 4387">
    <p class='ocr_par' dir='ltr' id='par_1_92' title="bbox 2138 4313 3729 4387">
     <span class='ocr_line' id='line_1_92' title="bbox 2138 4313 3729 4387; baseline -0.003 -15"><span class='ocrx_word' id='word_1_678' title='bbox 2138 4318 2335 4373; x_wconf 87' lang='lat' dir='ltr'><strong>doctor</strong></span> <span class='ocrx_word' id='word_1_679' title='bbox 2363 4326 2553 4373; x_wconf 88' lang='lat' dir='ltr'><strong>noster</strong></span> <span class='ocrx_word' id='word_1_680' title='bbox 2593 4327 2647 4371; x_wconf 90' lang='lat' dir='ltr'><strong>et</strong></span> <span class='ocrx_word' id='word_1_681' title='bbox 2672 4318 2848 4372; x_wconf 90' lang='lat' dir='ltr'><strong>dictor</strong></span> <span class='ocrx_word' id='word_1_682' title='bbox 2884 4330 3210 4387; x_wconf 85' lang='lat' dir='ltr'><strong>magnopere</strong></span> <span class='ocrx_word' id='word_1_683' title='bbox 3238 4329 3432 4369; x_wconf 86' lang='lat' dir='ltr'><strong>curare</strong></span> <span class='ocrx_word' id='word_1_684' title='bbox 3460 4313 3644 4380; x_wconf 86' lang='lat' dir='ltr'><strong>debet,</strong></span> <span class='ocrx_word' id='word_1_685' title='bbox 3674 4321 3729 4368; x_wconf 89' lang='lat' dir='ltr'><strong>ut</strong></span> 
     </span>
    </p>
   </div>
   <div class='ocr_carea' id='block_1_93' title="bbox 2137 4405 3728 4479">
    <p class='ocr_par' dir='ltr' id='par_1_93' title="bbox 2137 4405 3728 4479">
     <span class='ocr_line' id='line_1_93' title="bbox 2137 4405 3728 4479; baseline -0.003 -15"><span class='ocrx_word' id='word_1_686' title='bbox 2137 4424 2250 4464; x_wconf 89' lang='lat' dir='ltr'><strong>non</strong></span> <span class='ocrx_word' id='word_1_687' title='bbox 2281 4408 2456 4463; x_wconf 91' lang='lat' dir='ltr'><strong>solum</strong></span> <span class='ocrx_word' id='word_1_688' title='bbox 2508 4407 2895 4479; x_wconf 81' lang='lat' dir='ltr'><strong>intelligenter,</strong></span> <span class='ocrx_word' id='word_1_689' title='bbox 2940 4422 3128 4462; x_wconf 85' lang='lat' dir='ltr'><strong>verum</strong></span> <span class='ocrx_word' id='word_1_690' title='bbox 3174 4407 3340 4462; x_wconf 88' lang='lat' dir='ltr'><strong>etiam</strong></span> <span class='ocrx_word' id='word_1_691' title='bbox 3388 4405 3626 4461; x_wconf 89' lang='lat' dir='ltr'><strong>libenter</strong></span> <span class='ocrx_word' id='word_1_692' title='bbox 3676 4413 3728 4460; x_wconf 90' lang='lat' dir='ltr'><strong>et</strong></span> 
     </span>
    </p>
   </div>
   <div class='ocr_carea' id='block_1_94' title="bbox 2135 4494 3775 4574">
    <p class='ocr_par' dir='ltr' id='par_1_94' title="bbox 2135 4494 3775 4574">
     <span class='ocr_line' id='line_1_94' title="bbox 2135 4494 3775 4574; baseline -0.002 -17"><span class='ocrx_word' id='word_1_693' title='bbox 2135 4503 2450 4557; x_wconf 88' lang='lat' dir='ltr'><strong>obedienter</strong></span> <span class='ocrx_word' id='word_1_694' title='bbox 2492 4503 2775 4568; x_wconf 82' lang='lat' dir='ltr'><strong>audiatur;</strong></span> <span class='ocrx_word' id='word_1_695' title='bbox 2820 4502 2984 4574; x_wconf 87' lang='lat' dir='ltr'><strong>idque</strong></span> <span class='ocrx_word' id='word_1_696' title='bbox 3027 4501 3209 4556; x_wconf 86' lang='lat' dir='ltr'><strong>verbis</strong></span> <span class='ocrx_word' id='word_1_697' title='bbox 3257 4508 3385 4571; x_wconf 82' lang='lat' dir='ltr'><strong>agat</strong></span> <span class='ocrx_word' id='word_1_698' title='bbox 3429 4508 3491 4555; x_wconf 91' lang='lat' dir='ltr'><strong>ut</strong></span> <span class='ocrx_word' id='word_1_699' title='bbox 3522 4501 3724 4554; x_wconf 79' lang='lat' dir='ltr'><strong>veritas</strong></span> 
     </span>
    </p>
   </div>
   <div class='ocr_carea' id='block_1_95' title="bbox 2136 4570 3773 4665">
    <p class='ocr_par' dir='ltr' id='par_1_95' title="bbox 2136 4570 3773 4665">
     <span class='ocr_line' id='line_1_95' title="bbox 2136 4570 3773 4665; baseline -0.003 -17"><span class='ocrx_word' id='word_1_700' title='bbox 2136 4602 2336 4663; x_wconf 88' lang='lat' dir='ltr'><strong>pateat,</strong></span> <span class='ocrx_word' id='word_1_701' title='bbox 2381 4594 2584 4650; x_wconf 86' lang='lat' dir='ltr'><strong>veritas</strong></span> <span class='ocrx_word' id='word_1_702' title='bbox 2620 4595 2853 4665; x_wconf 83' lang='lat' dir='ltr'><strong>placeat,</strong></span> <span class='ocrx_word' id='word_1_703' title='bbox 2894 4570 3114 4648; x_wconf 53' lang='lat' dir='ltr'><strong>veritas</strong></span> <span class='ocrx_word' id='word_1_704' title='bbox 3159 4570 3374 4648; x_wconf 82' lang='lat' dir='ltr'><strong>moveat</strong></span> <span class='ocrx_word' id='word_1_705' title='bbox 3423 4589 3721 4659; x_wconf 87' lang='lat' dir='ltr'><strong>:quoniam</strong></span> <span class='ocrx_word' id='word_1_706' title='bbox 3748 4570 3773 4601; x_wconf 53' lang='grc'><strong><em>⁸</em></strong></span> 
     </span>
    </p>
   </div>
   <div class='ocr_carea' id='block_1_96' title="bbox 439 4681 2031 4774">
    <p class='ocr_par' dir='ltr' id='par_1_96' title="bbox 439 4698 2025 4774">
     <span class='ocr_line' id='line_1_96' title="bbox 439 4698 2025 4774; baseline 0.015 -30"><span class='ocrx_word' id='word_1_707' title='bbox 439 4699 630 4745; x_wconf 89' lang='lat' dir='ltr'><strong>aurato</strong></span> <span class='ocrx_word' id='word_1_708' title='bbox 666 4704 1043 4766; x_wconf 79' lang='lat' dir='ltr'><strong>gemmatoque</strong></span> <span class='ocrx_word' id='word_1_709' title='bbox 1071 4698 1216 4753; x_wconf 79' lang='lat' dir='ltr'><strong>fcrro</strong></span> <span class='ocrx_word' id='word_1_710' title='bbox 1240 4701 1328 4755; x_wconf 85' lang='lat' dir='ltr'><strong>vir</strong></span> <span class='ocrx_word' id='word_1_711' title='bbox 1369 4702 1523 4758; x_wconf 90' lang='lat' dir='ltr'><strong>fortis</strong></span> <span class='ocrx_word' id='word_1_712' title='bbox 1549 4715 1808 4774; x_wconf 86' lang='lat' dir='ltr'><strong>armetur,</strong></span> <span class='ocrx_word' id='word_1_713' title='bbox 1841 4710 2025 4766; x_wconf 88' lang='lat' dir='ltr'><strong>inten-</strong></span> 
     </span>
    </p>
   </div>
   <div class='ocr_carea' id='block_1_97' title="bbox 2139 4681 3722 4774">
    <p class='ocr_par' dir='ltr' id='par_1_97' title="bbox 2139 4681 3722 4757">
     <span class='ocr_line' id='line_1_97' title="bbox 2139 4681 3722 4757; baseline -0.003 -15"><span class='ocrx_word' id='word_1_714' title='bbox 2139 4702 2236 4742; x_wconf 91' lang='lat' dir='ltr'><strong>nec</strong></span> <span class='ocrx_word' id='word_1_715' title='bbox 2283 4686 2397 4757; x_wconf 86' lang='lat' dir='ltr'><strong>ipsa</strong></span> <span class='ocrx_word' id='word_1_716' title='bbox 2450 4701 2571 4756; x_wconf 72' lang='lat' dir='ltr'><strong>qua:</strong></span> <span class='ocrx_word' id='word_1_717' title='bbox 2598 4687 2855 4756; x_wconf 70' lang='lat' dir='ltr'><strong>pmcepti</strong></span> <span class='ocrx_word' id='word_1_718' title='bbox 2895 4684 3018 4740; x_wconf 81' lang='lat' dir='ltr'><strong>linis</strong></span> <span class='ocrx_word' id='word_1_719' title='bbox 3055 4692 3111 4740; x_wconf 86' lang='lat' dir='ltr'><strong>et</strong></span> <span class='ocrx_word' id='word_1_720' title='bbox 3155 4682 3435 4753; x_wconf 87' lang='lat' dir='ltr'><strong>plenitudo</strong></span> <span class='ocrx_word' id='word_1_721' title='bbox 3466 4681 3604 4753; x_wconf 83' lang='lat' dir='ltr'><strong>legis</strong></span> <span class='ocrx_word' id='word_1_722' title='bbox 3643 4688 3722 4737; x_wconf 86' lang='lat' dir='ltr'><strong>est</strong></span> 
     </span>
    </p>
   </div>
   <div class='ocr_carea' id='block_1_98' title="bbox 437 4781 2021 4873">
    <p class='ocr_par' dir='ltr' id='par_1_98' title="bbox 437 4781 2021 4873">
     <span class='ocr_line' id='line_1_98' title="bbox 437 4781 2021 4873; baseline 0.013 -37"><span class='ocrx_word' id='word_1_723' title='bbox 437 4781 682 4837; x_wconf 87' lang='lat' dir='ltr'><strong>tissimus</strong></span> <span class='ocrx_word' id='word_1_724' title='bbox 716 4800 930 4855; x_wconf 74' lang='lat' dir='ltr'><strong>pugnm,</strong></span> <span class='ocrx_word' id='word_1_725' title='bbox 962 4788 1072 4858; x_wconf 85' lang='lat' dir='ltr'><strong>agit</strong></span> <span class='ocrx_word' id='word_1_726' title='bbox 1099 4791 1315 4859; x_wconf 86' lang='lat' dir='ltr'><strong>quidem</strong></span> <span class='ocrx_word' id='word_1_727' title='bbox 1355 4793 1461 4849; x_wconf 89' lang='lat' dir='ltr'><strong>illis</strong></span> <span class='ocrx_word' id='word_1_728' title='bbox 1510 4796 1676 4851; x_wconf 88' lang='lat' dir='ltr'><strong>armis</strong></span> <span class='ocrx_word' id='word_1_729' title='bbox 1710 4799 1853 4868; x_wconf 90' lang='lat' dir='ltr'><strong>quod</strong></span> <span class='ocrx_word' id='word_1_730' title='bbox 1891 4802 2021 4873; x_wconf 87' lang='lat' dir='ltr'><strong>agit,</strong></span> 
     </span>
    </p>
   </div>
   <div class='ocr_carea' id='block_1_99' title="bbox 436 4876 2025 4961">
    <p class='ocr_par' dir='ltr' id='par_1_99' title="bbox 436 4876 2025 4961">
     <span class='ocr_line' id='line_1_99' title="bbox 436 4876 2025 4961; baseline 0.012 -32"><span class='ocrx_word' id='word_1_731' title='bbox 436 4888 543 4929; x_wconf 92' lang='lat' dir='ltr'><strong>non</strong></span> <span class='ocrx_word' id='word_1_732' title='bbox 571 4876 694 4946; x_wconf 89' lang='lat' dir='ltr'><strong>quia</strong></span> <span class='ocrx_word' id='word_1_733' title='bbox 739 4878 998 4948; x_wconf 88' lang='lat' dir='ltr'><strong>pretiosa,</strong></span> <span class='ocrx_word' id='word_1_734' title='bbox 1026 4880 1117 4935; x_wconf 85' lang='lat' dir='ltr'><strong>sed</strong></span> <span class='ocrx_word' id='word_1_735' title='bbox 1142 4883 1265 4951; x_wconf 90' lang='lat' dir='ltr'><strong>quia</strong></span> <span class='ocrx_word' id='word_1_736' title='bbox 1295 4900 1445 4939; x_wconf 88' lang='lat' dir='ltr'><strong>arma</strong></span> <span class='ocrx_word' id='word_1_737' title='bbox 1476 4896 1618 4941; x_wconf 89' lang='lat' dir='ltr'><strong>sunt.</strong></span> <span class='ocrx_word' id='word_1_738' title='bbox 1653 4888 1779 4959; x_wconf 85' lang='lat' dir='ltr'><strong>Agit</strong></span> <span class='ocrx_word' id='word_1_739' title='bbox 1808 4902 2025 4961; x_wconf 89' lang='lat' dir='ltr'><strong>aposto-</strong></span> 
     </span>
    </p>
   </div>
   <div class='ocr_carea' id='block_1_100' title="bbox 436 4963 2023 5049">
    <p class='ocr_par' dir='ltr' id='par_1_100' title="bbox 436 4963 2023 5049">
     <span class='ocr_line' id='line_1_100' title="bbox 436 4963 2023 5049; baseline 0.013 -31"><span class='ocrx_word' id='word_1_740' title='bbox 436 4963 541 5031; x_wconf 87' lang='lat' dir='ltr'><strong>lus,</strong></span> <span class='ocrx_word' id='word_1_741' title='bbox 590 4975 649 5020; x_wconf 94' lang='lat' dir='ltr'><strong>ut</strong></span> <span class='ocrx_word' id='word_1_742' title='bbox 687 4983 787 5038; x_wconf 92' lang='lat' dir='ltr'><strong>pro</strong></span> <span class='ocrx_word' id='word_1_743' title='bbox 833 4971 1139 5041; x_wconf 82' lang='lat' dir='ltr'><strong>evangelico</strong></span> <span class='ocrx_word' id='word_1_744' title='bbox 1192 4974 1495 5032; x_wconf 89' lang='lat' dir='ltr'><strong>ministerio</strong></span> <span class='ocrx_word' id='word_1_745' title='bbox 1558 4980 1829 5049; x_wconf 84' lang='lat' dir='ltr'><strong>patienter</strong></span> <span class='ocrx_word' id='word_1_746' title='bbox 1880 4985 2023 5039; x_wconf 90' lang='lat' dir='ltr'><strong>mala</strong></span> 
     </span>
    </p>
   </div>
   <div class='ocr_carea' id='block_1_101' title="bbox 433 5056 2021 5135">
    <p class='ocr_par' dir='ltr' id='par_1_101' title="bbox 433 5056 2021 5135">
     <span class='ocr_line' id='line_1_101' title="bbox 433 5056 2021 5135; baseline 0.014 -22"><span class='ocrx_word' id='word_1_747' title='bbox 433 5056 594 5129; x_wconf 87' lang='lat' dir='ltr'><strong>hujus</strong></span> <span class='ocrx_word' id='word_1_748' title='bbox 639 5063 895 5130; x_wconf 86' lang='lat' dir='ltr'><strong>temporis</strong></span> <span class='ocrx_word' id='word_1_749' title='bbox 933 5078 1055 5119; x_wconf 91' lang='lat' dir='ltr'><strong>cum</strong></span> <span class='ocrx_word' id='word_1_750' title='bbox 1078 5065 1272 5123; x_wconf 90' lang='lat' dir='ltr'><strong>solatio</strong></span> <span class='ocrx_word' id='word_1_751' title='bbox 1301 5071 1564 5129; x_wconf 87' lang='lat' dir='ltr'><strong>donorum</strong></span> <span class='ocrx_word' id='word_1_752' title='bbox 1597 5074 1691 5130; x_wconf 86' lang='lat' dir='ltr'><strong>Del</strong></span> <span class='ocrx_word' id='word_1_753' title='bbox 1731 5079 1908 5132; x_wconf 90' lang='lat' dir='ltr'><strong>omnia</strong></span> <span class='ocrx_word' id='word_1_754' title='bbox 1940 5087 2021 5135; x_wconf 91' lang='lat' dir='ltr'><strong>to-</strong></span> 
     </span>
    </p>
   </div>
   <div class='ocr_carea' id='block_1_102' title="bbox 431 5144 2026 5235">
    <p class='ocr_par' dir='ltr' id='par_1_102' title="bbox 431 5144 2026 5235">
     <span class='ocr_line' id='line_1_102' title="bbox 431 5144 2026 5235; baseline 0.014 -34"><span class='ocrx_word' id='word_1_755' title='bbox 431 5144 695 5205; x_wconf 70' lang='lat' dir='ltr'><strong>lerantur.</strong></span> <span class='ocrx_word' id='word_1_756' title='bbox 727 5150 916 5223; x_wconf 83' lang='lat' dir='ltr'><strong>Magna</strong></span> <span class='ocrx_word' id='word_1_757' title='bbox 952 5170 1039 5210; x_wconf 87' lang='lat' dir='ltr'><strong>res</strong></span> <span class='ocrx_word' id='word_1_758' title='bbox 1063 5166 1164 5219; x_wconf 86' lang='lat' dir='ltr'><strong>est,</strong></span> <span class='ocrx_word' id='word_1_759' title='bbox 1192 5167 1245 5214; x_wconf 89' lang='lat' dir='ltr'><strong>et</strong></span> <span class='ocrx_word' id='word_1_760' title='bbox 1275 5163 1553 5231; x_wconf 82' lang='lat' dir='ltr'><strong>granditer</strong></span> <span class='ocrx_word' id='word_1_761' title='bbox 1580 5167 1775 5235; x_wconf 84' lang='lat' dir='ltr'><strong>agitur,</strong></span> <span class='ocrx_word' id='word_1_762' title='bbox 1807 5184 1907 5223; x_wconf 89' lang='lat' dir='ltr'><strong>nec</strong></span> <span class='ocrx_word' id='word_1_763' title='bbox 1933 5170 2026 5223; x_wconf 90' lang='lat' dir='ltr'><strong>de-</strong></span> 
     </span>
    </p>
   </div>
   <div class='ocr_carea' id='block_1_103' title="bbox 434 5248 2024 5331">
    <p class='ocr_par' dir='ltr' id='par_1_103' title="bbox 434 5248 2024 5331">
     <span class='ocr_line' id='line_1_103' title="bbox 434 5248 2024 5331; baseline 0.013 -35"><span class='ocrx_word' id='word_1_764' title='bbox 434 5250 560 5296; x_wconf 89' lang='lat' dir='ltr'><strong>sunt</strong></span> <span class='ocrx_word' id='word_1_765' title='bbox 593 5255 911 5302; x_wconf 87' lang='lat' dir='ltr'><strong>ornamcnta</strong></span> <span class='ocrx_word' id='word_1_766' title='bbox 940 5248 1152 5306; x_wconf 83' lang='lat' dir='ltr'><strong>dicendi</strong></span> <span class='ocrx_word' id='word_1_767' title='bbox 1191 5269 1204 5306; x_wconf 88' lang='lat'>:</span> <span class='ocrx_word' id='word_1_768' title='bbox 1245 5253 1383 5309; x_wconf 79' lang='lat' dir='ltr'><strong>Ecce</strong></span> <span class='ocrx_word' id='word_1_769' title='bbox 1413 5272 1571 5321; x_wconf 87' lang='lat' dir='ltr'><strong>nunc,</strong></span> <span class='ocrx_word' id='word_1_770' title='bbox 1602 5258 1797 5329; x_wconf 89' lang='lat' dir='ltr'><strong>inquit,</strong></span> <span class='ocrx_word' id='word_1_771' title='bbox 1823 5268 2024 5331; x_wconf 87' lang='lat' dir='ltr'><strong>tempus</strong></span> 
     </span>
    </p>
   </div>
   <div class='ocr_carea' id='block_1_104' title="bbox 434 5336 2026 5424">
    <p class='ocr_par' dir='ltr' id='par_1_104' title="bbox 434 5336 2026 5424">
     <span class='ocr_line' id='line_1_104' title="bbox 434 5336 2026 5424; baseline 0.014 -38"><span class='ocrx_word' id='word_1_772' title='bbox 434 5336 766 5404; x_wconf 78' lang='lat' dir='ltr'><strong>acceptabile,</strong></span> <span class='ocrx_word' id='word_1_773' title='bbox 804 5356 919 5395; x_wconf 81' lang='lat' dir='ltr'><strong>ecce</strong></span> <span class='ocrx_word' id='word_1_774' title='bbox 966 5358 1103 5399; x_wconf 88' lang='lat' dir='ltr'><strong>nunc</strong></span> <span class='ocrx_word' id='word_1_775' title='bbox 1146 5346 1256 5401; x_wconf 84' lang='lat' dir='ltr'><strong>dies</strong></span> <span class='ocrx_word' id='word_1_776' title='bbox 1290 5340 1504 5401; x_wconf 80' lang='lat' dir='ltr'><strong>salutis.</strong></span> <span class='ocrx_word' id='word_1_777' title='bbox 1546 5349 1765 5404; x_wconf 87' lang='lat' dir='ltr'><strong>Nullam</strong></span> <span class='ocrx_word' id='word_1_778' title='bbox 1804 5353 1860 5405; x_wconf 87' lang='lat' dir='ltr'><strong>in</strong></span> <span class='ocrx_word' id='word_1_779' title='bbox 1899 5371 2026 5424; x_wconf 87' lang='lat' dir='ltr'><strong>quo-</strong></span> 
     </span>
    </p>
   </div>
   <div class='ocr_carea' id='block_1_105' title="bbox 431 5426 2026 5509">
    <p class='ocr_par' dir='ltr' id='par_1_105' title="bbox 431 5426 2026 5509">
     <span class='ocr_line' id='line_1_105' title="bbox 431 5426 2026 5509; baseline 0.015 -33"><span class='ocrx_word' id='word_1_780' title='bbox 431 5442 587 5493; x_wconf 85' lang='lat' dir='ltr'><strong>quam</strong></span> <span class='ocrx_word' id='word_1_781' title='bbox 616 5426 797 5483; x_wconf 89' lang='lat' dir='ltr'><strong>dantes</strong></span> <span class='ocrx_word' id='word_1_782' title='bbox 828 5433 1188 5503; x_wconf 76' lang='lat' dir='ltr'><strong>oﬂensionem,</strong></span> <span class='ocrx_word' id='word_1_783' title='bbox 1217 5448 1272 5492; x_wconf 89' lang='lat' dir='ltr'><strong>ut</strong></span> <span class='ocrx_word' id='word_1_784' title='bbox 1304 5456 1407 5493; x_wconf 88' lang='lat' dir='ltr'><strong>non</strong></span> <span class='ocrx_word' id='word_1_785' title='bbox 1432 5442 1842 5509; x_wconf 82' lang='lat' dir='ltr'><strong>reprehendatur</strong></span> <span class='ocrx_word' id='word_1_786' title='bbox 1869 5445 2026 5500; x_wconf 86' lang='lat' dir='ltr'><strong>mini-</strong></span> 
     </span>
    </p>
   </div>
   <div class='ocr_carea' id='block_1_106' title="bbox 428 5517 2022 5590">
    <p class='ocr_par' dir='ltr' id='par_1_106' title="bbox 428 5517 2022 5590">
     <span class='ocr_line' id='line_1_106' title="bbox 428 5517 2022 5590; baseline 0.013 -20"><span class='ocrx_word' id='word_1_787' title='bbox 428 5517 643 5570; x_wconf 85' lang='lat' dir='ltr'><strong>sterium</strong></span> <span class='ocrx_word' id='word_1_788' title='bbox 673 5529 944 5588; x_wconf 85' lang='lat' dir='ltr'><strong>nostrum;</strong></span> <span class='ocrx_word' id='word_1_789' title='bbox 979 5526 1071 5581; x_wconf 85' lang='lat' dir='ltr'><strong>sed</strong></span> <span class='ocrx_word' id='word_1_790' title='bbox 1099 5529 1153 5581; x_wconf 87' lang='lat' dir='ltr'><strong>in</strong></span> <span class='ocrx_word' id='word_1_791' title='bbox 1185 5530 1424 5584; x_wconf 78' lang='lat' dir='ltr'><strong>omnibus</strong></span> <span class='ocrx_word' id='word_1_792' title='bbox 1451 5531 1871 5587; x_wconf 80' lang='lat' dir='ltr'><strong>commendantes</strong></span> <span class='ocrx_word' id='word_1_793' title='bbox 1904 5550 2022 5590; x_wconf 70' lang='lat' dir='ltr'><strong>nosi</strong></span> 
     </span>
    </p>
   </div>
   <div class='ocr_carea' id='block_1_107' title="bbox 428 5609 2022 5687">
    <p class='ocr_par' dir='ltr' id='par_1_107' title="bbox 428 5609 2022 5687">
     <span class='ocr_line' id='line_1_107' title="bbox 428 5609 2022 5687; baseline 0.009 -26"><span class='ocrx_word' id='word_1_794' title='bbox 428 5609 675 5678; x_wconf 81' lang='lat' dir='ltr'><strong>ntetipsos</strong></span> <span class='ocrx_word' id='word_1_795' title='bbox 716 5620 769 5664; x_wconf 89' lang='lat' dir='ltr'><strong>ut</strong></span> <span class='ocrx_word' id='word_1_796' title='bbox 801 5611 898 5668; x_wconf 81' lang='lat' dir='ltr'><strong>Dei</strong></span> <span class='ocrx_word' id='word_1_797' title='bbox 929 5617 1223 5681; x_wconf 84' lang='lat' dir='ltr'><strong>ministros,</strong></span> <span class='ocrx_word' id='word_1_798' title='bbox 1261 5616 1314 5670; x_wconf 84' lang='lat' dir='ltr'><strong>in</strong></span> <span class='ocrx_word' id='word_1_799' title='bbox 1347 5617 1514 5669; x_wconf 88' lang='lat' dir='ltr'><strong>multa</strong></span> <span class='ocrx_word' id='word_1_800' title='bbox 1544 5618 1814 5687; x_wconf 85' lang='lat' dir='ltr'><strong>patientia,</strong></span> <span class='ocrx_word' id='word_1_801' title='bbox 1846 5621 1900 5675; x_wconf 88' lang='lat' dir='ltr'><strong>in</strong></span> <span class='ocrx_word' id='word_1_802' title='bbox 1928 5622 2022 5675; x_wconf 88' lang='lat' dir='ltr'><strong>tri-</strong></span> 
     </span>
    </p>
   </div>
   <div class='ocr_carea' id='block_1_108' title="bbox 430 5699 2021 5785">
    <p class='ocr_par' dir='ltr' id='par_1_108' title="bbox 430 5699 2021 5785">
     <span class='ocr_line' id='line_1_108' title="bbox 430 5699 2021 5785; baseline 0.011 -31"><span class='ocrx_word' id='word_1_803' title='bbox 430 5699 805 5771; x_wconf 82' lang='lat' dir='ltr'><strong>bulationibus,</strong></span> <span class='ocrx_word' id='word_1_804' title='bbox 856 5706 911 5763; x_wconf 90' lang='lat' dir='ltr'><strong>in</strong></span> <span class='ocrx_word' id='word_1_805' title='bbox 963 5710 1373 5775; x_wconf 80' lang='lat' dir='ltr'><strong>necessitatibus,</strong></span> <span class='ocrx_word' id='word_1_806' title='bbox 1427 5712 1559 5775; x_wconf 80' lang='lat' dir='ltr'><strong>etc.&#39;,</strong></span> <span class='ocrx_word' id='word_1_807' title='bbox 1598 5726 1718 5780; x_wconf 71' lang='lat' dir='ltr'><strong>qum</strong></span> <span class='ocrx_word' id='word_1_808' title='bbox 1768 5716 2021 5785; x_wconf 73' lang='lat' dir='ltr'><strong>persequi</strong></span> 
     </span>
    </p>
   </div>
   <div class='ocr_carea' id='block_1_109' title="bbox 427 5790 2015 5873">
    <p class='ocr_par' dir='ltr' id='par_1_109' title="bbox 427 5790 2015 5873">
     <span class='ocr_line' id='line_1_109' title="bbox 427 5790 2015 5873; baseline 0.006 -21"><span class='ocrx_word' id='word_1_809' title='bbox 427 5790 647 5866; x_wconf 76' lang='lat' dir='ltr'><strong>longum</strong></span> <span class='ocrx_word' id='word_1_810' title='bbox 689 5807 773 5853; x_wconf 87' lang='lat' dir='ltr'><strong>est</strong></span> <span class='ocrx_word' id='word_1_811' title='bbox 802 5798 886 5873; x_wconf 84' lang='lat' dir='ltr'><strong>(Il</strong></span> <span class='ocrx_word' id='word_1_812' title='bbox 918 5798 1041 5854; x_wconf 84' lang='lat' dir='ltr'><strong>Cor.</strong></span> <span class='ocrx_word' id='word_1_813' title='bbox 1098 5799 1193 5868; x_wconf 74' lang='lat' dir='ltr'><strong>vr).</strong></span> <span class='ocrx_word' id='word_1_814' title='bbox 1218 5798 1457 5872; x_wconf 82' lang='lat' dir='ltr'><strong>itemque</strong></span> <span class='ocrx_word' id='word_1_815' title='bbox 1497 5803 1561 5857; x_wconf 87' lang='lat' dir='ltr'><strong>ad</strong></span> <span class='ocrx_word' id='word_1_816' title='bbox 1595 5800 1868 5860; x_wconf 80' lang='lat' dir='ltr'><strong>Romanos</strong></span> <span class='ocrx_word' id='word_1_817' title='bbox 1901 5808 2015 5861; x_wconf 90' lang='lat' dir='ltr'><strong>ait:</strong></span> 
     </span>
    </p>
   </div>
   <div class='ocr_carea' id='block_1_110' title="bbox 434 5882 2017 5967">
    <p class='ocr_par' dir='ltr' id='par_1_110' title="bbox 434 5882 2017 5967">
     <span class='ocr_line' id='line_1_110' title="bbox 434 5882 2017 5967; baseline 0.005 -21"><span class='ocrx_word' id='word_1_818' title='bbox 434 5882 502 5946; x_wconf 73' lang='lat' dir='ltr'><strong>Ut</strong></span> <span class='ocrx_word' id='word_1_819' title='bbox 521 5892 903 5967; x_wconf 82' lang='lat' dir='ltr'><strong>persecutiones</strong></span> <span class='ocrx_word' id='word_1_820' title='bbox 923 5891 1085 5965; x_wconf 79' lang='lat' dir='ltr'><strong>hujus</strong></span> <span class='ocrx_word' id='word_1_821' title='bbox 1110 5892 1290 5950; x_wconf 84' lang='lat' dir='ltr'><strong>mundi</strong></span> <span class='ocrx_word' id='word_1_822' title='bbox 1328 5894 1580 5953; x_wconf 87' lang='lat' dir='ltr'><strong>charitate</strong></span> <span class='ocrx_word' id='word_1_823' title='bbox 1604 5896 1904 5963; x_wconf 76' lang='lat' dir='ltr'><strong>vincantur,</strong></span> <span class='ocrx_word' id='word_1_824' title='bbox 1928 5914 2017 5959; x_wconf 81' lang='lat' dir='ltr'><strong>sae</strong></span> 
     </span>
    </p>
   </div>
   <div class='ocr_carea' id='block_1_111' title="bbox 2134 4774 3720 4846">
    <p class='ocr_par' dir='ltr' id='par_1_111' title="bbox 2134 4774 3720 4846">
     <span class='ocr_line' id='line_1_111' title="bbox 2134 4774 3720 4846; baseline -0.004 -11"><span class='ocrx_word' id='word_1_825' title='bbox 2134 4779 2394 4844; x_wconf 87' lang='lat' dir='ltr'><strong>charitas,</strong></span> <span class='ocrx_word' id='word_1_826' title='bbox 2422 4778 2531 4832; x_wconf 93' lang='lat' dir='ltr'><strong>ullo</strong></span> <span class='ocrx_word' id='word_1_827' title='bbox 2571 4779 2732 4833; x_wconf 88' lang='lat' dir='ltr'><strong>modo</strong></span> <span class='ocrx_word' id='word_1_828' title='bbox 2760 4785 2904 4832; x_wconf 88' lang='lat' dir='ltr'><strong>recta</strong></span> <span class='ocrx_word' id='word_1_829' title='bbox 2932 4791 3053 4833; x_wconf 85' lang='lat' dir='ltr'><strong>esse</strong></span> <span class='ocrx_word' id='word_1_830' title='bbox 3080 4777 3290 4846; x_wconf 74' lang='lat' dir='ltr'><strong>fpotest,</strong></span> <span class='ocrx_word' id='word_1_831' title='bbox 3318 4775 3365 4830; x_wconf 89' lang='lat' dir='ltr'><strong>si</strong></span> <span class='ocrx_word' id='word_1_832' title='bbox 3388 4789 3453 4830; x_wconf 87' lang='lat' dir='ltr'><strong>ea</strong></span> <span class='ocrx_word' id='word_1_833' title='bbox 3484 4789 3607 4844; x_wconf 70' lang='lat' dir='ltr'><strong>qua</strong></span> <span class='ocrx_word' id='word_1_834' title='bbox 3645 4774 3720 4829; x_wconf 88' lang='lat' dir='ltr'><strong>di-</strong></span> 
     </span>
    </p>
   </div>
   <div class='ocr_carea' id='block_1_112' title="bbox 2131 4865 3717 4943">
    <p class='ocr_par' dir='ltr' id='par_1_112' title="bbox 2131 4865 3717 4943">
     <span class='ocr_line' id='line_1_112' title="bbox 2131 4865 3717 4943; baseline -0.004 -17"><span class='ocrx_word' id='word_1_835' title='bbox 2131 4871 2388 4943; x_wconf 83' lang='lat' dir='ltr'><strong>liguntur,</strong></span> <span class='ocrx_word' id='word_1_836' title='bbox 2418 4887 2525 4927; x_wconf 91' lang='lat' dir='ltr'><strong>non</strong></span> <span class='ocrx_word' id='word_1_837' title='bbox 2554 4886 2683 4925; x_wconf 88' lang='lat' dir='ltr'><strong>vera</strong></span> <span class='ocrx_word' id='word_1_838' title='bbox 2715 4870 2807 4925; x_wconf 88' lang='lat' dir='ltr'><strong>sed</strong></span> <span class='ocrx_word' id='word_1_839' title='bbox 2832 4869 2968 4925; x_wconf 86' lang='lat' dir='ltr'><strong>falsa</strong></span> <span class='ocrx_word' id='word_1_840' title='bbox 2995 4876 3142 4924; x_wconf 89' lang='lat' dir='ltr'><strong>sunt.</strong></span> <span class='ocrx_word' id='word_1_841' title='bbox 3176 4868 3328 4923; x_wconf 88' lang='lat' dir='ltr'><strong>Sicut</strong></span> <span class='ocrx_word' id='word_1_842' title='bbox 3355 4875 3539 4921; x_wconf 87' lang='lat' dir='ltr'><strong>autem</strong></span> <span class='ocrx_word' id='word_1_843' title='bbox 3568 4865 3717 4935; x_wconf 73' lang='lat' dir='ltr'><strong>cuius</strong></span> 
     </span>
    </p>
   </div>
   <div class='ocr_carea' id='block_1_113' title="bbox 2130 4957 3714 5031">
    <p class='ocr_par' dir='ltr' id='par_1_113' title="bbox 2130 4957 3714 5031">
     <span class='ocr_line' id='line_1_113' title="bbox 2130 4957 3714 5031; baseline -0.003 -14"><span class='ocrx_word' id='word_1_844' title='bbox 2130 4971 2215 5017; x_wconf 90' lang='lat' dir='ltr'><strong>est</strong></span> <span class='ocrx_word' id='word_1_845' title='bbox 2237 4961 2522 5031; x_wconf 88' lang='lat' dir='ltr'><strong>pulchrum</strong></span> <span class='ocrx_word' id='word_1_846' title='bbox 2562 4975 2782 5031; x_wconf 88' lang='lat' dir='ltr'><strong>corpus,</strong></span> <span class='ocrx_word' id='word_1_847' title='bbox 2810 4967 2866 5013; x_wconf 90' lang='lat' dir='ltr'><strong>et</strong></span> <span class='ocrx_word' id='word_1_848' title='bbox 2899 4958 3154 5014; x_wconf 83' lang='lat' dir='ltr'><strong>deformis</strong></span> <span class='ocrx_word' id='word_1_849' title='bbox 3175 4966 3259 5013; x_wconf 88' lang='lat' dir='ltr'><strong>est</strong></span> <span class='ocrx_word' id='word_1_850' title='bbox 3287 4957 3524 5023; x_wconf 86' lang='lat' dir='ltr'><strong>animus,</strong></span> <span class='ocrx_word' id='word_1_851' title='bbox 3551 4957 3714 5027; x_wconf 80' lang='lat' dir='ltr'><strong>magis</strong></span> 
     </span>
    </p>
   </div>
   <div class='ocr_carea' id='block_1_114' title="bbox 2128 5051 3711 5122">
    <p class='ocr_par' dir='ltr' id='par_1_114' title="bbox 2128 5051 3711 5122">
     <span class='ocr_line' id='line_1_114' title="bbox 2128 5051 3711 5122; baseline -0.003 -14"><span class='ocrx_word' id='word_1_852' title='bbox 2128 5062 2214 5108; x_wconf 92' lang='lat' dir='ltr'><strong>est</strong></span> <span class='ocrx_word' id='word_1_853' title='bbox 2243 5053 2527 5117; x_wconf 87' lang='lat' dir='ltr'><strong>dolendus,</strong></span> <span class='ocrx_word' id='word_1_854' title='bbox 2554 5067 2718 5122; x_wconf 86' lang='lat' dir='ltr'><strong>quam</strong></span> <span class='ocrx_word' id='word_1_855' title='bbox 2745 5052 2792 5106; x_wconf 91' lang='lat' dir='ltr'><strong>si</strong></span> <span class='ocrx_word' id='word_1_856' title='bbox 2834 5051 3076 5107; x_wconf 85' lang='lat' dir='ltr'><strong>deforme</strong></span> <span class='ocrx_word' id='word_1_857' title='bbox 3113 5051 3342 5106; x_wconf 86' lang='lat' dir='ltr'><strong>haberet</strong></span> <span class='ocrx_word' id='word_1_858' title='bbox 3364 5064 3566 5120; x_wconf 89' lang='lat' dir='ltr'><strong>corpus</strong></span> <span class='ocrx_word' id='word_1_859' title='bbox 3596 5068 3611 5105; x_wconf 71' lang='grc' dir='ltr'><strong>ι</strong></span> <span class='ocrx_word' id='word_1_860' title='bbox 3644 5051 3711 5104; x_wconf 87' lang='lat' dir='ltr'><strong>ita</strong></span> 
     </span>
    </p>
   </div>
   <div class='ocr_carea' id='block_1_115' title="bbox 2130 5140 3712 5214">
    <p class='ocr_par' dir='ltr' id='par_1_115' title="bbox 2130 5140 3712 5214">
     <span class='ocr_line' id='line_1_115' title="bbox 2130 5140 3712 5214; baseline -0.001 -17"><span class='ocrx_word' id='word_1_861' title='bbox 2130 5145 2223 5214; x_wconf 93' lang='lat' dir='ltr'><strong>qui</strong></span> <span class='ocrx_word' id='word_1_862' title='bbox 2248 5144 2564 5211; x_wconf 87' lang='lat' dir='ltr'><strong>eloquenter</strong></span> <span class='ocrx_word' id='word_1_863' title='bbox 2583 5156 2645 5195; x_wconf 90' lang='lat' dir='ltr'><strong>ea</strong></span> <span class='ocrx_word' id='word_1_864' title='bbox 2668 5155 2790 5211; x_wconf 73' lang='lat' dir='ltr'><strong>quae</strong></span> <span class='ocrx_word' id='word_1_865' title='bbox 2815 5140 2952 5195; x_wconf 82' lang='lat' dir='ltr'><strong>falsa</strong></span> <span class='ocrx_word' id='word_1_866' title='bbox 2974 5149 3103 5195; x_wconf 88' lang='lat' dir='ltr'><strong>sunt</strong></span> <span class='ocrx_word' id='word_1_867' title='bbox 3135 5140 3338 5205; x_wconf 88' lang='lat' dir='ltr'><strong>dicunt,</strong></span> <span class='ocrx_word' id='word_1_868' title='bbox 3368 5141 3545 5212; x_wconf 82' lang='lat' dir='ltr'><strong>magis</strong></span> <span class='ocrx_word' id='word_1_869' title='bbox 3562 5140 3712 5199; x_wconf 82' lang='lat' dir='ltr'><strong>mise-</strong></span> 
     </span>
    </p>
   </div>
   <div class='ocr_carea' id='block_1_116' title="bbox 2130 5231 3503 5303">
    <p class='ocr_par' dir='ltr' id='par_1_116' title="bbox 2130 5231 3503 5303">
     <span class='ocr_line' id='line_1_116' title="bbox 2130 5231 3503 5303; baseline 0 -14"><span class='ocrx_word' id='word_1_870' title='bbox 2130 5234 2285 5289; x_wconf 85' lang='lat' dir='ltr'><strong>randi</strong></span> <span class='ocrx_word' id='word_1_871' title='bbox 2307 5241 2455 5299; x_wconf 87' lang='lat' dir='ltr'><strong>sunt,</strong></span> <span class='ocrx_word' id='word_1_872' title='bbox 2480 5247 2645 5303; x_wconf 89' lang='lat' dir='ltr'><strong>quam</strong></span> <span class='ocrx_word' id='word_1_873' title='bbox 2667 5232 2713 5288; x_wconf 88' lang='lat' dir='ltr'><strong>si</strong></span> <span class='ocrx_word' id='word_1_874' title='bbox 2739 5231 2864 5287; x_wconf 87' lang='lat' dir='ltr'><strong>talia</strong></span> <span class='ocrx_word' id='word_1_875' title='bbox 2890 5231 3208 5288; x_wconf 77' lang='lat' dir='ltr'><strong>deformiter</strong></span> <span class='ocrx_word' id='word_1_876' title='bbox 3239 5233 3503 5289; x_wconf 82' lang='lat' dir='ltr'><strong>dicerent.</strong></span> 
     </span>
    </p>
   </div>
   <div class='ocr_carea' id='block_1_117' title="bbox 2660 5328 3215 5402">
    <p class='ocr_par' dir='ltr' id='par_1_117' title="bbox 2660 5328 3215 5402">
     <span class='ocr_line' id='line_1_117' title="bbox 2660 5328 3215 5402; baseline -0.002 -1"><span class='ocrx_word' id='word_1_877' title='bbox 2660 5344 2889 5401; x_wconf 84' lang='lat' dir='ltr'><strong>CAPUT</strong></span> <span class='ocrx_word' id='word_1_878' title='bbox 2938 5343 3180 5402; x_wconf 74' lang='lat' dir='ltr'><strong>xxxvr.</strong></span> <span class='ocrx_word' id='word_1_879' title='bbox 3208 5328 3215 5331; x_wconf 82' lang='grc'><em>’</em></span> 
     </span>
    </p>
   </div>
   <div class='ocr_carea' id='block_1_118' title="bbox 2130 5437 3709 5511">
    <p class='ocr_par' dir='ltr' id='par_1_118' title="bbox 2130 5437 3709 5511">
     <span class='ocr_line' id='line_1_118' title="bbox 2130 5437 3709 5511; baseline -0.001 -18"><span class='ocrx_word' id='word_1_880' title='bbox 2130 5439 2273 5506; x_wconf 83' lang='lat' dir='ltr'><strong>Quid</strong></span> <span class='ocrx_word' id='word_1_881' title='bbox 2298 5440 2365 5494; x_wconf 88' lang='lat' dir='ltr'><strong>sit</strong></span> <span class='ocrx_word' id='word_1_882' title='bbox 2393 5441 2655 5511; x_wconf 85' lang='lat' dir='ltr'><strong>sapienter</strong></span> <span class='ocrx_word' id='word_1_883' title='bbox 2689 5450 2740 5493; x_wconf 89' lang='lat' dir='ltr'><strong>et</strong></span> <span class='ocrx_word' id='word_1_884' title='bbox 2769 5437 3066 5511; x_wconf 85' lang='lat' dir='ltr'><strong>eloquenter</strong></span> <span class='ocrx_word' id='word_1_885' title='bbox 3097 5440 3300 5505; x_wconf 86' lang='lat' dir='ltr'><strong>dicere;</strong></span> <span class='ocrx_word' id='word_1_886' title='bbox 3336 5448 3386 5511; x_wconf 84' lang='lat' dir='ltr'><strong>et</strong></span> <span class='ocrx_word' id='word_1_887' title='bbox 3412 5438 3557 5509; x_wconf 87' lang='lat' dir='ltr'><strong>quod</strong></span> <span class='ocrx_word' id='word_1_888' title='bbox 3588 5437 3709 5493; x_wconf 82' lang='lat' dir='ltr'><strong>alie-</strong></span> 
     </span>
    </p>
   </div>
   <div class='ocr_carea' id='block_1_119' title="bbox 2199 5510 3707 5633">
    <p class='ocr_par' dir='ltr' id='par_1_119' title="bbox 2199 5510 3707 5633">
     <span class='ocr_line' id='line_1_119' title="bbox 2199 5510 3707 5633; baseline 0.001 -68"><span class='ocrx_word' id='word_1_889' title='bbox 2199 5527 2457 5633; x_wconf 50' lang='lat' dir='ltr'><strong>:um‘non</strong></span> <span class='ocrx_word' id='word_1_890' title='bbox 2483 5512 2647 5575; x_wconf 87' lang='lat' dir='ltr'><strong>dicat,</strong></span> <span class='ocrx_word' id='word_1_891' title='bbox 2685 5511 2777 5579; x_wconf 87' lang='lat' dir='ltr'><strong>qui</strong></span> <span class='ocrx_word' id='word_1_892' title='bbox 2798 5511 2865 5562; x_wconf 83' lang='lat' dir='ltr'><strong>ab</strong></span> <span class='ocrx_word' id='word_1_893' title='bbox 2900 5510 3008 5563; x_wconf 84' lang='lat' dir='ltr'><strong>alio</strong></span> <span class='ocrx_word' id='word_1_894' title='bbox 3049 5511 3276 5580; x_wconf 85' lang='lat' dir='ltr'><strong>prolata,</strong></span> <span class='ocrx_word' id='word_1_895' title='bbox 3325 5510 3545 5566; x_wconf 77' lang='lat' dir='ltr'><strong>vivendo</strong></span> <span class='ocrx_word' id='word_1_896' title='bbox 3575 5525 3707 5576; x_wconf 74' lang='lat' dir='ltr'><strong>prc-</strong></span> 
     </span>
     <span class='ocr_line' id='line_1_120' title="bbox 2237 5598 2363 5632; baseline 0 -1"><span class='ocrx_word' id='word_1_897' title='bbox 2237 5598 2319 5632; x_wconf 81' lang='lat' dir='ltr'><strong>tcu</strong></span> <span class='ocrx_word' id='word_1_898' title='bbox 2347 5615 2363 5631; x_wconf 76' lang='grc' dir='ltr'><strong>ο</strong></span> 
     </span>
    </p>
   </div>
   <div class='ocr_carea' id='block_1_120' title="bbox 2199 5691 3706 5770">
    <p class='ocr_par' dir='ltr' id='par_1_120' title="bbox 2199 5691 3706 5770">
     <span class='ocr_line' id='line_1_121' title="bbox 2199 5691 3706 5770; baseline 0.006 -25"><span class='ocrx_word' id='word_1_899' title='bbox 2199 5691 2338 5758; x_wconf 84' lang='lat' dir='ltr'><strong>Quid</strong></span> <span class='ocrx_word' id='word_1_900' title='bbox 2368 5707 2498 5763; x_wconf 85' lang='lat' dir='ltr'><strong>ergo</strong></span> <span class='ocrx_word' id='word_1_901' title='bbox 2526 5701 2612 5749; x_wconf 88' lang='lat' dir='ltr'><strong>est</strong></span> <span class='ocrx_word' id='word_1_902' title='bbox 2634 5709 2741 5749; x_wconf 88' lang='lat' dir='ltr'><strong>non</strong></span> <span class='ocrx_word' id='word_1_903' title='bbox 2764 5694 2937 5750; x_wconf 91' lang='lat' dir='ltr'><strong>solum</strong></span> <span class='ocrx_word' id='word_1_904' title='bbox 2961 5708 3296 5770; x_wconf 66' lang='lat' dir='ltr'><strong>eloquenter,</strong></span> <span class='ocrx_word' id='word_1_905' title='bbox 3323 5714 3515 5755; x_wconf 84' lang='lat' dir='ltr'><strong>verum</strong></span> <span class='ocrx_word' id='word_1_906' title='bbox 3548 5700 3706 5757; x_wconf 84' lang='lat' dir='ltr'><strong>etiam</strong></span> 
     </span>
    </p>
   </div>
   <div class='ocr_carea' id='block_1_121' title="bbox 2126 5783 3707 5864">
    <p class='ocr_par' dir='ltr' id='par_1_121' title="bbox 2126 5783 3707 5864">
     <span class='ocr_line' id='line_1_122' title="bbox 2126 5783 3707 5864; baseline 0.006 -27"><span class='ocrx_word' id='word_1_907' title='bbox 2126 5783 2399 5851; x_wconf 79' lang='lat' dir='ltr'><strong>sapienter</strong></span> <span class='ocrx_word' id='word_1_908' title='bbox 2447 5785 2645 5852; x_wconf 88' lang='lat' dir='ltr'><strong>dicere,</strong></span> <span class='ocrx_word' id='word_1_909' title='bbox 2708 5787 2814 5841; x_wconf 91' lang='lat' dir='ltr'><strong>nisi</strong></span> <span class='ocrx_word' id='word_1_910' title='bbox 2855 5789 3020 5844; x_wconf 79' lang='lat' dir='ltr'><strong>verba</strong></span> <span class='ocrx_word' id='word_1_911' title='bbox 3076 5791 3129 5845; x_wconf 89' lang='lat' dir='ltr'><strong>in</strong></span> <span class='ocrx_word' id='word_1_912' title='bbox 3178 5792 3449 5847; x_wconf 82' lang='lat' dir='ltr'><strong>submisso</strong></span> <span class='ocrx_word' id='word_1_913' title='bbox 3515 5804 3707 5864; x_wconf 83' lang='lat' dir='ltr'><strong>genere</strong></span> 
     </span>
    </p>
   </div>
   <div class='ocr_carea' id='block_1_122' title="bbox 2124 5874 3709 5959">
    <p class='ocr_par' dir='ltr' id='par_1_122' title="bbox 2124 5874 3709 5959">
     <span class='ocr_line' id='line_1_123' title="bbox 2124 5874 3709 5959; baseline 0.009 -29"><span class='ocrx_word' id='word_1_914' title='bbox 2124 5874 2466 5945; x_wconf 72' lang='lat' dir='ltr'><strong>sufﬁcientia,</strong></span> <span class='ocrx_word' id='word_1_915' title='bbox 2496 5877 2553 5933; x_wconf 86' lang='lat' dir='ltr'><strong>in</strong></span> <span class='ocrx_word' id='word_1_916' title='bbox 2577 5887 2878 5959; x_wconf 88' lang='lat' dir='ltr'><strong>temperato</strong></span> <span class='ocrx_word' id='word_1_917' title='bbox 2915 5881 3270 5957; x_wconf 82' lang='lat' dir='ltr'><strong>splendentia,</strong></span> <span class='ocrx_word' id='word_1_918' title='bbox 3306 5884 3362 5940; x_wconf 90' lang='lat' dir='ltr'><strong>in</strong></span> <span class='ocrx_word' id='word_1_919' title='bbox 3391 5883 3588 5958; x_wconf 71' lang='lat' dir='ltr'><strong>grandi</strong></span> <span class='ocrx_word' id='word_1_920' title='bbox 3620 5896 3709 5945; x_wconf 71' lang='lat' dir='ltr'><strong>V0-</strong></span> 
     </span>
    </p>
   </div>
  </div>
