3974 6508
322 510 430 569 415

1075 502 1166 566 DE
1202 506 1650 569 CLERICORUM
1686 507 2199 581 lNSTiTU’I‘iONE,
2239 506 2396 571 ETC.
2434 540 2507 557 -—
2542 512 2672 572 LIB.
2711 512 2802 573 tu.

3489 519 3601 579 ιιι

318 630 625 697 hementia,
646 626 792 686 veris
825 634 1005 684 tamen
1038 629 1203 685 rebus
1231 629 1427 700 quibus
1458 629 1632 685 audiri
1661 635 1909 701 oporteat
1932 631 1988 693 Α
2012 630 2259 686 doctrina
2285 644 2394 685 non
2413 646 2522 686 una
2547 633 2738 689 eadem
2765 634 3143 691 exhortatione
3170 636 3333 692 corda
3371 638 3598 695 audien-

318 724 616 787 adhibere?
645 722 752 778 Sed
797 721 888 794 qui
919 729 1207 792 utrumque
1242 737 1350 777 non
1389 728 1587 794 potest,
1629 722 1776 778 dicat
1819 738 1909 778 sa-

313 819 536 890 pienter
567 816 717 891 .quod
750 831 857 871 nou
888 813 1034 869 dicat
1061 815 1396 885 eloquenter,
1424 817 1606 885 potius
1643 830 1805 885 quam
1827 813 1910 871 di-

316 922 408 967 cat
439 912 757 982 eloquenter
782 909 924 982 quod
958 910 1089 967 dicit
1133 908 1469 980 insipienter.
1500 908 1559 964 Si
1596 916 1777 964 autem
1808 924 1909 967 nec

317 1006 425 1061 hoc
450 1005 667 1076 quidem
688 1010 881 1073 potest,
908 1000 982 1056 ita
1009 1009 1381 1067 conversetur,
1396 1010 1583 1056 utnon
1602 1001 1775 1056 solum
1802 1002 1908 1057 sibi

313 1097 601 1166 premium
626 1102 922 1165 comparet,
947 1092 1041 1148 sed
1080 1101 1137 1148 et
1175 1093 1416 1165 praebeat
1453 1092 1574 1147 aliis
1600 1093 1906 1165 exemplum

314 1203 373 1245 et
394 1176 467 1244 sit
495 1188 610 1259 ejus
650 1188 805 1264 quasi
844 1187 998 1261 copia
1022 1186 1257 1253 dicendi,
1294 1187 1467 1243 forma
1495 1188 1730 1245 vivendi.
1770 1188 1909 1244 Sunt

315 1298 451 1339 sane
481 1281 697 1351 quidam
720 1281 811 1355 qui
840 1281 975 1335 bene
996 1279 1349 1351 pronuntiare
1374 1287 1620 1350 possunt,
1655 1279 1783 1351 quid
1806 1295 1905 1334 au-

316 1385 427 1431 t9m
461 1376 827 1447 pronuntient,
880 1374 1121 1445 cogitare
1150 1390 1257 1428 nou
1293 1384 1539 1446 possunt.
1578 1374 1730 1445 Quod
1761 1375 1806 1429 si
1838 1374 1907 1429 ab

314 1469 439 1525 aliis
475 1477 690 1529 sumant
723 1466 1038 1539 eloquenter
1082 1466 1464 1539 sapienterque
1516 1467 1904 1535 conscriptum,

316 1564 702 1635 memorimque
734 1562 1131 1627 commendent,
1173 1570 1336 1635 atque
1385 1562 1451 1616 ad
1478 1561 1737 1635 populum
1780 1575 1908 1635 pro-

315 1653 512 1718 ίῖτςιηι,
548 1655 591 1709 si
642 1670 760 1714 eam
793 1670 1080 1725 personam
1110 1661 1324 1727 gerunt,
1357 1671 1463 1711 non
1496 1655 1787 1728 improprie
1820 1656 1903 1710 fa-

314 1746 483 1800 ciunt.
522 1745 614 1801 Sic
640 1746 804 1811 enim,
838 1747 979 1815 quod
1009 1746 1255 1815 profecto
1284 1747 1416 1802 utile
1443 1755 1546 1812 est,
1578 1747 1733 1801 multi
1769 1762 1907 1818 prte-

313 1838 586 1895 dicatores
607 1838 855 1893 veritatis
876 1837 1012 1893 ﬁunt
1039 1857 1051 1892 :
1083 1853 1181 1893 nec
1210 1839 1362 1892 multi
1381 1840 1645 1913 magistri,
1669 1842 1714 1897 si
1744 1841 1906 1897 unius

313 1932 395 1989 rei
418 1931 663 2001 magistri
689 1930 918 2002 idipsum
946 1933 1128 1991 dicunt
1153 1949 1362 1998 omnes,
1386 1942 1441 1987 et
1463 1949 1568 1989 non
1592 1935 1705 1991 sint
1734 1935 1789 1989 in
1824 1936 1905 1993 eis

2010 723 2146 777 tium
2175 732 2397 795 tangere
2438 723 2616 780 debet.
2649 722 2854 797 (στερη
2876 725 3159 798 putaretis
3186 744 3329 783 cura!
3363 729 3454 807 lib.
3485 730 3596 803 ιιι.)

2006 814 2179 869 Aliter
2220 830 2455 886 namque
2486 818 2812 873 admonendi
2839 828 2968 874 sunt
2994 820 3121 887 viri,
3172 820 3333 877 aliter
3356 821 3595 894 (omium,

2008 906 2134 975 quia
2160 905 2266 961 illis
2306 909 2607 964 secundum
2652 925 2843 966 sexum
2891 927 3051 968 suum
3076 915 3286 985 gravia,
3314 914 3434 971 istis
3463 928 3595 973 vero

2007 997 2333 1071 iniungeuda
2364 1011 2493 1058 sunt
2518 1002 2720 1059 leviora
2768 1023 2785 1060 :
2811 1012 2872 1060 ut
2906 1005 3028 1063 illos
3056 1019 3249 1079 magna
3277 1016 3592 1079 exerceant,

2007 1092 2142 1148 istas
2166 1107 2296 1148 vero
2322 1093 2462 1149 levia
2492 1095 2847 1153 demulcendo
2869 1107 3210 1156 convertant.
3240 1100 3414 1157 Aliter
3429 1101 3586 1172 juve-

2006 1199 2126 1251 nes,
2163 1192 2324 1255 atque
2362 1185 2521 1240 aliter
2548 1201 2706 1244 senes
2734 1208 2748 1243 :
2778 1190 2904 1260 quia
2933 1191 3054 1247 illos
3082 1192 3400 1264 plerumque
3441 1208 3602 1251 seve-

2007 1279 2140 1333 ritas
2169 1279 2609 1335 eommonitionis
2636 1281 2704 1336 ad
2733 1281 3033 1353 perfectum
3063 1285 3275 1357 dirigit;
3306 1285 3437 1355 istos
3466 1300 3598 1342 vero

2007 1372 2073 1425 ad
2097 1371 2324 1427 melidra
2348 1387 2512 1442 opera
2542 1374 2851 1445 deprecatio
2872 1376 3070 1431 blanda
3098 1379 3391 1449 componit.
3424 1377 3599 1433 Aliter

2006 1462 2213 1534 inopes,
2232 1474 2393 1534 atque
2417 1465 2571 1521 aliter
2592 1467 2921 1537 locupletes:
2950 1468 3057 1523 illis
3082 1480 3319 1539 namque
3348 1469 3599 1526 conferre

2006 1555 2397 1611 consolationis
2444 1557 2692 1613 solatium
2750 1566 2940 1615 contra
2992 1556 3430 1629 tribulationem;
3478 1561 3598 1617 istis

2004 1662 2135 1703 vero
2182 1647 2386 1704 inferre
2441 1657 2645 1705 metum
2719 1661 2908 1706 contra
2972 1652 3262 1707 elationem
3314 1653 3592 1730 debemus.

2005 1740 2329 1811 Plerumque
2387 1752 2564 1797 tamen
2621 1743 2862 1799 habitum
2918 1756 3273 1815 personarum
3320 1753 3598 1817 permutat

2004 1835 2240 1905 qualitas
2270 1850 2502 1902 morum,
2539 1843 2599 1890 ut
2624 1838 2693 1891 sit
2723 1838 2872 1893 dives
2902 1838 3142 1903 humilis,
3172 1848 3379 1909 pauper
3399 1839 3593 1895 elatus.

2008 1927 2161 1983 Unde
2210 1943 2335 1983 mox
2384 1929 2733 1999 przedicantis
2762 1929 2943 2001 lingua
2987 1945 3107 1984 cum
3140 1926 3411 1986 audientis
3437 1931 3598 1988 debet

313 2025 637 2083 schismata.
669 2022 777 2080 Nec
823 2024 1131 2083 deteri-undi
1181 2036 1306 2083 sunt
1345 2026 1434 2081 isti
1486 2042 1617 2082 voce
1651 2025 1900 2083 Jercmim
1927 2018 1975 2078 B
2002 2020 2112 2077 vita
2143 2020 2412 2092 componi,
2450 2027 2506 2074 ut
2536 2028 2687 2075 tanto
2717 2021 3014 2076 districtius
3058 2022 3110 2076 in
3147 2014 3597 2092 paupere‘elatio-

311 2117 614 2189 prophetae,
646 2133 742 2188 per
768 2132 927 2189 quem
972 2118 1113 2173 Deus
1142 2120 1317 2191 arguit
1367 2135 1482 2185 eos,
1520 2121 1612 2192 qui
1652 2121 1902 2195 [urantur

310 2209 471 2267 verba
490 2210 998 2283 ejua,unusqutaque
1022 2227 1056 2264 ιι
1083 2212 1322 2282 proximo
1355 2229 1451 2271 suo
1476 2211 1693 2282 (Jerem.
1725 2214 1896 2287 xxxv).

310 2298 417 2367 Qui
446 2301 590 2361 enim
628 2300 899 2367 furantur,
929 2303 1165 2363 alienum
1189 2305 1439 2379 rapiunt;
1469 2305 1689 2367 verbum
1718 2319 1900 2364 autem

311 2390 409 2447 Dei
429 2408 538 2451 nou
559 2400 648 2453 est
675 2394 909 2451 alienum
929 2396 1001 2461 ab
1027 2396 1127 2461 eis,
1156 2396 1246 2466 qui
1277 2398 1656 2471 obtemperant
1682 2399 1730 2454 ei
1757 2417 1771 2465 ;
1800 2416 1899 2470 po-

310 2480 528 2551 tiusque
560 2482 693 2543 dicit
730 2482 823 2541 ille
863 2483 1067 2551 aliena,
1120 2486 1207 2545 cui
1234 2501 1357 2543 cum
1407 2487 1538 2545 dicit
1580 2489 1733 2553 bene,
1765 2489 1900 2546 vivit

308 2573 474 2629 male.
525 2573 845 2648 Quicunque
896 2576 1043 2635 enim
1094 2577 1235 2633 bona
1288 2578 1437 2643 dicit,
1483 2579 1601 2651 ejus
1646 2580 1900 2636 videntur

306 2665 608 2737 excogitari
633 2668 870 2739 ingenio,
891 2669 988 2729 sed
1017 2670 1087 2727 ab
1110 2670 1227 2743 ejus
1272 2670 1515 2731 moribus
1546 2672 1718 2733 aliena
1750 2683 1894 2733 sunt.
1944 2738 1955 2741 Α

308 2756 420 2815 Eos
450 2760 632 2830 itaque
659 2760 799 2819 dixit
828 2761 972 2821 Deus
994 2760 1166 2823 iurari
1194 2758 1361 2823 verba
1386 2779 1508 2831 sua.
1544 2766 1631 2833 qui
1656 2765 1783 2821 boui
1806 2781 1899 2821 vo-

306 2849 430 2907 lunt
452 2852 642 2920 videri,
673 2853 942 2923 loquendo
962 2872 1087 2928 qua:
1129 2856 1223 2913 Dei
1251 2866 1377 2917 Sunt
1400 2874 1415 2921 ;
1442 2873 1566 2919 eum
1594 2859 1723 2917 mali
1747 2867 1895 2927 sunt,

306 2939 561 3001 faciendo
586 2960 709 3015 quin
734 2961 831 3003 sua
856 2955 1004 3007 sunt.
1030 2946 1166 3007 Cum
1202 2964 1333 3009 vero
1368 2948 1497 3009 boui
1526 2950 1712 3009 ﬁdeles
1741 2952 1898 3013 bouis

306 3033 560 3094 ﬁdelibus
593 3037 737 3099 hanc
771 3053 996 3109 operam
1050 3041 1480 3109 accommodant,
1537 3043 1754 3113 utrique
1797 3060 1898 3103 sua

306 3129 499 3187 dicunt
536 3148 552 3188 :
596 3134 747 3203 quod
786 3143 843 3191 et
870 3134 1014 3193 Deus
1036 3137 1278 3205 ipsorum
1318 3144 1422 3203 est,
1460 3137 1614 3208 cujus
1642 3147 1770 3194 sunt
1804 3140 1897 3199 illa

306 3240 433 3295 quae
457 3227 715 3284 dicuntur
748 3240 804 3286 et
830 3245 896 3287 ea
924 3246 1021 3287 sua
1059 3231 1287 3300 faciunt,
1326 3249 1447 3304 quae
1477 3250 1585 3295 non
1623 3235 1724 3307 ipsi
1748 3252 1899 3295 com-

304 3332 512 3388 ponere
537 3330 855 3391 potuerunt,
890 3323 983 3394 qui
1018 3326 1317 3385 secundum
1348 3327 1438 3389 illa
1472 3330 1773 3402 composite
1810 3332 1895 3389 vi-
1929 3338 1969 3402 ,ζ

1925 3384 1970 3450 C
2001 3421 2128 3469 sunt
2156 3420 2218 3468 ut
2243 3415 2417 3471 sciant
2438 3430 2497 3471 se
2525 3430 2712 3471 servos
2755 3429 2875 3470 esse
2900 3410 3266 3481 dominorum,
3307 3409 3381 3465 illi
3406 3409 3594 3465 admo-

303 3419 462 3466 νιιιιι.

831 3506 1059 3566 CAPUT
1110 3507 1375 3567 XXXVII.

306 3593 391 3650 De
409 3596 722 3653 discretione
740 3598 1043 3670 degmatrm
1057 3602 1216 3673 juxta
1238 3603 1547 3674 qualitatem
1564 3605 1894 3667 auditorum.

382 3683 498 3741 Hoc
523 3702 738 3757 quoque
762 3705 926 3747 nosse
962 3694 1221 3753 convenit
1237 3710 1681 3765 unumuomquo
1712 3698 1897 3757 catho-

303 3777 478 3832 licum
517 3779 811 3848 doctorem,
838 3785 1111 3854 quomodo
1144 3786 1248 3843 sibi
1286 3789 1537 3847 conciliet
1569 3789 1654 3847 sui
1687 3805 1898 3851 sermoo

305 3869 400 3927 nis
431 3871 747 3939 auditorem,
779 3882 839 3933 ut
865 3876 993 3937 dum
1024 3879 1161 3935 sciat
1203 3894 1302 3949 per
1328 3882 1698 3950 supradictam
1728 3885 1896 3941 ratio-

302 3977 435 4017 nem
466 3964 653 4020 modos
680 3965 1008 4025 locutionum
1031 3978 1090 4027 et
1110 3973 1344 4041 species,
1374 3976 1512 4031 bene
1533 3962 1895 4047 diSpeusando

304 4053 520 4112 fructus
568 4058 812 4117 inveniat
836 4077 947 4119 sua
984 4065 1389 4133 praedicationis
1434 4077 1489 4124 et
1516 4067 1720 4127 laudes.
1756 4068 1894 4132 Cum

306 4147 455 4201 enim
477 4150 654 4205 oratio
680 4151 737 4206 iu
782 4168 843 4208 se
877 4155 1096 4215 exhibet
1116 4157 1526 4225 perfectionem,
1562 4176 1784 4221 necesse
1811 4172 1896 4223 est

305 4247 369 4293 ut
394 4244 692 4312 perpendat
733 4248 1043 4306 auditorum
1087 4253 1424 4321 qualitatem,
1460 4258 1610 4325 quia,
1644 4266 1706 4325 ut
1741 4275 1893 4316 reve-

302 4335 490 4389 rendae
512 4339 788 4393 memoria
803 4339 1100 4412 Gregorius
1120 4344 1494 4404 Nazianzenus
1519 4348 1754 4416 edocuit,
1782 4366 1892 4413 non

303 4442 413 4483 una
444 4430 743 4500 eademque
764 4436 978 4491 cunctis
999 4439 1310 4496 exhortatio
1333 4443 1600 4511 congruit,
1637 4444 1764 4513 quia
1792 4460 1892 4503 nec

300 4530 530 4575 cunctos
557 4538 657 4592 par
681 4540 891 4581 morum
914 4530 1148 4599 qualitas
1174 4533 1442 4605 astringit.
1478 4533 1633 4606 Sarpe
1658 4551 1892 4607 namque

302 4609 442 4665 alios
485 4613 765 4670 emendant
793 4634 915 4688 qua:
958 4620 1083 4677 aliis
1116 4631 1365 4691 pmsunt,
1412 4624 1539 4695 quia
1572 4625 1891 4697 plerumque

2004 2128 2127 2167 nem
2156 2109 2337 2178 feriat,
2370 2121 2571 2183 quanto
2599 2128 2721 2169 eum
2753 2127 2851 2169 nec
2890 2113 3040 2168 illata
3088 2122 3383 2185 paupertas
3432 2115 3592 2170 incli-

2002 2210 2125 2269 nat;
2177 2212 2232 2257 et
2260 2212 2412 2259 tanto
2441 2203 2615 2262 lenius
2667 2204 3027 2261 humilitatem
3059 2204 3286 2262 divitum
3333 2207 3590 2273 mulceat,

2001 2309 2204 2371 quanto
2247 2317 2342 2357 eos
2387 2318 2487 2357 nec
2518 2302 2849 2358 abundantia
2898 2304 3017 2377 quae
3047 2298 3317 2370 sublevat,
3370 2302 3591 2361 exaltat.

1998 2393 2172 2451 Aliter
2197 2394 2521 2450 admonendi
2551 2403 2676 2450 sunt
2697 2394 2824 2458 laeti,
2851 2400 3009 2467 atque
3026 2394 3183 2451 aliter
3207 2396 3389 2453 tristes
3416 2413 3428 2450 :
3454 2394 3594 2451 lactis

2000 2485 2251 2542 videlicet
2282 2485 2561 2543 inferenda
2614 2495 2741 2543 sunt
2769 2488 2989 2543 tristitia
3019 2494 3141 2559 Qua:
3188 2496 3489 2558 sequuntur
3524 2502 3590 2543 ex

2000 2579 2295 2657 supplicio;
2350 2580 2595 2638 tristibus
2634 2597 2764 2639 vero
2810 2581 3094 2638 inferenda
3148 2592 3273 2637 sunt
3322 2582 3444 2637 ireta
3475 2597 3594 2653 qute

1998 2674 2389 2745 promittuntur
2429 2682 2499 2730 ex
2545 2690 2733 2745 regno.
2790 2672 2964 2733 Aliter
3009 2673 3209 2729 subditi
3242 2681 3407 2744 atque
3434 2671 3595 2727 aliter

2006 2764 2218 2840 praelati
2253 2785 2265 2822 :
2300 2766 2420 2823 illos
2462 2784 2532 2823 ne
2562 2767 2825 2838 subiectio
2865 2770 3133 2833 conterat,
3168 2766 3300 2821 istos
3329 2780 3397 2822 ne
3438 2765 3591 2819 locus

1999 2859 2247 2933 superior
2294 2857 2556 2927 extollat;
2588 2857 2665 2914 illi
2716 2874 2783 2916 ne
2812 2859 2989 2915 minus
3033 2856 3293 2930 impleant
3322 2853 3591 2927 quamlu-

2000 2951 2216 3016 bcntur,
2245 2948 2332 3007 isti
2356 2967 2424 3007 ne
2451 2949 2572 3025 plus
2584 2949 2732 3021 justo
2748 2950 2978 3023 jubeant
3002 2965 3163 3021 quam
3195 2948 3591 3018 compleantur.

1998 3039 2171 3097 Aliter
2200 3042 2366 3108 servi,
2411 3050 2576 3113 atque
2617 3042 2776 3097 aliter
2813 3041 3018 3097 domini
3052 3060 3065 3096 :
3098 3040 3244 3098 Servi
3284 3038 3502 3114 quidem
3530 3046 3592 3094 ut

1999 3148 2215 3205 semper
2265 3134 2626 3191 humilitatem
2665 3132 2991 3191 conditionis
3040 3132 3334 3207 aspiciant;
3386 3129 3590 3187 domini

1999 3241 2127 3283 vero
2156 3235 2215 3287 ut
2246 3235 2455 3285 natura:
2492 3243 2602 3283 suae
2630 3244 2736 3301 qua
2783 3226 3068 3299 aequaliter
3114 3229 3239 3282 sunt
3265 3232 3388 3281 cum
3418 3223 3592 3280 servis

2001 3317 2226 3388 conditi,
2278 3318 2598 3376 memoriam
2653 3337 2761 3377 non
2802 3320 3086 3387 amittant;
3137 3319 3224 3375 isti
3266 3314 3593 3376 admonendi

1999 3506 2161 3560 ncndi
2192 3514 2321 3563 sunt
2371 3514 2431 3561 ut
2469 3514 2800 3580 cognoscant
2829 3523 2889 3562 se
2928 3512 3220 3561 conservos
3244 3517 3367 3560 esse
3402 3512 3589 3556 servo-

1998 3620 2140 3663 rum.
2172 3604 2343 3661 Aliter
2370 3603 2694 3667 admonendi
2730 3606 2856 3659 sunt
2900 3593 3172 3671 sapientes
3195 3594 3357 3670 hujus
3381 3593 3587 3660 smculi,

1998 3706 2161 3770 atque
2210 3699 2368 3755 aliter
2411 3698 2633 3757 hebetes
2666 3716 2679 3753 :
2720 3696 2994 3771 sapientes
3037 3690 3234 3767 quippe
3262 3687 3586 3748 admonendi

1998 3800 2122 3851 sunt
2146 3798 2206 3847 ut
2229 3807 2334 3845 non
2365 3788 2620 3847 omittunt
2645 3791 2787 3846 scire
2814 3805 2934 3861 qum
2978 3784 3178 3853 sciunt,
3206 3784 3434 3842 hebetes
3457 3797 3592 3852 quo-

1996 3899 2101 3957 que
2129 3892 2189 3943 ut
2219 3893 2477 3957 appetant
2516 3885 2657 3942 scire
2682 3899 2803 3956 qua:
2831 3879 3115 3947 nesciunt;
3150 3874 3227 3933 illi
3274 3887 3334 3934 ut
3363 3877 3585 3932 stultam

1996 3976 2322 4051 sapientiam
2366 3975 2623 4033 deserant
2654 3983 2709 4033 et
2735 3970 3057 4046 sapientiam
3096 3967 3191 4026 Dei
3222 3985 3326 4024 non
3360 3965 3584 4023 stultam

1995 4069 2228 4136 discant,
2266 4069 2355 4125 isti
2394 4084 2525 4125 vero
2551 4076 2610 4124 ut
2634 4069 2703 4125 ab
2731 4083 2794 4123 ea
2830 4082 2949 4139 quae
2977 4073 3200 4139 putatur
3242 4056 3489 4123 stultitia,
3516 4057 3584 4113 ad

1993 4176 2179 4217 veram
2209 4160 2530 4230 sapientiam
2558 4159 2791 4215 vicinius
2815 4164 3057 4217 currant.
3095 4150 3268 4209 Aliter
3297 4149 3585 4222 impuden-

1994 4261 2077 4308 tes
2133 4252 2456 4309 admonendi
2511 4260 2659 4316 sunt,
2700 4240 2863 4328 atque
2912 4246 3070 4307 aliter
3101 4244 3435 4311 verecundi;
3468 4240 3587 4297 illos

1993 4358 2229 4415 namque
2277 4345 2345 4399 ab
2377 4342 2726 4413 impudicitiae
2780 4340 2912 4401 vitio
2974 4355 3082 4395 non
3134 4337 3237 4392 nisi
3285 4332 3585 4405 increpatio

1994 4434 2127 4493 dura
2174 4435 2491 4506 compescit,
2543 4433 2677 4489 istos
2725 4418 2904 4487 autem
2933 4428 3252 4503 plerumque
3295 4424 3362 4482 ad
3392 4425 3583 4481 melius

1993 4526 2304 4587 exhortatio
2358 4526 2608 4585 modesta
2653 4522 2957 4595 componit;
3018 4518 3093 4581 illi
3165 4537 3223 4579 se
3272 4518 3584 4593 delinquere

1994 4620 2243 4681 nesciunt
2263 4620 2369 4679 nisi
2399 4620 2564 4677 etiam
2592 4634 2621 4674 a
2650 4617 2897 4690 pluribus
2929 4617 3297 4691 increpeutur,
3331 4611 3451 4667 istis
3475 4610 3585 4680 plc-

303 4706 489 4760 herbte
520 4720 639 4776 qua:
666 4710 779 4765 hac
807 4714 1059 4769 animalia
1088 4718 1357 4784 nutriunt,
1385 4718 1490 4775 alia
1519 4721 1805 4785 occidunt;
1833 4729 1891 4783 et
1917 4747 1969 4807 υ
1994 4728 2223 4788 "imque
2268 4712 2336 4767 ad
2391 4711 2801 4767 conversmnem
2837 4706 3052 4807 sumdi'
3102 4704 3245 4807 qum.
3279 4705 3359 4807 eif
3394 4702 3586 4807 deior

300 4797 443 4853 lenis
484 4800 672 4856 sibilus
699 4816 867 4871 equos
905 4805 1139 4877 mitigat,
1178 4780 1386 4863 caulius
1413 4810 1662 4881 instigat;
1689 4821 1744 4867 θι
1917 4780 1969 4807 υ
1991 4780 2249 4863 ιιιειιειέιια
2278 4801 2471 4861 saltem
2495 4800 2690 4857 leniter
2714 4799 2780 4852 ad
2805 4794 3125 4853 memoriam
3151 4780 3380 4881 reducit.
3408 4790 3583 4846 Aliter

301 4890 668 4946 dicamentum
722 4897 867 4963 quod
904 4897 1049 4953 hunc
1102 4900 1352 4957 morbum
1393 4901 1685 4968 imminuit,
1731 4904 1889 4961 alteri

297 4983 446 5038 vires
496 4984 756 5056 iujnngit;
796 4997 853 5042 et
878 4991 1034 5059 panis
1062 4992 1155 5061 qui
1185 4993 1353 5050 vitam
1392 4994 1613 5051 fortium
1645 4997 1887 5064 roborat,

297 5074 653 5143 parvulorum
691 5085 867 5132 necat.
911 5079 1017 5134 Pro
1057 5083 1321 5150 qualitate
1370 5100 1502 5155 ergo
1533 5086 1885 5155 audientium.

298 5162 528 5219 formari
571 5166 733 5221 debet
758 5183 940 5225 sermo
967 5172 1272 5237 doctontm,
1303 5182 1365 5229 ut
1405 5191 1502 5244 per
1535 5177 1747 5247 singula
1777 5179 1889 5237 sin-

299 5254 440 5325 gulis
489 5268 769 5327 congruat,
821 5269 875 5315 et
917 5277 946 5315 a
998 5264 1301 5319 communis
1348 5265 1725 5327 ludiﬁcationis
1771 5280 1887 5331 arte

299 5360 577 5414 nunquam
608 5348 845 5404 recedat.
877 5351 1014 5417 Quid
1064 5354 1210 5409 enim
1258 5363 1387 5415 sunt
1424 5357 1644 5413 intentae
1679 5366 1886 5415 mentes

299 5437 634 5503 auditorum,
663 5439 785 5499 nisi,
817 5450 875 5494 ut
898 5442 971 5496 ita
1000 5444 1254 5510 dixerim,
1285 5446 1530 5513 quaedam
1563 5447 1618 5505 in
1672 5447 1883 5509 cithara

294 5527 580 5584 tensiones
604 5538 789 5587 stratae
817 5532 1172 5588 chordarum?
1200 5552 1335 5603 quas
1366 5536 1560 5595 artifex
1591 5539 1883 5610 tangendo,

295 5626 362 5673 ut
388 5636 496 5674 non
526 5622 877 5693 sibimetipsis
913 5623 1175 5678 dissimile
1213 5627 1484 5683 canticum
1509 5626 1730 5690 faciunt,
1775 5631 1886 5685 dis—

299 5709 553 5765 similiter
581 5712 783 5780 pulsat,
811 5721 867 5769 et
889 5713 1092 5769 idcirco
1115 5716 1332 5772 chorda:
1351 5731 1645 5779 consonam
1687 5716 1880 5777 modu—

297 5798 558 5857 lationem
589 5804 842 5871 reddunt,
870 5806 996 5875 quia
1023 5822 1132 5861 uno
1155 5807 1371 5875 quidem
1396 5808 1623 5879 plectro,
1650 5809 1747 5867 sed
1773 5823 1880 5867 non

213 5894 414 6007 (“uno
440 5892 671 5964 impulsu
692 5894 1167 6007 {ei-iuntur.Lllnde
1191 5907 1248 6001 et
1270 5898 1461 6007 doctor
1481 5899 1710 5969 quisque
1732 5906 1798 6001 ιιι
1824 5898 1879 5955 in

298 5995 413 6043 una
456 5992 683 6046 cunctos
725 5986 925 6053 virtute
953 5988 1237 6051 charitatis
1277 5988 1526 6056 aediﬁcet,
1570 5989 1879 6050 examinata

1993 4892 2318 4949 admouendi
2359 4899 2485 4948 sunt
2508 4884 2769 4961 pretervi,
2800 4898 2962 4960 atque
2991 4887 3149 4951 aliter
3181 4878 3575 4961 pusillanimes.

1989 4986 2069 5045 Illi
2113 4986 2258 5043 enim
2288 4986 2417 5051 dum
2447 4984 2603 5041 valde
2626 4984 2694 5039 de
2723 4998 2782 5041 se
2809 4988 3167 5054 praesumunt,
3200 4972 3580 5053 exprobrando

1992 5087 2221 5134 exteros
2247 5078 2638 5149 dedignantur;
2674 5077 2765 5135 isti
2793 5086 2975 5133 autem
3004 5076 3129 5131 dum
3159 5070 3319 5127 nimis
3342 5069 3574 5125 inﬁrmi-

1990 5172 2117 5226 tatis
2147 5186 2258 5226 sua:
2300 5179 2426 5225 sunt
2463 5169 2687 5236 conscii,
2725 5169 3045 5239 plerumque
3067 5164 3120 5219 in
3146 5161 3574 5233 desperationem

1989 5262 2210 5316 cadunt.
2235 5261 2407 5317 Aliter
2445 5259 2767 5316 admonendi
2810 5265 2937 5314 sunt
2997 5254 3364 5326 impatientes,
3413 5262 3575 5323 atque

1989 5352 2146 5407 aliter
2171 5353 2443 5423 patientes
2475 5371 2488 5407 :
2521 5351 2807 5408 dicendum
2849 5362 3085 5418 namque
3116 5354 3201 5402 est
3240 5345 3574 5416 impatienti-

1985 5441 2088 5508 bus
2115 5445 2242 5513 quia
2268 5444 2395 5503 dum
2423 5443 2640 5503 frenare
2673 5440 2926 5513 spiritum
2956 5440 3250 5515 negligunt,
3278 5454 3375 5509 per
3404 5438 3572 5493 multa

1984 5536 2149 5595 etiam
2200 5551 2319 5606 quae
2348 5552 2455 5597 non
2484 5541 2761 5607 appetunt,
2817 5530 3166 5602 iniquitatum
3208 5531 3438 5600 abrupta
3486 5544 3573 5583 ra-

1982 5627 2225 5699 piuntur.
2278 5627 2404 5693 quia
2452 5625 2705 5681 videlicet
2746 5631 2983 5675 mentem
3017 5620 3242 5692 impellit
3268 5618 3419 5675 furor
3464 5632 3571 5689 quo

1978 5700 2092 5779 non
2138 5714 2305 5773 trahit
2359 5711 2708 5777 desiderium,
2754 5720 2808 5767 et
2856 5712 2967 5785 agit
2996 5719 3265 5767 commota
3293 5709 3441 5765 velut
3471 5722 3569 5764 ne-

1981 5804 2183 5869 sciens,
2206 5804 2349 5860 unde
2377 5813 2499 5879 post
2521 5802 2697 5858 doleat
2719 5804 2919 5860 sciens.
2944 5803 3239 5860 Dicendum
3272 5802 3455 5870 itaque
3480 5807 3568 5857 est

1981 5895 2332 5968 patientibus,
2363 5905 2424 5953 ut
2468 5897 2719 5953 studeant
2768 5897 2993 5969 diligere
3040 5911 3175 5967 quos
3205 5893 3307 5950 sibi
3341 5902 3564 5947 necesse

1984 5996 2068 6048 est
2092 5987 2322 6047 tolerare
2346 6005 2360 6047 :
2390 6003 2457 6046 ne
2483 5987 2531 6046 si
2559 5989 2877 6065 patientiam
2895 5988 3113 6048 dilectio
3138 6000 3246 6045 non
3274 5989 3557 6064 sequatur.

3604 1100 3673 1457 l
