3974 6462
434 441 540 496 M5

1111 442 1173 498 Β.
1212 438 1472 498 RABANI
1504 436 1726 496 mum
1761 415 2081 497 menter.
2121 439 2431 498 uocum.
2473 438 2759 498 OPERUM
2791 439 2974 499 mas
3004 440 3049 497 1.

3592 443 3698 501 H6

433 561 488 613 in
510 558 836 617 deteriorem
882 559 1094 631 culpam
1122 562 1236 617 odii
1283 558 1461 616 virtus"
1481 568 1698 616 ostensa
1736 567 2002 616 vertatur.
2032 562 2086 621 Α
2111 558 2397 614 dammodo
2421 573 2490 614 ex
2518 558 2638 613 aliis
2664 559 2945 629 speciebus
2970 555 3124 628 quasi
3145 571 3213 612 ex
3235 556 3526 616 arboribus
3554 563 3696 617 rami

430 648 601 704 Aliter
641 650 964 706 admonendi
996 650 1261 715 benevoli,
1315 659 1477 720 atque
1505 651 1665 704 aliter
1688 650 1874 705 invidi.
1898 650 2007 705 Ad-

429 738 684 794 monendi
714 753 950 808 namque
981 746 1107 794 sunt
1134 739 1398 804 benevoli,
1439 748 1501 794 ut
1526 740 1606 795 sic
1635 739 1826 795 alienis
1850 740 2006 795 bonis

428 828 719 898 gaudeant,
764 839 1031 900 quatenus
1060 830 1265 886 habere
1308 831 1528 901 propria
1572 833 1999 903 concupiscant:

427 915 505 970 sic
529 917 899 985 proximorum
924 918 1065 975 facta
1091 920 1366 991 diligendo
1392 920 1631 989 laudent,
1662 931 1809 977 utea
1839 922 2003 979 etiam

422 1003 685 1062 imitando
704 1009 1081 1081 multiplicent,
1099 1010 1226 1080 quia
1249 1010 1382 1066 nihil
1406 1013 1673 1068 mercedis
1694 1012 1797 1067 sibi
1817 1022 1998 1082 agunt,

422 1096 470 1150 si
496 1112 561 1151 ea
590 1113 711 1168 qua
745 1101 994 1172 diligunt,
1020 1102 1075 1156 in
1105 1112 1364 1172 quantum
1390 1110 1615 1173 possunt
1642 1119 1749 1158 non
1781 1105 2002 1160 imitan-

420 1191 530 1239 tur.
563 1185 901 1244 Admonendi
947 1198 1074 1245 sunt
1106 1191 1295 1256 invidi,
1322 1201 1383 1246 ut
1420 1194 1757 1263 perpendant
1786 1204 2001 1264 quanta

418 1276 676 1333 eacitatis
719 1287 776 1334 et
813 1278 1151 1336 infelicitatis
1200 1290 1345 1347 sunt,
1394 1284 1485 1353 qui
1532 1283 1708 1338 alieno
1756 1284 2000 1354 profectu

418 1363 695 1433 deﬁciunt,
724 1368 901 1423 aliena
931 1371 1291 1427 exsultatione
1318 1373 1737 1440 contabescunt;
1771 1376 1862 1445 qui
1887 1391 2000 1432 me-

416 1449 698 1509 lioratione
729 1457 961 1523 proximi
985 1459 1287 1515 deteriores
1313 1468 1459 1515 sunt.
1483 1462 1655 1516 Aliter
1675 1463 1998 1520 admonendi

415 1555 543 1600 sunt
570 1547 863 1617 simplices,
912 1557 1077 1621 atque
1116 1553 1275 1609 aliter
1302 1555 1519 1625 impuri.
1553 1556 1999 1638 Laudandi_sunt

414 1635 706 1707 simplices,
756 1648 818 1695 ut
873 1642 1128 1700 studeant
1174 1661 1453 1716 nunquam
1497 1646 1631 1703 falsa
1667 1635 1870 1717 dicere,
1899 1652 1997 1708 sed

413 1729 735 1790 admonendi
767 1741 915 1799 sunt,
958 1743 1017 1790 ut
1048 1738 1300 1794 noverint
1327 1754 1714 1811 nonnunquam
1755 1757 1883 1799 vera
1909 1760 1995 1800 re-

411 1820 598 1889 Licere,
628 1830 687 1878 ut
723 1825 1085 1897 simplicitatis
1117 1829 1260 1886 bono
1291 1832 1635 1902 prudentiam
1675 1833 1986 1908 adjungant,

2108 651 2445 720 procedunt:
2476 667 2595 722 qua
2630 652 2757 721 quia
2781 651 2848 707 ab
2870 667 2977 708 una
3006 650 3268 705 virtutum
3305 652 3492 708 radice
3524 669 3695 725 gene-

2106 752 2318 810 rantur,
2350 745 2419 800 in
2445 761 2553 801 uno
2575 745 2819 815 ejusdem
2862 746 3066 802 radicis
3109 745 3291 816 stipite
3314 746 3538 805 frondes
3578 751 3697 821 pul-

2105 835 2360 891 eberrimi
2385 844 2684 907 gestantur.
2715 836 2855 892 Sunt
2876 844 2931 893 et
2950 852 2981 892 e
3001 837 3279 893 contrario
3299 837 3356 893 in
3378 839 3531 895 vitiis
3548 855 3699 910 qua-

2105 924 2230 978 dam
2257 925 2525 981 virulenta
2569 926 2834 995 germina,
2879 927 2947 982 de
2979 928 3174 998 quibus
3201 930 3381 985 omnis
3420 930 3515 985 illa
3555 932 3696 986 mul-

2102 1014 2274 1070 titudo
2315 1016 2569 1086 pestifera
2622 1018 2987 1087 nequitiamm
3022 1026 3333 1088 generatur,
3366 1027 3421 1075 et
3464 1022 3610 1076 sicut
3644 1023 3695 1076 in

2103 1107 2393 1163 virtutibus
2417 1109 2534 1163 alia
2570 1125 2637 1164 ex
2672 1110 2791 1164 aliis
2822 1112 3144 1179 procedunt,
3176 1112 3331 1183 quasi
3361 1128 3431 1167 ex
3455 1116 3697 1183 genetri—

2104 1197 2256 1251 cibus
2277 1199 2458 1269 proles
2473 1200 2743 1269 pretiosae,
2768 1200 2846 1254 sic
2860 1209 2915 1255 et
2936 1201 2987 1255 in
3013 1202 3133 1257 istis
3153 1204 3399 1272 quadam
3419 1206 3578 1275 quasi
3603 1221 3697 1260 ne-

2101 1289 2374 1356 quissima
2428 1291 2658 1355 soboles,
2698 1306 2765 1346 ex
2829 1293 3190 1362 spurcissimis
3240 1296 3512 1351 matribus
3559 1312 3690 1366 pro-

2102 1386 2286 1439 deunt.
2322 1385 2427 1439 Sed
2463 1385 2587 1454 quia
2627 1401 2748 1441 eum
2794 1386 3083 1441 virtutibus
3134 1387 3391 1443 vitiorum
3434 1391 3691 1445 diuturna

2099 1484 2225 1529 sunt
2260 1476 2416 1541 bella,
2457 1478 2738 1547 utriusque
2781 1478 3001 1533 malitia
3037 1478 3132 1548 qui
3192 1479 3303 1534 sint
3346 1479 3537 1543 duces,
3568 1482 3691 1551 qui-

2097 1581 2203 1635 que
2227 1580 2415 1621 eorum
2444 1569 2553 1622 sint
2578 1568 2806 1623 comites
2833 1569 3139 1638 specialiter
3184 1581 3448 1641 quantum
3500 1588 3695 1643 possu-

2098 1672 2219 1711 mus
2252 1672 2584 1726 exponamus
2627 1675 2639 1711 ε
2674 1658 2746 1712 ita
2774 1667 2954 1713 tamen
2993 1668 3053 1713 ut
3082 1675 3201 1729 qua
3227 1662 3403 1717 virtus
3431 1678 3556 1718 cum
3586 1681 3694 1735 quo

2094 1748 2229 1802 vitio
2252 1749 2466 1818 proprie
2492 1765 2726 1820 pugnam
2755 1759 2925 1819 gerat,
2956 1752 3162 1821 pariter
3181 1756 3559 1810 ostendamus.
3580 1756 3691 1811 Nec

2096 1840 2240 1894 enim
2268 1839 2426 1895 aliter
2445 1855 2733 1909 possumus
2756 1843 2930 1911 ignita
2946 1844 3197 1899 vitiorum
3212 1845 3391 1913 jacula
3420 1849 3689 1913 devitarc,

410 1919 674 1979 quatenus
713 1914 792 1970 sic
821 1918 1168 1974 securitatem
1197 1920 1265 1976 de
1287 1922 1634 1992 simplicitate
1655 1927 1987 1995 possideant,
2019 1926 2067 1985 B
2094 1929 2198 1983 nisi
2224 1930 2460 1985 sciamus
2492 1940 2793 2001 opportuna
2828 1933 3091 1988 virtutum
3124 1937 3358 2003 tegmina
3392 1937 3501 1993 illis
3529 1954 3693 2009 oppo-

408 2011 467 2057 ut
518 2004 1063 2078 circumspectionem
1109 2013 1413 2082 prudentia
1451 2031 1560 2071 non
1607 2018 1879 2073 amittant.
1921 2020 1994 2076 At

408 2103 595 2150 contra
630 2098 954 2155 admonendi
1003 2108 1129 2156 sunt
1166 2103 1390 2174 impuri,
1428 2114 1488 2160 ut
1518 2123 1678 2178 quam
1714 2112 1896 2179 gravis
1922 2113 1993 2167 sit

408 2200 568 2254 quem
597 2203 719 2243 cum
754 2190 910 2260 culpa
939 2193 1233 2261 sustinent,
1263 2196 1593 2267 duplicitatis
1637 2200 1788 2257 labor
1826 2217 1993 2274 agno-

407 2286 581 2332 scant.
610 2278 749 2334 Dum
797 2281 943 2337 enim
971 2284 1300 2355 deprehendi
1344 2295 1617 2357 metuunt,
1652 2307 1866 2363 semper
1894 2294 1994 2349 im-

403 2370 601 2438 probas
628 2370 971 2430 defensiones
1003 2387 1276 2447 quarunt.
1314 2380 1489 2436 Aliter
1510 2384 1834 2439 admonendi
1863 2395 1990 2441 sunt

404 2464 723 2534 incolumes,
752 2478 915 2539 atque
943 2471 1100 2528 aliter
1130 2474 1279 2543 agri.
1316 2474 1658 2532 Admonendi
1689 2486 1815 2533 sunt
1839 2478 1990 2534 inco-

402 2554 595 2622 lumes,
626 2573 694 2613 ne
718 2562 1181 2632 Opportunitatem
1213 2564 1403 2621 salutis
1432 2567 1487 2621 in
1515 2576 1835 2638 perpetuum
1862 2584 1988 2639 pro-

402 2650 673 2706 merenda
698 2652 1026 2723 despiciant;
1061 2671 1131 2711 ne
1156 2656 1372 2727 placere
1402 2659 1514 2714 Deo
1538 2660 1585 2714 si
1609 2676 1730 2715 cum
1762 2670 1990 2731 possunt

400 2738 689 2807 noluerint,
716 2757 839 2798 cum
859 2745 1128 2801 voluerint
1155 2763 1279 2804 sero
1300 2765 1406 2805 non
1435 2752 1662 2820 possint.
1691 2753 1764 2807 At
1790 2762 1985 2808 contra

399 2830 723 2890 admonendi
755 2844 881 2891 sunt
906 2839 1056 2909 agri,
1080 2847 1140 2894 ut
1168 2855 1228 2896 se
1257 2840 1396 2896 ﬁlios
1431 2842 1527 2897 Dei
1556 2844 1816 2911 sentiant,
1844 2860 1984 2915 quo-

399 2919 543 2974 niam
571 2922 693 2979 illos
740 2924 1037 2997 disciplina
1078 2928 1289 3001 ﬂagella
1336 2934 1620 3003 castigant.
1675 2934 1789 2990 Nisi
1835 2936 1982 2991 enim

396 3012 656 3067 correctis
678 3013 1050 3073 hareditatem
1080 3019 1211 3075 dare
1254 3021 1587 3091 disponeret,
1636 3025 1855 3095 erudire
1887 3040 1984 3081 eos

395 3117 493 3171 per
506 3103 784 3161 molestias
807 3123 916 3163 non
940 3120 1174 3166 curaret.
1200 3111 1375 3168 Aliter
1394 3114 1723 3172 admonendi
1744 3125 1869 3173 sunt
1890 3118 1983 3188 qui

393 3196 603 3269 ﬂagella
652 3210 920 3272 metuunt,
956 3214 1012 3260 et
1047 3215 1337 3277 propterea
1383 3209 1705 3266 innocenter
1759 3211 1976 3279 vivunt;

2094 2036 2243 2086 nere,
2267 2029 2327 2075 ut
2353 2037 2417 2076 ex
2450 2023 2578 2092 ipsis
2604 2023 2831 2091 defensi,
2856 2033 3171 2096 protervum
3200 2027 3349 2083 illum
3377 2032 3686 2085 exercitum

2092 2110 2250 2164 simul
2278 2127 2400 2166 cum
2426 2111 2543 2182 ejus
2565 2115 2811 2182 ducibus,
2829 2114 3049 2173 Christo
3071 2134 3235 2188 super
3262 2135 3361 2174 nos
3396 2129 3686 2192 regnante,

2089 2202 2359 2270 possimus
2402 2219 2676 2274 superare.
2711 2206 2996 2262 Tentantia
3030 2210 3226 2280 quippe
3260 2210 3390 2265 vitia
3433 2226 3558 2281 qua:
3600 2212 3687 2266 iu-

2090 2292 2288 2347 visibili
2322 2302 2509 2349 contra
2540 2311 2638 2351 nos
2664 2297 2850 2367 pralio
2877 2300 3121 2369 regnanti
3148 2314 3312 2369 super
3331 2315 3390 2355 se
3410 2302 3684 2371 superbia

2090 2386 2344 2452 militant,
2374 2387 2477 2442 alia
2510 2402 2663 2442 more
2688 2387 2885 2443 ducum
2915 2398 3177 2459 praeunt,
3207 2390 3310 2444 alia
3342 2407 3498 2446 more
3529 2394 3689 2447 uer;

2091 2478 2231 2533 citus
2256 2480 2678 2549 subsequuntur.
2721 2480 2829 2536 Nec
2857 2481 3001 2536 enim
3032 2480 3201 2552 culpa
3224 2497 3415 2537 omnes
3440 2485 3560 2554 pari
3587 2499 3685 2538 ac.

2090 2585 2245 2625 cessu
2299 2586 2395 2625 cor
2440 2581 2741 2642 occupant;
2796 2573 2890 2628 sed
2947 2577 3073 2628 dum
3118 2574 3352 2645 majores
3396 2584 3453 2630 et
3494 2591 3686 2646 pauca

2089 2663 2390 2733 neglectam
2418 2672 2653 2719 mentem
2693 2666 3062 2735 praveniunt,
3094 2668 3332 2722 minores
3376 2668 3683 2723 innumera

2088 2754 2155 2807 ad
2191 2754 2335 2807 illam
2365 2768 2423 2808 se
2447 2754 2763 2809 catervatim
2800 2753 3051 2811 fundunt.
3083 2756 3203 2825 Ipsa
3235 2771 3471 2826 namque
3519 2746 3682 2812 vitio.

2086 2857 2208 2896 rum
2235 2844 2419 2913 regina
2435 2843 2707 2914 superbia,
2721 2859 2845 2899 cum
2867 2845 3135 2901 devictum
3158 2862 3254 2901 cor
3265 2846 3427 2916 plene
3448 2847 3679 2917 ceperit,

2085 2945 2212 2987 mox
2235 2933 2367 2988 illud
2404 2941 2609 3003 septem
2640 2933 3030 3004 principalibus
3070 2935 3239 3001 vitiis,
3269 2936 3424 3006 quasi
3460 2935 3685 3006 quibus-

2085 3023 2210 3079 dam
2258 3025 2370 3080 suis
2420 3024 2650 3080 ducibus
2702 3025 3096 3081 devastandum
3125 3027 3331 3081 trahit:
3364 3041 3504 3097 quos
3529 3027 3681 3082 vide-

2084 3114 2212 3171 licet
2236 3116 2402 3172 duces
2428 3116 2701 3172 exercitus
2747 3117 3012 3187 sequitur,
3058 3117 3187 3188 quia
3240 3132 3305 3172 ex
3359 3117 3442 3173 eis
3484 3118 3681 3188 procul

2047 3194 2247 3279 :dubio
2298 3210 2621 3279 importuna
2679 3210 2932 3266 vitiorum
2982 3210 3358 3265 multitudines
3400 3210 3675 3264 oriuntur.

392 3288 551 3343 aliter
574 3291 670 3361 qui
690 3292 769 3347 sic
799 3294 854 3348 in
898 3274 1186 3366 iniquitate
1214 3299 1567 3364 duraverunt,
1596 3307 1656 3354 ut
1677 3314 1854 3370 neque
1880 3274 1980 3371 per
2007 3274 2053 3339 (ἶ
2084 3299 2260 3356 Radix
2283 3274 2481 3373 quippe
2503 3303 2686 3358 cuncti
2715 3302 2844 3358 mali
2868 3303 3123 3373 superbia
3145 3311 3231 3358 est
3256 3318 3271 3356 :
3305 3302 3373 3357 de
3396 3316 3505 3371 qua
3528 3301 3679 3356 Scri.

393 3378 599 3449 ﬂagella
648 3386 1011 3455 corrigantur.
1062 3388 1360 3445 Dicendum
1390 3406 1626 3462 namque
1660 3402 1746 3450 est
1773 3394 1859 3449 his
1888 3396 1981 3465 qui

390 3482 679 3544 propterea
707 3478 851 3534 bona
878 3480 1086 3536 faciunt
1110 3483 1237 3552 quia
1270 3491 1665 3542 tormentorum
1701 3490 1842 3545 mala
1866 3506 1982 3548 me-

397 3574 571 3633 tuunt,
600 3570 727 3639 quia
758 3572 959 3628 nullam
987 3575 1210 3645 spiritus
1244 3576 1555 3636 libertatem
1582 3590 1786 3640 tenent.
1815 3584 1981 3642 Nam-

395 3674 499 3728 que
540 3661 645 3716 nisi
676 3677 892 3732 panam
920 3683 1028 3723 non
1051 3677 1376 3739 metuerent,
1409 3673 1625 3743 culpam
1649 3678 1839 3746 procul
1876 3678 1979 3733 du-

393 3750 482 3805 hio
529 3763 929 3824 perpetrarent.
988 3749 1142 3815 Un'de
1180 3761 1301 3818 luce
1347 3763 1555 3820 clarius
1586 3776 1823 3835 constat,
1851 3769 1980 3840 quia

393 3857 576 3897 coram
618 3845 729 3900 Deo
775 3847 1083 3905 innocentia
1113 3853 1404 3921 amittitur,
1435 3865 1563 3913 ante
1609 3858 1764 3929 cujus
1793 3862 1978 3919 oculos

390 3950 420 3987 a
451 3935 718 3992 desiderio
743 3948 1022 4008 peccatur.
1057 3942 1236 4013 Atque
1272 3946 1444 4018 iniqui
1467 3964 1606 4019 quos
1628 3952 1697 4007 ab
1723 3952 1979 4024 iniquita-

390 4026 555 4094 tibus,
592 4044 693 4085 nec
734 4030 943 4102 ﬂagella
981 4048 1352 4107 compescunt,
1394 4049 1545 4099 tanto
1582 4046 1790 4102 acriore
1832 4048 1980 4105 inve-

388 4118 569 4172 ctione
611 4119 841 4177 feriendi
885 4133 1031 4192 sunt,
1071 4136 1276 4196 quanto
1315 4132 1522 4202 majore
1559 4134 1977 4196 insensibilitate

388 4209 738 4267 duraverunt.
771 4214 944 4271 Aliter
978 4219 1303 4278 admonendi
1331 4234 1458 4279 sunt
1485 4228 1648 4285 nimis
1672 4232 1843 4297 taciti,
1876 4233 1977 4287 ali-

391 4307 470 4352 ter
514 4300 855 4373 multiloquio
906 4317 1183 4366 vacantes.
1234 4312 1502 4370 lnsinuari
1532 4333 1771 4389 namque
1812 4322 1975 4378 nimis

390 4389 569 4445 tacitis
620 4391 801 4460 debet,
834 4395 958 4465 quia
1014 4398 1143 4453 dum
1193 4404 1439 4471 quadam
1470 4408 1602 4462 vitia
1645 4410 1863 4467 incaute
1890 4410 1975 4468 fu-

386 4482 555 4554 giunt,
590 4486 800 4543 occulte
847 4488 1207 4549 deterioribus
1258 4494 1623 4566 implicentur.
1667 4500 1805 4557 Nam
1828 4517 1973 4573 saepe

384 4575 624 4646 linguam
664 4579 791 4647 quia
823 4580 1231 4639 immoderatius
1257 4584 1490 4653 frenant,
1537 4589 1593 4645 in
1636 4595 1800 4648 corde
1848 4609 1973 4666 gra-

386 4669 506 4722 vius
553 4669 953 4741 multiloquium
1002 4674 1252 4732 tolerant.
1285 4676 1359 4733 At
1400 4690 1595 4737 contra
1647 4684 1971 4743 admonendi

385 4765 512 4813 sunt
537 4759 877 4831 multiloquio
900 4774 1176 4829 vacantes,
1208 4776 1268 4821 ut
1300 4768 1588 4840 vigilanter
1614 4771 1903 4842 inspiciant
1938 4790 1971 4831 a

385 4859 590 4920 quanto
639 4850 980 4908 rectitudinis
1009 4861 1152 4908 statu
1183 4855 1502 4927 depereunt,
1533 4860 1660 4915 dum
1706 4877 1804 4933 per
1828 4862 1973 4918 mul-

391 4943 593 5014 tiplicia
619 4944 784 5000 verba
819 4945 1152 5003 dilabuntur.
1185 4949 1418 5021 Reliqua
1449 4952 1575 5009 vide
1592 4954 1734 5024 apud
1764 4954 1972 5027 Grego-

389 5045 529 5099 rium
563 5043 684 5100 loco
712 5059 819 5114 quo
842 5046 1211 5117 supradictum
1240 5055 1348 5105 est.

906 5159 1134 5218 CAPUT
1176 5160 1457 5217 XXXVIII.

392 5251 524 5318 Qua
538 5253 782 5308 virtutum
809 5254 1001 5325 species
1031 5255 1314 5338 contraria:
1340 5255 1443 5308 sint
1462 5250 1683 5323 singulis
1708 5251 1972 5323 speciebus

1044 5337 1312 5380 υιηονιιγη.

459 5417 586 5474 Hac
625 5417 787 5489 igitur
826 5424 976 5474 tanto
1000 5415 1384 5488 congruentius
1421 5414 1792 5484 unusquisque
1826 5429 1971 5484 pra-

389 5511 596 5567 dicator
637 5508 779 5563 valet
826 5508 1152 5577 exprimere,
1211 5514 1417 5575 quanto
1465 5504 1713 5558 veracius
1761 5505 1970 5574 species

387 5608 681 5672 virtutum,
724 5611 781 5659 et
817 5617 848 5658 e
899 5609 1089 5655 contra
1134 5602 1389 5652 vitiorum
1430 5600 1580 5650 novit
1611 5598 1920 5650 discernere
1947 5618 1963 5651 :

387 5712 449 5758 ut
476 5719 596 5759 cum
632 5700 841 5770 singula
868 5694 1093 5766 singulis
1126 5693 1277 5747 novit
1302 5702 1591 5761 opponere,
1626 5688 1819 5757 cuique
1857 5687 1969 5743 vul-

388 5798 509 5855 neri
544 5806 730 5867 aptum
775 5791 949 5864 possit
997 5788 1447 5844 medicamentum
1504 5781 1767 5838 invenire.
1828 5779 1966 5836 Sunt

386 5896 570 5947 autem
630 5886 688 5942 in
732 5881 1024 5939 virtutibus
1064 5877 1312 5952 quaedam
1373 5873 1601 5944 species.
1663 5885 1785 5942 qua
1828 5883 1963 5940 quo-

1995 4629 2050 4690 D

2081 3400 2242 3461 ptura
2269 3400 2562 3448 attestante
2588 3393 2788 3449 dicitur
2816 3412 2829 3448 :
2875 3392 3098 3448 Initium
3137 3393 3306 3448 omnis
3343 3392 3545 3462 peccati
3580 3408 3675 3446 ει-

2080 3485 2260 3556 perbia
2288 3494 2363 3539 est
2391 3483 2581 3556 (Eccli.
2620 3484 2698 3556 x).
2728 3484 2923 3541 Prima
2961 3492 3139 3541 autem
3171 3485 3288 3554 ejus
3317 3482 3554 3549 soboles,
3586 3497 3677 3537 se-

2081 3584 2228 3649 ptem
2266 3576 2521 3632 nimirum
2571 3576 2888 3647 principalia
2934 3576 3089 3642 vitia,
3134 3576 3200 3631 de
3240 3575 3343 3630 hac
3395 3573 3669 3629 virulenta

2081 3669 2265 3725 radice
2303 3667 2699 3741 proferuntur:
2727 3668 2936 3724 scilicet
2969 3668 3149 3723 inanis
3189 3665 3384 3738 gloria,
3428 3664 3669 3729 invidia,

2081 3761 2182 3828 ira,
2210 3761 2452 3828 tristitia,
2466 3761 2712 3828 avaritia,
2730 3762 2940 3817 ventris
2966 3760 3250 3831 ingluvies,
3267 3757 3506 3813 luxuria.
3533 3755 3668 3810 Nam

2080 3859 2207 3929 quia
2228 3857 2313 3913 his
2340 3865 2548 3928 septem
2592 3856 2741 3914 vitiis
2779 3855 3046 3927 superbia
3095 3868 3196 3911 nos
3239 3860 3428 3922 captos
3476 3850 3666 3914 doluit,

2080 3951 2285 4007 ideirco
2327 3950 2656 4023 Redemptor
2693 3959 2884 4007 noster
2932 3950 2999 4004 ad
3045 3946 3287 4018 spiritale
3332 3942 3672 3999 liberationis

2078 4044 2344 4115 pralium,
2379 4042 2584 4113 Spiritu
2635 4042 2968 4113 septiformis
3012 4040 3199 4113 gratia
3246 4036 3441 4108 plenus
3496 4035 3666 4090 venit.

2081 4136 2187 4193 Sed
2210 4136 2415 4192 habent
2441 4145 2629 4191 contra
2649 4151 2748 4192 nos
2774 4136 2891 4191 hac
2918 4132 3126 4205 singula
3152 4131 3454 4187 exercitum
3486 4142 3667 4184 suum.

2078 4230 2213 4284 Nam
2253 4231 2319 4285 de
2360 4229 2508 4283 inani
2552 4228 2742 4299 gloria,
2776 4224 3159 4287 inobedientia,
3183 4221 3467 4292 iactantia,
3494 4220 3668 4290 hypo-

2075 4321 2257 4385 crisis,
2287 4320 2692 4386 contentiones,
2719 4316 3063 4389 pertinacia,
3092 4311 3377 4368 discordia
3423 4318 3481 4365 et
3519 4310 3670 4364 novi-

2077 4421 2247 4470 tatum
2294 4412 2742 4482 praesumptiones
2780 4408 3051 4464 oriuntur.
3097 4404 3176 4459 De
3213 4399 3415 4457 invidia
3459 4399 3666 4461 odium,

2076 4509 2396 4573 susurratio,
2425 4505 2708 4568 detractio,
2735 4500 3024 4558 exsultatio
3048 4498 3101 4553 in
3134 4494 3380 4551 adversis
3399 4492 3667 4562 proximi,

2076 4601 2295 4658 afﬂictio
2319 4607 2498 4654 autem
2536 4598 2592 4653 in
2623 4594 2895 4666 prosperis
2940 4590 3201 4647 nascitur.
3247 4587 3325 4642 De
3369 4586 3474 4647 ira,
3527 4583 3666 4645 rixa,

2074 4700 2131 4748 et
2173 4699 2354 4745 tumor
2386 4688 2607 4752 mentis,
2663 4682 3020 4747 contumelia,
3061 4680 3287 4741 clamor,
3339 4673 3663 4743 indignatio,

2072 4778 2425 4851 blasphemia
2452 4774 2821 4847 proferuntur.
2872 4770 2948 4824 De
2992 4766 3236 4828 tristitia,
3266 4762 3500 4825 malitia,
3535 4776 3662 4814 van--

2074 4887 2204 4938 cor,
2233 4867 2668 4940 pusillanimitas,
2708 4861 3034 4933 desperatio,
3066 4867 3249 4955 torpor
3273 4855 3420 4955 circa
3450 4866 3662 4955 praece-

2073 4974 2190 5035 pta,
2206 4962 2422 5033 vagatio
2443 4960 2643 5016 mentis
2665 4972 2795 5028 erga
2822 4955 3008 5010 illicita
3029 4951 3287 5047 nascitur.
3311 4947 3389 5047 De
3409 4947 3660 5047 avaritia,

2073 5055 2329 5127 proditio,
2354 5052 2525 5118 fraus,
2548 5049 2778 5111 fallacia,
2813 5042 3071 5137 perjuria,
3096 5038 3440 5137 inquietudo,
3462 5036 3662 5137 violen-

2074 5147 2187 5211 tia,
2233 5152 2290 5198 et
2338 5150 2527 5198 contra
2581 5135 3010 5193 misericordiam
3060 5128 3446 5187 obduratioues
3481 5127 3661 5187 cordis

2073 5239 2342 5296 oriuntur.
2375 5234 2455 5289 De
2478 5229 2685 5287 ventris
2709 5226 2976 5298 ingluvie,
3001 5224 3183 5293 inepta
3225 5219 3433 5285 latitia,
3463 5216 3662 5274 scurri-

2072 5329 2220 5393 litas,
2254 5323 2616 5387 immunditia,
2679 5316 3098 5387 multiloquium,
3146 5310 3416 5368 hebetudo
3466 5323 3659 5364 sensus

2073 5420 2223 5476 circa
2244 5413 2655 5486 intelligentiam
2683 5416 3032 5481 propagatur.
3069 5407 3145 5461 De
3175 5403 3411 5466 luxuria,
3439 5402 3655 5457 cacitas

2070 5510 2291 5574 mentis,
2341 5503 2782 5565 inconsideratio,
2842 5495 3224 5559 inconstantia,
3270 5491 3652 5565 praeipitatio;

2069 5609 2224 5650 amor
2251 5598 2356 5659 sui,
2384 5591 2565 5647 odium
2590 5590 2706 5655 Dei,
2732 5587 2954 5643 affectus
2984 5586 3163 5642 saculi
3192 5583 3503 5655 prasentis,
3531 5583 3653 5639 hor-

2068 5701 2163 5741 ror
2186 5691 2368 5738 autem
2395 5680 2480 5736 vel
2505 5679 2811 5750 desperatio
2837 5677 3002 5733 futuri
3026 5682 3335 5748 generatur.
3367 5671 3479 5729 Sed
3514 5687 3651 5728 enu-

2066 5776 2290 5833 meratis
2347 5783 2552 5843 septem
2599 5772 2865 5841 superbia
2905 5769 3171 5834 sordibus,
3225 5783 3348 5838 qua
3394 5766 3651 5822 vitiorum

2066 5866 2361 5924 exercitum
2411 5872 2602 5921 contra
2644 5875 2744 5919 nos
2786 5861 3006 5928 ducunt,
3050 5860 3329 5917 videamus
3375 5872 3499 5927 qua
3542 5854 3651 5912 sint
