3974 6478
269 450 379 506 417

1045 443 1132 501 DE
1170 439 1615 501 CLERICORUM
1652 436 2158 505 lNSTlTUTlONE,
2200 438 2353 496 ETC.
2390 469 2461 480 -—
2495 436 2626 494 LIB.
2664 438 2749 496 Ill.

3431 435 3542 496 H8

268 567 537 620 virtutum
557 562 722 617 duces
751 569 807 616 et
833 561 1045 631 agmina
1071 562 1360 626 exercitus,
1388 576 1508 630 qua
1536 558 1853 614 humilitatis
1879 563 1934 620 Α
1955 556 2135 626 cipitis
2187 555 2369 628 gladii,
2412 566 2649 614 tumores
2693 556 3079 630 cogitationum
3125 558 3424 615 carnalium
3472 574 3541 616 ex

269 662 464 709 auctor
484 651 734 707 Christus
771 650 926 706 nobis
973 658 1212 722 prastat,
1257 651 1323 704 ad
1351 649 1694 720 pugnandum
1725 665 1853 704 con-

269 752 356 799 tra
383 743 638 797 vitiorum
678 742 960 807 cohortes;
1008 749 1062 796 et
1085 757 1421 812 opponamus
1448 741 1674 813 singulis
1697 741 1851 796 duci-

269 835 375 892 bus
407 836 664 891 vitiorum
714 834 880 890 duces
927 835 1234 890 contrarios
1273 835 1558 901 virtutum,
1603 835 1855 890 exerciti-

266 926 480 998 busque
505 927 798 983 exercitus.
849 927 979 982 Duci
1027 927 1190 996 igitur
1235 927 1381 982 inani
1429 928 1614 999 gloria
1666 937 1853 983 contra

266 1019 559 1073 statuenda
593 1025 676 1073 est
705 1019 812 1072 dux
841 1017 1140 1084 humilitas,
1180 1035 1300 1089 qua
1347 1020 1584 1075 maxime
1631 1027 1855 1091 generat

266 1110 327 1164 in
357 1111 578 1165 homine
613 1111 1016 1181 despectionem
1047 1111 1130 1166 sui
1157 1120 1213 1166 et
1239 1120 1608 1181 contemptum
1631 1113 1857 1167 caduca-

267 1221 391 1261 rum
422 1218 634 1270 rerum;
671 1205 1067 1273 comitibusque
1089 1205 1206 1274 ejus
1239 1205 1462 1259 comites
1491 1204 1770 1269 contrarii,
1801 1204 1855 1260 id

264 1311 368 1362 est.
405 1299 780 1357 inobedientia
807 1299 1144 1365 obedientia;
1174 1297 1469 1368 jactantia,
1488 1299 1704 1354 humilis
1728 1315 1854 1370 pro-

267 1395 466 1458 fessio;
500 1390 793 1464 hypocrisi,
819 1389 1164 1460 simplicitas;
1207 1391 1563 1457 contentioni,
1595 1392 1853 1446 innocen-

269 1488 371 1550 tia;
406 1484 738 1557 pertinacia,
772 1481 1064 1550 subjectio;
1123 1482 1427 1547 discordia,
1459 1485 1598 1553 pax‘;
1650 1483 1855 1538 novita-

267 1588 380 1634 tum
420 1574 845 1648 praesumptioni,
877 1575 1038 1628 timor
1064 1573 1158 1628 Dei
1185 1582 1240 1628 et
1285 1575 1568 1630 honoratio
1615 1583 1852 1644 patrum.

268 1669 400 1723 Daci
430 1682 647 1738 quoque
677 1665 891 1721 invidia
917 1665 1238 1736 Opponenda
1269 1674 1354 1720 est
1383 1667 1487 1720 dux
1533 1667 1854 1722 benevolen-

267 1762 375 1824 tia;
432 1757 724 1814 comitibus
760 1757 877 1827 ejus
922 1759 1187 1814 contrarii
1232 1758 1477 1825 comites,
1512 1758 1565 1814 id
1605 1768 1687 1814 est
1732 1761 1854 1816 odio

265 1851 487 1906 dilectio
506 1865 668 1918 vera;
701 1850 1294 1915 susurrationi,locutio
1317 1866 1478 1915 vera;
1506 1851 1850 1917 detractioni,

1959 649 2172 704 diverso
2202 648 2371 704 latere
2402 649 2622 715 incidat,
2659 659 2927 719 quatenus
2968 651 3047 706 sic
3073 651 3319 721 superbis
3349 651 3544 719 pradi-

1958 752 2110 800 cetur
2135 744 2428 808 humilitas,
2462 752 2522 798 ut
2544 754 2722 800 tamen
2752 745 2954 800 timidis
2990 760 3095 800 non
3121 755 3382 816 augeatur
3421 759 3542 800 me-

1961 842 2077 900 tus;
2120 835 2198 890 sic
2235 834 2437 889 timidis
2469 834 2784 889 infundatur
2817 837 3123 904 austeritas,
3149 847 3208 892 ut
3238 846 3415 893 tamen
3449 851 3545 892 su-

1954 929 2139 998 perbis
2169 945 2274 985 non
2307 932 2518 985 crescat
2565 930 2878 999 effrenatio;
2935 935 3012 988 sic
3059 933 3362 990 sollicitudo
3413 933 3546 990 boni

1956 1019 2156 1087 operis,
2184 1027 2243 1072 ut
2264 1030 2444 1074 tamen
2470 1019 2724 1089 inquietis
2759 1022 3126 1079 immoderata
3169 1025 3387 1080 licentia
3433 1038 3546 1080 non

1957 1119 2219 1182 augeatur
2244 1111 2503 1176 actionis;
2555 1112 2633 1169 sic
2670 1114 2926 1184 inquietis
2967 1126 3200 1186 ponatur
3242 1118 3455 1184 modus,
3484 1125 3547 1173 ut

1960 1209 2139 1257 tamen
2163 1204 2352 1258 otiosis
2379 1220 2486 1259 non
2523 1205 2615 1260 fiat
2653 1214 2836 1278 torpor
2862 1224 3113 1275 securus;
3151 1211 3230 1265 sic
3263 1212 3330 1265 ab
3367 1210 3545 1279 impa-

1956 1293 2213 1348 tientibus
2232 1294 2606 1365 exstingualur
2628 1296 2732 1361 ira,
2760 1304 2819 1350 ut
2842 1306 3022 1353 tamen
3051 1300 3292 1354 remissis
3319 1315 3383 1353 ac
3410 1299 3546 1354 leni-

1956 1383 2058 1439 bus
2087 1401 2195 1439 non
2221 1394 2432 1440 crescat
2463 1387 2820 1457 negligentia;
2862 1391 2942 1445 sic
2988 1391 3136 1447 lenes
3181 1392 3549 1446 accendantur

1959 1477 2028 1532 ad
2053 1477 2250 1541 zelum,
2276 1487 2335 1531 ut
2362 1485 2542 1532 tamen
2593 1479 2868 1535 iracundis
2920 1496 3026 1536 non
3080 1482 3310 1536 addatur
3363 1481 3552 1536 incen-

1958 1570 2139 1635 dium;
2175 1569 2252 1624 sic
2287 1570 2566 1624 tenacibus
2588 1570 2904 1626 infundatur
2927 1571 3196 1628 tribuendi
3227 1572 3553 1642 largitas,ut

1958 1670 2139 1716 tamen
2185 1661 2423 1734 prodigis
2475 1660 2750 1718 eﬂusionis
2796 1662 2951 1718 frena
3001 1663 3222 1718 minime
3265 1664 3546 1729 laxentur;

1959 1756 2037 1810 sic
2095 1755 2333 1825 prodigis
2383 1755 2709 1825 pradicetur
2763 1757 3018 1826 parcitas,
3049 1766 3108 1811 ut
3152 1765 3336 1812 tamen
3383 1757 3552 1813 conti-

1961 1855 2152 1901 nentes
2177 1861 2283 1901 non
2311 1855 2634 1902 revocentur
2663 1847 2730 1902 ad
2759 1847 2974 1914 luxum;
3032 1849 3110 1904 sic
3149 1848 3550 1904 continentibus

264 1945 358 2015 pia
395 1945 666 2013 laudatio;
693 1943 1036 2001 exsultationi
1067 1942 1120 1996 in
1152 1943 1392 1998 adversis
1420 1945 1670 2014 proximi,
1703 1960 1854 2000 com-
1883 1951 1932 2010 Β
1961 1939 2211 1994 laudetur
2236 1939 2537 2012 virginitas,
2568 1948 2627 1994 ut
2668 1948 2843 1995 tamen
2869 1941 2922 1996 in
2957 1941 3274 2013 conjugibus
3299 1942 3551 2012 despecta

267 2040 457 2110 passio
495 2041 546 2094 in
573 2037 686 2106 ejus
714 2035 1030 2099 afﬂictione;
1064 2035 1117 2089 in
1143 2035 1420 2105 prosperis
1451 2037 1646 2105 ipsius,
1670 2037 1856 2092 latitia

274 2129 333 2183 in
356 2131 612 2199 sospitate
635 2145 767 2199 ejus.
807 2129 905 2183 Ira
931 2128 1051 2182 duci
1096 2130 1368 2183 contraria
1415 2139 1498 2184 est
1543 2131 1650 2185 dux
1705 2146 1858 2184 man-

268 2219 533 2276 suetudo:
567 2218 957 2288 comitibusque
985 2219 1101 2289 ejus
1130 2219 1273 2274 illius
1321 2222 1548 2276 comites
1596 2222 1769 2287 istius,
1806 2222 1857 2277 id

265 2315 370 2369 est,
405 2309 601 2362 tumori
657 2310 858 2364 mentis
906 2311 1191 2380 placiditas
1231 2313 1426 2377 animi;
1477 2313 1854 2379 contumelia,

263 2397 604 2470 benignitas;
631 2400 852 2456 clamori
875 2404 1112 2474 gravitas
1125 2404 1448 2470 verborum;
1475 2405 1854 2476 indignationi,

265 2490 510 2546 suavitas
543 2507 784 2558 morum;
836 2493 1204 2564 blasphemia,
1231 2497 1439 2566 puritas
1474 2497 1606 2550 oris.
1661 2497 1856 2552 Tristi-

265 2583 357 2638 tia
387 2599 620 2654 namque
651 2585 1023 2652 duci,obsistit
1045 2587 1151 2642 dux
1175 2589 1435 2658 spiritalis
1455 2589 1670 2656 latitia;
1703 2605 1858 2645 exer-

265 2674 510 2744 cituique
536 2677 652 2747 ejus
682 2678 950 2733 exercitus
980 2679 1154 2742 istius,
1176 2680 1226 2734 id
1251 2689 1334 2736 est
1364 2682 1584 2736 malitia
1610 2683 1855 2750 bonitas;

265 2768 508 2833 rancori,
545 2768 776 2836 lenitas;
818 2769 1267 2840 pusillanimitati,
1299 2771 1707 2842 longanimitas;
1763 2775 1858 2829 de-

263 2859 584 2930 sperationi,
623 2863 1055 2932 perseverantia;
1113 2863 1316 2933 torpori
1369 2864 1515 2920 circa
1569 2874 1857 2935 pracepta,

266 2953 508 3008 studium
545 2954 815 3024 spiritale;
862 2955 1130 3023 vagationi
1171 2955 1368 3010 mentis
1393 2971 1520 3024 erga
1544 2957 1749 3022 illicita,
1783 2957 1864 3011 in-

265 3045 442 3100 tentio
476 3045 669 3100 divina
716 3045 979 3100 lectionis.
1029 3045 1284 3100 Avaritia
1334 3047 1455 3100 duci
1509 3047 1736 3101 adversa
1781 3056 1862 3102 est

265 3138 378 3192 dux
427 3137 683 3207 largitas;
735 3139 1147 3210 agminibusque
1189 3137 1306 3207 ejus
1359 3139 1574 3210 agmina
1606 3139 1781 3203 istius,
1807 3140 1863 3194 id

263 3236 379 3292 est,
415 3229 737 3298 proditioni,
770 3229 903 3284 fides
946 3245 1050 3284 non
1085 3230 1249 3295 ﬁcta;
1306 3231 1503 3296 fraudi,
1545 3232 1858 3299 sinceritas;

263 3321 509 3384 fallacia,
527 3324 759 3390 veritas;
794 3325 1065 3394 perjuriis,
1092 3341 1199 3380 non
1223 3324 1444 3393 jurare;
1479 3327 1862 3397 inquietudini,
1894 3316 1939 3379 C

264 3414 661 3483 tranquillitas;
711 3416 1002 3480 violentia,
1037 3418 1328 3486 patientia;
1383 3418 1620 3483 duritia,
1653 3419 1865 3473 miseri-

266 3504 477 3558 cordia.
514 3505 646 3559 Duci
688 3506 885 3575 quippe
931 3506 1343 3578 gastrimargia,
1370 3507 1422 3560 id
1455 3517 1557 3573 est,
1581 3508 1866 3564 horrenda

265 3594 592 3659 voracitati,
631 3595 903 3649 contraria
935 3605 1018 3648 est
1048 3595 1156 3649 dux
1206 3596 1567 3662 abstinentia;
1623 3597 1864 3653 cohorti-

265 3685 481 3755 busque
517 3687 689 3751 illius,
712 3688 963 3742 cohortes
989 3687 1164 3754 istius,
1198 3688 1252 3742 id
1291 3699 1373 3743 est
1409 3689 1601 3758 inepta
1643 3691 1863 3757 latitia,

261 3777 573 3841 modestia;
620 3777 968 3844 scurrilitati,
997 3778 1136 3833 ratio
1180 3795 1524 3846 sermonum;
1568 3781 1862 3835 immundi-

262 3872 382 3935 tia,
409 3869 709 3936 sobrietas;
754 3871 1090 3941 multiloquio
1127 3873 1500 3941 taciturnitas;
1554 3874 1865 3929 hebetudini

266 3977 466 4018 sensus
491 3961 639 4016 circa
686 3961 1093 4031 intelligentiam
1117 4005 1132 4029 ,
1161 3963 1315 4020 furor
1354 3963 1596 4021 discendi
1648 3966 1891 4041 sapien-_

270 4055 438 4119 tiam;
483 4053 876 4122 somnolentia,
906 4055 1204 4127 vigilantia.
1244 4057 1602 4128 Luxuriaque
1632 4057 1756 4112 duci
1803 4073 1868 4112 ac

268 4146 415 4217 plebi
438 4145 555 4215 ejus
584 4147 884 4202 reluctatur
903 4149 1010 4204 dux
1033 4150 1258 4205 castitas
1288 4165 1409 4205 cum
1435 4150 1591 4220 plebe
1626 4166 1724 4205 sua
1757 4169 1768 4203 :
1812 4150 1867 4205 id

266 4249 379 4305 est,
410 4241 640 4296 cacitati
680 4242 894 4306 mentis,
927 4242 1312 4312 contemplatio
1335 4243 1462 4309 Dei;
1492 4243 1866 4298 inconsidera-

267 4330 428 4396 tioni,
476 4332 744 4403 provisio;
796 4333 1193 4400 incdnstantia,
1236 4335 1574 4400 constantia;
1615 4334 1865 4405 pracipi-

271 4424 490 4488 talioni,
509 4424 881 4492 continentia;
937 4428 1108 4481 amori
1140 4426 1255 4491 sui,
1283 4425 1630 4482 mortiﬁcatio
1658 4426 1868 4482 deside-

272 4514 482 4569 riorum
507 4517 688 4571 carnis
720 4533 861 4583 sua;
909 4519 1035 4574 odio
1061 4519 1180 4584 Dei,
1211 4519 1451 4574 charitas
1474 4517 1716 4588 perfecta
1745 4520 1864 4574 Dei.

271 4606 412 4660 Ecce
454 4606 568 4662 hac
608 4616 734 4662 sunt
783 4623 904 4678 qua
954 4609 1238 4679 prasulem
1295 4610 1597 4664 animarum
1653 4617 1869 4680 oportet

1961 2048 2071 2088 non
2095 2033 2188 2086 ﬁat
2209 2033 2512 2088 fecunditas
2534 2035 2747 2100 carnis;
2772 2035 2851 2090 sic
2878 2035 3220 2104 praedicanda
3241 2045 3368 2091 sunt
3386 2036 3550 2101 bona,

1961 2142 2030 2182 ne
2057 2143 2121 2181 ex
2150 2126 2320 2182 latere
2346 2125 2642 2194 julicantur
2671 2137 2726 2183 et
2767 2129 2940 2195 mala;
2997 2130 3077 2185 sic
3122 2129 3397 2199 laudanda
3427 2139 3556 2186 sunt

1959 2216 2101 2270 bona
2126 2233 2354 2283 summa,
2379 2233 2448 2272 ne
2482 2218 2835 2286 desperentur
2887 2218 3106 2286 ultima;
3153 2219 3232 2275 sic
3267 2219 3553 2274 nutrienda

1961 2318 2090 2365 sunt
2111 2310 2321 2375 ultima,
2343 2327 2412 2365 ne
2437 2312 2564 2366 dum
2591 2312 2887 2366 creduntur
2913 2312 3181 2378 sulliccre,
3209 2327 3553 2382 nequaquam

1964 2401 2218 2456 tendatur
2242 2402 2308 2456 ad
2331 2417 2561 2458 summa.
2597 2403 2908 2459 Curandum
2940 2413 3023 2460 est
3064 2403 3250 2476 itaque
3287 2405 3554 2476 pradica-

1963 2494 2091 2556 tori,
2141 2503 2410 2564 quatenus
2451 2497 2530 2552 sic
2581 2504 2821 2567 tergatur
2870 2497 3094 2552 tristitia
3137 2513 3257 2567 qua
3297 2498 3446 2552 venit
3490 2513 3558 2552 ex

1963 2593 2229 2656 tempore,
2257 2595 2319 2641 ut
2356 2604 2462 2643 non
2515 2597 2778 2659 augeatur
2807 2589 2991 2644 latitia
3032 2606 3155 2661 qua
3200 2599 3285 2646 est
3325 2606 3392 2646 ex
3431 2606 3560 2645 con-

1963 2680 2278 2748 spersione;
2318 2688 2374 2734 et
2422 2680 2500 2734 sic
2538 2679 2784 2736 frenetur
2807 2681 2993 2736 latitia
3024 2697 3144 2752 qua
3187 2699 3255 2739 ex
3301 2697 3559 2753 consper-

1965 2771 2114 2826 sione
2140 2780 2320 2838 est,ut
2345 2782 2525 2829 tamen
2556 2791 2664 2829 non
2698 2784 2908 2831 crescat
2936 2776 3306 2846 tristitia-qua
3325 2776 3474 2831 venit
3493 2792 3561 2831 ex

1966 2870 2210 2933 tempore
2227 2905 2241 2929 ,
2267 2865 2346 2919 sic
2376 2866 2555 2934 itaque
2582 2866 2637 2920 in
2666 2866 2772 2921 isto
2815 2868 3142 2936 reprimatur
3167 2867 3345 2922 subito
3372 2868 3562 2923 oborta

1964 2957 2218 3024 formido,
2250 2967 2307 3013 ut
2335 2968 2516 3014 tamen
2547 2976 2654 3014 non
2682 2970 2960 3017 excrescat
2989 2963 3229 3017 enutrita
3253 2963 3342 3017 diu
3369 2961 3562 3032 praci-

1965 3050 2189 3117 pitatio;
2236 3051 2316 3106 sic
2352 3053 2407 3106 in
2451 3052 2545 3108 illo
2585 3054 2914 3124 reprimatur
2958 3055 3048 3110 diu
3091 3055 3284 3110 oborta
3317 3053 3564 3125 praecipi-

1968 3143 2121 3210 tatio,
2162 3153 2222 3198 ut
2246 3152 2426 3199 tamen
2473 3161 2582 3200 non
2629 3145 2868 3202 valescat
2905 3146 3171 3217 impressa
3199 3162 3267 3204 ex
3305 3161 3564 3216 consper-

1970 3235 2122 3290 sione
2150 3235 2406 3292 formido.

2503 3328 2730 3385 CAPUT
2777 3327 3021 3384 XXXIX.

1972 3420 2124 3486 Quod
2152 3429 2388 3491 oporteat
2413 3379 2731 3492 postitlar‘ia
2758 3379 3335 3545 éb—niiao—possibilitas
3369 3379 3563 3490 pradi-

2669 3509 2768 3545 can
2809 3509 2846 3545 ι.

2669 3509 2846 3546 canat.

2039 3583 2108 3638 Et
2133 3584 2247 3639 hac
2277 3599 2337 3638 se
2372 3598 2532 3654 posse
2558 3583 2604 3638 si
2634 3583 2900 3654 potuerit,
2925 3591 2980 3640 et
3004 3584 3060 3638 in
3082 3588 3344 3654 quantum
3373 3589 3562 3653 potue-

1969 3676 2063 3741 rit,
2091 3677 2291 3746 pietate
2317 3676 2490 3747 magis
2511 3675 2817 3730 orationum
2857 3690 3022 3745 quam
3070 3684 3349 3731 oratorum
3393 3670 3563 3729 faculc

1970 3775 2080 3822 tate
2106 3784 2216 3822 non
2246 3767 2452 3822 dubitet
2493 3786 2505 3820 :
2540 3774 2601 3820 ut
2626 3767 2832 3821 orando
2853 3782 2954 3836 pro
2984 3781 3042 3821 se
3069 3782 3134 3822 ac
3154 3782 3252 3837 pro
3275 3766 3400 3829 illis,
3424 3776 3564 3834 quos

1970 3868 2056 3915 est
2079 3859 2435 3923 allocuturus,
2464 3860 2536 3914 sit
2552 3868 2740 3914 orator
2760 3870 3050 3930 antequam
3074 3861 3267 3914 dictor.
3291 3859 3410 3928 Ipsa
3431 3858 3567 3912 hora

1963 3949 2077 4019 jam
2105 3958 2164 4005 ut
2187 3951 2333 4005 dicat
2359 3952 2642 4018 accedens,
2673 3951 2992 4020 priusquam
3043 3957 3231 4006 exerat
3279 3947 3566 4020 proferen-

1970 4050 2079 4096 tem
2107 4041 2371 4112 linguam,
2395 4042 2464 4096 ad
2494 4041 2666 4096 Deum
2712 4041 2855 4098 levet
2893 4041 3129 4096 animam
3174 4040 3468 4105 sitientem,
3506 4043 3568 4093 ut

1970 4147 2148 4195 ructet
2198 4139 2343 4208 quod
2389 4138 2610 4204 biberit,
2664 4137 2749 4192 vel
2803 4138 2948 4208 quod
2997 4135 3303 4207 impleverit
3353 4132 3564 4188 fundat.

1969 4228 2106 4284 Cum
2136 4229 2280 4284 enim
2332 4228 2399 4283 de
2440 4244 2765 4298 unaquaque
2803 4243 2884 4294 re,
2918 4242 3039 4298 qua
3073 4225 3370 4283 secundum
3405 4225 3564 4279 fidem

1971 4320 2428 4392 dilectionemque
2465 4321 2747 4376 tractanda
2778 4328 2933 4386 sunt,
2959 4320 3126 4374 multa
3167 4320 3276 4378 sint
3319 4333 3439 4386 qua
3487 4317 3567 4372 di-

1971 4421 2185 4478 cantur,
2216 4422 2274 4466 et
2303 4412 2457 4466 multi
2501 4413 2644 4468 modi
2689 4411 2884 4482 quibus
2930 4411 3180 4466 dicantur
3226 4411 3295 4466 ab
3341 4409 3421 4465 eis
3476 4409 3564 4478 qui

1971 4505 2089 4562 hac
2123 4507 2318 4570 sciunt,
2345 4508 2468 4577 quis
2498 4507 2648 4562 novit
2679 4507 2809 4576 quid
2839 4505 2904 4559 ad
2932 4519 3176 4575 prasens
3215 4512 3430 4575 tempus
3483 4503 3566 4556 vel

1970 4597 2127 4652 nobis
2173 4598 2374 4662 dicere,
2407 4597 2493 4652 vel
2540 4613 2637 4668 per
2673 4613 2772 4654 nos
2809 4596 3062 4666 expediat
3099 4596 3296 4661 audiri,
3337 4596 3444 4649 nisi
3475 4595 3566 4663 qui

272 4700 434 4763 scire,
467 4708 523 4754 et
553 4717 674 4770 qua
711 4703 869 4757 debet
894 4703 948 4756 in
978 4703 1383 4772 praedicationis
1411 4703 1726 4759 diversitate
1771 4719 1866 4759 cu-
1890 4681 1945 4741 D
1971 4691 2135 4746 corda
2167 4691 2411 4744 omnium
2441 4691 2624 4743 "idet?
2652 4698 2706 4744 ει
2731 4689 2852 4757 quis
2897 4687 3028 4742 fac"
3065 4696 3125 4740 υι
3169 4687 3314 4756 (ἰυοά
3358 4694 3566 4754 090"“?l

272 4789 508 4862 stodire,
554 4798 612 4844 ut
660 4789 921 4846 sollicitus
975 4791 1320 4848 inﬁrmitates
1365 4793 1697 4864 singulorum
1737 4809 1866 4864 per-

273 4879 496 4948 pendat,
533 4891 588 4934 ct
631 4895 868 4950 congrua
909 4896 1097 4935 eorum
1146 4882 1461 4938 vulneribus
1507 4882 1866 4937 medicamina

273 4978 535 5041 opponat.
563 4971 670 5026 Sed
697 4987 820 5026 cum
848 4975 1029 5042 magni
1075 4973 1239 5028 studii
1295 4975 1365 5029 sit
1407 4983 1465 5029 ut
1513 4974 1870 5030 exhortandis

276 5063 506 5136 singulis
533 5064 803 5119 serviatur
827 5066 894 5120 ad
921 5066 1152 5136 singula,
1185 5084 1308 5123 cum
1337 5069 1491 5124 valde
1536 5070 1868 5127 laboriosum

277 5159 352 5213 sit
378 5172 817 5227 unumquemque
858 5158 926 5214 de
950 5159 1182 5230 propriis
1208 5159 1308 5214 sub
1343 5161 1742 5230 dispensatione
1768 5163 1866 5218 dc-

277 5247 407 5301 bita
459 5247 909 5303 considerationis
959 5249 1248 5314 instruere,
1282 5249 1437 5320 longe
1472 5259 1652 5305 tamen
1675 5260 1758 5306 est
1793 5251 1869 5306 la-

281 5337 552 5392 boriosius
573 5337 849 5392 auditores
862 5337 1178 5396 innumeros
1191 5356 1256 5395 ac
1273 5340 1504 5395 diversis
1527 5342 1869 5411 passionibus

279 5429 618 5494 laborantes,
645 5444 752 5483 uno
779 5429 1078 5500 eodemque
1116 5439 1380 5502 tempore,
1424 5447 1557 5486 voce
1607 5433 1770 5486 unius
1814 5440 1871 5486 et

281 5520 592 5576 communis
617 5520 1015 5577 exhortationis
1041 5524 1350 5578 admonere.
1387 5523 1462 5578 lbi
1493 5524 1692 5593 quippe
1720 5530 1870 5578 tanta

283 5625 407 5670 arte
426 5631 524 5671 vox
559 5615 910 5688 temperanda
947 5623 1052 5679 est,
1076 5621 1138 5667 ut
1165 5629 1288 5668 cum
1313 5611 1526 5666 diversa
1571 5613 1681 5664 sint
1724 5615 1876 5664 audi-

287 5716 468 5762 torum
495 5708 648 5773 vitia,
677 5718 732 5763 et
759 5706 982 5777 singulis
1020 5705 1365 5759 inveniantur
1402 5717 1664 5773 congrua,
1693 5709 1750 5758 et
1797 5710 1878 5756 ta-

287 5813 418 5853 men
447 5799 797 5870 sibimetipsis
829 5814 937 5854 non
968 5796 1077 5852 sint
1117 5797 1351 5861 diversa,
1379 5805 1440 5850 ut
1484 5796 1629 5851 inter
1672 5795 1878 5850 medias

289 5888 576 5961 passiones
602 5905 710 5952 uno
732 5888 950 5960 quidem
981 5887 1148 5953 ductu
1176 5894 1451 5956 transeat,
1479 5887 1576 5944 sed
1604 5902 1756 5946 more
1783 5901 1879 5944 an-

1976 4782 2504 4852 etquemadmodum
2531 4787 2743 4850 oportet
2765 4779 2982 4834 dicatur
3009 4777 3185 4843 nobis,
3206 4777 3310 4832 nisi
3332 4776 3388 4831 in
3415 4775 3567 4845 cujus

1975 4888 2139 4928 manu
2175 4880 2302 4926 sunt
2330 4879 2384 4924 et
2412 4885 2512 4925 nos
2536 4877 2590 4924 et
2623 4883 2902 4924 sermones
2945 4868 3150 4924 nostri?
3205 4865 3284 4922 Ac
3333 4882 3432 4936 per
3465 4866 3567 4920 hoc

1977 4967 2149 5022 discat
2169 4964 2260 5034 qui
2286 4966 2444 5019 docet
2467 4963 2649 5018 omnia
2665 4978 2786 5033 qua
2797 4961 3037 5017 docenda
3054 4969 3198 5026 sunt,
3215 4960 3307 5029 qui
3333 4967 3387 5013 et
3410 4972 3566 5013 nosse

1975 5059 2094 5114 vult
2117 5067 2173 5114 et
2203 5058 2398 5113 docere
2433 5055 2747 5112 facultatem
2778 5057 3010 5122 dicendi,
3037 5070 3157 5125 qua
3183 5061 3244 5108 ut
3295 5054 3450 5108 decet
3491 5053 3566 5106 vi-

1980 5171 2100 5208 rum
2123 5153 2574 5217 ecclesiasticum,
2598 5161 2896 5222 comparet.
2921 5150 3006 5205 Ad
3033 5151 3223 5205 horam
3247 5164 3378 5204 vero
3397 5149 3566 5220 ipsius

1976 5248 2228 5303 dictionis
2262 5247 2393 5302 illud
2426 5248 2606 5317 potius
2634 5248 2789 5301 bona
2819 5246 2984 5302 menti
3028 5246 3226 5316 cogitet
3254 5246 3566 5313 convenire,

1976 5341 2120 5410 quod
2147 5339 2411 5394 Dominus
2432 5340 2508 5393 ait
2537 5358 2548 5392 :
2587 5337 2766 5393 Nolite
2790 5339 3017 5408 cogitare
3043 5337 3305 5408 quomodo
3326 5347 3417 5392 aut
3441 5337 3568 5410 quid

1977 5429 2268 5501 loquamini
2299 5444 2316 5480 :
2347 5429 2561 5483 dabitur
2588 5430 2726 5484 enim
2749 5429 2892 5483 vobis
2912 5429 2967 5482 in
2987 5427 3080 5482 illa
3093 5429 3226 5483 hora
3243 5429 3370 5501 quid
3393 5429 3564 5494 loqua-

1979 5523 2129 5578 mini.
2162 5522 2286 5576 Non
2311 5523 2449 5576 enim
2475 5539 2562 5576 vos
2595 5523 2717 5576 estis
2741 5522 2831 5592 qui
2860 5521 3165 5592 loquimini,
3199 5522 3289 5576 sed
3340 5519 3567 5591 Spiritus

1982 5613 2161 5664 Patris
2192 5616 2348 5665 vestri
2369 5615 2459 5681 qui
2488 5613 2722 5680 loquitur
2747 5614 2800 5665 in
2823 5612 2968 5667 vobis
2999 5612 3213 5685 (Matth.
3238 5613 3316 5683 Χ).
3351 5612 3410 5670 Si
3440 5629 3567 5684 ergo

1980 5701 2220 5771 loquitur
2250 5702 2303 5757 in
2335 5701 2415 5756 eis
2448 5699 2681 5772 Spiritus
2727 5712 2946 5760 sanctus
2981 5705 3075 5775 qui
3118 5703 3565 5776 persequentibus

1983 5793 2270 5849 traduntu‘r
2297 5809 2396 5864 pro
2420 5791 2658 5858 Christo,
2688 5811 2786 5849 cur
2808 5805 2916 5850 neu
2945 5805 2999 5851 et
3024 5798 3077 5851 in
3109 5796 3190 5851 eis
3213 5799 3304 5866 qui
3351 5793 3564 5849 tradunt

1984 5886 2316 5945 discentibus
2345 5886 2658 5944 Christum?
2703 5886 2806 5956 Qui
2863 5896 3046 5949 autem
3092 5888 3226 5947 dicit
3261 5884 3563 5946 bominibut
