  <div class='ocr_page' id='page_1' title='image "/cluster/home/n/w/nwhite01/storage/ocr_20150623/107/hvd.32044015466832/215.png"; bbox 0 0 3974 6440; ppageno 0'>
   <div class='ocr_carea' id='block_1_1' title="bbox 444 340 557 411">
    <p class='ocr_par' dir='ltr' id='par_1_1' title="bbox 444 340 557 411">
     <span class='ocr_line' id='line_1_1' title="bbox 444 340 557 411; baseline -0.035 0"><span class='ocrx_word' id='word_1_1' title='bbox 444 340 557 411; x_wconf 66' lang='lat' dir='ltr'><strong>“Si.</strong></span> 
     </span>
    </p>
   </div>
   <div class='ocr_carea' id='block_1_2' title="bbox 1089 333 2010 415">
    <p class='ocr_par' dir='ltr' id='par_1_2' title="bbox 1089 336 2010 415">
     <span class='ocr_line' id='line_1_2' title="bbox 1089 336 2010 415; baseline 0.008 -11"><span class='ocrx_word' id='word_1_2' title='bbox 1089 336 1175 405; x_wconf 66' lang='grc' dir='ltr'><strong>ΒΪ</strong></span> <span class='ocrx_word' id='word_1_3' title='bbox 1193 336 1452 415; x_wconf 63' lang='lat' dir='ltr'><strong>RW</strong></span> <span class='ocrx_word' id='word_1_4' title='bbox 1490 344 1713 405; x_wconf 80' lang='lat' dir='ltr'><strong>MAURI</strong></span> <span class='ocrx_word' id='word_1_5' title='bbox 1744 346 2010 411; x_wconf 51' lang='lat' dir='ltr'><strong>ARCHIE‘</strong></span> 
     </span>
    </p>
   </div>
   <div class='ocr_carea' id='block_1_3' title="bbox 2115 333 3044 415">
    <p class='ocr_par' dir='ltr' id='par_1_3' title="bbox 2115 335 3044 415">
     <span class='ocr_line' id='line_1_3' title="bbox 2115 335 3044 415; baseline -0.003 -4"><span class='ocrx_word' id='word_1_6' title='bbox 2115 335 2435 411; x_wconf 62' lang='lat' dir='ltr'><strong>MOGUNT.</strong></span> <span class='ocrx_word' id='word_1_7' title='bbox 2463 346 2753 415; x_wconf 72' lang='lat' dir='ltr'><strong>OPERUM</strong></span> <span class='ocrx_word' id='word_1_8' title='bbox 2783 339 2965 415; x_wconf 78' lang='lat' dir='ltr'><strong>PARS</strong></span> <span class='ocrx_word' id='word_1_9' title='bbox 3000 348 3044 409; x_wconf 82' lang='grc' dir='ltr'><strong>Ι.</strong></span> 
     </span>
    </p>
   </div>
   <div class='ocr_carea' id='block_1_4' title="bbox 3616 350 3727 410">
    <p class='ocr_par' dir='ltr' id='par_1_4' title="bbox 3616 350 3727 410">
     <span class='ocr_line' id='line_1_4' title="bbox 3616 350 3727 410; baseline -0.009 0"><span class='ocrx_word' id='word_1_10' title='bbox 3616 350 3727 410; x_wconf 61' lang='grc' dir='ltr'><strong>ιω</strong></span> 
     </span>
    </p>
   </div>
   <div class='ocr_carea' id='block_1_5' title="bbox 440 432 3731 545">
    <p class='ocr_par' dir='ltr' id='par_1_5' title="bbox 440 432 3731 545">
     <span class='ocr_line' id='line_1_5' title="bbox 440 432 3731 545; baseline 0 -24"><span class='ocrx_word' id='word_1_11' title='bbox 440 432 704 523; x_wconf 27' lang='lat' dir='ltr'><strong>non&#39;esse</strong></span> <span class='ocrx_word' id='word_1_12' title='bbox 724 459 1146 545; x_wconf 65' lang='lat' dir='ltr'><strong>praecipiendum</strong></span> <span class='ocrx_word' id='word_1_13' title='bbox 1170 461 1300 533; x_wconf 88' lang='lat' dir='ltr'><strong>quid</strong></span> <span class='ocrx_word' id='word_1_14' title='bbox 1328 461 1414 517; x_wconf 85' lang='lat' dir='ltr'><strong>vel</strong></span> <span class='ocrx_word' id='word_1_15' title='bbox 1448 461 1902 532; x_wconf 88' lang='lat' dir='ltr'><strong>quemadmodum</strong></span> <span class='ocrx_word' id='word_1_16' title='bbox 1930 461 2025 517; x_wconf 24' lang='lat' dir='ltr'><strong>do.</strong></span> <span class='ocrx_word' id='word_1_17' title='bbox 2054 465 2111 541; x_wconf 59' lang='grc' dir='ltr'>Α</span> <span class='ocrx_word' id='word_1_18' title='bbox 2133 478 2347 519; x_wconf 91' lang='lat' dir='ltr'><strong>monem</strong></span> <span class='ocrx_word' id='word_1_19' title='bbox 2400 463 2586 529; x_wconf 89' lang='lat' dir='ltr'><strong>daret,</strong></span> <span class='ocrx_word' id='word_1_20' title='bbox 2640 462 3019 534; x_wconf 78' lang='lat' dir='ltr'><strong>quantomagis</strong></span> <span class='ocrx_word' id='word_1_21' title='bbox 3066 477 3229 519; x_wconf 88' lang='lat' dir='ltr'><strong>orare</strong></span> <span class='ocrx_word' id='word_1_22' title='bbox 3273 466 3467 530; x_wconf 85' lang='lat' dir='ltr'><strong>debet,</strong></span> <span class='ocrx_word' id='word_1_23' title='bbox 3508 472 3577 523; x_wconf 83' lang='lat' dir='ltr'><strong>ut</strong></span> <span class='ocrx_word' id='word_1_24' title='bbox 3621 462 3731 521; x_wconf 84' lang='lat' dir='ltr'><strong>tale</strong></span> 
     </span>
    </p>
   </div>
   <div class='ocr_carea' id='block_1_6' title="bbox 441 550 2004 627">
    <p class='ocr_par' dir='ltr' id='par_1_6' title="bbox 441 550 2004 627">
     <span class='ocr_line' id='line_1_6' title="bbox 441 550 2004 627; baseline 0 -16"><span class='ocrx_word' id='word_1_25' title='bbox 441 558 621 622; x_wconf 81' lang='lat' dir='ltr'><strong>ceant,</strong></span> <span class='ocrx_word' id='word_1_26' title='bbox 645 554 691 610; x_wconf 90' lang='lat' dir='ltr'><strong>si</strong></span> <span class='ocrx_word' id='word_1_27' title='bbox 717 555 967 611; x_wconf 90' lang='lat' dir='ltr'><strong>doctores</strong></span> <span class='ocrx_word' id='word_1_28' title='bbox 992 550 1156 610; x_wconf 81' lang='lat' dir='ltr'><strong>elilcit</strong></span> <span class='ocrx_word' id='word_1_29' title='bbox 1196 553 1432 626; x_wconf 76' lang='lat' dir='ltr'><strong>Spiritus</strong></span> <span class='ocrx_word' id='word_1_30' title='bbox 1477 564 1716 621; x_wconf 88' lang='lat' dir='ltr'><strong>sanctus,</strong></span> <span class='ocrx_word' id='word_1_31' title='bbox 1744 562 1921 627; x_wconf 89' lang='lat' dir='ltr'><strong>potest</strong></span> <span class='ocrx_word' id='word_1_32' title='bbox 1947 550 2004 611; x_wconf 89' lang='lat' dir='ltr'><strong>di</strong></span> 
     </span>
    </p>
   </div>
   <div class='ocr_carea' id='block_1_7' title="bbox 441 650 2024 724">
    <p class='ocr_par' dir='ltr' id='par_1_7' title="bbox 441 650 2024 724">
     <span class='ocr_line' id='line_1_7' title="bbox 441 650 2024 724; baseline 0 -18"><span class='ocrx_word' id='word_1_33' title='bbox 441 664 567 707; x_wconf 89' lang='lat' dir='ltr'><strong>cere</strong></span> <span class='ocrx_word' id='word_1_34' title='bbox 599 665 698 708; x_wconf 89' lang='lat' dir='ltr'><strong>nec</strong></span> <span class='ocrx_word' id='word_1_35' title='bbox 726 653 989 708; x_wconf 90' lang='lat' dir='ltr'><strong>orandum</strong></span> <span class='ocrx_word' id='word_1_36' title='bbox 1027 668 1145 709; x_wconf 90' lang='lat' dir='ltr'><strong>esse</strong></span> <span class='ocrx_word' id='word_1_37' title='bbox 1193 652 1350 709; x_wconf 90' lang='lat' dir='ltr'><strong>nobis</strong></span> <span class='ocrx_word' id='word_1_38' title='bbox 1397 652 1540 724; x_wconf 91' lang='lat' dir='ltr'><strong>quod</strong></span> <span class='ocrx_word' id='word_1_39' title='bbox 1591 650 1852 707; x_wconf 90' lang='lat' dir='ltr'><strong>Dominus</strong></span> <span class='ocrx_word' id='word_1_40' title='bbox 1890 651 1967 706; x_wconf 89' lang='lat' dir='ltr'><strong>ait</strong></span> <span class='ocrx_word' id='word_1_41' title='bbox 2011 692 2024 706; x_wconf 96' lang='lat'><strong>.</strong></span> 
     </span>
    </p>
   </div>
   <div class='ocr_carea' id='block_1_8' title="bbox 441 738 2029 821">
    <p class='ocr_par' dir='ltr' id='par_1_8' title="bbox 441 738 2029 821">
     <span class='ocr_line' id='line_1_8' title="bbox 441 738 2029 821; baseline 0.001 -22"><span class='ocrx_word' id='word_1_42' title='bbox 441 738 558 799; x_wconf 84' lang='lat' dir='ltr'><strong>Scit</strong></span> <span class='ocrx_word' id='word_1_43' title='bbox 591 742 758 802; x_wconf 87' lang='lat' dir='ltr'><strong>Pater</strong></span> <span class='ocrx_word' id='word_1_44' title='bbox 803 755 965 802; x_wconf 70' lang='lat' dir='ltr'><strong>vester</strong></span> <span class='ocrx_word' id='word_1_45' title='bbox 1003 746 1130 821; x_wconf 82' lang='lat' dir='ltr'><strong>quid</strong></span> <span class='ocrx_word' id='word_1_46' title='bbox 1160 747 1299 803; x_wconf 75' lang='lat' dir='ltr'><strong>vobis</strong></span> <span class='ocrx_word' id='word_1_47' title='bbox 1346 747 1694 803; x_wconf 80' lang='lat' dir='ltr'><strong>necessarium</strong></span> <span class='ocrx_word' id='word_1_48' title='bbox 1732 747 1818 813; x_wconf 82' lang='lat' dir='ltr'><strong>sit,</strong></span> <span class='ocrx_word' id='word_1_49' title='bbox 1855 747 2029 818; x_wconf 83' lang='lat' dir='ltr'><strong>prius-</strong></span> 
     </span>
    </p>
   </div>
   <div class='ocr_carea' id='block_1_9' title="bbox 436 828 2027 916">
    <p class='ocr_par' dir='ltr' id='par_1_9' title="bbox 436 828 2027 916">
     <span class='ocr_line' id='line_1_9' title="bbox 436 828 2027 916; baseline 0.004 -25"><span class='ocrx_word' id='word_1_50' title='bbox 436 828 597 909; x_wconf 70' lang='lat' dir='ltr'><strong>quam</strong></span> <span class='ocrx_word' id='word_1_51' title='bbox 621 840 810 910; x_wconf 76' lang='lat' dir='ltr'><strong>petatis</strong></span> <span class='ocrx_word' id='word_1_52' title='bbox 833 842 897 895; x_wconf 84' lang='lat' dir='ltr'><strong>ab</strong></span> <span class='ocrx_word' id='word_1_53' title='bbox 927 858 986 896; x_wconf 83' lang='lat' dir='ltr'><strong>eo</strong></span> <span class='ocrx_word' id='word_1_54' title='bbox 1016 837 1231 913; x_wconf 77' lang='lat' dir='ltr'><strong>(Matth.</strong></span> <span class='ocrx_word' id='word_1_55' title='bbox 1263 841 1340 915; x_wconf 90' lang='lat' dir='ltr'><strong>v).</strong></span> <span class='ocrx_word' id='word_1_56' title='bbox 1375 839 1502 898; x_wconf 92' lang='lat' dir='ltr'><strong>Sive</strong></span> <span class='ocrx_word' id='word_1_57' title='bbox 1533 850 1713 898; x_wconf 83' lang='lat' dir='ltr'><strong>autem</strong></span> <span class='ocrx_word' id='word_1_58' title='bbox 1746 840 1887 916; x_wconf 89' lang='lat' dir='ltr'><strong>apud</strong></span> <span class='ocrx_word' id='word_1_59' title='bbox 1931 858 2027 915; x_wconf 87' lang='lat' dir='ltr'><strong>po-</strong></span> 
     </span>
    </p>
   </div>
   <div class='ocr_carea' id='block_1_10' title="bbox 437 929 2027 1011">
    <p class='ocr_par' dir='ltr' id='par_1_10' title="bbox 437 929 2027 1011">
     <span class='ocr_line' id='line_1_10' title="bbox 437 929 2027 1011; baseline 0.005 -28"><span class='ocrx_word' id='word_1_60' title='bbox 437 929 624 1001; x_wconf 89' lang='lat' dir='ltr'><strong>pulum</strong></span> <span class='ocrx_word' id='word_1_61' title='bbox 650 930 737 988; x_wconf 92' lang='lat' dir='ltr'><strong>vel</strong></span> <span class='ocrx_word' id='word_1_62' title='bbox 766 934 908 1005; x_wconf 89' lang='lat' dir='ltr'><strong>apud</strong></span> <span class='ocrx_word' id='word_1_63' title='bbox 938 934 1209 1011; x_wconf 88' lang='lat' dir='ltr'><strong>quoslibet</strong></span> <span class='ocrx_word' id='word_1_64' title='bbox 1247 932 1580 1006; x_wconf 83' lang='lat' dir='ltr'><strong>jamjamque</strong></span> <span class='ocrx_word' id='word_1_65' title='bbox 1622 936 1886 1002; x_wconf 86' lang='lat' dir='ltr'><strong>dicturus,</strong></span> <span class='ocrx_word' id='word_1_66' title='bbox 1912 935 2027 991; x_wconf 86' lang='lat' dir='ltr'><strong>sive</strong></span> 
     </span>
    </p>
   </div>
   <div class='ocr_carea' id='block_1_11' title="bbox 438 1023 2031 1101">
    <p class='ocr_par' dir='ltr' id='par_1_11' title="bbox 438 1023 2031 1101">
     <span class='ocr_line' id='line_1_11' title="bbox 438 1023 2031 1101; baseline 0.006 -26"><span class='ocrx_word' id='word_1_67' title='bbox 438 1023 584 1093; x_wconf 91' lang='lat' dir='ltr'><strong>quod</strong></span> <span class='ocrx_word' id='word_1_68' title='bbox 610 1025 752 1096; x_wconf 89' lang='lat' dir='ltr'><strong>apud</strong></span> <span class='ocrx_word' id='word_1_69' title='bbox 774 1025 1027 1098; x_wconf 85' lang='lat' dir='ltr'><strong>populum</strong></span> <span class='ocrx_word' id='word_1_70' title='bbox 1054 1025 1342 1083; x_wconf 90' lang='lat' dir='ltr'><strong>dicendum</strong></span> <span class='ocrx_word' id='word_1_71' title='bbox 1368 1028 1451 1084; x_wconf 90' lang='lat' dir='ltr'><strong>vel</strong></span> <span class='ocrx_word' id='word_1_72' title='bbox 1486 1027 1554 1084; x_wconf 89' lang='lat' dir='ltr'><strong>ab</strong></span> <span class='ocrx_word' id='word_1_73' title='bbox 1593 1028 1674 1085; x_wconf 84' lang='lat' dir='ltr'><strong>eis</strong></span> <span class='ocrx_word' id='word_1_74' title='bbox 1716 1024 1809 1101; x_wconf 92' lang='lat' dir='ltr'><strong>qui</strong></span> <span class='ocrx_word' id='word_1_75' title='bbox 1853 1027 2031 1085; x_wconf 84' lang='lat' dir='ltr'><strong>volue-</strong></span> 
     </span>
    </p>
   </div>
   <div class='ocr_carea' id='block_1_12' title="bbox 436 1111 2028 1192">
    <p class='ocr_par' dir='ltr' id='par_1_12' title="bbox 436 1111 2028 1192">
     <span class='ocr_line' id='line_1_12' title="bbox 436 1111 2028 1192; baseline 0.007 -26"><span class='ocrx_word' id='word_1_76' title='bbox 436 1111 547 1168; x_wconf 90' lang='lat' dir='ltr'><strong>rint</strong></span> <span class='ocrx_word' id='word_1_77' title='bbox 580 1122 673 1172; x_wconf 89' lang='lat' dir='ltr'><strong>aut</strong></span> <span class='ocrx_word' id='word_1_78' title='bbox 704 1118 979 1189; x_wconf 92' lang='lat' dir='ltr'><strong>potuerint</strong></span> <span class='ocrx_word' id='word_1_79' title='bbox 1001 1118 1308 1192; x_wconf 80' lang='lat' dir='ltr'><strong>legendum,</strong></span> <span class='ocrx_word' id='word_1_80' title='bbox 1350 1128 1433 1177; x_wconf 85' lang='lat' dir='ltr'><strong>est</strong></span> <span class='ocrx_word' id='word_1_81' title='bbox 1454 1122 1779 1188; x_wconf 90' lang='lat' dir='ltr'><strong>dictaturus,</strong></span> <span class='ocrx_word' id='word_1_82' title='bbox 1809 1131 1927 1178; x_wconf 86' lang='lat' dir='ltr'><strong>oret</strong></span> <span class='ocrx_word' id='word_1_83' title='bbox 1966 1131 2028 1177; x_wconf 92' lang='lat' dir='ltr'><strong>ut</strong></span> 
     </span>
    </p>
   </div>
   <div class='ocr_carea' id='block_1_13' title="bbox 435 1202 2028 1288">
    <p class='ocr_par' dir='ltr' id='par_1_13' title="bbox 435 1202 2028 1288">
     <span class='ocr_line' id='line_1_13' title="bbox 435 1202 2028 1288; baseline 0.007 -28"><span class='ocrx_word' id='word_1_84' title='bbox 435 1202 579 1263; x_wconf 87' lang='lat' dir='ltr'><strong>Deus</strong></span> <span class='ocrx_word' id='word_1_85' title='bbox 602 1224 906 1267; x_wconf 85' lang='lat' dir='ltr'><strong>sermonem</strong></span> <span class='ocrx_word' id='word_1_86' title='bbox 927 1212 1128 1268; x_wconf 90' lang='lat' dir='ltr'><strong>bonum</strong></span> <span class='ocrx_word' id='word_1_87' title='bbox 1151 1214 1239 1271; x_wconf 86' lang='lat' dir='ltr'><strong>det</strong></span> <span class='ocrx_word' id='word_1_88' title='bbox 1260 1214 1312 1269; x_wconf 85' lang='lat' dir='ltr'><strong>in</strong></span> <span class='ocrx_word' id='word_1_89' title='bbox 1335 1230 1397 1270; x_wconf 91' lang='lat' dir='ltr'><strong>os</strong></span> <span class='ocrx_word' id='word_1_90' title='bbox 1416 1210 1550 1284; x_wconf 83' lang='lat' dir='ltr'><strong>ejus.</strong></span> <span class='ocrx_word' id='word_1_91' title='bbox 1584 1210 1640 1272; x_wconf 88' lang='lat' dir='ltr'><strong>Si</strong></span> <span class='ocrx_word' id='word_1_92' title='bbox 1671 1214 1812 1270; x_wconf 88' lang='lat' dir='ltr'><strong>enim</strong></span> <span class='ocrx_word' id='word_1_93' title='bbox 1843 1211 2028 1288; x_wconf 78' lang='lat' dir='ltr'><strong>regina</strong></span> 
     </span>
    </p>
   </div>
   <div class='ocr_carea' id='block_1_14' title="bbox 435 1298 2025 1380">
    <p class='ocr_par' dir='ltr' id='par_1_14' title="bbox 435 1298 2025 1380">
     <span class='ocr_line' id='line_1_14' title="bbox 435 1298 2025 1380; baseline 0.008 -27"><span class='ocrx_word' id='word_1_94' title='bbox 435 1299 611 1354; x_wconf 89' lang='lat' dir='ltr'><strong>oravit</strong></span> <span class='ocrx_word' id='word_1_95' title='bbox 640 1298 835 1359; x_wconf 82' lang='lat' dir='ltr'><strong>Esther</strong></span> <span class='ocrx_word' id='word_1_96' title='bbox 858 1320 959 1376; x_wconf 91' lang='lat' dir='ltr'><strong>pro</strong></span> <span class='ocrx_word' id='word_1_97' title='bbox 981 1321 1093 1362; x_wconf 74' lang='lat' dir='ltr'><strong>sua:</strong></span> <span class='ocrx_word' id='word_1_98' title='bbox 1122 1308 1298 1379; x_wconf 80' lang='lat' dir='ltr'><strong>gentis</strong></span> <span class='ocrx_word' id='word_1_99' title='bbox 1335 1308 1617 1380; x_wconf 87' lang='lat' dir='ltr'><strong>temporali</strong></span> <span class='ocrx_word' id='word_1_100' title='bbox 1664 1306 1838 1371; x_wconf 88' lang='lat' dir='ltr'><strong>salute</strong></span> <span class='ocrx_word' id='word_1_101' title='bbox 1882 1306 2025 1375; x_wconf 57' lang='lat' dir='ltr'><strong>locu:</strong></span> 
     </span>
    </p>
   </div>
   <div class='ocr_carea' id='block_1_15' title="bbox 434 1392 2022 1473">
    <p class='ocr_par' dir='ltr' id='par_1_15' title="bbox 434 1392 2022 1473">
     <span class='ocr_line' id='line_1_15' title="bbox 434 1392 2022 1473; baseline 0.011 -29"><span class='ocrx_word' id='word_1_102' title='bbox 434 1396 560 1446; x_wconf 89' lang='lat' dir='ltr'><strong>tura</strong></span> <span class='ocrx_word' id='word_1_103' title='bbox 582 1392 724 1467; x_wconf 89' lang='lat' dir='ltr'><strong>apud</strong></span> <span class='ocrx_word' id='word_1_104' title='bbox 758 1410 960 1469; x_wconf 76' lang='lat' dir='ltr'><strong>regem,</strong></span> <span class='ocrx_word' id='word_1_105' title='bbox 987 1406 1047 1454; x_wconf 91' lang='lat' dir='ltr'><strong>ut</strong></span> <span class='ocrx_word' id='word_1_106' title='bbox 1072 1398 1128 1454; x_wconf 93' lang='lat' dir='ltr'><strong>in</strong></span> <span class='ocrx_word' id='word_1_107' title='bbox 1151 1410 1213 1457; x_wconf 91' lang='lat' dir='ltr'><strong>os</strong></span> <span class='ocrx_word' id='word_1_108' title='bbox 1235 1396 1351 1470; x_wconf 87' lang='lat' dir='ltr'><strong>ejus</strong></span> <span class='ocrx_word' id='word_1_109' title='bbox 1392 1400 1535 1459; x_wconf 87' lang='lat' dir='ltr'><strong>Deus</strong></span> <span class='ocrx_word' id='word_1_110' title='bbox 1563 1416 1862 1473; x_wconf 76' lang='lat' dir='ltr'><strong>congruum</strong></span> <span class='ocrx_word' id='word_1_111' title='bbox 1906 1416 2022 1461; x_wconf 77' lang='lat' dir='ltr'><strong>set:-</strong></span> 
     </span>
    </p>
   </div>
   <div class='ocr_carea' id='block_1_16' title="bbox 2134 552 3729 625">
    <p class='ocr_par' dir='ltr' id='par_1_16' title="bbox 2134 552 3729 625">
     <span class='ocr_line' id='line_1_16' title="bbox 2134 552 3729 625; baseline 0 -15"><span class='ocrx_word' id='word_1_112' title='bbox 2134 570 2331 611; x_wconf 88' lang='lat' dir='ltr'><strong>munus</strong></span> <span class='ocrx_word' id='word_1_113' title='bbox 2359 554 2617 625; x_wconf 89' lang='lat' dir='ltr'><strong>accipiat,</strong></span> <span class='ocrx_word' id='word_1_114' title='bbox 2641 552 2731 625; x_wconf 85' lang='lat' dir='ltr'><strong>qui</strong></span> <span class='ocrx_word' id='word_1_115' title='bbox 2757 568 2857 625; x_wconf 89' lang='lat' dir='ltr'><strong>pro</strong></span> <span class='ocrx_word' id='word_1_116' title='bbox 2892 564 3091 610; x_wconf 76' lang='lat' dir='ltr'><strong>:eterna</strong></span> <span class='ocrx_word' id='word_1_117' title='bbox 3125 554 3404 609; x_wconf 77' lang='lat' dir='ltr'><strong>hominum</strong></span> <span class='ocrx_word' id='word_1_118' title='bbox 3445 552 3631 609; x_wconf 84' lang='lat' dir='ltr'><strong>salute</strong></span> <span class='ocrx_word' id='word_1_119' title='bbox 3673 554 3729 610; x_wconf 84' lang='lat' dir='ltr'><strong>ia</strong></span> 
     </span>
    </p>
   </div>
   <div class='ocr_carea' id='block_1_17' title="bbox 2132 644 3730 718">
    <p class='ocr_par' dir='ltr' id='par_1_17' title="bbox 2132 644 3730 718">
     <span class='ocr_line' id='line_1_17' title="bbox 2132 644 3730 718; baseline -0.001 -14"><span class='ocrx_word' id='word_1_120' title='bbox 2132 646 2378 705; x_wconf 84' lang='lat' dir='ltr'><strong>doctrina</strong></span> <span class='ocrx_word' id='word_1_121' title='bbox 2416 657 2473 704; x_wconf 90' lang='lat' dir='ltr'><strong>et</strong></span> <span class='ocrx_word' id='word_1_122' title='bbox 2516 648 2680 704; x_wconf 85' lang='lat' dir='ltr'><strong>verbo</strong></span> <span class='ocrx_word' id='word_1_123' title='bbox 2720 647 2950 703; x_wconf 77' lang='lat' dir='ltr'><strong>laborat.</strong></span> <span class='ocrx_word' id='word_1_124' title='bbox 3002 644 3079 702; x_wconf 83' lang='lat' dir='ltr'><strong>illi</strong></span> <span class='ocrx_word' id='word_1_125' title='bbox 3124 658 3251 702; x_wconf 83' lang='lat' dir='ltr'><strong>vero</strong></span> <span class='ocrx_word' id='word_1_126' title='bbox 3287 647 3381 718; x_wconf 85' lang='lat' dir='ltr'><strong>qui</strong></span> <span class='ocrx_word' id='word_1_127' title='bbox 3420 661 3489 702; x_wconf 87' lang='lat' dir='ltr'><strong>ea</strong></span> <span class='ocrx_word' id='word_1_128' title='bbox 3528 646 3730 702; x_wconf 81' lang='lat' dir='ltr'><strong>dieturi</strong></span> 
     </span>
    </p>
   </div>
   <div class='ocr_carea' id='block_1_18' title="bbox 2131 739 3727 812">
    <p class='ocr_par' dir='ltr' id='par_1_18' title="bbox 2131 739 3727 812">
     <span class='ocr_line' id='line_1_18' title="bbox 2131 739 3727 812; baseline -0.003 -15"><span class='ocrx_word' id='word_1_129' title='bbox 2131 748 2260 797; x_wconf 88' lang='lat' dir='ltr'><strong>sunt</strong></span> <span class='ocrx_word' id='word_1_130' title='bbox 2284 756 2405 812; x_wconf 64' lang='lat' dir='ltr'><strong>qua:</strong></span> <span class='ocrx_word' id='word_1_131' title='bbox 2428 741 2495 796; x_wconf 90' lang='lat' dir='ltr'><strong>ab</strong></span> <span class='ocrx_word' id='word_1_132' title='bbox 2527 739 2650 795; x_wconf 90' lang='lat' dir='ltr'><strong>aliis</strong></span> <span class='ocrx_word' id='word_1_133' title='bbox 2671 744 3016 811; x_wconf 87' lang='lat' dir='ltr'><strong>acceperunt,</strong></span> <span class='ocrx_word' id='word_1_134' title='bbox 3041 744 3095 795; x_wconf 87' lang='lat' dir='ltr'><strong>et</strong></span> <span class='ocrx_word' id='word_1_135' title='bbox 3118 746 3406 810; x_wconf 84' lang='lat' dir='ltr'><strong>antequam</strong></span> <span class='ocrx_word' id='word_1_136' title='bbox 3428 739 3727 810; x_wconf 79' lang='lat' dir='ltr'><strong>accipiant,</strong></span> 
     </span>
    </p>
   </div>
   <div class='ocr_carea' id='block_1_19' title="bbox 2132 830 3731 908">
    <p class='ocr_par' dir='ltr' id='par_1_19' title="bbox 2132 830 3731 908">
     <span class='ocr_line' id='line_1_19' title="bbox 2132 830 3731 908; baseline -0.003 -18"><span class='ocrx_word' id='word_1_137' title='bbox 2132 844 2291 891; x_wconf 88' lang='lat' dir='ltr'><strong>orent</strong></span> <span class='ocrx_word' id='word_1_138' title='bbox 2317 850 2416 908; x_wconf 91' lang='lat' dir='ltr'><strong>pro</strong></span> <span class='ocrx_word' id='word_1_139' title='bbox 2448 832 2577 905; x_wconf 80' lang='lat' dir='ltr'><strong>ipsis</strong></span> <span class='ocrx_word' id='word_1_140' title='bbox 2605 848 2637 889; x_wconf 91' lang='lat' dir='ltr'><strong>a</strong></span> <span class='ocrx_word' id='word_1_141' title='bbox 2674 832 2871 903; x_wconf 82' lang='lat' dir='ltr'><strong>quibus</strong></span> <span class='ocrx_word' id='word_1_142' title='bbox 2895 830 3186 903; x_wconf 85' lang='lat' dir='ltr'><strong>accipiunt,</strong></span> <span class='ocrx_word' id='word_1_143' title='bbox 3211 840 3271 886; x_wconf 86' lang='lat' dir='ltr'><strong>ut</strong></span> <span class='ocrx_word' id='word_1_144' title='bbox 3293 833 3374 887; x_wconf 90' lang='lat' dir='ltr'><strong>eis</strong></span> <span class='ocrx_word' id='word_1_145' title='bbox 3400 832 3566 887; x_wconf 86' lang='lat' dir='ltr'><strong>detur</strong></span> <span class='ocrx_word' id='word_1_146' title='bbox 3585 832 3731 902; x_wconf 89' lang='lat' dir='ltr'><strong>quod</strong></span> 
     </span>
    </p>
   </div>
   <div class='ocr_carea' id='block_1_20' title="bbox 2132 924 3731 998">
    <p class='ocr_par' dir='ltr' id='par_1_20' title="bbox 2132 924 3731 998">
     <span class='ocr_line' id='line_1_20' title="bbox 2132 924 3731 998; baseline -0.004 -15"><span class='ocrx_word' id='word_1_147' title='bbox 2132 942 2230 998; x_wconf 90' lang='lat' dir='ltr'><strong>per</strong></span> <span class='ocrx_word' id='word_1_148' title='bbox 2253 942 2348 983; x_wconf 89' lang='lat' dir='ltr'><strong>eos</strong></span> <span class='ocrx_word' id='word_1_149' title='bbox 2379 928 2624 998; x_wconf 87' lang='lat' dir='ltr'><strong>accipere</strong></span> <span class='ocrx_word' id='word_1_150' title='bbox 2666 924 2883 992; x_wconf 86' lang='lat' dir='ltr'><strong>volunt;</strong></span> <span class='ocrx_word' id='word_1_151' title='bbox 2933 932 2990 981; x_wconf 89' lang='lat' dir='ltr'><strong>et</strong></span> <span class='ocrx_word' id='word_1_152' title='bbox 3031 936 3154 979; x_wconf 91' lang='lat' dir='ltr'><strong>cum</strong></span> <span class='ocrx_word' id='word_1_153' title='bbox 3204 924 3539 995; x_wconf 85' lang='lat' dir='ltr'><strong>acceperint,</strong></span> <span class='ocrx_word' id='word_1_154' title='bbox 3572 930 3731 978; x_wconf 81' lang='lat' dir='ltr'><strong>orent</strong></span> 
     </span>
    </p>
   </div>
   <div class='ocr_carea' id='block_1_21' title="bbox 2130 1013 3733 1095">
    <p class='ocr_par' dir='ltr' id='par_1_21' title="bbox 2130 1013 3733 1095">
     <span class='ocr_line' id='line_1_21' title="bbox 2130 1013 3733 1095; baseline -0.005 -19"><span class='ocrx_word' id='word_1_155' title='bbox 2130 1027 2191 1076; x_wconf 88' lang='lat' dir='ltr'><strong>ut</strong></span> <span class='ocrx_word' id='word_1_156' title='bbox 2217 1020 2355 1076; x_wconf 85' lang='lat' dir='ltr'><strong>bene</strong></span> <span class='ocrx_word' id='word_1_157' title='bbox 2390 1029 2446 1076; x_wconf 93' lang='lat' dir='ltr'><strong>et</strong></span> <span class='ocrx_word' id='word_1_158' title='bbox 2470 1020 2570 1095; x_wconf 83' lang='lat' dir='ltr'><strong>ipsi</strong></span> <span class='ocrx_word' id='word_1_159' title='bbox 2598 1017 2899 1090; x_wconf 79' lang='lat' dir='ltr'><strong>proferant,</strong></span> <span class='ocrx_word' id='word_1_160' title='bbox 2929 1025 2986 1073; x_wconf 87' lang='lat' dir='ltr'><strong>et</strong></span> <span class='ocrx_word' id='word_1_161' title='bbox 3030 1016 3105 1073; x_wconf 85' lang='lat' dir='ltr'><strong>illi</strong></span> <span class='ocrx_word' id='word_1_162' title='bbox 3145 1016 3221 1073; x_wconf 82' lang='lat' dir='ltr'><strong>ad</strong></span> <span class='ocrx_word' id='word_1_163' title='bbox 3256 1028 3393 1087; x_wconf 89' lang='lat' dir='ltr'><strong>quos</strong></span> <span class='ocrx_word' id='word_1_164' title='bbox 3438 1013 3733 1086; x_wconf 81' lang='lat' dir='ltr'><strong>proferant</strong></span> 
     </span>
    </p>
   </div>
   <div class='ocr_carea' id='block_1_22' title="bbox 2129 1107 3730 1187">
    <p class='ocr_par' dir='ltr' id='par_1_22' title="bbox 2129 1107 3730 1187">
     <span class='ocr_line' id='line_1_22' title="bbox 2129 1107 3730 1187; baseline -0.008 -13"><span class='ocrx_word' id='word_1_165' title='bbox 2129 1122 2373 1184; x_wconf 85' lang='lat' dir='ltr'><strong>sumant;</strong></span> <span class='ocrx_word' id='word_1_166' title='bbox 2430 1122 2485 1171; x_wconf 89' lang='lat' dir='ltr'><strong>et</strong></span> <span class='ocrx_word' id='word_1_167' title='bbox 2515 1124 2773 1187; x_wconf 88' lang='lat' dir='ltr'><strong>prospero</strong></span> <span class='ocrx_word' id='word_1_168' title='bbox 2812 1112 2961 1178; x_wconf 79' lang='lat' dir='ltr'><strong>exitu</strong></span> <span class='ocrx_word' id='word_1_169' title='bbox 3006 1110 3278 1177; x_wconf 86' lang='lat' dir='ltr'><strong>dictionis,</strong></span> <span class='ocrx_word' id='word_1_170' title='bbox 3303 1110 3485 1166; x_wconf 89' lang='lat' dir='ltr'><strong>eidem</strong></span> <span class='ocrx_word' id='word_1_171' title='bbox 3520 1107 3730 1180; x_wconf 74' lang='lat' dir='ltr'><strong>gratias</strong></span> 
     </span>
    </p>
   </div>
   <div class='ocr_carea' id='block_1_23' title="bbox 2127 1200 3729 1287">
    <p class='ocr_par' dir='ltr' id='par_1_23' title="bbox 2127 1200 3729 1287">
     <span class='ocr_line' id='line_1_23' title="bbox 2127 1200 3729 1287; baseline -0.007 -19"><span class='ocrx_word' id='word_1_172' title='bbox 2127 1218 2313 1287; x_wconf 82' lang='lat' dir='ltr'><strong>agant,</strong></span> <span class='ocrx_word' id='word_1_173' title='bbox 2348 1229 2381 1271; x_wconf 88' lang='lat' dir='ltr'><strong>a</strong></span> <span class='ocrx_word' id='word_1_174' title='bbox 2409 1228 2517 1285; x_wconf 91' lang='lat' dir='ltr'><strong>quo</strong></span> <span class='ocrx_word' id='word_1_175' title='bbox 2557 1211 2610 1267; x_wconf 92' lang='lat' dir='ltr'><strong>id</strong></span> <span class='ocrx_word' id='word_1_176' title='bbox 2641 1226 2698 1266; x_wconf 89' lang='lat' dir='ltr'><strong>se</strong></span> <span class='ocrx_word' id='word_1_177' title='bbox 2741 1207 3021 1281; x_wconf 87' lang='lat' dir='ltr'><strong>accepisse</strong></span> <span class='ocrx_word' id='word_1_178' title='bbox 3062 1220 3168 1262; x_wconf 91' lang='lat' dir='ltr'><strong>non</strong></span> <span class='ocrx_word' id='word_1_179' title='bbox 3212 1202 3463 1262; x_wconf 81' lang='lat' dir='ltr'><strong>dubitant</strong></span> <span class='ocrx_word' id='word_1_180' title='bbox 3492 1221 3507 1257; x_wconf 87' lang='lat'><strong>:</strong></span> <span class='ocrx_word' id='word_1_181' title='bbox 3538 1210 3602 1259; x_wconf 89' lang='lat' dir='ltr'><strong>ut</strong></span> <span class='ocrx_word' id='word_1_182' title='bbox 3637 1200 3729 1273; x_wconf 82' lang='lat' dir='ltr'><strong>qui</strong></span> 
     </span>
    </p>
   </div>
   <div class='ocr_carea' id='block_1_24' title="bbox 2127 1300 3728 1383">
    <p class='ocr_par' dir='ltr' id='par_1_24' title="bbox 2127 1300 3728 1383">
     <span class='ocr_line' id='line_1_24' title="bbox 2127 1300 3728 1383; baseline -0.004 -24"><span class='ocrx_word' id='word_1_183' title='bbox 2127 1305 2410 1379; x_wconf 78' lang='lat' dir='ltr'><strong>gloriatur,</strong></span> <span class='ocrx_word' id='word_1_184' title='bbox 2428 1302 2480 1361; x_wconf 91' lang='lat' dir='ltr'><strong>in</strong></span> <span class='ocrx_word' id='word_1_185' title='bbox 2502 1303 2593 1359; x_wconf 88' lang='lat' dir='ltr'><strong>illo</strong></span> <span class='ocrx_word' id='word_1_186' title='bbox 2618 1302 2877 1377; x_wconf 82' lang='lat' dir='ltr'><strong>glorietur</strong></span> <span class='ocrx_word' id='word_1_187' title='bbox 2905 1300 2971 1365; x_wconf 76' lang='lat' dir='ltr'><strong>in</strong></span> <span class='ocrx_word' id='word_1_188' title='bbox 2993 1300 3147 1383; x_wconf 72' lang='lat' dir='ltr'><strong>cujus</strong></span> <span class='ocrx_word' id='word_1_189' title='bbox 3168 1310 3335 1359; x_wconf 82' lang='lat' dir='ltr'><strong>manu</strong></span> <span class='ocrx_word' id='word_1_190' title='bbox 3360 1304 3496 1357; x_wconf 87' lang='lat' dir='ltr'><strong>sunt</strong></span> <span class='ocrx_word' id='word_1_191' title='bbox 3521 1303 3582 1354; x_wconf 84' lang='lat' dir='ltr'><strong>et</strong></span> <span class='ocrx_word' id='word_1_192' title='bbox 3607 1309 3728 1367; x_wconf 77' lang='lat' dir='ltr'><strong>nos,</strong></span> 
     </span>
    </p>
   </div>
   <div class='ocr_carea' id='block_1_25' title="bbox 2126 1397 2723 1459">
    <p class='ocr_par' dir='ltr' id='par_1_25' title="bbox 2126 1397 2723 1459">
     <span class='ocr_line' id='line_1_25' title="bbox 2126 1397 2723 1459; baseline -0.008 -2"><span class='ocrx_word' id='word_1_193' title='bbox 2126 1408 2182 1457; x_wconf 92' lang='lat' dir='ltr'><strong>et</strong></span> <span class='ocrx_word' id='word_1_194' title='bbox 2210 1413 2491 1457; x_wconf 86' lang='lat' dir='ltr'><strong>sermones</strong></span> <span class='ocrx_word' id='word_1_195' title='bbox 2526 1397 2723 1459; x_wconf 75' lang='lat' dir='ltr'><strong>nostri.</strong></span> 
     </span>
    </p>
   </div>
   <div class='ocr_carea' id='block_1_26' title="bbox 439 1570 3727 1617">
    <p class='ocr_par' dir='ltr' id='par_1_26' title="bbox 439 1570 3727 1617">
     <span class='ocr_line' id='line_1_26' title="bbox 439 1570 3727 1617; baseline 0.002 -8"><span class='ocrx_word' id='word_1_196' title='bbox 439 1570 3727 1617; x_wconf 34' lang='grc' dir='ltr'><strong><em>ἓξὲξῧῶ-</em></strong></span> 
     </span>
    </p>
   </div>
   <div class='ocr_carea' id='block_1_27' title="bbox 1016 1740 3119 1867">
    <p class='ocr_par' dir='ltr' id='par_1_27' title="bbox 1016 1740 3119 1867">
     <span class='ocr_line' id='line_1_27' title="bbox 1016 1740 3119 1867; baseline 0.005 -10"><span class='ocrx_word' id='word_1_197' title='bbox 1016 1740 1598 1861; x_wconf 74' lang='grc' dir='ltr'><strong>ΒΕΔΤῙ</strong></span> <span class='ocrx_word' id='word_1_198' title='bbox 1667 1744 2414 1867; x_wconf 69' lang='grc' dir='ltr'><strong>ΒΔΒΔΝῙ</strong></span> <span class='ocrx_word' id='word_1_199' title='bbox 2488 1742 3119 1867; x_wconf 72' lang='lat' dir='ltr'><strong>MAUBI</strong></span> 
     </span>
    </p>
   </div>
   <div class='ocr_carea' id='block_1_28' title="bbox 1156 1954 2985 2029">
    <p class='ocr_par' dir='ltr' id='par_1_28' title="bbox 1156 1954 2985 2029">
     <span class='ocr_line' id='line_1_28' title="bbox 1156 1954 2985 2029; baseline -0.001 -8"><span class='ocrx_word' id='word_1_200' title='bbox 1156 1961 1544 2022; x_wconf 82' lang='lat' dir='ltr'><strong>FULDENSIS</strong></span> <span class='ocrx_word' id='word_1_201' title='bbox 1579 1954 1876 2027; x_wconf 71' lang='lat' dir='ltr'><strong>ABBATIS</strong></span> <span class='ocrx_word' id='word_1_202' title='bbox 1912 1962 2004 2025; x_wconf 83' lang='lat' dir='ltr'><strong>ET</strong></span> <span class='ocrx_word' id='word_1_203' title='bbox 2041 1956 2430 2025; x_wconf 74' lang='lat' dir='ltr'><strong>MOGUNTINI</strong></span> <span class='ocrx_word' id='word_1_204' title='bbox 2460 1956 2985 2029; x_wconf 77' lang='lat' dir='ltr'><strong>ABCHIEPISCOPI</strong></span> 
     </span>
    </p>
   </div>
   <div class='ocr_carea' id='block_1_29' title="bbox 844 2138 3282 2267">
    <p class='ocr_par' dir='ltr' id='par_1_29' title="bbox 844 2138 3282 2267">
     <span class='ocr_line' id='line_1_29' title="bbox 844 2138 3282 2267; baseline 0.003 -10"><span class='ocrx_word' id='word_1_205' title='bbox 844 2138 1261 2259; x_wconf 82' lang='lat' dir='ltr'><strong>LIBER</strong></span> <span class='ocrx_word' id='word_1_206' title='bbox 1342 2146 1524 2260; x_wconf 88' lang='lat' dir='ltr'><strong>DE</strong></span> <span class='ocrx_word' id='word_1_207' title='bbox 1620 2143 2428 2267; x_wconf 85' lang='lat' dir='ltr'><strong>OBLATIONE</strong></span> <span class='ocrx_word' id='word_1_208' title='bbox 2510 2142 3282 2267; x_wconf 80' lang='lat' dir='ltr'><strong>PUERORUM</strong></span> 
     </span>
    </p>
   </div>
   <div class='ocr_carea' id='block_1_30' title="bbox 1842 2369 2301 2453">
    <p class='ocr_par' dir='ltr' id='par_1_30' title="bbox 1842 2369 2301 2453">
     <span class='ocr_line' id='line_1_30' title="bbox 1842 2369 2301 2453; baseline 0.011 -23"><span class='ocrx_word' id='word_1_209' title='bbox 1842 2369 2086 2432; x_wconf 54' lang='lat' dir='ltr'><strong>anno</strong></span> <span class='ocrx_word' id='word_1_210' title='bbox 2125 2371 2301 2453; x_wconf 82' lang='grc'><strong>819.)</strong></span> 
     </span>
    </p>
   </div>
   <div class='ocr_carea' id='block_1_31' title="bbox 1442 2531 2693 2629">
    <p class='ocr_par' dir='ltr' id='par_1_31' title="bbox 1442 2531 2693 2629">
     <span class='ocr_line' id='line_1_31' title="bbox 1442 2531 2693 2629; baseline 0.005 -44"><span class='ocrx_word' id='word_1_211' title='bbox 1442 2531 1676 2600; x_wconf 72' lang='lat' dir='ltr'><strong>(uasat,</strong></span> <span class='ocrx_word' id='word_1_212' title='bbox 1701 2532 1879 2589; x_wconf 71' lang='lat' dir='ltr'><strong>Aona].</strong></span> <span class='ocrx_word' id='word_1_213' title='bbox 1896 2533 2111 2601; x_wconf 64' lang='lat' dir='ltr'><strong>Bonae,</strong></span> <span class='ocrx_word' id='word_1_214' title='bbox 2133 2534 2360 2629; x_wconf 60' lang='lat' dir='ltr'><strong>Appone</strong></span> <span class='ocrx_word' id='word_1_215' title='bbox 2385 2535 2584 2591; x_wconf 76' lang='lat' dir='ltr'><strong>adiam.</strong></span> <span class='ocrx_word' id='word_1_216' title='bbox 2601 2534 2693 2603; x_wconf 75' lang='grc' dir='ltr'><strong>Π.)</strong></span> 
     </span>
    </p>
   </div>
   <div class='ocr_carea' id='block_1_32' title="bbox 1873 2687 2261 2708">
    <p class='ocr_par' dir='ltr' id='par_1_32' title="bbox 1873 2687 2261 2708">
     <span class='ocr_line' id='line_1_32' title="bbox 1873 2687 2261 2708; baseline 0.003 -1"><span class='ocrx_word' id='word_1_217' title='bbox 1873 2687 2261 2708; x_wconf 48' lang='grc' dir='ltr'><strong>*Η</strong></span> 
     </span>
    </p>
   </div>
   <div class='ocr_carea' id='block_1_33' title="bbox 421 2802 3721 2876">
    <p class='ocr_par' dir='ltr' id='par_1_33' title="bbox 421 2802 3721 2876">
     <span class='ocr_line' id='line_1_33' title="bbox 421 2802 3721 2876; baseline 0.005 -23"><span class='ocrx_word' id='word_1_218' title='bbox 421 2807 660 2859; x_wconf 65' lang='lat' dir='ltr'><strong>manu</strong></span> <span class='ocrx_word' id='word_1_219' title='bbox 694 2810 1073 2859; x_wconf 70' lang='lat' dir='ltr'><strong>oruscnwu</strong></span> <span class='ocrx_word' id='word_1_220' title='bbox 1111 2813 1348 2859; x_wconf 71' lang='lat' dir='ltr'><strong>MBAN!</strong></span> <span class='ocrx_word' id='word_1_221' title='bbox 1374 2817 1581 2863; x_wconf 72' lang='lat' dir='ltr'><strong>HAUBI</strong></span> <span class='ocrx_word' id='word_1_222' title='bbox 1613 2819 1863 2864; x_wconf 69' lang='lat' dir='ltr'><strong>caurus</strong></span> <span class='ocrx_word' id='word_1_223' title='bbox 1894 2820 2010 2867; x_wconf 74' lang='lat' dir='ltr'><strong>eos</strong></span> <span class='ocrx_word' id='word_1_224' title='bbox 2040 2806 2088 2865; x_wconf 89' lang='lat' dir='ltr'><strong>B</strong></span> <span class='ocrx_word' id='word_1_225' title='bbox 2116 2810 2220 2860; x_wconf 80' lang='lat' dir='ltr'><strong>tes.</strong></span> <span class='ocrx_word' id='word_1_226' title='bbox 2250 2803 2361 2861; x_wconf 81' lang='lat' dir='ltr'><strong>Nec</strong></span> <span class='ocrx_word' id='word_1_227' title='bbox 2386 2804 2633 2863; x_wconf 81' lang='lat' dir='ltr'><strong>recolunt</strong></span> <span class='ocrx_word' id='word_1_228' title='bbox 2659 2803 2716 2862; x_wconf 95' lang='lat' dir='ltr'><strong>id</strong></span> <span class='ocrx_word' id='word_1_229' title='bbox 2739 2802 3006 2876; x_wconf 78' lang='lat' dir='ltr'><strong>Apostoli.</strong></span> <span class='ocrx_word' id='word_1_230' title='bbox 3034 2817 3142 2876; x_wconf 80' lang='lat' dir='ltr'><strong>quo</strong></span> <span class='ocrx_word' id='word_1_231' title='bbox 3172 2802 3252 2859; x_wconf 78' lang='lat' dir='ltr'><strong>ait</strong></span> <span class='ocrx_word' id='word_1_232' title='bbox 3281 2822 3295 2861; x_wconf 89' lang='lat'><strong>:</strong></span> <span class='ocrx_word' id='word_1_233' title='bbox 3334 2822 3357 2859; x_wconf 74' lang='grc' dir='ltr'><strong><em>ι</em></strong></span> <span class='ocrx_word' id='word_1_234' title='bbox 3391 2802 3527 2862; x_wconf 66' lang='lat' dir='ltr'><strong>Sive</strong></span> <span class='ocrx_word' id='word_1_235' title='bbox 3549 2818 3721 2872; x_wconf 76' lang='lat' dir='ltr'><strong>sem.</strong></span> 
     </span>
    </p>
   </div>
   <div class='ocr_carea' id='block_1_34' title="bbox 482 2890 1979 2948">
    <p class='ocr_par' dir='ltr' id='par_1_34' title="bbox 482 2890 1979 2948">
     <span class='ocr_line' id='line_1_34' title="bbox 482 2890 1979 2948; baseline 0.01 -16"><span class='ocrx_word' id='word_1_236' title='bbox 482 2890 588 2945; x_wconf 83' lang='lat' dir='ltr'><strong>QUI</strong></span> <span class='ocrx_word' id='word_1_237' title='bbox 623 2893 1004 2936; x_wconf 78' lang='lat' dir='ltr'><strong>REPUGNANT</strong></span> <span class='ocrx_word' id='word_1_238' title='bbox 1030 2894 1381 2945; x_wconf 74' lang='lat' dir='ltr'><strong>INSTITUTIS</strong></span> <span class='ocrx_word' id='word_1_239' title='bbox 1418 2899 1479 2943; x_wconf 85' lang='lat' dir='ltr'><strong>B.</strong></span> <span class='ocrx_word' id='word_1_240' title='bbox 1519 2902 1577 2945; x_wconf 85' lang='lat' dir='ltr'><strong>P.</strong></span> <span class='ocrx_word' id='word_1_241' title='bbox 1615 2901 1979 2948; x_wconf 74' lang='lat' dir='ltr'><strong>BENEDICTI.</strong></span> 
     </span>
    </p>
   </div>
   <div class='ocr_carea' id='block_1_35' title="bbox 489 2992 2016 3075">
    <p class='ocr_par' dir='ltr' id='par_1_35' title="bbox 489 2992 2016 3075">
     <span class='ocr_line' id='line_1_35' title="bbox 489 2992 2016 3075; baseline 0.01 -26"><span class='ocrx_word' id='word_1_242' title='bbox 489 2992 549 3049; x_wconf 90' lang='lat' dir='ltr'><strong>Si</strong></span> <span class='ocrx_word' id='word_1_243' title='bbox 579 2996 702 3066; x_wconf 81' lang='lat' dir='ltr'><strong>quis</strong></span> <span class='ocrx_word' id='word_1_244' title='bbox 749 2997 1093 3069; x_wconf 70' lang='lat' dir='ltr'><strong>Scriptorum</strong></span> <span class='ocrx_word' id='word_1_245' title='bbox 1135 3016 1368 3070; x_wconf 81' lang='lat' dir='ltr'><strong>sacram,</strong></span> <span class='ocrx_word' id='word_1_246' title='bbox 1408 3018 1572 3073; x_wconf 79' lang='lat' dir='ltr'><strong>quam</strong></span> <span class='ocrx_word' id='word_1_247' title='bbox 1619 3020 1718 3075; x_wconf 84' lang='lat' dir='ltr'><strong>per</strong></span> <span class='ocrx_word' id='word_1_248' title='bbox 1765 3007 2016 3064; x_wconf 81' lang='lat' dir='ltr'><strong>homines</strong></span> 
     </span>
    </p>
   </div>
   <div class='ocr_carea' id='block_1_36' title="bbox 418 3087 2014 3168">
    <p class='ocr_par' dir='ltr' id='par_1_36' title="bbox 418 3087 2014 3168">
     <span class='ocr_line' id='line_1_36' title="bbox 418 3087 2014 3168; baseline 0.011 -29"><span class='ocrx_word' id='word_1_249' title='bbox 418 3087 621 3156; x_wconf 85' lang='lat' dir='ltr'><strong>probos</strong></span> <span class='ocrx_word' id='word_1_250' title='bbox 632 3088 892 3146; x_wconf 85' lang='lat' dir='ltr'><strong>divinitus</strong></span> <span class='ocrx_word' id='word_1_251' title='bbox 913 3092 1204 3164; x_wconf 75' lang='lat' dir='ltr'><strong>inspiratus</strong></span> <span class='ocrx_word' id='word_1_252' title='bbox 1226 3111 1460 3166; x_wconf 81' lang='lat' dir='ltr'><strong>superna</strong></span> <span class='ocrx_word' id='word_1_253' title='bbox 1481 3097 1751 3168; x_wconf 75' lang='lat' dir='ltr'><strong>sapientia</strong></span> <span class='ocrx_word' id='word_1_254' title='bbox 1776 3099 2014 3157; x_wconf 72' lang='lat' dir='ltr'><strong>humano</strong></span> 
     </span>
    </p>
   </div>
   <div class='ocr_carea' id='block_1_37' title="bbox 416 3185 2012 3267">
    <p class='ocr_par' dir='ltr' id='par_1_37' title="bbox 416 3185 2012 3267">
     <span class='ocr_line' id='line_1_37' title="bbox 416 3185 2012 3267; baseline 0.008 -29"><span class='ocrx_word' id='word_1_255' title='bbox 416 3185 600 3255; x_wconf 81' lang='lat' dir='ltr'><strong>generi</strong></span> <span class='ocrx_word' id='word_1_256' title='bbox 630 3187 957 3254; x_wconf 90' lang='lat' dir='ltr'><strong>contulerat,</strong></span> <span class='ocrx_word' id='word_1_257' title='bbox 992 3190 1306 3260; x_wconf 79' lang='lat' dir='ltr'><strong>inspexerit,</strong></span> <span class='ocrx_word' id='word_1_258' title='bbox 1337 3208 1446 3249; x_wconf 91' lang='lat' dir='ltr'><strong>non</strong></span> <span class='ocrx_word' id='word_1_259' title='bbox 1489 3194 1640 3250; x_wconf 87' lang='lat' dir='ltr'><strong>aliud</strong></span> <span class='ocrx_word' id='word_1_260' title='bbox 1676 3210 1797 3252; x_wconf 82' lang='lat' dir='ltr'><strong>eam</strong></span> <span class='ocrx_word' id='word_1_261' title='bbox 1846 3212 2012 3267; x_wconf 77' lang='lat' dir='ltr'><strong>quam</strong></span> 
     </span>
    </p>
   </div>
   <div class='ocr_carea' id='block_1_38' title="bbox 415 3272 2014 3357">
    <p class='ocr_par' dir='ltr' id='par_1_38' title="bbox 415 3272 2014 3357">
     <span class='ocr_line' id='line_1_38' title="bbox 415 3272 2014 3357; baseline 0.007 -27"><span class='ocrx_word' id='word_1_262' title='bbox 415 3272 843 3334; x_wconf 85' lang='lat' dir='ltr'><strong>destructionem</strong></span> <span class='ocrx_word' id='word_1_263' title='bbox 885 3281 1219 3340; x_wconf 81' lang='lat' dir='ltr'><strong>inﬁdelitatis</strong></span> <span class='ocrx_word' id='word_1_264' title='bbox 1248 3291 1412 3356; x_wconf 76' lang='lat' dir='ltr'><strong>atque</strong></span> <span class='ocrx_word' id='word_1_265' title='bbox 1448 3285 1779 3357; x_wconf 87' lang='lat' dir='ltr'><strong>cupiditatis,</strong></span> <span class='ocrx_word' id='word_1_266' title='bbox 1803 3294 1860 3341; x_wconf 88' lang='lat' dir='ltr'><strong>et</strong></span> <span class='ocrx_word' id='word_1_267' title='bbox 1883 3286 2014 3341; x_wconf 69' lang='lat' dir='ltr'><strong>aedi-</strong></span> 
     </span>
    </p>
   </div>
   <div class='ocr_carea' id='block_1_39' title="bbox 412 3366 2013 3449">
    <p class='ocr_par' dir='ltr' id='par_1_39' title="bbox 412 3366 2013 3449">
     <span class='ocr_line' id='line_1_39' title="bbox 412 3366 2013 3449; baseline 0.006 -25"><span class='ocrx_word' id='word_1_268' title='bbox 412 3366 723 3427; x_wconf 80' lang='lat' dir='ltr'><strong>ﬁcationem</strong></span> <span class='ocrx_word' id='word_1_269' title='bbox 748 3371 873 3430; x_wconf 88' lang='lat' dir='ltr'><strong>ﬁdei</strong></span> <span class='ocrx_word' id='word_1_270' title='bbox 904 3389 971 3430; x_wconf 82' lang='lat' dir='ltr'><strong>ac</strong></span> <span class='ocrx_word' id='word_1_271' title='bbox 998 3376 1284 3432; x_wconf 85' lang='lat' dir='ltr'><strong>charitatis</strong></span> <span class='ocrx_word' id='word_1_272' title='bbox 1323 3376 1606 3435; x_wconf 85' lang='lat' dir='ltr'><strong>nobiscum</strong></span> <span class='ocrx_word' id='word_1_273' title='bbox 1649 3391 1813 3449; x_wconf 74' lang='lat' dir='ltr'><strong>agere</strong></span> <span class='ocrx_word' id='word_1_274' title='bbox 1853 3393 2013 3449; x_wconf 83' lang='lat' dir='ltr'><strong>repe-</strong></span> 
     </span>
    </p>
   </div>
   <div class='ocr_carea' id='block_1_40' title="bbox 347 3461 2011 3541">
    <p class='ocr_par' dir='ltr' id='par_1_40' title="bbox 347 3461 2011 3541">
     <span class='ocr_line' id='line_1_40' title="bbox 347 3461 2011 3541; baseline 0.005 -26"><span class='ocrx_word' id='word_1_275' title='bbox 347 3467 351 3471; x_wconf 79' lang='grc'><strong>’</strong></span> <span class='ocrx_word' id='word_1_276' title='bbox 413 3461 565 3516; x_wconf 87' lang='lat' dir='ltr'><strong>riet:</strong></span> <span class='ocrx_word' id='word_1_277' title='bbox 610 3473 671 3517; x_wconf 92' lang='lat' dir='ltr'><strong>ut</strong></span> <span class='ocrx_word' id='word_1_278' title='bbox 708 3465 1159 3524; x_wconf 73' lang='lat' dir='ltr'><strong>alirenuntiantes</strong></span> <span class='ocrx_word' id='word_1_279' title='bbox 1205 3468 1441 3535; x_wconf 81' lang='lat' dir='ltr'><strong>diabolo,</strong></span> <span class='ocrx_word' id='word_1_280' title='bbox 1483 3478 1540 3525; x_wconf 91' lang='lat' dir='ltr'><strong>et</strong></span> <span class='ocrx_word' id='word_1_281' title='bbox 1586 3468 1801 3541; x_wconf 88' lang='lat' dir='ltr'><strong>pompis</strong></span> <span class='ocrx_word' id='word_1_282' title='bbox 1848 3476 2011 3538; x_wconf 90' lang='lat' dir='ltr'><strong>atque</strong></span> 
     </span>
    </p>
   </div>
   <div class='ocr_carea' id='block_1_41' title="bbox 413 3548 2010 3634">
    <p class='ocr_par' dir='ltr' id='par_1_41' title="bbox 413 3548 2010 3634">
     <span class='ocr_line' id='line_1_41' title="bbox 413 3548 2010 3634; baseline 0.006 -25"><span class='ocrx_word' id='word_1_283' title='bbox 413 3555 671 3624; x_wconf 83' lang='lat' dir='ltr'><strong>aperibus</strong></span> <span class='ocrx_word' id='word_1_284' title='bbox 698 3548 844 3625; x_wconf 69' lang='lat' dir='ltr'><strong>ejus,</strong></span> <span class='ocrx_word' id='word_1_285' title='bbox 884 3575 982 3629; x_wconf 89' lang='lat' dir='ltr'><strong>per</strong></span> <span class='ocrx_word' id='word_1_286' title='bbox 1017 3559 1200 3627; x_wconf 85' lang='lat' dir='ltr'><strong>ﬁdem,</strong></span> <span class='ocrx_word' id='word_1_287' title='bbox 1246 3576 1399 3634; x_wconf 87' lang='lat' dir='ltr'><strong>spem</strong></span> <span class='ocrx_word' id='word_1_288' title='bbox 1431 3572 1488 3620; x_wconf 89' lang='lat' dir='ltr'><strong>et</strong></span> <span class='ocrx_word' id='word_1_289' title='bbox 1524 3565 1870 3630; x_wconf 86' lang='lat' dir='ltr'><strong>charitatem,</strong></span> <span class='ocrx_word' id='word_1_290' title='bbox 1916 3564 2010 3619; x_wconf 88' lang='lat' dir='ltr'><strong>uni</strong></span> 
     </span>
    </p>
   </div>
   <div class='ocr_carea' id='block_1_42' title="bbox 412 3645 2006 3726">
    <p class='ocr_par' dir='ltr' id='par_1_42' title="bbox 412 3645 2006 3726">
     <span class='ocr_line' id='line_1_42' title="bbox 412 3645 2006 3726; baseline 0.008 -26"><span class='ocrx_word' id='word_1_291' title='bbox 412 3645 529 3701; x_wconf 90' lang='lat' dir='ltr'><strong>Deo</strong></span> <span class='ocrx_word' id='word_1_292' title='bbox 552 3646 725 3713; x_wconf 86' lang='lat' dir='ltr'><strong>Patri,</strong></span> <span class='ocrx_word' id='word_1_293' title='bbox 748 3659 803 3705; x_wconf 88' lang='lat' dir='ltr'><strong>et</strong></span> <span class='ocrx_word' id='word_1_294' title='bbox 831 3650 988 3718; x_wconf 79' lang='lat' dir='ltr'><strong>Filio,</strong></span> <span class='ocrx_word' id='word_1_295' title='bbox 1012 3661 1067 3708; x_wconf 90' lang='lat' dir='ltr'><strong>et</strong></span> <span class='ocrx_word' id='word_1_296' title='bbox 1095 3655 1322 3726; x_wconf 81' lang='lat' dir='ltr'><strong>Spiritui</strong></span> <span class='ocrx_word' id='word_1_297' title='bbox 1374 3666 1568 3713; x_wconf 88' lang='lat' dir='ltr'><strong>sancto</strong></span> <span class='ocrx_word' id='word_1_298' title='bbox 1614 3657 1849 3713; x_wconf 89' lang='lat' dir='ltr'><strong>ﬁdeliter</strong></span> <span class='ocrx_word' id='word_1_299' title='bbox 1888 3673 2006 3713; x_wconf 88' lang='lat' dir='ltr'><strong>ser-</strong></span> 
     </span>
    </p>
   </div>
   <div class='ocr_carea' id='block_1_43' title="bbox 408 3736 2007 3817">
    <p class='ocr_par' dir='ltr' id='par_1_43' title="bbox 408 3736 2007 3817">
     <span class='ocr_line' id='line_1_43' title="bbox 408 3736 2007 3817; baseline 0.008 -28"><span class='ocrx_word' id='word_1_300' title='bbox 408 3736 645 3792; x_wconf 83' lang='lat' dir='ltr'><strong>viamus.</strong></span> <span class='ocrx_word' id='word_1_301' title='bbox 674 3738 829 3795; x_wconf 84' lang='lat' dir='ltr'><strong>Unde</strong></span> <span class='ocrx_word' id='word_1_302' title='bbox 860 3742 1111 3811; x_wconf 86' lang='lat' dir='ltr'><strong>mirandi,</strong></span> <span class='ocrx_word' id='word_1_303' title='bbox 1138 3745 1252 3801; x_wconf 91' lang='lat' dir='ltr'><strong>imo</strong></span> <span class='ocrx_word' id='word_1_304' title='bbox 1278 3747 1570 3803; x_wconf 86' lang='lat' dir='ltr'><strong>miserandi</strong></span> <span class='ocrx_word' id='word_1_305' title='bbox 1596 3756 1722 3803; x_wconf 91' lang='lat' dir='ltr'><strong>sunt</strong></span> <span class='ocrx_word' id='word_1_306' title='bbox 1768 3747 1843 3802; x_wconf 92' lang='lat' dir='ltr'><strong>illi</strong></span> <span class='ocrx_word' id='word_1_307' title='bbox 1890 3749 2007 3817; x_wconf 89' lang='lat' dir='ltr'><strong>qui,</strong></span> 
     </span>
    </p>
   </div>
   <div class='ocr_carea' id='block_1_44' title="bbox 407 3825 2010 3908">
    <p class='ocr_par' dir='ltr' id='par_1_44' title="bbox 407 3825 2010 3908">
     <span class='ocr_line' id='line_1_44' title="bbox 407 3825 2010 3908; baseline 0.009 -28"><span class='ocrx_word' id='word_1_308' title='bbox 407 3825 513 3882; x_wconf 85' lang='lat' dir='ltr'><strong>hoc</strong></span> <span class='ocrx_word' id='word_1_309' title='bbox 541 3828 875 3901; x_wconf 73' lang='lat' dir='ltr'><strong>negligentes</strong></span> <span class='ocrx_word' id='word_1_310' title='bbox 920 3835 1065 3904; x_wconf 85' lang='lat' dir='ltr'><strong>quod</strong></span> <span class='ocrx_word' id='word_1_311' title='bbox 1110 3835 1169 3890; x_wconf 85' lang='lat' dir='ltr'><strong>in</strong></span> <span class='ocrx_word' id='word_1_312' title='bbox 1220 3836 1451 3893; x_wconf 74' lang='lat' dir='ltr'><strong>infantia</strong></span> <span class='ocrx_word' id='word_1_313' title='bbox 1493 3839 1725 3908; x_wconf 83' lang='lat' dir='ltr'><strong>professi</strong></span> <span class='ocrx_word' id='word_1_314' title='bbox 1776 3847 1921 3905; x_wconf 76' lang='lat' dir='ltr'><strong>sunt,</strong></span> <span class='ocrx_word' id='word_1_315' title='bbox 1952 3847 2010 3895; x_wconf 92' lang='lat' dir='ltr'><strong>et</strong></span> 
     </span>
    </p>
   </div>
   <div class='ocr_carea' id='block_1_45' title="bbox 408 3921 2009 4003">
    <p class='ocr_par' dir='ltr' id='par_1_45' title="bbox 408 3921 2009 4003">
     <span class='ocr_line' id='line_1_45' title="bbox 408 3921 2009 4003; baseline 0.009 -29"><span class='ocrx_word' id='word_1_316' title='bbox 408 3922 553 3990; x_wconf 90' lang='lat' dir='ltr'><strong>quod</strong></span> <span class='ocrx_word' id='word_1_317' title='bbox 582 3921 636 3975; x_wconf 92' lang='lat' dir='ltr'><strong>in</strong></span> <span class='ocrx_word' id='word_1_318' title='bbox 661 3926 961 3993; x_wconf 85' lang='lat' dir='ltr'><strong>primordio</strong></span> <span class='ocrx_word' id='word_1_319' title='bbox 991 3928 1113 3984; x_wconf 70' lang='lat' dir='ltr'><strong>vita:</strong></span> <span class='ocrx_word' id='word_1_320' title='bbox 1135 3944 1249 3984; x_wconf 69' lang='lat' dir='ltr'><strong>sure</strong></span> <span class='ocrx_word' id='word_1_321' title='bbox 1268 3930 1677 3998; x_wconf 84' lang='lat' dir='ltr'><strong>abdicaverunt,</strong></span> <span class='ocrx_word' id='word_1_322' title='bbox 1696 3931 1853 4003; x_wconf 82' lang='lat' dir='ltr'><strong>quasi</strong></span> <span class='ocrx_word' id='word_1_323' title='bbox 1879 3933 2009 3988; x_wconf 65' lang='lat' dir='ltr'><strong>emi«</strong></span> 
     </span>
    </p>
   </div>
   <div class='ocr_carea' id='block_1_46' title="bbox 408 4011 2001 4093">
    <p class='ocr_par' dir='ltr' id='par_1_46' title="bbox 408 4011 2001 4093">
     <span class='ocr_line' id='line_1_46' title="bbox 408 4011 2001 4093; baseline 0.009 -29"><span class='ocrx_word' id='word_1_324' title='bbox 408 4011 675 4067; x_wconf 84' lang='lat' dir='ltr'><strong>uentioris</strong></span> <span class='ocrx_word' id='word_1_325' title='bbox 713 4028 780 4068; x_wconf 89' lang='lat' dir='ltr'><strong>ae</strong></span> <span class='ocrx_word' id='word_1_326' title='bbox 821 4016 1044 4086; x_wconf 77' lang='lat' dir='ltr'><strong>majoris</strong></span> <span class='ocrx_word' id='word_1_327' title='bbox 1088 4019 1366 4089; x_wconf 79' lang='lat' dir='ltr'><strong>dignitatis</strong></span> <span class='ocrx_word' id='word_1_328' title='bbox 1413 4022 1505 4087; x_wconf 86' lang='lat' dir='ltr'><strong>sit,</strong></span> <span class='ocrx_word' id='word_1_329' title='bbox 1554 4021 1604 4077; x_wconf 89' lang='lat' dir='ltr'><strong>ei</strong></span> <span class='ocrx_word' id='word_1_330' title='bbox 1660 4030 2001 4093; x_wconf 77' lang='lat' dir='ltr'><strong>pneponunt.</strong></span> 
     </span>
    </p>
   </div>
   <div class='ocr_carea' id='block_1_47' title="bbox 408 4102 2004 4180">
    <p class='ocr_par' dir='ltr' id='par_1_47' title="bbox 408 4102 2004 4180">
     <span class='ocr_line' id='line_1_47' title="bbox 408 4102 2004 4180; baseline 0.009 -23"><span class='ocrx_word' id='word_1_331' title='bbox 408 4102 549 4158; x_wconf 88' lang='lat' dir='ltr'><strong>Sunt</strong></span> <span class='ocrx_word' id='word_1_332' title='bbox 568 4121 699 4177; x_wconf 82' lang='lat' dir='ltr'><strong>ergo</strong></span> <span class='ocrx_word' id='word_1_333' title='bbox 723 4108 943 4177; x_wconf 88' lang='lat' dir='ltr'><strong>quidam</strong></span> <span class='ocrx_word' id='word_1_334' title='bbox 967 4111 1114 4180; x_wconf 87' lang='lat' dir='ltr'><strong>quia</strong></span> <span class='ocrx_word' id='word_1_335' title='bbox 1138 4113 1422 4170; x_wconf 84' lang='lat' dir='ltr'><strong>cunabulis</strong></span> <span class='ocrx_word' id='word_1_336' title='bbox 1445 4116 1559 4172; x_wconf 87' lang='lat' dir='ltr'><strong>suis</strong></span> <span class='ocrx_word' id='word_1_337' title='bbox 1582 4131 1768 4172; x_wconf 88' lang='lat' dir='ltr'><strong>sacras</strong></span> <span class='ocrx_word' id='word_1_338' title='bbox 1796 4117 2004 4172; x_wconf 82' lang='lat' dir='ltr'><strong>litteras</strong></span> 
     </span>
    </p>
   </div>
   <div class='ocr_carea' id='block_1_48' title="bbox 2118 2896 3716 2962">
    <p class='ocr_par' dir='ltr' id='par_1_48' title="bbox 2118 2896 3716 2962">
     <span class='ocr_line' id='line_1_48' title="bbox 2118 2896 3716 2962; baseline 0.001 -8"><span class='ocrx_word' id='word_1_339' title='bbox 2118 2897 2232 2954; x_wconf 81' lang='lat' dir='ltr'><strong>sive</strong></span> <span class='ocrx_word' id='word_1_340' title='bbox 2254 2896 2430 2962; x_wconf 88' lang='lat' dir='ltr'><strong>liberi,</strong></span> <span class='ocrx_word' id='word_1_341' title='bbox 2444 2913 2634 2957; x_wconf 85' lang='lat' dir='ltr'><strong>omnes</strong></span> <span class='ocrx_word' id='word_1_342' title='bbox 2659 2914 2827 2953; x_wconf 84' lang='lat' dir='ltr'><strong>unum</strong></span> <span class='ocrx_word' id='word_1_343' title='bbox 2846 2913 3035 2955; x_wconf 85' lang='lat' dir='ltr'><strong>sumus</strong></span> <span class='ocrx_word' id='word_1_344' title='bbox 3057 2898 3113 2953; x_wconf 90' lang='lat' dir='ltr'><strong>in</strong></span> <span class='ocrx_word' id='word_1_345' title='bbox 3134 2897 3374 2956; x_wconf 85' lang='lat' dir='ltr'><strong>Christo.</strong></span> <span class='ocrx_word' id='word_1_346' title='bbox 3401 2919 3425 2953; x_wconf 75' lang='grc' dir='ltr'><strong><em>ι</em></strong></span> <span class='ocrx_word' id='word_1_347' title='bbox 3446 2899 3517 2959; x_wconf 84' lang='lat' dir='ltr'><strong>Et</strong></span> <span class='ocrx_word' id='word_1_348' title='bbox 3534 2899 3716 2957; x_wconf 76' lang='lat' dir='ltr'><strong>idem:</strong></span> 
     </span>
    </p>
   </div>
   <div class='ocr_carea' id='block_1_49' title="bbox 2124 2990 3723 3061">
    <p class='ocr_par' dir='ltr' id='par_1_49' title="bbox 2124 2990 3723 3061">
     <span class='ocr_line' id='line_1_49' title="bbox 2124 2990 3723 3061; baseline 0.004 -18"><span class='ocrx_word' id='word_1_349' title='bbox 2124 3009 2143 3043; x_wconf 79' lang='grc' dir='ltr'>ι</span> <span class='ocrx_word' id='word_1_350' title='bbox 2177 2990 2282 3058; x_wconf 84' lang='lat' dir='ltr'><strong>Qui</strong></span> <span class='ocrx_word' id='word_1_351' title='bbox 2325 2991 2501 3057; x_wconf 79' lang='lat' dir='ltr'><strong>enim,</strong></span> <span class='ocrx_word' id='word_1_352' title='bbox 2547 2991 2744 3061; x_wconf 81' lang='lat' dir='ltr'><strong>inquit,</strong></span> <span class='ocrx_word' id='word_1_353' title='bbox 2792 2991 2931 3047; x_wconf 82' lang='lat' dir='ltr'><strong>liber</strong></span> <span class='ocrx_word' id='word_1_354' title='bbox 2972 3000 3201 3049; x_wconf 84' lang='lat' dir='ltr'><strong>vocatus</strong></span> <span class='ocrx_word' id='word_1_355' title='bbox 3253 3001 3364 3061; x_wconf 85' lang='lat' dir='ltr'><strong>est,</strong></span> <span class='ocrx_word' id='word_1_356' title='bbox 3392 3008 3588 3049; x_wconf 82' lang='lat' dir='ltr'><strong>servus</strong></span> <span class='ocrx_word' id='word_1_357' title='bbox 3631 3002 3723 3049; x_wconf 84' lang='lat' dir='ltr'><strong>est</strong></span> 
     </span>
    </p>
   </div>
   <div class='ocr_carea' id='block_1_50' title="bbox 2115 3080 3723 3151">
    <p class='ocr_par' dir='ltr' id='par_1_50' title="bbox 2115 3080 3723 3151">
     <span class='ocr_line' id='line_1_50' title="bbox 2115 3080 3723 3151; baseline 0.001 -13"><span class='ocrx_word' id='word_1_358' title='bbox 2115 3080 2351 3149; x_wconf 85' lang='lat' dir='ltr'><strong>Christi;</strong></span> <span class='ocrx_word' id='word_1_359' title='bbox 2391 3102 2411 3136; x_wconf 77' lang='grc' dir='ltr'><strong><em>ι</em></strong></span> <span class='ocrx_word' id='word_1_360' title='bbox 2448 3090 2547 3139; x_wconf 82' lang='lat' dir='ltr'><strong>et:</strong></span> <span class='ocrx_word' id='word_1_361' title='bbox 2580 3101 2603 3134; x_wconf 76' lang='grc' dir='ltr'>ι</span> <span class='ocrx_word' id='word_1_362' title='bbox 2643 3082 2753 3151; x_wconf 86' lang='lat' dir='ltr'><strong>Qui</strong></span> <span class='ocrx_word' id='word_1_363' title='bbox 2801 3098 2995 3140; x_wconf 85' lang='lat' dir='ltr'><strong>servus</strong></span> <span class='ocrx_word' id='word_1_364' title='bbox 3040 3090 3265 3143; x_wconf 77' lang='lat' dir='ltr'><strong>vocatus</strong></span> <span class='ocrx_word' id='word_1_365' title='bbox 3311 3090 3437 3151; x_wconf 79' lang='lat' dir='ltr'><strong>est,</strong></span> <span class='ocrx_word' id='word_1_366' title='bbox 3486 3082 3723 3143; x_wconf 74' lang='lat' dir='ltr'><strong>libertus</strong></span> 
     </span>
    </p>
   </div>
   <div class='ocr_carea' id='block_1_51' title="bbox 2115 3173 3723 3247">
    <p class='ocr_par' dir='ltr' id='par_1_51' title="bbox 2115 3173 3723 3247">
     <span class='ocr_line' id='line_1_51' title="bbox 2115 3173 3723 3247; baseline 0 -15"><span class='ocrx_word' id='word_1_367' title='bbox 2115 3184 2202 3233; x_wconf 87' lang='lat' dir='ltr'><strong>est</strong></span> <span class='ocrx_word' id='word_1_368' title='bbox 2226 3174 2464 3233; x_wconf 83' lang='lat' dir='ltr'><strong>Domini.</strong></span> <span class='ocrx_word' id='word_1_369' title='bbox 2500 3195 2518 3229; x_wconf 76' lang='grc' dir='ltr'><strong><em>ι</em></strong></span> <span class='ocrx_word' id='word_1_370' title='bbox 2549 3173 2781 3231; x_wconf 74' lang='lat' dir='ltr'><strong>Maxime</strong></span> <span class='ocrx_word' id='word_1_371' title='bbox 2802 3192 2927 3232; x_wconf 78' lang='lat' dir='ltr'><strong>cum</strong></span> <span class='ocrx_word' id='word_1_372' title='bbox 2954 3183 3012 3231; x_wconf 82' lang='lat' dir='ltr'><strong>et</strong></span> <span class='ocrx_word' id='word_1_373' title='bbox 3034 3176 3139 3232; x_wconf 89' lang='lat' dir='ltr'><strong>hoc</strong></span> <span class='ocrx_word' id='word_1_374' title='bbox 3165 3191 3266 3245; x_wconf 73' lang='lat' dir='ltr'><strong>pro</strong></span> <span class='ocrx_word' id='word_1_375' title='bbox 3286 3191 3482 3247; x_wconf 67' lang='lat' dir='ltr'><strong>magno</strong></span> <span class='ocrx_word' id='word_1_376' title='bbox 3506 3176 3723 3233; x_wconf 77' lang='lat' dir='ltr'><strong>honore</strong></span> 
     </span>
    </p>
   </div>
   <div class='ocr_carea' id='block_1_52' title="bbox 2116 3271 3720 3343">
    <p class='ocr_par' dir='ltr' id='par_1_52' title="bbox 2116 3271 3720 3343">
     <span class='ocr_line' id='line_1_52' title="bbox 2116 3271 3720 3343; baseline -0.002 -15"><span class='ocrx_word' id='word_1_377' title='bbox 2116 3273 2290 3331; x_wconf 88' lang='lat' dir='ltr'><strong>sancti</strong></span> <span class='ocrx_word' id='word_1_378' title='bbox 2328 3272 2520 3329; x_wconf 85' lang='lat' dir='ltr'><strong>Patres</strong></span> <span class='ocrx_word' id='word_1_379' title='bbox 2557 3273 2817 3338; x_wconf 80' lang='lat' dir='ltr'><strong>habuere,</strong></span> <span class='ocrx_word' id='word_1_380' title='bbox 2850 3272 2999 3343; x_wconf 87' lang='lat' dir='ltr'><strong>quod</strong></span> <span class='ocrx_word' id='word_1_381' title='bbox 3021 3272 3165 3328; x_wconf 81' lang='lat' dir='ltr'><strong>servi</strong></span> <span class='ocrx_word' id='word_1_382' title='bbox 3198 3271 3297 3327; x_wconf 89' lang='lat' dir='ltr'><strong>Dei</strong></span> <span class='ocrx_word' id='word_1_383' title='bbox 3333 3284 3720 3342; x_wconf 74' lang='lat' dir='ltr'><strong>nuncuparen-</strong></span> 
     </span>
    </p>
   </div>
   <div class='ocr_carea' id='block_1_53' title="bbox 2116 3364 3719 3429">
    <p class='ocr_par' dir='ltr' id='par_1_53' title="bbox 2116 3364 3719 3429">
     <span class='ocr_line' id='line_1_53' title="bbox 2116 3364 3719 3429; baseline 0.001 -7"><span class='ocrx_word' id='word_1_384' title='bbox 2116 3375 2224 3422; x_wconf 79' lang='lat' dir='ltr'><strong>tur.</strong></span> <span class='ocrx_word' id='word_1_385' title='bbox 2260 3367 2414 3423; x_wconf 77' lang='lat' dir='ltr'><strong>Unde</strong></span> <span class='ocrx_word' id='word_1_386' title='bbox 2441 3375 2497 3423; x_wconf 83' lang='lat' dir='ltr'><strong>et</strong></span> <span class='ocrx_word' id='word_1_387' title='bbox 2520 3368 2815 3429; x_wconf 84' lang='lat' dir='ltr'><strong>Abraham,</strong></span> <span class='ocrx_word' id='word_1_388' title='bbox 2844 3366 2992 3425; x_wconf 84' lang='lat' dir='ltr'><strong>lsaac</strong></span> <span class='ocrx_word' id='word_1_389' title='bbox 3017 3377 3075 3423; x_wconf 88' lang='lat' dir='ltr'><strong>et</strong></span> <span class='ocrx_word' id='word_1_390' title='bbox 3108 3366 3283 3424; x_wconf 64' lang='lat' dir='ltr'><strong>Iacob</strong></span> <span class='ocrx_word' id='word_1_391' title='bbox 3304 3366 3451 3423; x_wconf 80' lang='lat' dir='ltr'><strong>servi</strong></span> <span class='ocrx_word' id='word_1_392' title='bbox 3491 3364 3591 3421; x_wconf 87' lang='lat' dir='ltr'><strong>Dei</strong></span> <span class='ocrx_word' id='word_1_393' title='bbox 3621 3382 3719 3424; x_wconf 69' lang='lat' dir='ltr'><strong>ex-</strong></span> 
     </span>
    </p>
   </div>
   <div class='ocr_carea' id='block_1_54' title="bbox 2114 3460 3712 3532">
    <p class='ocr_par' dir='ltr' id='par_1_54' title="bbox 2114 3460 3712 3532">
     <span class='ocr_line' id='line_1_54' title="bbox 2114 3460 3712 3532; baseline -0.001 -16"><span class='ocrx_word' id='word_1_394' title='bbox 2114 3461 2251 3516; x_wconf 85' lang='lat' dir='ltr'><strong>celsi</strong></span> <span class='ocrx_word' id='word_1_395' title='bbox 2277 3460 2526 3532; x_wconf 79' lang='lat' dir='ltr'><strong>appellati</strong></span> <span class='ocrx_word' id='word_1_396' title='bbox 2572 3469 2717 3527; x_wconf 86' lang='lat' dir='ltr'><strong>sunt.</strong></span> <span class='ocrx_word' id='word_1_397' title='bbox 2760 3460 2897 3519; x_wconf 82' lang='lat' dir='ltr'><strong>Hinc</strong></span> <span class='ocrx_word' id='word_1_398' title='bbox 2939 3469 2997 3517; x_wconf 88' lang='lat' dir='ltr'><strong>et</strong></span> <span class='ocrx_word' id='word_1_399' title='bbox 3040 3461 3256 3532; x_wconf 67' lang='lat' dir='ltr'><strong>Moyses</strong></span> <span class='ocrx_word' id='word_1_400' title='bbox 3296 3468 3355 3516; x_wconf 90' lang='lat' dir='ltr'><strong>et</strong></span> <span class='ocrx_word' id='word_1_401' title='bbox 3394 3460 3712 3530; x_wconf 58' lang='lat' dir='ltr'><strong>propheta,</strong></span> 
     </span>
    </p>
   </div>
   <div class='ocr_carea' id='block_1_55' title="bbox 2112 3551 3715 3611">
    <p class='ocr_par' dir='ltr' id='par_1_55' title="bbox 2112 3551 3715 3611">
     <span class='ocr_line' id='line_1_55' title="bbox 2112 3551 3715 3611; baseline -0.002 -2"><span class='ocrx_word' id='word_1_402' title='bbox 2112 3553 2249 3611; x_wconf 80' lang='lat' dir='ltr'><strong>hine</strong></span> <span class='ocrx_word' id='word_1_403' title='bbox 2265 3553 2371 3610; x_wconf 73' lang='lat' dir='ltr'><strong>Job</strong></span> <span class='ocrx_word' id='word_1_404' title='bbox 2389 3564 2445 3610; x_wconf 81' lang='lat' dir='ltr'><strong>et</strong></span> <span class='ocrx_word' id='word_1_405' title='bbox 2467 3554 2643 3611; x_wconf 79' lang='lat' dir='ltr'><strong>David</strong></span> <span class='ocrx_word' id='word_1_406' title='bbox 2657 3569 2938 3610; x_wconf 79' lang='lat' dir='ltr'><strong>servorum</strong></span> <span class='ocrx_word' id='word_1_407' title='bbox 2966 3554 3064 3609; x_wconf 87' lang='lat' dir='ltr'><strong>Dei</strong></span> <span class='ocrx_word' id='word_1_408' title='bbox 3092 3554 3317 3610; x_wconf 74' lang='lat' dir='ltr'><strong>nomine</strong></span> <span class='ocrx_word' id='word_1_409' title='bbox 3341 3552 3600 3608; x_wconf 78' lang='lat' dir='ltr'><strong>nobiliter</strong></span> <span class='ocrx_word' id='word_1_410' title='bbox 3619 3551 3715 3606; x_wconf 80' lang='lat' dir='ltr'><strong>sd-</strong></span> 
     </span>
    </p>
   </div>
   <div class='ocr_carea' id='block_1_56' title="bbox 2113 3642 3713 3717">
    <p class='ocr_par' dir='ltr' id='par_1_56' title="bbox 2113 3642 3713 3717">
     <span class='ocr_line' id='line_1_56' title="bbox 2113 3642 3713 3717; baseline -0.003 -14"><span class='ocrx_word' id='word_1_411' title='bbox 2113 3648 2284 3703; x_wconf 80' lang='lat' dir='ltr'><strong>notati</strong></span> <span class='ocrx_word' id='word_1_412' title='bbox 2313 3654 2600 3711; x_wconf 85' lang='lat' dir='ltr'><strong>sunt,cum</strong></span> <span class='ocrx_word' id='word_1_413' title='bbox 2626 3648 2740 3717; x_wconf 80' lang='lat' dir='ltr'><strong>ipse</strong></span> <span class='ocrx_word' id='word_1_414' title='bbox 2764 3646 3026 3702; x_wconf 78' lang='lat' dir='ltr'><strong>Dominus</strong></span> <span class='ocrx_word' id='word_1_415' title='bbox 3053 3646 3121 3701; x_wconf 81' lang='lat' dir='ltr'><strong>ad</strong></span> <span class='ocrx_word' id='word_1_416' title='bbox 3153 3644 3323 3701; x_wconf 78' lang='lat' dir='ltr'><strong>Satan</strong></span> <span class='ocrx_word' id='word_1_417' title='bbox 3350 3645 3429 3700; x_wconf 86' lang='lat' dir='ltr'><strong>ait</strong></span> <span class='ocrx_word' id='word_1_418' title='bbox 3457 3663 3470 3699; x_wconf 91' lang='lat'><strong>:</strong></span> <span class='ocrx_word' id='word_1_419' title='bbox 3509 3663 3529 3693; x_wconf 73' lang='grc' dir='ltr'>ι</span> <span class='ocrx_word' id='word_1_420' title='bbox 3566 3642 3713 3698; x_wconf 71' lang='lat' dir='ltr'><strong>Nun-</strong></span> 
     </span>
    </p>
   </div>
   <div class='ocr_carea' id='block_1_57' title="bbox 2112 3735 3711 3809">
    <p class='ocr_par' dir='ltr' id='par_1_57' title="bbox 2112 3735 3711 3809">
     <span class='ocr_line' id='line_1_57' title="bbox 2112 3735 3711 3809; baseline -0.002 -15"><span class='ocrx_word' id='word_1_421' title='bbox 2112 3739 2242 3809; x_wconf 81' lang='lat' dir='ltr'><strong>quid</strong></span> <span class='ocrx_word' id='word_1_422' title='bbox 2270 3739 2631 3795; x_wconf 78' lang='lat' dir='ltr'><strong>considerasti</strong></span> <span class='ocrx_word' id='word_1_423' title='bbox 2662 3755 2880 3793; x_wconf 88' lang='lat' dir='ltr'><strong>servum</strong></span> <span class='ocrx_word' id='word_1_424' title='bbox 2910 3754 3101 3793; x_wconf 76' lang='lat' dir='ltr'><strong>meum-</strong></span> <span class='ocrx_word' id='word_1_425' title='bbox 3133 3735 3254 3801; x_wconf 64' lang='grc' dir='ltr'><strong>ιο».</strong></span> <span class='ocrx_word' id='word_1_426' title='bbox 3285 3737 3443 3806; x_wconf 77' lang='lat' dir='ltr'><strong>qued-</strong></span> <span class='ocrx_word' id='word_1_427' title='bbox 3480 3751 3591 3792; x_wconf 74' lang='lat' dir='ltr'><strong>non</strong></span> <span class='ocrx_word' id='word_1_428' title='bbox 3636 3735 3711 3791; x_wconf 80' lang='lat' dir='ltr'><strong>sit</strong></span> 
     </span>
    </p>
   </div>
   <div class='ocr_carea' id='block_1_58' title="bbox 2112 3828 3708 3899">
    <p class='ocr_par' dir='ltr' id='par_1_58' title="bbox 2112 3828 3708 3899">
     <span class='ocr_line' id='line_1_58' title="bbox 2112 3828 3708 3899; baseline -0.003 -12"><span class='ocrx_word' id='word_1_429' title='bbox 2112 3831 2163 3887; x_wconf 90' lang='lat' dir='ltr'><strong>ei</strong></span> <span class='ocrx_word' id='word_1_430' title='bbox 2188 3831 2385 3886; x_wconf 83' lang='lat' dir='ltr'><strong>similis</strong></span> <span class='ocrx_word' id='word_1_431' title='bbox 2413 3831 2469 3885; x_wconf 89' lang='lat' dir='ltr'><strong>in</strong></span> <span class='ocrx_word' id='word_1_432' title='bbox 2500 3832 2685 3886; x_wconf 83' lang='lat' dir='ltr'><strong>terra?</strong></span> <span class='ocrx_word' id='word_1_433' title='bbox 2734 3850 2756 3882; x_wconf 71' lang='grc' dir='ltr'><strong>ι</strong></span> <span class='ocrx_word' id='word_1_434' title='bbox 2784 3838 2841 3885; x_wconf 88' lang='lat' dir='ltr'><strong>et</strong></span> <span class='ocrx_word' id='word_1_435' title='bbox 2868 3831 2936 3886; x_wconf 89' lang='lat' dir='ltr'><strong>de</strong></span> <span class='ocrx_word' id='word_1_436' title='bbox 2962 3830 3180 3885; x_wconf 77' lang='lat' dir='ltr'><strong>David:</strong></span> <span class='ocrx_word' id='word_1_437' title='bbox 3218 3847 3239 3880; x_wconf 71' lang='grc' dir='ltr'>ι</span> <span class='ocrx_word' id='word_1_438' title='bbox 3273 3828 3489 3894; x_wconf 73' lang='lat' dir='ltr'><strong>inveni,</strong></span> <span class='ocrx_word' id='word_1_439' title='bbox 3512 3828 3708 3899; x_wconf 79' lang='lat' dir='ltr'><strong>inquit,</strong></span> 
     </span>
    </p>
   </div>
   <div class='ocr_carea' id='block_1_59' title="bbox 2112 3921 3704 3986">
    <p class='ocr_par' dir='ltr' id='par_1_59' title="bbox 2112 3921 3704 3986">
     <span class='ocr_line' id='line_1_59' title="bbox 2112 3921 3704 3986; baseline -0.003 -8"><span class='ocrx_word' id='word_1_440' title='bbox 2112 3923 2281 3979; x_wconf 83' lang='lat' dir='ltr'><strong>David</strong></span> <span class='ocrx_word' id='word_1_441' title='bbox 2308 3939 2525 3979; x_wconf 82' lang='lat' dir='ltr'><strong>servum</strong></span> <span class='ocrx_word' id='word_1_442' title='bbox 2548 3938 2749 3986; x_wconf 69' lang='lat' dir='ltr'><strong>metum,</strong></span> <span class='ocrx_word' id='word_1_443' title='bbox 2779 3923 2898 3980; x_wconf 82' lang='lat' dir='ltr'><strong>oleo</strong></span> <span class='ocrx_word' id='word_1_444' title='bbox 2925 3930 3123 3978; x_wconf 79' lang='lat' dir='ltr'><strong>sancte</strong></span> <span class='ocrx_word' id='word_1_445' title='bbox 3143 3936 3269 3979; x_wconf 77' lang='lat' dir='ltr'><strong>meo</strong></span> <span class='ocrx_word' id='word_1_446' title='bbox 3305 3921 3436 3977; x_wconf 72' lang='lat' dir='ltr'><strong>unxi</strong></span> <span class='ocrx_word' id='word_1_447' title='bbox 3483 3935 3632 3975; x_wconf 69' lang='lat' dir='ltr'><strong>eum.</strong></span> <span class='ocrx_word' id='word_1_448' title='bbox 3682 3938 3704 3973; x_wconf 72' lang='grc' dir='ltr'><strong>ι</strong></span> 
     </span>
    </p>
   </div>
   <div class='ocr_carea' id='block_1_60' title="bbox 2112 4014 3709 4086">
    <p class='ocr_par' dir='ltr' id='par_1_60' title="bbox 2112 4014 3709 4086">
     <span class='ocr_line' id='line_1_60' title="bbox 2112 4014 3709 4086; baseline -0.003 -13"><span class='ocrx_word' id='word_1_449' title='bbox 2112 4016 2220 4073; x_wconf 88' lang='lat' dir='ltr'><strong>Sed</strong></span> <span class='ocrx_word' id='word_1_450' title='bbox 2265 4018 2334 4072; x_wconf 86' lang='lat' dir='ltr'><strong>ad</strong></span> <span class='ocrx_word' id='word_1_451' title='bbox 2357 4020 2475 4073; x_wconf 69' lang='lat' dir='ltr'><strong>haec</strong></span> <span class='ocrx_word' id='word_1_452' title='bbox 2508 4017 2743 4073; x_wconf 73' lang='lat' dir='ltr'><strong>forsitan</strong></span> <span class='ocrx_word' id='word_1_453' title='bbox 2777 4018 2869 4072; x_wconf 84' lang='lat' dir='ltr'><strong>isti</strong></span> <span class='ocrx_word' id='word_1_454' title='bbox 2902 4032 3171 4075; x_wconf 73' lang='lat' dir='ltr'><strong>novorum</strong></span> <span class='ocrx_word' id='word_1_455' title='bbox 3200 4016 3516 4086; x_wconf 67' lang='lat' dir='ltr'><strong>destitutum</strong></span> <span class='ocrx_word' id='word_1_456' title='bbox 3548 4014 3709 4069; x_wconf 86' lang='lat' dir='ltr'><strong>insti—</strong></span> 
     </span>
    </p>
   </div>
   <div class='ocr_carea' id='block_1_61' title="bbox 2111 4107 3711 4181">
    <p class='ocr_par' dir='ltr' id='par_1_61' title="bbox 2111 4107 3711 4181">
     <span class='ocr_line' id='line_1_61' title="bbox 2111 4107 3711 4181; baseline -0.003 -16"><span class='ocrx_word' id='word_1_457' title='bbox 2111 4119 2323 4167; x_wconf 84' lang='lat' dir='ltr'><strong>tutores</strong></span> <span class='ocrx_word' id='word_1_458' title='bbox 2351 4111 2701 4181; x_wconf 83' lang='lat' dir='ltr'><strong>respondent,</strong></span> <span class='ocrx_word' id='word_1_459' title='bbox 2729 4126 2839 4166; x_wconf 76' lang='lat' dir='ltr'><strong>non</strong></span> <span class='ocrx_word' id='word_1_460' title='bbox 2869 4125 2928 4166; x_wconf 85' lang='lat' dir='ltr'><strong>se</strong></span> <span class='ocrx_word' id='word_1_461' title='bbox 2960 4108 3343 4165; x_wconf 72' lang='lat' dir='ltr'><strong>centmlicere</strong></span> <span class='ocrx_word' id='word_1_462' title='bbox 3366 4107 3505 4177; x_wconf 72' lang='lat' dir='ltr'><strong>quia</strong></span> <span class='ocrx_word' id='word_1_463' title='bbox 3546 4120 3711 4161; x_wconf 71' lang='lat' dir='ltr'><strong>omne</strong></span> 
     </span>
    </p>
   </div>
   <div class='ocr_carea' id='block_1_62' title="bbox 406 4193 3709 4275">
    <p class='ocr_par' dir='ltr' id='par_1_62' title="bbox 406 4193 3709 4275">
     <span class='ocr_line' id='line_1_62' title="bbox 406 4193 3709 4275; baseline 0.007 -27"><span class='ocrx_word' id='word_1_464' title='bbox 406 4193 733 4261; x_wconf 77' lang='lat' dir='ltr'><strong>didicerunt,</strong></span> <span class='ocrx_word' id='word_1_465' title='bbox 769 4206 823 4251; x_wconf 89' lang='lat' dir='ltr'><strong>et</strong></span> <span class='ocrx_word' id='word_1_466' title='bbox 877 4208 1078 4256; x_wconf 74' lang='lat' dir='ltr'><strong>sancta:</strong></span> <span class='ocrx_word' id='word_1_467' title='bbox 1128 4204 1387 4261; x_wconf 73' lang='lat' dir='ltr'><strong>Ecclesia:</strong></span> <span class='ocrx_word' id='word_1_468' title='bbox 1433 4209 1767 4262; x_wconf 73' lang='lat' dir='ltr'><strong>nutrimento</strong></span> <span class='ocrx_word' id='word_1_469' title='bbox 1816 4209 2004 4263; x_wconf 71' lang='lat' dir='ltr'><strong>taniliu</strong></span> <span class='ocrx_word' id='word_1_470' title='bbox 2034 4209 2080 4275; x_wconf 88' lang='lat' dir='ltr'>C</span> <span class='ocrx_word' id='word_1_471' title='bbox 2111 4219 2280 4275; x_wconf 67' lang='lat' dir='ltr'><strong>3W</strong></span> <span class='ocrx_word' id='word_1_472' title='bbox 2308 4204 2607 4259; x_wconf 69' lang='lat' dir='ltr'><strong>humum</strong></span> <span class='ocrx_word' id='word_1_473' title='bbox 2627 4202 2827 4259; x_wconf 68' lang='grc' dir='ltr'><strong>άὶνίηω</strong></span> <span class='ocrx_word' id='word_1_474' title='bbox 2850 4202 3099 4258; x_wconf 64' lang='grc' dir='ltr'><strong>κννίιυιί</strong></span> <span class='ocrx_word' id='word_1_475' title='bbox 3143 4200 3447 4257; x_wconf 59' lang='lat' dir='ltr'><strong>mm“</strong></span> <span class='ocrx_word' id='word_1_476' title='bbox 3482 4200 3576 4263; x_wconf 59' lang='lat' dir='ltr'><strong>Si&quot;</strong></span> <span class='ocrx_word' id='word_1_477' title='bbox 3615 4197 3709 4255; x_wconf 61' lang='lat' dir='ltr'><strong>Sed</strong></span> 
     </span>
    </p>
   </div>
   <div class='ocr_carea' id='block_1_63' title="bbox 406 4284 2006 4360">
    <p class='ocr_par' dir='ltr' id='par_1_63' title="bbox 406 4284 2006 4360">
     <span class='ocr_line' id='line_1_63' title="bbox 406 4284 2006 4360; baseline 0.013 -23"><span class='ocrx_word' id='word_1_478' title='bbox 406 4284 521 4339; x_wconf 90' lang='lat' dir='ltr'><strong>aliti</strong></span> <span class='ocrx_word' id='word_1_479' title='bbox 547 4292 695 4353; x_wconf 81' lang='lat' dir='ltr'><strong>sunt,</strong></span> <span class='ocrx_word' id='word_1_480' title='bbox 718 4304 1001 4360; x_wconf 85' lang='lat' dir='ltr'><strong>quousque</strong></span> <span class='ocrx_word' id='word_1_481' title='bbox 1030 4294 1165 4348; x_wconf 84' lang='lat' dir='ltr'><strong>satis</strong></span> <span class='ocrx_word' id='word_1_482' title='bbox 1194 4296 1407 4352; x_wconf 76' lang='lat' dir='ltr'><strong>educati</strong></span> <span class='ocrx_word' id='word_1_483' title='bbox 1450 4300 1503 4353; x_wconf 92' lang='lat' dir='ltr'><strong>in</strong></span> <span class='ocrx_word' id='word_1_484' title='bbox 1540 4300 1771 4354; x_wconf 80' lang='lat' dir='ltr'><strong>sublime</strong></span> <span class='ocrx_word' id='word_1_485' title='bbox 1814 4315 2006 4357; x_wconf 81' lang='lat' dir='ltr'><strong>sacro-</strong></span> 
     </span>
    </p>
   </div>
   <div class='ocr_carea' id='block_1_64' title="bbox 404 4379 2007 4463">
    <p class='ocr_par' dir='ltr' id='par_1_64' title="bbox 404 4379 2007 4463">
     <span class='ocr_line' id='line_1_64' title="bbox 404 4379 2007 4463; baseline 0.011 -31"><span class='ocrx_word' id='word_1_486' title='bbox 404 4392 526 4432; x_wconf 88' lang='lat' dir='ltr'><strong>rum</strong></span> <span class='ocrx_word' id='word_1_487' title='bbox 556 4379 807 4435; x_wconf 86' lang='lat' dir='ltr'><strong>ordinum</strong></span> <span class='ocrx_word' id='word_1_488' title='bbox 837 4385 1289 4452; x_wconf 83' lang='lat' dir='ltr'><strong>proveherentur.</strong></span> <span class='ocrx_word' id='word_1_489' title='bbox 1323 4390 1430 4444; x_wconf 81' lang='lat' dir='ltr'><strong>Sed</strong></span> <span class='ocrx_word' id='word_1_490' title='bbox 1464 4391 1663 4463; x_wconf 73' lang='lat' dir='ltr'><strong>ingrati</strong></span> <span class='ocrx_word' id='word_1_491' title='bbox 1707 4403 1861 4450; x_wconf 86' lang='lat' dir='ltr'><strong>tanto</strong></span> <span class='ocrx_word' id='word_1_492' title='bbox 1888 4411 2007 4450; x_wconf 72' lang='lat' dir='ltr'><strong>mu-</strong></span> 
     </span>
    </p>
   </div>
   <div class='ocr_carea' id='block_1_65' title="bbox 403 4474 2000 4556">
    <p class='ocr_par' dir='ltr' id='par_1_65' title="bbox 403 4474 2000 4556">
     <span class='ocr_line' id='line_1_65' title="bbox 403 4474 2000 4556; baseline 0.013 -32"><span class='ocrx_word' id='word_1_493' title='bbox 403 4474 843 4535; x_wconf 84' lang='lat' dir='ltr'><strong>nere,contraria</strong></span> <span class='ocrx_word' id='word_1_494' title='bbox 873 4477 1303 4536; x_wconf 76' lang='lat' dir='ltr'><strong>orthodoxorum</strong></span> <span class='ocrx_word' id='word_1_495' title='bbox 1331 4482 1553 4539; x_wconf 87' lang='lat' dir='ltr'><strong>Patrum</strong></span> <span class='ocrx_word' id='word_1_496' title='bbox 1582 4485 1708 4541; x_wconf 87' lang='lat' dir='ltr'><strong>ﬁdei</strong></span> <span class='ocrx_word' id='word_1_497' title='bbox 1740 4488 2000 4556; x_wconf 86' lang='lat' dir='ltr'><strong>sentiunt,</strong></span> 
     </span>
    </p>
   </div>
   <div class='ocr_carea' id='block_1_66' title="bbox 408 4566 2005 4647">
    <p class='ocr_par' dir='ltr' id='par_1_66' title="bbox 408 4566 2005 4647">
     <span class='ocr_line' id='line_1_66' title="bbox 408 4566 2005 4647; baseline 0.013 -33"><span class='ocrx_word' id='word_1_498' title='bbox 408 4575 474 4615; x_wconf 87' lang='lat' dir='ltr'><strong>ac</strong></span> <span class='ocrx_word' id='word_1_499' title='bbox 497 4570 727 4618; x_wconf 85' lang='lat' dir='ltr'><strong>matrem</strong></span> <span class='ocrx_word' id='word_1_500' title='bbox 754 4566 1134 4625; x_wconf 85' lang='lat' dir='ltr'><strong>universorum</strong></span> <span class='ocrx_word' id='word_1_501' title='bbox 1158 4571 1397 4629; x_wconf 87' lang='lat' dir='ltr'><strong>ﬁdelium</strong></span> <span class='ocrx_word' id='word_1_502' title='bbox 1426 4575 1548 4630; x_wconf 87' lang='lat' dir='ltr'><strong>telis</strong></span> <span class='ocrx_word' id='word_1_503' title='bbox 1569 4577 1870 4647; x_wconf 88' lang='lat' dir='ltr'><strong>iniquitatis</strong></span> <span class='ocrx_word' id='word_1_504' title='bbox 1893 4595 2005 4635; x_wconf 73' lang='lat' dir='ltr'><strong>suae</strong></span> 
     </span>
    </p>
   </div>
   <div class='ocr_carea' id='block_1_67' title="bbox 407 4652 2007 4737">
    <p class='ocr_par' dir='ltr' id='par_1_67' title="bbox 407 4652 2007 4737">
     <span class='ocr_line' id='line_1_67' title="bbox 407 4652 2007 4737; baseline 0.014 -34"><span class='ocrx_word' id='word_1_505' title='bbox 407 4652 647 4720; x_wconf 87' lang='lat' dir='ltr'><strong>quotidie</strong></span> <span class='ocrx_word' id='word_1_506' title='bbox 688 4654 1034 4726; x_wconf 80' lang='lat' dir='ltr'><strong>impugnant;</strong></span> <span class='ocrx_word' id='word_1_507' title='bbox 1107 4677 1231 4717; x_wconf 84' lang='lat' dir='ltr'><strong>cum</strong></span> <span class='ocrx_word' id='word_1_508' title='bbox 1276 4664 1380 4719; x_wconf 84' lang='lat' dir='ltr'><strong>hoc</strong></span> <span class='ocrx_word' id='word_1_509' title='bbox 1429 4668 1583 4735; x_wconf 89' lang='lat' dir='ltr'><strong>quasi</strong></span> <span class='ocrx_word' id='word_1_510' title='bbox 1624 4670 1851 4737; x_wconf 84' lang='lat' dir='ltr'><strong>probum</strong></span> <span class='ocrx_word' id='word_1_511' title='bbox 1903 4671 2007 4726; x_wconf 83' lang='lat' dir='ltr'><strong>lin-</strong></span> 
     </span>
    </p>
   </div>
   <div class='ocr_carea' id='block_1_68' title="bbox 406 4755 2003 4829">
    <p class='ocr_par' dir='ltr' id='par_1_68' title="bbox 406 4755 2003 4829">
     <span class='ocr_line' id='line_1_68' title="bbox 406 4755 2003 4829; baseline 0.016 -32"><span class='ocrx_word' id='word_1_512' title='bbox 406 4755 565 4815; x_wconf 76' lang='lat' dir='ltr'><strong>gum,</strong></span> <span class='ocrx_word' id='word_1_513' title='bbox 613 4755 779 4817; x_wconf 81' lang='lat' dir='ltr'><strong>atque</strong></span> <span class='ocrx_word' id='word_1_514' title='bbox 811 4766 911 4820; x_wconf 90' lang='lat' dir='ltr'><strong>pro</strong></span> <span class='ocrx_word' id='word_1_515' title='bbox 944 4767 1074 4809; x_wconf 86' lang='lat' dir='ltr'><strong>vero</strong></span> <span class='ocrx_word' id='word_1_516' title='bbox 1114 4758 1419 4829; x_wconf 85' lang='lat' dir='ltr'><strong>quibusque</strong></span> <span class='ocrx_word' id='word_1_517' title='bbox 1466 4765 1846 4819; x_wconf 86' lang='lat' dir='ltr'><strong>commendare</strong></span> <span class='ocrx_word' id='word_1_518' title='bbox 1890 4774 2003 4821; x_wconf 82' lang='lat' dir='ltr'><strong>sat-</strong></span> 
     </span>
    </p>
   </div>
   <div class='ocr_carea' id='block_1_69' title="bbox 408 4842 2002 4927">
    <p class='ocr_par' dir='ltr' id='par_1_69' title="bbox 408 4842 2002 4927">
     <span class='ocr_line' id='line_1_69' title="bbox 408 4842 2002 4927; baseline 0.014 -36"><span class='ocrx_word' id='word_1_519' title='bbox 408 4847 597 4907; x_wconf 70' lang='lat' dir='ltr'><strong>agunt,</strong></span> <span class='ocrx_word' id='word_1_520' title='bbox 629 4842 772 4911; x_wconf 86' lang='lat' dir='ltr'><strong>quod</strong></span> <span class='ocrx_word' id='word_1_521' title='bbox 802 4858 901 4901; x_wconf 87' lang='lat' dir='ltr'><strong>nec</strong></span> <span class='ocrx_word' id='word_1_522' title='bbox 932 4848 1278 4917; x_wconf 56' lang='lat' dir='ltr'><strong>patriarcha,</strong></span> <span class='ocrx_word' id='word_1_523' title='bbox 1310 4869 1486 4923; x_wconf 86' lang='lat' dir='ltr'><strong>neque</strong></span> <span class='ocrx_word' id='word_1_524' title='bbox 1508 4857 1785 4927; x_wconf 73' lang='lat' dir='ltr'><strong>propheta:</strong></span> <span class='ocrx_word' id='word_1_525' title='bbox 1811 4858 1867 4913; x_wconf 90' lang='lat' dir='ltr'><strong>in</strong></span> <span class='ocrx_word' id='word_1_526' title='bbox 1891 4857 2002 4914; x_wconf 72' lang='lat' dir='ltr'><strong>Ve-</strong></span> 
     </span>
    </p>
   </div>
   <div class='ocr_carea' id='block_1_70' title="bbox 2109 4290 3705 4365">
    <p class='ocr_par' dir='ltr' id='par_1_70' title="bbox 2109 4290 3705 4365">
     <span class='ocr_line' id='line_1_70' title="bbox 2109 4290 3705 4365; baseline -0.003 -15"><span class='ocrx_word' id='word_1_527' title='bbox 2109 4311 2216 4352; x_wconf 91' lang='lat' dir='ltr'><strong>non</strong></span> <span class='ocrx_word' id='word_1_528' title='bbox 2246 4295 2382 4352; x_wconf 80' lang='lat' dir='ltr'><strong>velie</strong></span> <span class='ocrx_word' id='word_1_529' title='bbox 2403 4295 2548 4365; x_wconf 90' lang='lat' dir='ltr'><strong>quod</strong></span> <span class='ocrx_word' id='word_1_530' title='bbox 2577 4296 2649 4351; x_wconf 89' lang='lat' dir='ltr'><strong>ad</strong></span> <span class='ocrx_word' id='word_1_531' title='bbox 2672 4295 3030 4353; x_wconf 83' lang='lat' dir='ltr'><strong>monasticam</strong></span> <span class='ocrx_word' id='word_1_532' title='bbox 3058 4291 3399 4361; x_wconf 75' lang='lat' dir='ltr'><strong>disciplinam</strong></span> <span class='ocrx_word' id='word_1_533' title='bbox 3424 4298 3483 4345; x_wconf 86' lang='lat' dir='ltr'><strong>et</strong></span> <span class='ocrx_word' id='word_1_534' title='bbox 3518 4290 3586 4343; x_wconf 89' lang='lat' dir='ltr'><strong>ad</strong></span> <span class='ocrx_word' id='word_1_535' title='bbox 3620 4306 3705 4345; x_wconf 78' lang='lat' dir='ltr'><strong>re-</strong></span> 
     </span>
    </p>
   </div>
   <div class='ocr_carea' id='block_1_71' title="bbox 2108 4381 3706 4457">
    <p class='ocr_par' dir='ltr' id='par_1_71' title="bbox 2108 4381 3706 4457">
     <span class='ocr_line' id='line_1_71' title="bbox 2108 4381 3706 4457; baseline -0.004 -16"><span class='ocrx_word' id='word_1_536' title='bbox 2108 4386 2350 4457; x_wconf 73' lang='lat' dir='ltr'><strong>gularem</strong></span> <span class='ocrx_word' id='word_1_537' title='bbox 2400 4386 2653 4443; x_wconf 73' lang='lat' dir='ltr'><strong>ordinem</strong></span> <span class='ocrx_word' id='word_1_538' title='bbox 2701 4385 3037 4456; x_wconf 72' lang='lat' dir='ltr'><strong>sequendam</strong></span> <span class='ocrx_word' id='word_1_539' title='bbox 3080 4384 3279 4452; x_wconf 79' lang='lat' dir='ltr'><strong>aliquis</strong></span> <span class='ocrx_word' id='word_1_540' title='bbox 3328 4381 3498 4437; x_wconf 80' lang='lat' dir='ltr'><strong>tilium</strong></span> <span class='ocrx_word' id='word_1_541' title='bbox 3548 4397 3706 4436; x_wconf 77' lang='lat' dir='ltr'><strong>suum</strong></span> 
     </span>
    </p>
   </div>
   <div class='ocr_carea' id='block_1_72' title="bbox 2109 4471 3702 4545">
    <p class='ocr_par' dir='ltr' id='par_1_72' title="bbox 2109 4471 3702 4545">
     <span class='ocr_line' id='line_1_72' title="bbox 2109 4471 3702 4545; baseline -0.005 -15"><span class='ocrx_word' id='word_1_542' title='bbox 2109 4478 2308 4533; x_wconf 77' lang='lat' dir='ltr'><strong>tradat.</strong></span> <span class='ocrx_word' id='word_1_543' title='bbox 2336 4475 2501 4542; x_wconf 80' lang='lat' dir='ltr'><strong>Quasi</strong></span> <span class='ocrx_word' id='word_1_544' title='bbox 2532 4477 2587 4531; x_wconf 81' lang='lat' dir='ltr'><strong>in</strong></span> <span class='ocrx_word' id='word_1_545' title='bbox 2626 4491 2697 4533; x_wconf 83' lang='lat' dir='ltr'><strong>eo</strong></span> <span class='ocrx_word' id='word_1_546' title='bbox 2720 4476 2991 4535; x_wconf 77' lang='lat' dir='ltr'><strong>immunes</strong></span> <span class='ocrx_word' id='word_1_547' title='bbox 3014 4475 3124 4531; x_wconf 78' lang='lat' dir='ltr'><strong>sint</strong></span> <span class='ocrx_word' id='word_1_548' title='bbox 3153 4474 3296 4545; x_wconf 77' lang='lat' dir='ltr'><strong>quod</strong></span> <span class='ocrx_word' id='word_1_549' title='bbox 3341 4488 3449 4528; x_wconf 86' lang='lat' dir='ltr'><strong>non</strong></span> <span class='ocrx_word' id='word_1_550' title='bbox 3492 4471 3702 4539; x_wconf 70' lang='lat' dir='ltr'><strong>genesi,</strong></span> 
     </span>
    </p>
   </div>
   <div class='ocr_carea' id='block_1_73' title="bbox 2107 4560 3704 4638">
    <p class='ocr_par' dir='ltr' id='par_1_73' title="bbox 2107 4560 3704 4638">
     <span class='ocr_line' id='line_1_73' title="bbox 2107 4560 3704 4638; baseline -0.006 -15"><span class='ocrx_word' id='word_1_551' title='bbox 2107 4568 2203 4623; x_wconf 88' lang='lat' dir='ltr'><strong>sed</strong></span> <span class='ocrx_word' id='word_1_552' title='bbox 2231 4568 2429 4638; x_wconf 83' lang='lat' dir='ltr'><strong>speciei</strong></span> <span class='ocrx_word' id='word_1_553' title='bbox 2454 4568 2736 4637; x_wconf 70' lang='lat' dir='ltr'><strong>derogent,</strong></span> <span class='ocrx_word' id='word_1_554' title='bbox 2758 4583 2883 4624; x_wconf 89' lang='lat' dir='ltr'><strong>cum</strong></span> <span class='ocrx_word' id='word_1_555' title='bbox 2923 4565 3134 4637; x_wconf 81' lang='lat' dir='ltr'><strong>species</strong></span> <span class='ocrx_word' id='word_1_556' title='bbox 3178 4564 3246 4619; x_wconf 89' lang='lat' dir='ltr'><strong>ad</strong></span> <span class='ocrx_word' id='word_1_557' title='bbox 3283 4577 3455 4631; x_wconf 66' lang='lat' dir='ltr'><strong>genus</strong></span> <span class='ocrx_word' id='word_1_558' title='bbox 3497 4560 3704 4615; x_wconf 66' lang='lat' dir='ltr'><strong>nferu-</strong></span> 
     </span>
    </p>
   </div>
   <div class='ocr_carea' id='block_1_74' title="bbox 2107 4652 3703 4731">
    <p class='ocr_par' dir='ltr' id='par_1_74' title="bbox 2107 4652 3703 4731">
     <span class='ocr_line' id='line_1_74' title="bbox 2107 4652 3703 4731; baseline -0.005 -17"><span class='ocrx_word' id='word_1_559' title='bbox 2107 4668 2221 4726; x_wconf 87' lang='lat' dir='ltr'><strong>tur,</strong></span> <span class='ocrx_word' id='word_1_560' title='bbox 2246 4675 2348 4715; x_wconf 88' lang='lat' dir='ltr'><strong>nec</strong></span> <span class='ocrx_word' id='word_1_561' title='bbox 2377 4676 2548 4731; x_wconf 80' lang='lat' dir='ltr'><strong>genus</strong></span> <span class='ocrx_word' id='word_1_562' title='bbox 2575 4660 2693 4714; x_wconf 87' lang='lat' dir='ltr'><strong>sine</strong></span> <span class='ocrx_word' id='word_1_563' title='bbox 2714 4659 3019 4729; x_wconf 84' lang='lat' dir='ltr'><strong>specierum</strong></span> <span class='ocrx_word' id='word_1_564' title='bbox 3064 4656 3379 4712; x_wconf 83' lang='lat' dir='ltr'><strong>diversitate</strong></span> <span class='ocrx_word' id='word_1_565' title='bbox 3403 4652 3703 4708; x_wconf 73' lang='lat' dir='ltr'><strong>consistam</strong></span> 
     </span>
    </p>
   </div>
   <div class='ocr_carea' id='block_1_75' title="bbox 2104 4746 3701 4825">
    <p class='ocr_par' dir='ltr' id='par_1_75' title="bbox 2104 4746 3701 4825">
     <span class='ocr_line' id='line_1_75' title="bbox 2104 4746 3701 4825; baseline -0.006 -16"><span class='ocrx_word' id='word_1_566' title='bbox 2104 4753 2297 4825; x_wconf 84' lang='lat' dir='ltr'><strong>possit.</strong></span> <span class='ocrx_word' id='word_1_567' title='bbox 2328 4754 2463 4820; x_wconf 69' lang='lat' dir='ltr'><strong>Quis</strong></span> <span class='ocrx_word' id='word_1_568' title='bbox 2492 4768 2733 4823; x_wconf 75' lang='lat' dir='ltr'><strong>unquam</strong></span> <span class='ocrx_word' id='word_1_569' title='bbox 2763 4750 3149 4807; x_wconf 62' lang='lat' dir='ltr'><strong>haereticorum</strong></span> <span class='ocrx_word' id='word_1_570' title='bbox 3192 4747 3278 4803; x_wconf 86' lang='lat' dir='ltr'><strong>vel</strong></span> <span class='ocrx_word' id='word_1_571' title='bbox 3325 4746 3701 4801; x_wconf 83' lang='lat' dir='ltr'><strong>schismatico-</strong></span> 
     </span>
    </p>
   </div>
   <div class='ocr_carea' id='block_1_76' title="bbox 2105 4840 3701 4916">
    <p class='ocr_par' dir='ltr' id='par_1_76' title="bbox 2105 4840 3701 4916">
     <span class='ocr_line' id='line_1_76' title="bbox 2105 4840 3701 4916; baseline -0.005 -15"><span class='ocrx_word' id='word_1_572' title='bbox 2105 4863 2225 4901; x_wconf 74' lang='lat' dir='ltr'><strong>rum</strong></span> <span class='ocrx_word' id='word_1_573' title='bbox 2264 4846 2403 4912; x_wconf 77' lang='lat' dir='ltr'><strong>fuit,</strong></span> <span class='ocrx_word' id='word_1_574' title='bbox 2450 4846 2544 4916; x_wconf 87' lang='lat' dir='ltr'><strong>qui</strong></span> <span class='ocrx_word' id='word_1_575' title='bbox 2596 4846 2909 4901; x_wconf 73' lang='lat' dir='ltr'><strong>universam</strong></span> <span class='ocrx_word' id='word_1_576' title='bbox 2959 4843 3277 4913; x_wconf 71' lang='lat' dir='ltr'><strong>religionem</strong></span> <span class='ocrx_word' id='word_1_577' title='bbox 3332 4840 3701 4896; x_wconf 80' lang='lat' dir='ltr'><strong>Christianam</strong></span> 
     </span>
    </p>
   </div>
   <div class='ocr_carea' id='block_1_77' title="bbox 401 4933 2010 5021">
    <p class='ocr_par' dir='ltr' id='par_1_77' title="bbox 401 4933 1998 5021">
     <span class='ocr_line' id='line_1_77' title="bbox 401 4933 1998 5021; baseline 0.013 -35"><span class='ocrx_word' id='word_1_578' title='bbox 401 4933 502 4986; x_wconf 90' lang='lat' dir='ltr'><strong>teri</strong></span> <span class='ocrx_word' id='word_1_579' title='bbox 551 4934 905 4995; x_wconf 86' lang='lat' dir='ltr'><strong>Testamento</strong></span> <span class='ocrx_word' id='word_1_580' title='bbox 952 4956 1191 5011; x_wconf 90' lang='lat' dir='ltr'><strong>unquam</strong></span> <span class='ocrx_word' id='word_1_581' title='bbox 1237 4945 1567 5014; x_wconf 84' lang='lat' dir='ltr'><strong>habuerunt,</strong></span> <span class='ocrx_word' id='word_1_582' title='bbox 1616 4964 1716 5005; x_wconf 89' lang='lat' dir='ltr'><strong>nec</strong></span> <span class='ocrx_word' id='word_1_583' title='bbox 1768 4953 1998 5021; x_wconf 80' lang='lat' dir='ltr'><strong>apostoli</strong></span> 
     </span>
    </p>
   </div>
   <div class='ocr_carea' id='block_1_78' title="bbox 2115 4933 3699 5021">
    <p class='ocr_par' dir='ltr' id='par_1_78' title="bbox 2115 4934 3699 5009">
     <span class='ocr_line' id='line_1_78' title="bbox 2115 4934 3699 5009; baseline -0.001 -17"><span class='ocrx_word' id='word_1_584' title='bbox 2115 4940 2323 5007; x_wconf 74' lang='lat' dir='ltr'><strong>penitus</strong></span> <span class='ocrx_word' id='word_1_585' title='bbox 2350 4939 2612 5008; x_wconf 81' lang='lat' dir='ltr'><strong>abjiceret</strong></span> <span class='ocrx_word' id='word_1_586' title='bbox 2639 4947 2805 5009; x_wconf 87' lang='lat' dir='ltr'><strong>atque</strong></span> <span class='ocrx_word' id='word_1_587' title='bbox 2831 4936 3165 5007; x_wconf 76' lang='lat' dir='ltr'><strong>denegaret?</strong></span> <span class='ocrx_word' id='word_1_588' title='bbox 3226 4936 3335 4990; x_wconf 78' lang='lat' dir='ltr'><strong>hoc</strong></span> <span class='ocrx_word' id='word_1_589' title='bbox 3372 4934 3522 4990; x_wconf 82' lang='lat' dir='ltr'><strong>enim</strong></span> <span class='ocrx_word' id='word_1_590' title='bbox 3577 4950 3699 5005; x_wconf 86' lang='lat' dir='ltr'><strong>pro-</strong></span> 
     </span>
    </p>
   </div>
   <div class='ocr_carea' id='block_1_79' title="bbox 400 5031 1994 5101">
    <p class='ocr_par' dir='ltr' id='par_1_79' title="bbox 400 5031 1994 5101">
     <span class='ocr_line' id='line_1_79' title="bbox 400 5031 1994 5101; baseline 0.013 -23"><span class='ocrx_word' id='word_1_591' title='bbox 400 5033 562 5094; x_wconf 87' lang='lat' dir='ltr'><strong>atque</strong></span> <span class='ocrx_word' id='word_1_592' title='bbox 584 5031 931 5101; x_wconf 64' lang='lat' dir='ltr'><strong>evangelista;</strong></span> <span class='ocrx_word' id='word_1_593' title='bbox 969 5034 1024 5088; x_wconf 84' lang='lat' dir='ltr'><strong>in</strong></span> <span class='ocrx_word' id='word_1_594' title='bbox 1066 5033 1214 5091; x_wconf 76' lang='lat' dir='ltr'><strong>Novo</strong></span> <span class='ocrx_word' id='word_1_595' title='bbox 1249 5036 1367 5092; x_wconf 88' lang='lat' dir='ltr'><strong>ﬁeri</strong></span> <span class='ocrx_word' id='word_1_596' title='bbox 1396 5040 1619 5095; x_wconf 89' lang='lat' dir='ltr'><strong>omnino</strong></span> <span class='ocrx_word' id='word_1_597' title='bbox 1644 5052 1994 5098; x_wconf 82' lang='lat' dir='ltr'><strong>consuenmt.</strong></span> 
     </span>
    </p>
   </div>
   <div class='ocr_carea' id='block_1_80' title="bbox 2099 5028 3703 5102">
    <p class='ocr_par' dir='ltr' id='par_1_80' title="bbox 2099 5028 3703 5102">
     <span class='ocr_line' id='line_1_80' title="bbox 2099 5028 3703 5102; baseline 0.001 -17"><span class='ocrx_word' id='word_1_598' title='bbox 2099 5032 2220 5102; x_wconf 77' lang='lat' dir='ltr'><strong>prie</strong></span> <span class='ocrx_word' id='word_1_599' title='bbox 2236 5031 2531 5087; x_wconf 74' lang='lat' dir='ltr'><strong>inﬁdelium</strong></span> <span class='ocrx_word' id='word_1_600' title='bbox 2544 5040 2661 5097; x_wconf 87' lang='lat' dir='ltr'><strong>est;</strong></span> <span class='ocrx_word' id='word_1_601' title='bbox 2687 5032 2789 5087; x_wconf 82' lang='lat' dir='ltr'><strong>sed</strong></span> <span class='ocrx_word' id='word_1_602' title='bbox 2804 5030 2931 5100; x_wconf 86' lang='lat' dir='ltr'><strong>quia</strong></span> <span class='ocrx_word' id='word_1_603' title='bbox 2952 5030 3100 5087; x_wconf 83' lang='lat' dir='ltr'><strong>veris</strong></span> <span class='ocrx_word' id='word_1_604' title='bbox 3118 5029 3253 5085; x_wconf 79' lang='lat' dir='ltr'><strong>falsa</strong></span> <span class='ocrx_word' id='word_1_605' title='bbox 3273 5028 3703 5099; x_wconf 70' lang='lat' dir='ltr'><strong>perniseebaat,</strong></span> 
     </span>
    </p>
   </div>
   <div class='ocr_carea' id='block_1_81' title="bbox 402 5116 3700 5203">
    <p class='ocr_par' dir='ltr' id='par_1_81' title="bbox 402 5116 3700 5203">
     <span class='ocr_line' id='line_1_81' title="bbox 402 5116 3700 5203; baseline 0.007 -32"><span class='ocrx_word' id='word_1_606' title='bbox 402 5116 554 5174; x_wconf 87' lang='lat' dir='ltr'><strong>Unde</strong></span> <span class='ocrx_word' id='word_1_607' title='bbox 578 5121 851 5179; x_wconf 82' lang='lat' dir='ltr'><strong>dementia</strong></span> <span class='ocrx_word' id='word_1_608' title='bbox 874 5141 1065 5181; x_wconf 89' lang='lat' dir='ltr'><strong>eorum</strong></span> <span class='ocrx_word' id='word_1_609' title='bbox 1093 5129 1345 5185; x_wconf 73' lang='lat' dir='ltr'><strong>erunibus</strong></span> <span class='ocrx_word' id='word_1_610' title='bbox 1371 5140 1496 5187; x_wconf 88' lang='lat' dir='ltr'><strong>nota</strong></span> <span class='ocrx_word' id='word_1_611' title='bbox 1528 5132 1639 5198; x_wconf 83' lang='lat' dir='ltr'><strong>ﬁet,</strong></span> <span class='ocrx_word' id='word_1_612' title='bbox 1656 5135 1873 5203; x_wconf 87' lang='lat' dir='ltr'><strong>quando</strong></span> <span class='ocrx_word' id='word_1_613' title='bbox 1896 5152 2005 5192; x_wconf 81' lang='lat' dir='ltr'><strong>nec</strong></span> <span class='ocrx_word' id='word_1_614' title='bbox 2100 5132 2157 5179; x_wconf 76' lang='grc' dir='ltr'><strong>θι</strong></span> <span class='ocrx_word' id='word_1_615' title='bbox 2182 5124 2425 5193; x_wconf 58' lang='lat' dir='ltr'><strong>result-ﬂ</strong></span> <span class='ocrx_word' id='word_1_616' title='bbox 2453 5124 2702 5179; x_wconf 66' lang='grc' dir='ltr'><strong>νενίιαῑίε</strong></span> <span class='ocrx_word' id='word_1_617' title='bbox 2742 5139 2840 5193; x_wconf 67' lang='lat' dir='ltr'><strong>Pe?</strong></span> <span class='ocrx_word' id='word_1_618' title='bbox 2870 5124 3056 5187; x_wconf 61' lang='grc' dir='ltr'><strong>θωπί*</strong></span> <span class='ocrx_word' id='word_1_619' title='bbox 3102 5125 3259 5193; x_wconf 62' lang='grc' dir='ltr'><strong>σείμί</strong></span> <span class='ocrx_word' id='word_1_620' title='bbox 3300 5123 3582 5188; x_wconf 60' lang='lat' dir='ltr'><strong>“Ws</strong></span> <span class='ocrx_word' id='word_1_621' title='bbox 3607 5140 3700 5178; x_wconf 71' lang='grc' dir='ltr'><strong>ει-</strong></span> 
     </span>
    </p>
   </div>
   <div class='ocr_carea' id='block_1_82' title="bbox 397 5209 3699 5291">
    <p class='ocr_par' dir='ltr' id='par_1_82' title="bbox 397 5209 3699 5291">
     <span class='ocr_line' id='line_1_82' title="bbox 397 5209 3699 5291; baseline 0.003 -28"><span class='ocrx_word' id='word_1_622' title='bbox 397 5209 691 5281; x_wconf 84' lang='lat' dir='ltr'><strong>prioribus,</strong></span> <span class='ocrx_word' id='word_1_623' title='bbox 721 5231 824 5271; x_wconf 88' lang='lat' dir='ltr'><strong>nec</strong></span> <span class='ocrx_word' id='word_1_624' title='bbox 859 5220 1214 5287; x_wconf 72' lang='lat' dir='ltr'><strong>sequentibus</strong></span> <span class='ocrx_word' id='word_1_625' title='bbox 1252 5222 1398 5278; x_wconf 82' lang='lat' dir='ltr'><strong>veris</strong></span> <span class='ocrx_word' id='word_1_626' title='bbox 1443 5223 1541 5281; x_wconf 84' lang='lat' dir='ltr'><strong>Dei</strong></span> <span class='ocrx_word' id='word_1_627' title='bbox 1588 5225 1886 5284; x_wconf 87' lang='lat' dir='ltr'><strong>cultoribus</strong></span> <span class='ocrx_word' id='word_1_628' title='bbox 1937 5214 1995 5285; x_wconf 75' lang='lat' dir='ltr'><strong>in</strong></span> <span class='ocrx_word' id='word_1_629' title='bbox 2102 5225 2281 5274; x_wconf 78' lang='lat' dir='ltr'><strong>torres</strong></span> <span class='ocrx_word' id='word_1_630' title='bbox 2304 5219 2433 5274; x_wconf 79' lang='lat' dir='ltr'><strong>facti</strong></span> <span class='ocrx_word' id='word_1_631' title='bbox 2483 5226 2688 5274; x_wconf 68' lang='lat' dir='ltr'><strong>sanctae</strong></span> <span class='ocrx_word' id='word_1_632' title='bbox 2730 5219 3009 5284; x_wconf 76' lang='lat' dir='ltr'><strong>Ecclesiae,</strong></span> <span class='ocrx_word' id='word_1_633' title='bbox 3041 5220 3427 5276; x_wconf 68' lang='lat' dir='ltr'><strong>communione</strong></span> <span class='ocrx_word' id='word_1_634' title='bbox 3477 5221 3699 5291; x_wconf 71' lang='lat' dir='ltr'><strong>penitus</strong></span> 
     </span>
    </p>
   </div>
   <div class='ocr_carea' id='block_1_83' title="bbox 396 5300 1065 5375">
    <p class='ocr_par' dir='ltr' id='par_1_83' title="bbox 396 5300 1065 5375">
     <span class='ocr_line' id='line_1_83' title="bbox 396 5300 1065 5375; baseline 0.015 -20"><span class='ocrx_word' id='word_1_635' title='bbox 396 5300 502 5356; x_wconf 89' lang='lat' dir='ltr'><strong>ulla</strong></span> <span class='ocrx_word' id='word_1_636' title='bbox 529 5313 685 5375; x_wconf 89' lang='lat' dir='ltr'><strong>parte</strong></span> <span class='ocrx_word' id='word_1_637' title='bbox 710 5310 1065 5366; x_wconf 78' lang='lat' dir='ltr'><strong>concordant.</strong></span> 
     </span>
    </p>
   </div>
   <div class='ocr_carea' id='block_1_84' title="bbox 2097 5310 3696 5384">
    <p class='ocr_par' dir='ltr' id='par_1_84' title="bbox 2097 5310 3696 5384">
     <span class='ocr_line' id='line_1_84' title="bbox 2097 5310 3696 5384; baseline -0.001 -18"><span class='ocrx_word' id='word_1_638' title='bbox 2097 5312 2299 5381; x_wconf 75' lang='lat' dir='ltr'><strong>privati</strong></span> <span class='ocrx_word' id='word_1_639' title='bbox 2330 5320 2476 5367; x_wconf 77' lang='lat' dir='ltr'><strong>sunt.</strong></span> <span class='ocrx_word' id='word_1_640' title='bbox 2507 5310 2643 5367; x_wconf 84' lang='lat' dir='ltr'><strong>Nam</strong></span> <span class='ocrx_word' id='word_1_641' title='bbox 2669 5311 2721 5366; x_wconf 90' lang='lat' dir='ltr'><strong>in</strong></span> <span class='ocrx_word' id='word_1_642' title='bbox 2750 5312 3049 5384; x_wconf 72' lang='lat' dir='ltr'><strong>Evangelio</strong></span> <span class='ocrx_word' id='word_1_643' title='bbox 3087 5312 3353 5367; x_wconf 59' lang='lat' dir='ltr'><strong>Daunius</strong></span> <span class='ocrx_word' id='word_1_644' title='bbox 3381 5313 3503 5366; x_wconf 75' lang='lat' dir='ltr'><strong>sit:</strong></span> <span class='ocrx_word' id='word_1_645' title='bbox 3538 5330 3556 5363; x_wconf 77' lang='grc' dir='ltr'>ι</span> <span class='ocrx_word' id='word_1_646' title='bbox 3594 5310 3696 5379; x_wconf 83' lang='lat' dir='ltr'><strong>Qui</strong></span> 
     </span>
    </p>
   </div>
   <div class='ocr_carea' id='block_1_85' title="bbox 464 5393 3699 5485">
    <p class='ocr_par' dir='ltr' id='par_1_85' title="bbox 464 5393 3699 5485">
     <span class='ocr_line' id='line_1_85' title="bbox 464 5393 3699 5485; baseline 0.002 -36"><span class='ocrx_word' id='word_1_647' title='bbox 464 5393 634 5452; x_wconf 78' lang='lat' dir='ltr'><strong>Aiunt</strong></span> <span class='ocrx_word' id='word_1_648' title='bbox 654 5399 799 5455; x_wconf 77' lang='lat' dir='ltr'><strong>errim</strong></span> <span class='ocrx_word' id='word_1_649' title='bbox 829 5403 1141 5472; x_wconf 79' lang='lat' dir='ltr'><strong>pompatice</strong></span> <span class='ocrx_word' id='word_1_650' title='bbox 1163 5418 1456 5476; x_wconf 80' lang='lat' dir='ltr'><strong>pravorum</strong></span> <span class='ocrx_word' id='word_1_651' title='bbox 1478 5420 1793 5483; x_wconf 75' lang='lat' dir='ltr'><strong>aogmatum</strong></span> <span class='ocrx_word' id='word_1_652' title='bbox 1820 5413 1996 5485; x_wconf 78' lang='lat' dir='ltr'><strong>lmpu-</strong></span> <span class='ocrx_word' id='word_1_653' title='bbox 2097 5408 2325 5464; x_wconf 71' lang='lat' dir='ltr'><strong>solverit</strong></span> <span class='ocrx_word' id='word_1_654' title='bbox 2344 5418 2512 5463; x_wconf 77' lang='lat' dir='ltr'><strong>mium</strong></span> <span class='ocrx_word' id='word_1_655' title='bbox 2544 5408 2611 5463; x_wconf 88' lang='lat' dir='ltr'><strong>de</strong></span> <span class='ocrx_word' id='word_1_656' title='bbox 2642 5406 2913 5461; x_wconf 66' lang='lat' dir='ltr'><strong>munditis</strong></span> <span class='ocrx_word' id='word_1_657' title='bbox 2941 5406 3069 5461; x_wconf 82' lang='lat' dir='ltr'><strong>istis</strong></span> <span class='ocrx_word' id='word_1_658' title='bbox 3091 5405 3353 5470; x_wconf 68' lang='lat' dir='ltr'><strong>minimis,</strong></span> <span class='ocrx_word' id='word_1_659' title='bbox 3371 5412 3435 5458; x_wconf 87' lang='lat' dir='ltr'><strong>et</strong></span> <span class='ocrx_word' id='word_1_660' title='bbox 3449 5403 3699 5460; x_wconf 66' lang='lat' dir='ltr'><strong>docuerit</strong></span> 
     </span>
    </p>
   </div>
   <div class='ocr_carea' id='block_1_86' title="bbox 396 5487 3691 5578">
    <p class='ocr_par' dir='ltr' id='par_1_86' title="bbox 396 5487 3691 5578">
     <span class='ocr_line' id='line_1_86' title="bbox 396 5487 3691 5578; baseline 0.001 -35"><span class='ocrx_word' id='word_1_661' title='bbox 396 5487 591 5544; x_wconf 79' lang='lat' dir='ltr'><strong>dentes</strong></span> <span class='ocrx_word' id='word_1_662' title='bbox 630 5491 888 5560; x_wconf 78' lang='lat' dir='ltr'><strong>artiﬁces,</strong></span> <span class='ocrx_word' id='word_1_663' title='bbox 935 5499 1079 5565; x_wconf 89' lang='lat' dir='ltr'><strong>quod</strong></span> <span class='ocrx_word' id='word_1_664' title='bbox 1115 5514 1223 5556; x_wconf 87' lang='lat' dir='ltr'><strong>non</strong></span> <span class='ocrx_word' id='word_1_665' title='bbox 1275 5501 1438 5559; x_wconf 81' lang='lat' dir='ltr'><strong>liceat</strong></span> <span class='ocrx_word' id='word_1_666' title='bbox 1486 5507 1802 5578; x_wconf 83' lang='lat' dir='ltr'><strong>parentibus</strong></span> <span class='ocrx_word' id='word_1_667' title='bbox 1853 5508 1992 5565; x_wconf 81' lang='lat' dir='ltr'><strong>ﬁlios</strong></span> <span class='ocrx_word' id='word_1_668' title='bbox 2096 5502 2178 5557; x_wconf 84' lang='lat' dir='ltr'><strong>sie</strong></span> <span class='ocrx_word' id='word_1_669' title='bbox 2203 5502 2473 5561; x_wconf 72' lang='lat' dir='ltr'><strong>homines,</strong></span> <span class='ocrx_word' id='word_1_670' title='bbox 2490 5500 2751 5553; x_wconf 79' lang='lat' dir='ltr'><strong>minimus</strong></span> <span class='ocrx_word' id='word_1_671' title='bbox 2774 5498 3061 5552; x_wconf 73' lang='lat' dir='ltr'><strong>vocabitur</strong></span> <span class='ocrx_word' id='word_1_672' title='bbox 3080 5498 3140 5551; x_wconf 83' lang='lat' dir='ltr'><strong>in</strong></span> <span class='ocrx_word' id='word_1_673' title='bbox 3162 5510 3332 5568; x_wconf 68' lang='lat' dir='ltr'><strong>regno</strong></span> <span class='ocrx_word' id='word_1_674' title='bbox 3356 5495 3641 5553; x_wconf 63' lang='lat' dir='ltr'><strong>celerum.</strong></span> <span class='ocrx_word' id='word_1_675' title='bbox 3670 5512 3691 5547; x_wconf 72' lang='grc' dir='ltr'><strong><em>ι</em></strong></span> 
     </span>
    </p>
   </div>
   <div class='ocr_carea' id='block_1_87' title="bbox 391 5579 3695 5660">
    <p class='ocr_par' dir='ltr' id='par_1_87' title="bbox 391 5579 3695 5660">
     <span class='ocr_line' id='line_1_87' title="bbox 391 5579 3695 5660; baseline 0.005 -24"><span class='ocrx_word' id='word_1_676' title='bbox 391 5579 648 5650; x_wconf 74' lang='lat' dir='ltr'><strong>parvulos</strong></span> <span class='ocrx_word' id='word_1_677' title='bbox 674 5582 744 5638; x_wconf 83' lang='lat' dir='ltr'><strong>ad</strong></span> <span class='ocrx_word' id='word_1_678' title='bbox 789 5582 887 5640; x_wconf 85' lang='lat' dir='ltr'><strong>Dei</strong></span> <span class='ocrx_word' id='word_1_679' title='bbox 929 5588 1214 5645; x_wconf 79' lang='lat' dir='ltr'><strong>servitium</strong></span> <span class='ocrx_word' id='word_1_680' title='bbox 1259 5596 1499 5659; x_wconf 85' lang='lat' dir='ltr'><strong>tradere,</strong></span> <span class='ocrx_word' id='word_1_681' title='bbox 1547 5612 1649 5649; x_wconf 81' lang='lat' dir='ltr'><strong>nec</strong></span> <span class='ocrx_word' id='word_1_682' title='bbox 1697 5603 1992 5654; x_wconf 81' lang='lat' dir='ltr'><strong>convenire</strong></span> <span class='ocrx_word' id='word_1_683' title='bbox 2015 5580 2071 5638; x_wconf 76' lang='grc' dir='ltr'>Β</span> <span class='ocrx_word' id='word_1_684' title='bbox 2100 5595 2256 5648; x_wconf 87' lang='lat' dir='ltr'><strong>Unde</strong></span> <span class='ocrx_word' id='word_1_685' title='bbox 2294 5590 2533 5645; x_wconf 64' lang='lat' dir='ltr'><strong>Iacobus</strong></span> <span class='ocrx_word' id='word_1_686' title='bbox 2562 5591 2837 5660; x_wconf 85' lang='lat' dir='ltr'><strong>apostolus</strong></span> <span class='ocrx_word' id='word_1_687' title='bbox 2868 5591 2951 5646; x_wconf 79' lang='lat' dir='ltr'><strong>ait</strong></span> <span class='ocrx_word' id='word_1_688' title='bbox 2978 5609 2995 5646; x_wconf 64' lang='grc' dir='ltr'><strong>ε</strong></span> <span class='ocrx_word' id='word_1_689' title='bbox 3031 5609 3052 5643; x_wconf 74' lang='grc' dir='ltr'>ι</span> <span class='ocrx_word' id='word_1_690' title='bbox 3086 5591 3190 5658; x_wconf 73' lang='lat' dir='ltr'><strong>Qui</strong></span> <span class='ocrx_word' id='word_1_691' title='bbox 3222 5592 3279 5646; x_wconf 78' lang='lat' dir='ltr'><strong>in</strong></span> <span class='ocrx_word' id='word_1_692' title='bbox 3305 5605 3419 5647; x_wconf 81' lang='lat' dir='ltr'><strong>uno</strong></span> <span class='ocrx_word' id='word_1_693' title='bbox 3446 5589 3695 5653; x_wconf 63' lang='grc' dir='ltr'><strong>οεδῐιᾶιν</strong></span> 
     </span>
    </p>
   </div>
   <div class='ocr_carea' id='block_1_88' title="bbox 393 5669 1992 5753">
    <p class='ocr_par' dir='ltr' id='par_1_88' title="bbox 393 5669 1992 5753">
     <span class='ocr_line' id='line_1_88' title="bbox 393 5669 1992 5753; baseline 0.011 -27"><span class='ocrx_word' id='word_1_694' title='bbox 393 5669 603 5726; x_wconf 87' lang='lat' dir='ltr'><strong>homini</strong></span> <span class='ocrx_word' id='word_1_695' title='bbox 628 5672 801 5731; x_wconf 81' lang='lat' dir='ltr'><strong>libero</strong></span> <span class='ocrx_word' id='word_1_696' title='bbox 825 5677 1118 5748; x_wconf 78' lang='lat' dir='ltr'><strong>ingenuum</strong></span> <span class='ocrx_word' id='word_1_697' title='bbox 1142 5681 1314 5738; x_wconf 84' lang='lat' dir='ltr'><strong>ﬁlium</strong></span> <span class='ocrx_word' id='word_1_698' title='bbox 1336 5698 1553 5739; x_wconf 85' lang='lat' dir='ltr'><strong>servum</strong></span> <span class='ocrx_word' id='word_1_699' title='bbox 1570 5683 1774 5753; x_wconf 86' lang='lat' dir='ltr'><strong>facere,</strong></span> <span class='ocrx_word' id='word_1_700' title='bbox 1799 5688 1992 5743; x_wconf 87' lang='lat' dir='ltr'><strong>huma-</strong></span> 
     </span>
    </p>
   </div>
   <div class='ocr_carea' id='block_1_89' title="bbox 394 5763 1986 5841">
    <p class='ocr_par' dir='ltr' id='par_1_89' title="bbox 394 5763 1986 5841">
     <span class='ocr_line' id='line_1_89' title="bbox 394 5763 1986 5841; baseline 0.013 -26"><span class='ocrx_word' id='word_1_701' title='bbox 394 5777 522 5817; x_wconf 83' lang='lat' dir='ltr'><strong>nam</strong></span> <span class='ocrx_word' id='word_1_702' title='bbox 544 5763 716 5835; x_wconf 65' lang='lat' dir='ltr'><strong>legem</strong></span> <span class='ocrx_word' id='word_1_703' title='bbox 742 5768 856 5825; x_wconf 87' lang='lat' dir='ltr'><strong>Deo</strong></span> <span class='ocrx_word' id='word_1_704' title='bbox 884 5770 1183 5841; x_wconf 76' lang='lat' dir='ltr'><strong>imponere,</strong></span> <span class='ocrx_word' id='word_1_705' title='bbox 1211 5774 1516 5833; x_wconf 88' lang='lat' dir='ltr'><strong>voluntates</strong></span> <span class='ocrx_word' id='word_1_706' title='bbox 1557 5792 1622 5833; x_wconf 91' lang='lat' dir='ltr'><strong>ac</strong></span> <span class='ocrx_word' id='word_1_707' title='bbox 1659 5778 1986 5835; x_wconf 89' lang='lat' dir='ltr'><strong>dominatio-</strong></span> 
     </span>
    </p>
   </div>
   <div class='ocr_carea' id='block_1_90' title="bbox 2098 5684 3691 5742">
    <p class='ocr_par' dir='ltr' id='par_1_90' title="bbox 2098 5684 3691 5742">
     <span class='ocr_line' id='line_1_90' title="bbox 2098 5684 3691 5742; baseline -0.001 -3"><span class='ocrx_word' id='word_1_708' title='bbox 2098 5684 2279 5740; x_wconf 86' lang='lat' dir='ltr'><strong>factus</strong></span> <span class='ocrx_word' id='word_1_709' title='bbox 2309 5692 2392 5740; x_wconf 86' lang='lat' dir='ltr'><strong>est</strong></span> <span class='ocrx_word' id='word_1_710' title='bbox 2435 5685 2679 5741; x_wconf 83' lang='lat' dir='ltr'><strong>omnium</strong></span> <span class='ocrx_word' id='word_1_711' title='bbox 2725 5700 2870 5742; x_wconf 81' lang='lat' dir='ltr'><strong>reus.</strong></span> <span class='ocrx_word' id='word_1_712' title='bbox 2931 5704 2953 5740; x_wconf 74' lang='grc' dir='ltr'><strong>ι</strong></span> <span class='ocrx_word' id='word_1_713' title='bbox 3008 5684 3147 5742; x_wconf 72' lang='lat' dir='ltr'><strong>lina</strong></span> <span class='ocrx_word' id='word_1_714' title='bbox 3188 5695 3245 5741; x_wconf 83' lang='lat' dir='ltr'><strong>et</strong></span> <span class='ocrx_word' id='word_1_715' title='bbox 3291 5684 3495 5742; x_wconf 72' lang='lat' dir='ltr'><strong>Paulus</strong></span> <span class='ocrx_word' id='word_1_716' title='bbox 3552 5685 3635 5739; x_wconf 74' lang='lat' dir='ltr'><strong>ait</strong></span> <span class='ocrx_word' id='word_1_717' title='bbox 3672 5698 3691 5737; x_wconf 71' lang='grc' dir='ltr'><strong><em>τ</em></strong></span> 
     </span>
    </p>
   </div>
   <div class='ocr_carea' id='block_1_91' title="bbox 2103 5778 3687 5849">
    <p class='ocr_par' dir='ltr' id='par_1_91' title="bbox 2103 5778 3687 5849">
     <span class='ocr_line' id='line_1_91' title="bbox 2103 5778 3687 5849; baseline 0 -16"><span class='ocrx_word' id='word_1_718' title='bbox 2103 5794 2124 5831; x_wconf 70' lang='grc' dir='ltr'>ι</span> <span class='ocrx_word' id='word_1_719' title='bbox 2163 5778 2441 5836; x_wconf 76' lang='lat' dir='ltr'><strong>Modicum</strong></span> <span class='ocrx_word' id='word_1_720' title='bbox 2465 5778 2793 5837; x_wconf 84' lang='lat' dir='ltr'><strong>fermentum</strong></span> <span class='ocrx_word' id='word_1_721' title='bbox 2821 5787 2993 5838; x_wconf 82' lang='lat' dir='ltr'><strong>totam</strong></span> <span class='ocrx_word' id='word_1_722' title='bbox 3034 5794 3273 5838; x_wconf 69' lang='lat' dir='ltr'><strong>massam</strong></span> <span class='ocrx_word' id='word_1_723' title='bbox 3310 5778 3636 5849; x_wconf 75' lang='lat' dir='ltr'><strong>eet-rumpit.</strong></span> <span class='ocrx_word' id='word_1_724' title='bbox 3665 5793 3687 5829; x_wconf 74' lang='grc' dir='ltr'><strong><em>ι</em></strong></span> 
     </span>
    </p>
   </div>
   <div class='ocr_carea' id='block_1_92' title="bbox 396 5861 2010 5945">
    <p class='ocr_par' dir='ltr' id='par_1_92' title="bbox 396 5861 1986 5945">
     <span class='ocr_line' id='line_1_92' title="bbox 396 5861 1986 5945; baseline 0.014 -35"><span class='ocrx_word' id='word_1_725' title='bbox 396 5868 523 5911; x_wconf 74' lang='lat' dir='ltr'><strong>nam</strong></span> <span class='ocrx_word' id='word_1_726' title='bbox 541 5872 760 5918; x_wconf 80' lang='lat' dir='ltr'><strong>omnem</strong></span> <span class='ocrx_word' id='word_1_727' title='bbox 785 5861 1041 5920; x_wconf 75' lang='lat' dir='ltr'><strong>humanis</strong></span> <span class='ocrx_word' id='word_1_728' title='bbox 1065 5867 1436 5927; x_wconf 81' lang='lat' dir='ltr'><strong>sanctionibus</strong></span> <span class='ocrx_word' id='word_1_729' title='bbox 1470 5871 1738 5945; x_wconf 80' lang='lat' dir='ltr'><strong>subjicere</strong></span> <span class='ocrx_word' id='word_1_730' title='bbox 1775 5887 1986 5930; x_wconf 74' lang='lat' dir='ltr'><strong>conan-</strong></span> 
     </span>
    </p>
   </div>
   <div class='ocr_carea' id='block_1_93' title="bbox 2115 5861 3692 5945">
    <p class='ocr_par' dir='ltr' id='par_1_93' title="bbox 2115 5868 3692 5940">
     <span class='ocr_line' id='line_1_93' title="bbox 2115 5868 3692 5940; baseline 0 -13"><span class='ocrx_word' id='word_1_731' title='bbox 2115 5870 2241 5927; x_wconf 71' lang='lat' dir='ltr'><strong>Hinc</strong></span> <span class='ocrx_word' id='word_1_732' title='bbox 2288 5880 2344 5928; x_wconf 87' lang='lat' dir='ltr'><strong>et</strong></span> <span class='ocrx_word' id='word_1_733' title='bbox 2391 5869 2626 5930; x_wconf 76' lang='lat' dir='ltr'><strong>Joannes</strong></span> <span class='ocrx_word' id='word_1_734' title='bbox 2675 5872 3031 5932; x_wconf 58' lang='grc' dir='ltr'><strong>(Βάκιδι</strong></span> <span class='ocrx_word' id='word_1_735' title='bbox 3076 5874 3239 5931; x_wconf 76' lang='lat' dir='ltr'><strong>nobis</strong></span> <span class='ocrx_word' id='word_1_736' title='bbox 3286 5868 3692 5940; x_wconf 43' lang='lat' dir='ltr'><strong>exierunt,“</strong></span> 
     </span>
    </p>
   </div>
  </div>
