3974 6492
310 462 416 527 421

1346 471 1548 532 LIBER
1583 469 1675 534 DE
1711 465 2102 536 OBLATIONE
2133 469 2543 535 PUERORUM.

3464 469 3582 538 ηε

311 610 425 666 non
454 603 700 650 erantex
720 591 908 663 nobis;
952 593 1082 654 nam
1129 595 1175 654 si
1209 596 1436 656 fuissent
1467 617 1533 658 ex
1567 603 1744 669 nobis,
1774 619 1892 676 per-
1917 605 1973 668 Α
1993 595 2199 660 minum
2223 589 2503 668 delectari,
2527 595 2650 654 audi
2681 589 2997 669 Apostolum
3031 593 3299 654 dicentem
3325 607 3346 654 :
3377 592 3588 660 (Num-

312 686 648 742 mansissent
672 687 857 758 utique
886 689 1196 760 nobiscum;
1247 693 1344 757 sed
1377 703 1437 752 ut
1465 695 1738 755 manifesti
1765 697 1894 764 sint,

311 778 575 849 quoniam
590 795 701 836 non
717 789 843 838 sunt
867 798 1056 840 omnes
1078 799 1145 840 ex
1167 785 1342 843 nobis.
1374 807 1393 842 ι
1425 787 1493 848 Ει
1516 789 1645 846 item
1673 806 1686 843 :
1719 807 1740 840 ι
1771 787 1900 846 0m-

314 877 426 945 nis,
461 894 480 928 »
513 875 708 947 inquit,
742 893 762 927 ι
793 876 884 946 qui
912 892 1020 934 non
1059 888 1244 937 manet
1288 879 1342 938 in
1381 881 1625 940 doctrina
1673 879 1900 948 Christi,

318 967 490 1020 Deum
512 983 620 1023 non
645 967 839 1036 habet;
872 969 964 1040 qui
993 980 1276 1042 permanet
1303 972 1356 1030 in
1381 971 1648 1041 doctrina,
1676 973 1765 1030 hic
1805 973 1897 1030 Fi-

316 1058 448 1116 lium
474 1068 530 1116 et
558 1059 776 1118 Patrem
803 1060 984 1118 habet.
1028 1060 1085 1120 Si
1113 1061 1236 1134 quis
1262 1064 1412 1124 venit
1436 1066 1504 1128 ad
1536 1081 1651 1132 vos,
1674 1072 1729 1120 et
1759 1065 1899 1120 hanc

315 1146 617 1208 doctrinam
642 1168 750 1207 non
779 1152 955 1220 atl‘ert,
981 1155 1144 1214 nolite
1168 1156 1410 1228 recipere
1433 1173 1558 1216 eum
1581 1158 1638 1216 in
1660 1158 1895 1222 domum,

316 1256 418 1298 nec
452 1241 566 1299 Ave
593 1243 643 1302 ei
675 1243 941 1312 dixeritis,
965 1247 1058 1317 qui
1083 1249 1230 1308 enim
1266 1250 1399 1307 dicit
1435 1249 1569 1318 Ave,
1593 1251 1864 1308 communi
1884 1279 1900 1288 η

251 1361 267 1396 -,
309 1346 406 1392 cat
430 1339 688 1408 operibus
717 1339 860 1395 illius
886 1341 1154 1414 malignis.
1195 1362 1214 1398 ι
1247 1343 1409 1415 Ergo,
1436 1343 1746 1415 quicunque
1774 1342 1900 1402 reli-

264 1419 273 1434 ’
313 1431 464 1502 gioni
486 1431 564 1488 Ch
573 1431 900 1500 ristianze,et
918 1449 1062 1490 same
1077 1435 1356 1500 doctrinm,
1369 1452 1532 1508 quam
1554 1436 1623 1494 ab
1642 1435 1900 1507 apostolis

315 1531 372 1578 et
393 1524 696 1594 prophetis.
724 1541 936 1584 necnon
963 1535 1020 1584 et
1061 1529 1129 1586 ab
1174 1528 1294 1598 ipso
1335 1529 1563 1592 Domino
1593 1535 1897 1600 susceptam

315 1615 708 1674 honorabiliter
719 1626 903 1676 sancta
925 1620 1158 1676 custodit
1179 1620 1441 1688 Ecclesia,
1455 1637 1526 1678 ex
1548 1619 1726 1692 aliqua
1746 1628 1900 1692 parte

321 1723 417 1763 ore
439 1707 760 1779 blasphemo
783 1711 1255 1781 reprehensionem
1285 1712 1628 1784 ingerit,'seu
1663 1711 1899 1768 diminu-

314 1798 520 1855 tionem
544 1797 696 1866 l‘acit,
722 1801 858 1858 sciat
879 1818 938 1860 se
956 1804 1199 1876 corporis
1223 1803 1424 1862 Christi
1448 1806 1670 1862 omnino
1689 1805 1897 1862 unitate

309 1889 586 1958 privatum
609 1905 744 1955 esse,
775 1907 875 1949 nec
905 1909 1062 1966 posse
1087 1895 1187 1952 nisi
1215 1911 1310 1968 per
1352 1895 1726 1967 paenitentiam
1769 1910 1896 1950 con-

312 1979 534 2048 dignam
559 1983 761 2047 orroxis
790 1984 875 2042 sui
901 1985 1114 2047 veniam
1141 1994 1196 2042 et
1227 1987 1463 2045 caelestis
1498 1988 1650 2060 regni
1685 1985 1890 2042 aditum
1917 1973 1966 2037 Β
1991 1977 2194 2034 frustra
2221 1979 2570 2050 subscqllillﬂ‘
2599 1979 2880 2053 δονίριυτει
2920 1981 3107 2038 dicens
3153 1996 3168 2036 τ

314 2073 639 2142 promereri,
685 2075 828 2144 quia,
861 2079 1157 2134 secundum
1205 2078 1502 2138 Salvatoris
1547 2077 1890 2146 sententiam,

321 2180 342 2214 ι
379 2161 551 2218 Nemo
574 2165 816 2222 ascendit
844 2167 897 2224 in
921 2167 1136 2234 coctum,
1164 2169 1268 2224 nisi
1296 2170 1387 2239 qui
1417 2171 1483 2226 de
1502 2169 1640 2226 cmlo
1669 2169 1891 2230 descen-

311 2253 412 2319 dit,
443 2253 609 2310 Filius
638 2256 895 2324 hominis,
917 2259 1008 2330 qui
1039 2268 1121 2318 est
1145 2260 1198 2314 in
1225 2259 1382 2316 coelo.
1412 2281 1432 2316 ι
1469 2260 1570 2330 Qui
1609 2262 1754 2318 enim
1781 2278 1893 2322 ma-

311 2353 406 2398 net
433 2343 490 2400 in
519 2347 742 2404 unitatis
767 2364 1055 2422 compage,
1080 2351 1148 2406 ad
1177 2368 1403 2424 regnum
1442 2353 1602 2410 simul
1639 2355 1895 2412 ascendet

310 2451 439 2492 cum
467 2438 679 2508 capite;
723 2441 815 2512 qui
841 2450 1019 2499 autem
1047 2441 1336 2500 divortium
1362 2452 1526 2512 amat,
1557 2461 1775 2502 necesse
1813 2453 1895 2504 est

307 2535 370 2580 ut
395 2527 449 2582 in
481 2527 587 2584 ima
619 2528 814 2586 inferni
841 2541 1000 2604 atque
1026 2534 1080 2588 in
1103 2536 1291 2592 tartari
1307 2537 1570 2607 profunda
1590 2539 1747 2596 simul
1771 2555 1894 2596 cum

303 2620 514 2678 erroris
555 2630 776 2680 auctore
819 2640 884 2678 ac
931 2625 1282 2683 dissensionis
1335 2628 1636 2686 animatore
1681 2629 1894 2688 diabolo

303 2721 606 2782 mergatur,
631 2715 759 2786 quia
789 2732 897 2772 non
921 2727 1005 2774 est
1028 2720 1385 2778 dissensionis
1412 2721 1572 2790 Deus,
1597 2725 1691 2779 sed
1721 2725 1890 2796 pacis.

387 2801 498 2866 Sed
525 2805 653 2874 quia
689 2807 958 2876 negotium
981 2810 1249 2866 scribendi
1282 2814 1616 2884 suscepimus
1637 2815 1895 2871 adversus

305 2907 408 2950 eos
450 2895 541 2965 qui
594 2896 779 2955 dicunt
806 2915 914 2955 non
957 2899 1124 2957 licere
1169 2905 1486 2974 parentibus
1526 2905 1712 2964 liberis
1756 2907 1895 2963 ﬁlios

301 2998 434 3038 suos
495 2984 757 3057 ingenuos
798 2987 892 3044 Dei
937 2989 1160 3046 servitio
1206 2993 1514 3064 mancipare
1539 3037 1553 3064 ,
1596 3012 1804 3052 necnon
1838 3006 1895 3053 et

301 3082 495 3129 contra
529 3075 648 3132 illos
677 3079 790 3148 qui,
824 3080 978 3151 parvi
1026 3081 1323 3154 pendentes
1368 3097 1552 3142 votum
1589 3085 1733 3158 quod
1781 3087 1893 3145 Deo

301 3176 602 3236 voverunt,
631 3172 914 3228 servitium
970 3185 1219 3230 sanctum
1266 3179 1408 3250 quod
1453 3181 1685 3256 professi
1731 3189 1889 3250 sunt,

301 3255 460 3328 quasi
481 3257 597 3315 sine
629 3269 782 3317 reatu
803 3261 1052 3321 deserere
1083 3276 1321 3336 possent,
1347 3267 1564 3342 indigne
1595 3271 1884 3342 abjiciunt;

1999 691 2127 764 quid
2155 687 2220 746 de
2248 689 2418 747 bobus
2437 708 2570 748 cura
2598 699 2681 746 est
2712 689 2854 746 Deo?
2897 707 2964 748 an
3009 689 3180 768 magis
3209 689 3412 764 scripta
3453 699 3586 754 sunt

1996 791 2219 854 propter
2245 781 2386 838 nos?
2412 802 2431 836 ι
2468 779 2603 840 Hinc
2625 781 2886 838 Dominus
2911 797 3009 854 per
3039 781 3381 846 Psalmistam
3407 787 3582 845 dicit:

2004 891 2023 924 ι
2055 870 2168 929 Non
2191 874 2452 946 accipiam
2483 874 2550 930 de
2577 874 2738 930 domo
2769 883 2858 930 tua
2887 876 3104 945 vitulos,
3149 891 3324 952 neque
3366 875 3434 936 de
3460 895 3587 952 gre-

1998 961 2154 1036 gibus
2200 965 2306 1020 tuis
2346 963 2546 1029 hircos,
2583 963 2839 1036 quoniam
2891 979 3026 1024 meae
3069 973 3196 1022 sunt
3233 983 3422 1028 omnes
3455 967 3586 1028 forte

1997 1055 2276 1124 silvarum,
2301 1057 2546 1129 iumenta
2575 1055 2629 1113 in
2663 1057 2941 1117 montibus
2969 1063 3026 1116 et
3053 1061 3238 1118 boves.
3278 1082 3297 1114 ι
3335 1059 3403 1118 Et
3425 1063 3585 1136 paulo

1996 1155 2158 1219 post:
2199 1169 2216 1200 ε
2251 1145 2496 1218 Immola,
2532 1171 2552 1204 ι
2583 1149 2678 1218 ait,
2717 1171 2736 1203 ι
2773 1153 2882 1209 Deo
2912 1152 3240 1211 sacriﬁcium
3290 1153 3486 1224 laudis,
3529 1161 3587 1212 et

1998 1242 2162 1296 redde
2183 1242 2461 1302 Altissimo
2486 1251 2609 1299 vota
2657 1255 2768 1300 tua.
2810 1265 2830 1300 ›
2867 1245 2934 1304 Et
2964 1245 3093 1302 item
3137 1263 3150 1301 :
3189 1263 3208 1299 ‹
3243 1245 3586 1308 Sacriﬁcium

1997 1335 2192 1404 laudis,
2227 1335 2420 1414 inquit,
2457 1337 2842 1398 honoriﬁcabit
2865 1356 2972 1408 me,
3009 1348 3062 1397 et
3106 1337 3216 1401 illic
3245 1339 3348 1398 iter
3372 1347 3477 1407 est,
3527 1342 3582 1396 in

1997 1443 2104 1498 quo
2131 1425 2416 1486 ostendam
2445 1425 2551 1486 illis
2595 1429 2834 1488 salutare
2865 1429 2982 1487 Dei.
3015 1451 3034 1484 ι
3068 1429 3202 1488 Cum
3246 1438 3428 1488 autem
3453 1431 3586 1487 Cain

1996 1529 2218 1594 propter
2267 1521 2525 1580 invidiam
2576 1521 2906 1580 interﬁceret
2940 1521 3103 1590 Abel,
3155 1541 3347 1580 rursus
3411 1523 3586 1578 Adam

1997 1613 2250 1686 cognovit
2275 1631 2502 1676 uxorem
2537 1631 2712 1684 suam,
2740 1633 2859 1688 qua:
2886 1615 3096 1694 peperit
3121 1617 3171 1673 ei
3201 1615 3392 1681 ﬁlium,
3425 1631 3587 1686 quem

1997 1705 2214 1761 vocavit
2267 1705 2422 1774 Seth,
2485 1703 2711 1764 dicens:
2756 1728 2775 1760 ‹
2820 1705 3009 1768 Posuit
3037 1705 3170 1764 mihi
3213 1705 3356 1762 Deus
3403 1717 3589 1762 semen

1999 1795 2148 1852 aliud
2193 1812 2294 1870 pro
2335 1795 2493 1864 Abel,
2518 1814 2678 1872 quem
2707 1799 2907 1856 occidit
2943 1797 3097 1855 Cain.
3131 1818 3151 1850 ι
3196 1795 3304 1853 Sed
3354 1805 3411 1852 et
3456 1797 3588 1854 Seth

1998 1891 2158 1944 natus
2203 1891 2289 1942 est
2337 1885 2497 1952 ﬁlius,
2543 1905 2703 1960 quem
2756 1890 2968 1946 vocavit
3015 1890 3194 1957 Enos,
3231 1887 3298 1945 de
3325 1904 3433 1962 quo
3479 1904 3588 1944 non

3213 2000 3232 2033 ι
3277 1979 3386 2036 lste
3425 1980 3593 2051 coepit

1994 2070 2248 2128 invocare
2267 2087 2463 2127 nomen
2489 2071 2724 2128 Domini.
2749 2092 2768 2125 ι
2797 2072 2952 2128 Sicut
2975 2071 3120 2128 enim
3146 2067 3280 2126 Abel
3307 2069 3400 2125 ﬁlii
3415 2070 3589 2124 Adam

1994 2159 2322 2229 oblationem
2364 2163 2476 2218 Deo
2527 2164 2741 2239 placere
2787 2163 3124 2236 approbavit,
3178 2165 3250 2218 ita
3282 2171 3338 2220 et
3373 2163 3588 2234 nepotis

1993 2255 2186 2328 ipsius,
2217 2257 2322 2312 hoc
2345 2261 2448 2323 est,
2482 2255 2644 2321 Enos,
2673 2253 3102 2314 devotionemin
3133 2253 3348 2310 laudem
3377 2253 3472 2309 Dei
3491 2269 3590 2309 ex~

1991 2347 2218 2418 pressit,
2257 2363 2382 2409 cum
2408 2345 2539 2402 dicit
2567 2361 2583 2402 :
2618 2368 2636 2400 ι
2665 2345 2771 2404 iste
2801 2347 2967 2420 cmpit
2989 2346 3244 2402 invocare
3273 2357 3466 2400 nomen
3493 2342 3592 2400 Do-

1992 2439 2145 2495 mini.
2181 2459 2200 2492 ›
2230 2438 2348 2504 Non
2381 2439 2528 2496 enim
2558 2439 2658 2507 ait,
2691 2441 2795 2496 iste
2826 2441 3102 2496 studiosus
3148 2453 3213 2494 ac
3247 2435 3451 2494 eallens
3487 2433 3594 2491 fuit

1994 2529 2050 2584 in
2099 2529 2360 2586 exercitio
2391 2531 2572 2602 operis
2623 2529 2826 2587 terreni
2857 2549 2870 2586 :
2911 2531 3006 2588 sed
3032 2543 3143 2601 quo
3177 2529 3350 2601 magis
3403 2527 3586 2584 Domi-

1995 2638 2123 2676 num
2163 2623 2418 2680 delectari
2453 2624 2626 2692 novit,
2672 2625 2776 2679 hoc
2801 2637 2901 2696 pro
2947 2635 3142 2696 magno
3177 2621 3355 2678 laudis
3383 2622 3591 2677 honore

1994 2715 2208 2782 extulit,
2249 2715 2480 2772 dicens:
2539 2736 2558 2770 ι
2593 2715 2698 2772 Iste
2724 2717 2892 2789 coepit
2941 2717 3198 2772 invocare
3237 2727 3435 2770 nomen
3478 2713 3588 2771 Do-

1995 2803 2149 2859 mini.
2183 2821 2201 2858 ›
2238 2805 2330 2862 ille
2359 2822 2490 2878 ergo
2519 2805 2625 2863 rite
2648 2808 2863 2863 invocat
2895 2823 3091 2864 nomen
3119 2805 3354 2872 Domini,
3385 2807 3477 2876 qui
3496 2806 3590 2860 de-

1995 2907 2185 2954 votum
2214 2907 2423 2970 pectus,
2477 2909 2533 2956 et
2559 2902 2672 2958 oris
2715 2901 2970 2969 cilicium,
2996 2919 3061 2958 ac
3104 2903 3232 2958 boni
3264 2899 3444 2974 aperis
3477 2907 3593 2956 stu-

1997 2988 2145 3044 dium
2203 2991 2272 3044 ad
2319 2989 2729 3062 gloriﬁcandum
2789 2991 3076 3048 Dominum
3132 2991 3424 3055 coadunat.
3483 2990 3592 3046 Iste

1994 3079 2192 3136 merito
2231 3098 2355 3136 cum
2377 3079 2667 3138 Psalmista
2703 3083 2887 3140 dicere
2912 3091 3090 3156 potest
3121 3097 3136 3138 :
3173 3105 3190 3135 ι
3237 3081 3296 3138 In
3325 3094 3413 3138 me
3440 3087 3587 3148 sunt,

1994 3171 2159 3240 Deus,
2192 3180 2337 3240 vota,
2369 3189 2490 3244 qua:
2521 3173 2745 3229 reddam
2778 3173 3122 3230 laudationes
3154 3173 3273 3240 tibi.
3311 3193 3329 3226 ›
3389 3171 3589 3228 Simili-

1995 3269 2081 3318 ter
2135 3281 2349 3336 quoque
2406 3265 2593 3321 Enoch
2645 3272 2702 3321 et
2756 3264 2870 3321 Noe
2929 3268 3032 3322 hoc
3081 3265 3134 3322 in
3189 3263 3364 3320 laudis
3423 3263 3583 3318 titulo

301 3350 663 3406 monasticam
710 3369 923 3424 quoque
971 3355 1308 3428 disciplinam
1340 3359 1635 3419 secundum
1676 3373 1888 3420 sancto—

1990 3354 2354 3426 principatum
2411 3355 2631 3421 habent,
2685 3357 2830 3425 quod
2873 3355 3161 3410 Dominum
3224 3355 3482 3408 timerent
3533 3360 3590 3408 et

300 3456 426 3495 rum
453 3439 678 3498 Patrum
708 3445 919 3516 regulas
947 3447 1250 3504 ordinatam
1271 3491 1287 3516 ,
1319 3467 1416 3507 ceu
1442 3453 1675 3510 humana
1698 3456 1891 3513 inven-

301 3527 484 3599 tione,
529 3543 583 3589 et
630 3551 737 3590 non
797 3535 978 3592 divina
1041 3541 1362 3598 auctoritate
1409 3543 1710 3601 institutam
1737 3588 1753 3616 ,
1800 3547 1892 3604 dc-

297 3621 598 3694 spicientes
627 3623 1002 3697 detestantur;
1045 3632 1220 3703 primo
1265 3650 1541 3691 sacrarum
1581 3638 1892 3710 Scriptura-

299 3730 425 3769 rum
459 3717 780 3773 testimoniis
806 3728 860 3773 et
897 3731 1207 3777 sanctorum
1236 3723 1460 3781 Patrum
1491 3729 1754 3802 exemplis
1803 3747 1890 3787 os-

297 3806 609 3874 tendemus,
661 3807 828 3866 licere
874 3811 1077 3868 homini
1125 3812 1432 3874 Christiano
1458 3835 1612 3876 suam
1649 3821 1889 3879 sobolem

293 3897 416 3954 Deo
447 3915 766 3959 consecrare
796 3923 808 3958 :
850 3903 1064 3962 demum
1094 3919 1276 3964 votum
1306 3911 1446 3982 quod
1488 3913 1599 3968 Deo
1629 3926 1886 3984 vovctur,

296 3988 418 4044 sine
442 4007 638 4062 magno
661 4002 812 4049 reatu
834 3998 1008 4052 omitti
1032 4001 1251 4056 omnino
1271 4019 1377 4056 non
1401 4018 1591 4074 posse;
1617 4015 1889 4078 postremo

300 4082 470 4136 vitam
532 4087 884 4144 monasticam
941 4105 1049 4145 non
1099 4091 1333 4148 lmmana
1383 4100 1885 4168 argumentatione,

300 4171 396 4225 sed
419 4171 597 4228 divina
623 4177 945 4234 auctoritate
991 4181 1288 4238 institutam
1321 4201 1441 4240 esse
1469 4205 1482 4240 :
1517 4197 1574 4242 ut
1614 4189 1667 4243 hi
1707 4192 1797 4260 qui
1830 4191 1886 4246 in

299 4261 415 4317 suis
463 4265 626 4320 sectis
657 4268 826 4342 magis
856 4271 1134 4328 conﬁdunt
1185 4292 1348 4346 quam
1403 4277 1456 4332 in
1488 4277 1795 4337 divinorum
1819 4283 1884 4337 li-

297 4353 519 4409 brorum
558 4359 793 4428 scriptis,
818 4363 1008 4420 saltem
1036 4365 1146 4435 ipsa
1176 4369 1402 4425 veritate
1431 4373 1690 4442 superati,
1714 4376 1887 4444 ι)ωηί-

301 4447 524 4502 tentiam
564 4457 742 4519 agant,
787 4468 1135 4526 erroremque
1177 4474 1332 4512 suum
1364 4461 1750 4534 relinquentes,
1797 4481 1884 4521 sc-

301 4539 558 4608 metipsos
598 4542 846 4614 decipere
895 4546 1140 4618 aliosque
1189 4565 1370 4604 secum
1411 4549 1480 4606 ad
1523 4554 1884 4626 perditionem

303 4631 518 4686 trahere
549 4633 832 4707 desistant.

1995 3455 2266 3516 amarent,
2316 3457 2482 3518 atque
2510 3449 2562 3502 in
2591 3447 2708 3516 ejus
2735 3449 3021 3520 praeceptis
3066 3449 3330 3502 bonorum
3360 3459 3587 3518 operum

1992 3537 2270 3610 gressibus
2301 3538 2662 3594 ambularent.
2696 3539 2933 3608 Quorum
2961 3541 3198 3612 priorem
3225 3541 3410 3597 tulisse
3436 3539 3578 3596 Deus

1993 3632 2214 3700 dicitur,
2247 3649 2316 3690 ne
2373 3633 2575 3689 diutius
2632 3633 2893 3711 toleraret
2942 3641 3288 3706 peccatorum
3343 3635 3587 3689 vexatio-

1991 3741 2148 3793 nem;
2181 3726 2434 3793 altcrum,
2480 3725 2680 3786 mundo
2709 3727 2911 3784 diluvio
2939 3735 3221 3800 pereunte,
3256 3729 3309 3782 in
3343 3744 3468 3783 arca
3507 3729 3583 3783 si.-

1990 3817 2103 3872 mul
2133 3833 2258 3874 cum
2289 3818 2474 3874 sobole
2518 3817 2583 3872 ad
2615 3818 3023 3878 restaurandam
3060 3818 3355 3872 humanam
3394 3833 3586 3888 proge-

1990 3908 2136 3964 niem
2189 3907 2506 3965 inscribitur
2567 3923 2896 3964 reservasse.
2955 3907 3120 3978 Cujus
3191 3907 3584 3978 primogenitus

1991 3999 2151 4070 Sem,
2200 3997 2355 4073 juxta
2400 4001 2748 4058 Hebraeorum
2799 4001 3132 4074 opinionem,
3174 4005 3292 4055 erat
3329 4001 3583 4056 sacerdos

1989 4095 2085 4154 Dei
2115 4096 2334 4164 summi,
2363 4111 2521 4168 quem
2553 4098 2606 4151 in
2635 4095 3094 4168 subsequentibus
3124 4091 3404 4168 Scriptura
3455 4093 3582 4148 Mel-

1989 4189 2278 4245 chisedech
2325 4191 2594 4262 appellat,
2644 4189 2878 4248 oﬁ'erens
2902 4205 3096 4262 panem
3135 4196 3190 4244 et
3235 4187 3444 4255 vinum,
3488 4203 3575 4244 se-

1989 4279 2222 4336 cundum
2248 4281 2405 4354 cujus
2433 4283 2678 4339 ordinem
2708 4283 2797 4338 ille
2823 4281 3074 4340 sacerdos
3093 4280 3368 4337 exstitisse
3393 4277 3578 4350 periti.

1985 4367 2179 4437 betur;
2213 4371 2280 4426 ad
2309 4385 2471 4444 quem
2504 4374 2676 4444 patria
2705 4389 2809 4428 vox
2840 4373 2893 4426 in
2923 4372 3148 4444 psalmis
3177 4372 3254 4425 ait
3284 4391 3296 4425 :
3347 4387 3368 4422 ‹
3407 4371 3486 4426 Tu
3514 4387 3574 4426 es

1987 4465 2244 4522 sacerdos
2288 4467 2342 4520 in
2384 4476 2647 4523 aeternum
2695 4465 2988 4522 secundum
3017 4461 3264 4520 ordinem
3295 4461 3574 4520 Melchise-

1987 4557 2142 4613 dcch.
2180 4579 2199 4611 ι
2245 4559 2412 4630 igitur
2437 4557 2710 4613 Abraham
2736 4559 2954 4614 unicum
2985 4555 3107 4613 ﬁdei
3140 4565 3194 4612 et
3217 4556 3571 4624 obedientize,

1987 4661 2149 4723 atque
2176 4667 2319 4707 verte
2349 4653 2568 4723 pietatis
2605 4649 2902 4722 exemplar,
2933 4647 3025 4719 qui
3055 4649 3122 4702 ad
3144 4664 3330 4703 vocem
3360 4649 3568 4702 Domini

370 4720 530 4778 Juxta
570 4724 924 4798 primordium
964 4743 1093 4800 ergo
1135 4729 1256 4785 libri
1313 4729 1587 4790 Gcneseos
1617 4777 1631 4800 ,
1683 4733 1774 4792 ubi
1817 4735 1883 4793 dc
1907 4703 1962 4766 Β
1986 4703 2238 4815 egiessus
2273 4753 2358 4798 est
2384 4744 2450 4797 de
2494 4752 2636 4797 terra
2667 4757 2786 4806 sua,
2813 4749 2868 4795 et
2901 4740 2965 4795 de
3007 4739 3327 4810 cognatione
3356 4753 3473 4805 sua,
3519 4746 3572 4793 et

293 4813 618 4882 protoplasti
640 4813 830 4886 primis
872 4815 994 4870 ﬁliis
1026 4829 1205 4874 narrat
1240 4819 1520 4894 Scriptura
1547 4836 1732 4882 sancta
1754 4871 1767 4892 ,
1808 4828 1881 4884 ita

295 4901 592 4980 sulrjungit,
627 4907 811 4964 dicens
839 4927 850 4962 :
892 4927 909 4959 ι
947 4907 1068 4965 Fuit
1096 4919 1274 4967 autem
1301 4913 1433 4970 Abel
1456 4929 1641 4987 pastor
1675 4921 1879 4990 ovium,

293 5000 351 5045 et
377 4991 510 5047 Cain
533 4997 786 5065 agricola.
820 4997 1042 5053 Factum
1071 5011 1153 5056 est
1181 5012 1362 5059 autem
1389 5018 1511 5076 post
1542 5008 1739 5065 lllllllOS
1767 5012 1882 5068 dies

297 5092 358 5137 ut
384 5085 605 5141 oll'erret
629 5087 758 5143 Cain
790 5089 854 5144 dc
884 5089 1148 5149 fructibus
1175 5102 1332 5150 terra:
1360 5114 1582 5153 munera
1609 5085 1838 5158 Domino
1862 5124 1875 5159 :

291 5173 427 5230 Abel
449 5193 664 5249 quoque
686 5181 877 5236 obtulit
903 5184 968 5238 de
999 5185 1372 5258 primogenitis
1396 5193 1575 5262 gregis
1601 5195 1703 5258 sui,
1737 5196 1877 5252 etde

293 5267 546 5338 adipibus
577 5288 784 5328 eorum.
818 5275 884 5329 Et
919 5279 1156 5348 respexit
1197 5277 1456 5337 Dominus
1505 5285 1570 5338 ad
1610 5285 1778 5352 Ahel,
1821 5295 1876 5343 ct

293 5361 362 5416 ad
405 5379 630 5420 munera
665 5363 808 5436 ejus;
850 5367 916 5424 ad
954 5369 1086 5424 Cain
1122 5389 1270 5438 vero,
1302 5380 1356 5427 et
1385 5376 1451 5429 ad
1481 5391 1705 5432 munera
1733 5378 1875 5433 illius

289 5474 401 5513 non
429 5460 684 5532 respexit.
726 5481 744 5514 ι
793 5461 932 5518 Ecce
959 5463 1302 5538 habesjuxta
1329 5467 1725 5526 inchoationem
1771 5473 1870 5528 hu—

289 5551 437 5606 mani
483 5551 717 5626 generis,
772 5555 952 5610 statim
1003 5555 1110 5612 Deo
1138 5559 1350 5628 placere
1390 5562 1872 5632 primogenitorum

287 5643 640 5714 oblationem,
689 5648 756 5703 de
803 5647 1076 5704 innocenti
1117 5659 1335 5722 pectore
1363 5658 1520 5722 atque
1550 5651 1872 5724 pinguedine

291 5735 579 5796 charitatis
632 5737 922 5810 prolatam,
954 5741 1125 5812 magis
1153 5759 1315 5814 quam
1353 5744 1419 5797 ad
1468 5744 1871 5814 inquisitionem

294 5827 500 5883 terreni
538 5829 733 5896 cultus,
761 5829 849 5885 ubi
881 5832 1154 5906 ingenium
1179 5833 1338 5888 callet
1361 5835 1677 5891 humanum.
1715 5835 1781 5892 Et
1804 5853 1869 5892 ne

291 5919 436 5980 forte
461 5917 633 5989 dicas,
669 5921 761 5980 hic
791 5923 1072 5981 brutorum
1119 5927 1433 5982 animalium
1463 5927 1734 5986 oblatione
1763 5930 1868 5986 Do-

1984 4837 2364 4910 peregrinatus
2393 4836 2556 4888 estin
2593 4844 2737 4888 terra
2781 4849 2943 4904 quam
2977 4829 3050 4887 illi
3083 4829 3344 4887 Dominus
3367 4830 3570 4904 promi-

1985 4939 2131 4984 serat
2163 4944 2221 4983 se
2253 4929 2529 4993 daturum,
2563 4935 2618 4982 et
2646 4925 2838 4982 semini
2880 4923 2998 4997 ejus
3039 4936 3161 4998 post
3189 4937 3312 4981 eum
3343 4925 3396 4980 in
3437 4939 3566 4996 pos-

1984 5021 2305 5075 sessionem.
2338 5019 2439 5075 liic
2492 5019 2662 5074 lilium
2707 5035 2864 5074 suum
2900 5016 3072 5086 Isaac,
3121 5019 3187 5073 de
3213 5033 3320 5090 quo
3359 5016 3567 5086 accepit

1983 5115 2487 5186 repromissionem,
2518 5114 2586 5169 ad
2618 5115 2901 5184 imperium
2933 5113 3143 5168 Domini
3171 5109 3430 5166 obtulisse
3470 5109 3564 5166 dc-

1983 5206 2260 5271 scrihitur,
2304 5205 2357 5260 in
2407 5206 2605 5272 locum,
2654 5223 2815 5277 quem
2847 5207 3158 5260 ostenderat
3202 5201 3252 5260 e‘l
3303 5203 3466 5270 Deus,
3507 5201 3560 5259 in

1981 5313 2088 5370 quo
2130 5299 2414 5353 mdiiicavit
2454 5299 2640 5362 altare,
2671 5307 2726 5354 et
2768 5299 2997 5368 desuper
3035 5295 3178 5368 ligna
3224 5295 3558 5368 composuit;

1981 5407 2213 5460 cumque
2244 5391 2550 5463 colligasset
2587 5391 2756 5444 tilium
2799 5404 2957 5446 suum
2998 5383 3438 5458 dilectissimum,
3468 5404 3562 5459 po-

1979 5482 2090 5536 suit
2115 5498 2238 5537 eum
2270 5483 2325 5541 in
2350 5483 2519 5538 altare
2551 5498 2714 5552 super
2739 5490 2944 5536 struem
2975 5479 3264 5554 lignorum,
3291 5481 3561 5536 extendit-

1979 5590 2084 5644 que
2114 5590 2358 5640 manum,
2397 5583 2453 5628 et
2493 5573 2722 5642 arripuit
2753 5569 3024 5644 gladium,
3061 5579 3121 5625 ut
3166 5569 3470 5636 immolaret
3499 5567 3559 5626 il-

1973 5663 2138 5732 lium;
2191 5665 2284 5718 sed
2321 5665 2543 5735 angelus
2588 5661 2804 5720 Domini
2831 5661 3110 5734 prohibuit
3148 5680 3295 5734 eum,
3327 5665 3553 5720 dicens:

1979 5771 1998 5804 ‹
2042 5750 2121 5807 Ne
2148 5752 2412 5808 extendas
2440 5767 2662 5807 manum
2701 5761 2852 5808 tuam
2889 5769 3054 5826 super
3089 5769 3340 5828 puerum,
3380 5766 3558 5824 neque

1971 5842 2140 5900 facias
2176 5843 2226 5899 ei
2267 5841 2580 5916 quidquam.
2625 5843 2777 5901 Nunc
2805 5847 3030 5920 cognovi
3059 5845 3204 5917 quod
3228 5846 3424 5901 timeas
3451 5843 3556 5911 Do:-

1971 5931 2198 6002 minum,
2229 5941 2286 5990 et
2329 5951 2435 5991 non
2484 5937 2793 6008 peperceris
2845 5936 2958 5994 ﬁlio
2984 5943 3079 5994 tuo
3114 5935 3394 6012 unigenito
3424 5947 3553 6006 pro-

2482 6101 2549 6116 an
