  <div class='ocr_page' id='page_1' title='image "/cluster/home/n/w/nwhite01/storage/ocr_20150623/107/hvd.32044015466832/217.png"; bbox 0 0 3974 6438; ppageno 0'>
   <div class='ocr_carea' id='block_1_1' title="bbox 424 380 532 448">
    <p class='ocr_par' dir='ltr' id='par_1_1' title="bbox 424 380 532 448">
     <span class='ocr_line' id='line_1_1' title="bbox 424 380 532 448; baseline 0 0"><span class='ocrx_word' id='word_1_1' title='bbox 424 380 532 448; x_wconf 66' lang='grc' dir='ltr'><strong>ιὶὅ</strong></span> 
     </span>
    </p>
   </div>
   <div class='ocr_carea' id='block_1_2' title="bbox 1066 383 2016 446">
    <p class='ocr_par' dir='ltr' id='par_1_2' title="bbox 1066 383 2016 444">
     <span class='ocr_line' id='line_1_2' title="bbox 1066 383 2016 444; baseline -0.001 -3"><span class='ocrx_word' id='word_1_2' title='bbox 1066 385 1128 441; x_wconf 84' lang='grc' dir='ltr'><strong>Β.</strong></span> <span class='ocrx_word' id='word_1_3' title='bbox 1153 384 1424 443; x_wconf 72' lang='grc' dir='ltr'><strong>⁴ΒΑΒΔΝΙ</strong></span> <span class='ocrx_word' id='word_1_4' title='bbox 1457 383 1678 444; x_wconf 80' lang='lat' dir='ltr'><strong>MAURI</strong></span> <span class='ocrx_word' id='word_1_5' title='bbox 1709 384 2016 444; x_wconf 39' lang='lat' dir='ltr'><strong>ARCHIEP.</strong></span> 
     </span>
    </p>
   </div>
   <div class='ocr_carea' id='block_1_3' title="bbox 2121 383 3014 446">
    <p class='ocr_par' dir='ltr' id='par_1_3' title="bbox 2121 384 3014 446">
     <span class='ocr_line' id='line_1_3' title="bbox 2121 384 3014 446; baseline -0.002 -2"><span class='ocrx_word' id='word_1_6' title='bbox 2121 384 2387 446; x_wconf 68' lang='lat' dir='ltr'><strong>IOGUNT.</strong></span> <span class='ocrx_word' id='word_1_7' title='bbox 2427 385 2717 446; x_wconf 80' lang='lat' dir='ltr'><strong>OPERUM</strong></span> <span class='ocrx_word' id='word_1_8' title='bbox 2752 386 2939 444; x_wconf 84' lang='lat' dir='ltr'><strong>PARS</strong></span> <span class='ocrx_word' id='word_1_9' title='bbox 2972 388 3014 444; x_wconf 87' lang='grc' dir='ltr'><strong>ι.</strong></span> 
     </span>
    </p>
   </div>
   <div class='ocr_carea' id='block_1_4' title="bbox 3602 387 3714 445">
    <p class='ocr_par' dir='ltr' id='par_1_4' title="bbox 3602 387 3714 445">
     <span class='ocr_line' id='line_1_4' title="bbox 3602 387 3714 445; baseline -0.027 0"><span class='ocrx_word' id='word_1_10' title='bbox 3602 387 3714 445; x_wconf 62' lang='grc'><strong>624</strong></span> 
     </span>
    </p>
   </div>
   <div class='ocr_carea' id='block_1_5' title="bbox 423 497 3719 587">
    <p class='ocr_par' dir='ltr' id='par_1_5' title="bbox 423 497 3719 587">
     <span class='ocr_line' id='line_1_5' title="bbox 423 497 3719 587; baseline -0.001 -26"><span class='ocrx_word' id='word_1_11' title='bbox 423 512 545 577; x_wconf 84' lang='lat' dir='ltr'><strong>pter</strong></span> <span class='ocrx_word' id='word_1_12' title='bbox 579 515 687 559; x_wconf 88' lang='lat' dir='ltr'><strong>me.</strong></span> <span class='ocrx_word' id='word_1_13' title='bbox 724 520 745 555; x_wconf 73' lang='grc' dir='ltr'><strong><em>ι</em></strong></span> <span class='ocrx_word' id='word_1_14' title='bbox 780 500 850 558; x_wconf 90' lang='lat' dir='ltr'><strong>Et</strong></span> <span class='ocrx_word' id='word_1_15' title='bbox 875 497 1038 571; x_wconf 77' lang='lat' dir='ltr'><strong>paulo</strong></span> <span class='ocrx_word' id='word_1_16' title='bbox 1061 508 1187 571; x_wconf 89' lang='lat' dir='ltr'><strong>post</strong></span> <span class='ocrx_word' id='word_1_17' title='bbox 1226 502 1473 572; x_wconf 77' lang='lat' dir='ltr'><strong>sequitur</strong></span> <span class='ocrx_word' id='word_1_18' title='bbox 1501 500 1785 572; x_wconf 77' lang='lat' dir='ltr'><strong>Scriptura</strong></span> <span class='ocrx_word' id='word_1_19' title='bbox 1811 503 1878 559; x_wconf 92' lang='lat' dir='ltr'><strong>de</strong></span> <span class='ocrx_word' id='word_1_20' title='bbox 1921 516 2015 559; x_wconf 88' lang='lat' dir='ltr'><strong>eo-</strong></span> <span class='ocrx_word' id='word_1_21' title='bbox 2039 526 2096 587; x_wconf 66' lang='grc' dir='ltr'><strong>Α</strong></span> <span class='ocrx_word' id='word_1_22' title='bbox 2117 511 2382 559; x_wconf 88' lang='lat' dir='ltr'><strong>mentum.</strong></span> <span class='ocrx_word' id='word_1_23' title='bbox 2413 502 2575 559; x_wconf 90' lang='lat' dir='ltr'><strong>Fodit</strong></span> <span class='ocrx_word' id='word_1_24' title='bbox 2598 512 2797 574; x_wconf 90' lang='lat' dir='ltr'><strong>puteos</strong></span> <span class='ocrx_word' id='word_1_25' title='bbox 2816 501 3100 574; x_wconf 89' lang='lat' dir='ltr'><strong>plurimos,</strong></span> <span class='ocrx_word' id='word_1_26' title='bbox 3124 508 3185 555; x_wconf 92' lang='lat' dir='ltr'><strong>ut</strong></span> <span class='ocrx_word' id='word_1_27' title='bbox 3213 501 3487 558; x_wconf 71' lang='lat' dir='ltr'><strong>inveniret</strong></span> <span class='ocrx_word' id='word_1_28' title='bbox 3513 517 3719 572; x_wconf 82' lang='lat' dir='ltr'><strong>aquam</strong></span> 
     </span>
    </p>
   </div>
   <div class='ocr_carea' id='block_1_6' title="bbox 424 589 2015 664">
    <p class='ocr_par' dir='ltr' id='par_1_6' title="bbox 424 589 2015 664">
     <span class='ocr_line' id='line_1_6' title="bbox 424 589 2015 664; baseline -0.001 -15"><span class='ocrx_word' id='word_1_29' title='bbox 424 595 549 650; x_wconf 89' lang='lat' dir='ltr'><strong>dem</strong></span> <span class='ocrx_word' id='word_1_30' title='bbox 593 593 671 648; x_wconf 89' lang='lat' dir='ltr'><strong>ita</strong></span> <span class='ocrx_word' id='word_1_31' title='bbox 708 604 942 647; x_wconf 87' lang='lat' dir='ltr'><strong>narrans</strong></span> <span class='ocrx_word' id='word_1_32' title='bbox 975 608 988 644; x_wconf 88' lang='lat'><strong>:</strong></span> <span class='ocrx_word' id='word_1_33' title='bbox 1027 607 1047 641; x_wconf 83' lang='grc'><strong>‹</strong></span> <span class='ocrx_word' id='word_1_34' title='bbox 1083 589 1188 647; x_wconf 91' lang='lat' dir='ltr'><strong>Per</strong></span> <span class='ocrx_word' id='word_1_35' title='bbox 1215 592 1595 663; x_wconf 89' lang='lat' dir='ltr'><strong>memetipsum</strong></span> <span class='ocrx_word' id='word_1_36' title='bbox 1640 592 1850 664; x_wconf 89' lang='lat' dir='ltr'><strong>juravi,</strong></span> <span class='ocrx_word' id='word_1_37' title='bbox 1881 593 2015 648; x_wconf 93' lang='lat' dir='ltr'><strong>dicit</strong></span> 
     </span>
    </p>
   </div>
   <div class='ocr_carea' id='block_1_7' title="bbox 424 680 2013 756">
    <p class='ocr_par' dir='ltr' id='par_1_7' title="bbox 424 680 2013 756">
     <span class='ocr_line' id='line_1_7' title="bbox 424 680 2013 756; baseline 0.001 -18"><span class='ocrx_word' id='word_1_38' title='bbox 424 683 709 752; x_wconf 85' lang='lat' dir='ltr'><strong>Dominus,</strong></span> <span class='ocrx_word' id='word_1_39' title='bbox 740 683 866 754; x_wconf 86' lang='lat' dir='ltr'><strong>quia</strong></span> <span class='ocrx_word' id='word_1_40' title='bbox 901 680 1078 739; x_wconf 86' lang='lat' dir='ltr'><strong>fecisti</strong></span> <span class='ocrx_word' id='word_1_41' title='bbox 1108 699 1223 739; x_wconf 90' lang='lat' dir='ltr'><strong>rem</strong></span> <span class='ocrx_word' id='word_1_42' title='bbox 1273 683 1436 751; x_wconf 90' lang='lat' dir='ltr'><strong>hanc,</strong></span> <span class='ocrx_word' id='word_1_43' title='bbox 1483 690 1539 738; x_wconf 89' lang='lat' dir='ltr'><strong>et</strong></span> <span class='ocrx_word' id='word_1_44' title='bbox 1580 699 1688 741; x_wconf 92' lang='lat' dir='ltr'><strong>non</strong></span> <span class='ocrx_word' id='word_1_45' title='bbox 1722 684 2013 756; x_wconf 76' lang='lat' dir='ltr'><strong>pepercisti</strong></span> 
     </span>
    </p>
   </div>
   <div class='ocr_carea' id='block_1_8' title="bbox 426 774 2014 848">
    <p class='ocr_par' dir='ltr' id='par_1_8' title="bbox 426 774 2014 848">
     <span class='ocr_line' id='line_1_8' title="bbox 426 774 2014 848; baseline 0.001 -18"><span class='ocrx_word' id='word_1_46' title='bbox 426 774 536 832; x_wconf 92' lang='lat' dir='ltr'><strong>ﬁlio</strong></span> <span class='ocrx_word' id='word_1_47' title='bbox 578 785 671 834; x_wconf 91' lang='lat' dir='ltr'><strong>tuo</strong></span> <span class='ocrx_word' id='word_1_48' title='bbox 714 777 1013 848; x_wconf 83' lang='lat' dir='ltr'><strong>unigenito,</strong></span> <span class='ocrx_word' id='word_1_49' title='bbox 1047 776 1364 832; x_wconf 90' lang='lat' dir='ltr'><strong>benedicam</strong></span> <span class='ocrx_word' id='word_1_50' title='bbox 1397 776 1516 844; x_wconf 89' lang='lat' dir='ltr'><strong>tibi,</strong></span> <span class='ocrx_word' id='word_1_51' title='bbox 1563 787 1619 833; x_wconf 90' lang='lat' dir='ltr'><strong>et</strong></span> <span class='ocrx_word' id='word_1_52' title='bbox 1643 775 2014 848; x_wconf 86' lang='lat' dir='ltr'><strong>multiplicabo</strong></span> 
     </span>
    </p>
   </div>
   <div class='ocr_carea' id='block_1_9' title="bbox 426 869 2015 940">
    <p class='ocr_par' dir='ltr' id='par_1_9' title="bbox 426 869 2015 940">
     <span class='ocr_line' id='line_1_9' title="bbox 426 869 2015 940; baseline -0.001 -15"><span class='ocrx_word' id='word_1_53' title='bbox 426 884 614 925; x_wconf 89' lang='lat' dir='ltr'><strong>semen</strong></span> <span class='ocrx_word' id='word_1_54' title='bbox 645 876 797 924; x_wconf 92' lang='lat' dir='ltr'><strong>tuum</strong></span> <span class='ocrx_word' id='word_1_55' title='bbox 825 869 968 924; x_wconf 87' lang='lat' dir='ltr'><strong>sicut</strong></span> <span class='ocrx_word' id='word_1_56' title='bbox 993 869 1183 924; x_wconf 76' lang='lat' dir='ltr'><strong>stellas</strong></span> <span class='ocrx_word' id='word_1_57' title='bbox 1214 869 1363 937; x_wconf 74' lang='lat' dir='ltr'><strong>cmli,</strong></span> <span class='ocrx_word' id='word_1_58' title='bbox 1387 877 1442 924; x_wconf 94' lang='lat' dir='ltr'><strong>et</strong></span> <span class='ocrx_word' id='word_1_59' title='bbox 1471 870 1620 925; x_wconf 86' lang='lat' dir='ltr'><strong>velut</strong></span> <span class='ocrx_word' id='word_1_60' title='bbox 1646 885 1870 926; x_wconf 88' lang='lat' dir='ltr'><strong>arenam</strong></span> <span class='ocrx_word' id='word_1_61' title='bbox 1894 885 2015 940; x_wconf 66' lang='lat' dir='ltr'><strong>qua:</strong></span> 
     </span>
    </p>
   </div>
   <div class='ocr_carea' id='block_1_10' title="bbox 422 961 2016 1033">
    <p class='ocr_par' dir='ltr' id='par_1_10' title="bbox 422 961 2016 1033">
     <span class='ocr_line' id='line_1_10' title="bbox 422 961 2016 1033; baseline 0.001 -17"><span class='ocrx_word' id='word_1_62' title='bbox 422 961 589 1016; x_wconf 91' lang='lat' dir='ltr'><strong>estin</strong></span> <span class='ocrx_word' id='word_1_63' title='bbox 626 961 809 1017; x_wconf 84' lang='lat' dir='ltr'><strong>littore</strong></span> <span class='ocrx_word' id='word_1_64' title='bbox 838 962 1028 1017; x_wconf 86' lang='lat' dir='ltr'><strong>maris.</strong></span> <span class='ocrx_word' id='word_1_65' title='bbox 1067 961 1376 1018; x_wconf 89' lang='lat' dir='ltr'><strong>Possidebit</strong></span> <span class='ocrx_word' id='word_1_66' title='bbox 1403 977 1587 1019; x_wconf 85' lang='lat' dir='ltr'><strong>semen</strong></span> <span class='ocrx_word' id='word_1_67' title='bbox 1634 970 1788 1017; x_wconf 90' lang='lat' dir='ltr'><strong>tuum</strong></span> <span class='ocrx_word' id='word_1_68' title='bbox 1832 971 2016 1033; x_wconf 90' lang='lat' dir='ltr'><strong>portas</strong></span> 
     </span>
    </p>
   </div>
   <div class='ocr_carea' id='block_1_11' title="bbox 422 1050 2017 1118">
    <p class='ocr_par' dir='ltr' id='par_1_11' title="bbox 422 1050 2017 1118">
     <span class='ocr_line' id='line_1_11' title="bbox 422 1050 2017 1118; baseline 0.003 -12"><span class='ocrx_word' id='word_1_69' title='bbox 422 1050 790 1118; x_wconf 86' lang='lat' dir='ltr'><strong>inimicorum,</strong></span> <span class='ocrx_word' id='word_1_70' title='bbox 825 1059 882 1107; x_wconf 89' lang='lat' dir='ltr'><strong>et</strong></span> <span class='ocrx_word' id='word_1_71' title='bbox 928 1052 1322 1109; x_wconf 86' lang='lat' dir='ltr'><strong>benedicentur</strong></span> <span class='ocrx_word' id='word_1_72' title='bbox 1364 1054 1419 1109; x_wconf 91' lang='lat' dir='ltr'><strong>in</strong></span> <span class='ocrx_word' id='word_1_73' title='bbox 1460 1054 1666 1110; x_wconf 91' lang='lat' dir='ltr'><strong>semine</strong></span> <span class='ocrx_word' id='word_1_74' title='bbox 1695 1062 1788 1111; x_wconf 90' lang='lat' dir='ltr'><strong>tuo</strong></span> <span class='ocrx_word' id='word_1_75' title='bbox 1826 1070 2017 1111; x_wconf 90' lang='lat' dir='ltr'><strong>omnes</strong></span> 
     </span>
    </p>
   </div>
   <div class='ocr_carea' id='block_1_12' title="bbox 421 1143 1635 1215">
    <p class='ocr_par' dir='ltr' id='par_1_12' title="bbox 421 1143 1635 1215">
     <span class='ocr_line' id='line_1_12' title="bbox 421 1143 1635 1215; baseline -0.001 -16"><span class='ocrx_word' id='word_1_76' title='bbox 421 1153 610 1215; x_wconf 86' lang='lat' dir='ltr'><strong>gentes</strong></span> <span class='ocrx_word' id='word_1_77' title='bbox 635 1153 819 1211; x_wconf 73' lang='lat' dir='ltr'><strong>terrae,</strong></span> <span class='ocrx_word' id='word_1_78' title='bbox 852 1143 981 1215; x_wconf 84' lang='lat' dir='ltr'><strong>quia</strong></span> <span class='ocrx_word' id='word_1_79' title='bbox 1014 1144 1252 1200; x_wconf 90' lang='lat' dir='ltr'><strong>obedisti</strong></span> <span class='ocrx_word' id='word_1_80' title='bbox 1282 1145 1402 1200; x_wconf 90' lang='lat' dir='ltr'><strong>voci</strong></span> <span class='ocrx_word' id='word_1_81' title='bbox 1427 1160 1581 1201; x_wconf 66' lang='lat' dir='ltr'><strong>meae.</strong></span> <span class='ocrx_word' id='word_1_82' title='bbox 1616 1166 1635 1198; x_wconf 77' lang='grc' dir='ltr'><strong><em>ι</em></strong></span> 
     </span>
    </p>
   </div>
   <div class='ocr_carea' id='block_1_13' title="bbox 492 1241 2017 1315">
    <p class='ocr_par' dir='ltr' id='par_1_13' title="bbox 492 1241 2017 1315">
     <span class='ocr_line' id='line_1_13' title="bbox 492 1241 2017 1315; baseline 0.002 -19"><span class='ocrx_word' id='word_1_83' title='bbox 492 1241 630 1308; x_wconf 89' lang='lat' dir='ltr'><strong>Quid</strong></span> <span class='ocrx_word' id='word_1_84' title='bbox 661 1242 727 1297; x_wconf 91' lang='lat' dir='ltr'><strong>ad</strong></span> <span class='ocrx_word' id='word_1_85' title='bbox 757 1242 875 1297; x_wconf 65' lang='lat' dir='ltr'><strong>haec</strong></span> <span class='ocrx_word' id='word_1_86' title='bbox 898 1242 1229 1313; x_wconf 89' lang='lat' dir='ltr'><strong>respondent</strong></span> <span class='ocrx_word' id='word_1_87' title='bbox 1256 1242 1553 1313; x_wconf 89' lang='lat' dir='ltr'><strong>importuni</strong></span> <span class='ocrx_word' id='word_1_88' title='bbox 1582 1242 1898 1299; x_wconf 83' lang='lat' dir='ltr'><strong>defensores</strong></span> <span class='ocrx_word' id='word_1_89' title='bbox 1926 1258 2017 1315; x_wconf 86' lang='lat' dir='ltr'><strong>ge-</strong></span> 
     </span>
    </p>
   </div>
   <div class='ocr_carea' id='block_1_14' title="bbox 422 1333 2015 1405">
    <p class='ocr_par' dir='ltr' id='par_1_14' title="bbox 422 1333 2015 1405">
     <span class='ocr_line' id='line_1_14' title="bbox 422 1333 2015 1405; baseline 0 -17"><span class='ocrx_word' id='word_1_90' title='bbox 422 1334 604 1389; x_wconf 73' lang='lat' dir='ltr'><strong>nuina:</strong></span> <span class='ocrx_word' id='word_1_91' title='bbox 658 1333 948 1400; x_wconf 86' lang='lat' dir='ltr'><strong>libertatis,</strong></span> <span class='ocrx_word' id='word_1_92' title='bbox 1008 1343 1065 1389; x_wconf 86' lang='lat' dir='ltr'><strong>et</strong></span> <span class='ocrx_word' id='word_1_93' title='bbox 1118 1334 1394 1405; x_wconf 89' lang='lat' dir='ltr'><strong>vaniloqui</strong></span> <span class='ocrx_word' id='word_1_94' title='bbox 1450 1343 1640 1391; x_wconf 91' lang='lat' dir='ltr'><strong>contra</strong></span> <span class='ocrx_word' id='word_1_95' title='bbox 1694 1336 2015 1391; x_wconf 90' lang='lat' dir='ltr'><strong>Dominum?</strong></span> 
     </span>
    </p>
   </div>
   <div class='ocr_carea' id='block_1_15' title="bbox 424 1423 2014 1499">
    <p class='ocr_par' dir='ltr' id='par_1_15' title="bbox 424 1423 2014 1499">
     <span class='ocr_line' id='line_1_15' title="bbox 424 1423 2014 1499; baseline 0.003 -21"><span class='ocrx_word' id='word_1_96' title='bbox 424 1423 681 1495; x_wconf 88' lang='lat' dir='ltr'><strong>Nunquid</strong></span> <span class='ocrx_word' id='word_1_97' title='bbox 717 1423 926 1491; x_wconf 91' lang='lat' dir='ltr'><strong>dicunt,</strong></span> <span class='ocrx_word' id='word_1_98' title='bbox 969 1425 1117 1482; x_wconf 90' lang='lat' dir='ltr'><strong>hunc</strong></span> <span class='ocrx_word' id='word_1_99' title='bbox 1148 1427 1519 1496; x_wconf 87' lang='lat' dir='ltr'><strong>patriarcham</strong></span> <span class='ocrx_word' id='word_1_100' title='bbox 1569 1427 1754 1499; x_wconf 92' lang='lat' dir='ltr'><strong>inique</strong></span> <span class='ocrx_word' id='word_1_101' title='bbox 1797 1428 1975 1499; x_wconf 79' lang='lat' dir='ltr'><strong>egisse</strong></span> <span class='ocrx_word' id='word_1_102' title='bbox 1999 1469 2014 1494; x_wconf 96' lang='lat'><strong>,</strong></span> 
     </span>
    </p>
   </div>
   <div class='ocr_carea' id='block_1_16' title="bbox 422 1512 2019 1589">
    <p class='ocr_par' dir='ltr' id='par_1_16' title="bbox 422 1512 2019 1589">
     <span class='ocr_line' id='line_1_16' title="bbox 422 1512 2019 1589; baseline 0.002 -17"><span class='ocrx_word' id='word_1_103' title='bbox 422 1517 569 1589; x_wconf 89' lang='lat' dir='ltr'><strong>quod</strong></span> <span class='ocrx_word' id='word_1_104' title='bbox 615 1516 835 1572; x_wconf 92' lang='lat' dir='ltr'><strong>unicum</strong></span> <span class='ocrx_word' id='word_1_105' title='bbox 884 1517 1054 1572; x_wconf 91' lang='lat' dir='ltr'><strong>ﬁlium</strong></span> <span class='ocrx_word' id='word_1_106' title='bbox 1100 1527 1156 1574; x_wconf 90' lang='lat' dir='ltr'><strong>et</strong></span> <span class='ocrx_word' id='word_1_107' title='bbox 1188 1512 1484 1583; x_wconf 80' lang='lat' dir='ltr'><strong>haeredem.</strong></span> <span class='ocrx_word' id='word_1_108' title='bbox 1525 1517 1594 1576; x_wconf 90' lang='lat' dir='ltr'><strong>de</strong></span> <span class='ocrx_word' id='word_1_109' title='bbox 1637 1520 1807 1575; x_wconf 90' lang='lat' dir='ltr'><strong>libera</strong></span> <span class='ocrx_word' id='word_1_110' title='bbox 1846 1535 2019 1579; x_wconf 87' lang='lat' dir='ltr'><strong>uxore</strong></span> 
     </span>
    </p>
   </div>
   <div class='ocr_carea' id='block_1_17' title="bbox 423 1610 2017 1680">
    <p class='ocr_par' dir='ltr' id='par_1_17' title="bbox 423 1610 2017 1680">
     <span class='ocr_line' id='line_1_17' title="bbox 423 1610 2017 1680; baseline 0.003 -18"><span class='ocrx_word' id='word_1_111' title='bbox 423 1618 630 1675; x_wconf 87' lang='lat' dir='ltr'><strong>natum,</strong></span> <span class='ocrx_word' id='word_1_112' title='bbox 683 1617 908 1680; x_wconf 87' lang='lat' dir='ltr'><strong>propter</strong></span> <span class='ocrx_word' id='word_1_113' title='bbox 942 1610 1260 1665; x_wconf 90' lang='lat' dir='ltr'><strong>mandatum</strong></span> <span class='ocrx_word' id='word_1_114' title='bbox 1314 1611 1528 1666; x_wconf 91' lang='lat' dir='ltr'><strong>Domini</strong></span> <span class='ocrx_word' id='word_1_115' title='bbox 1577 1610 1879 1667; x_wconf 74' lang='lat' dir='ltr'><strong>offerebat?</strong></span> <span class='ocrx_word' id='word_1_116' title='bbox 1926 1620 2017 1667; x_wconf 88' lang='lat' dir='ltr'><strong>aut</strong></span> 
     </span>
    </p>
   </div>
   <div class='ocr_carea' id='block_1_18' title="bbox 423 1701 2016 1774">
    <p class='ocr_par' dir='ltr' id='par_1_18' title="bbox 423 1701 2016 1774">
     <span class='ocr_line' id='line_1_18' title="bbox 423 1701 2016 1774; baseline 0.003 -20"><span class='ocrx_word' id='word_1_117' title='bbox 423 1709 660 1772; x_wconf 87' lang='lat' dir='ltr'><strong>arguunt</strong></span> <span class='ocrx_word' id='word_1_118' title='bbox 710 1701 998 1755; x_wconf 91' lang='lat' dir='ltr'><strong>Dominum</strong></span> <span class='ocrx_word' id='word_1_119' title='bbox 1044 1702 1362 1773; x_wconf 86' lang='lat' dir='ltr'><strong>impietatis,</strong></span> <span class='ocrx_word' id='word_1_120' title='bbox 1410 1704 1555 1774; x_wconf 90' lang='lat' dir='ltr'><strong>quod</strong></span> <span class='ocrx_word' id='word_1_121' title='bbox 1595 1704 1809 1759; x_wconf 90' lang='lat' dir='ltr'><strong>ﬁdelem</strong></span> <span class='ocrx_word' id='word_1_122' title='bbox 1859 1720 2016 1761; x_wconf 91' lang='lat' dir='ltr'><strong>suum</strong></span> 
     </span>
    </p>
   </div>
   <div class='ocr_carea' id='block_1_19' title="bbox 421 1791 2015 1863">
    <p class='ocr_par' dir='ltr' id='par_1_19' title="bbox 421 1791 2015 1863">
     <span class='ocr_line' id='line_1_19' title="bbox 421 1791 2015 1863; baseline 0.003 -18"><span class='ocrx_word' id='word_1_123' title='bbox 421 1791 684 1845; x_wconf 86' lang='lat' dir='ltr'><strong>cultorem</strong></span> <span class='ocrx_word' id='word_1_124' title='bbox 717 1791 957 1863; x_wconf 75' lang='lat' dir='ltr'><strong>coegerit</strong></span> <span class='ocrx_word' id='word_1_125' title='bbox 985 1793 1335 1862; x_wconf 87' lang='lat' dir='ltr'><strong>parricidium</strong></span> <span class='ocrx_word' id='word_1_126' title='bbox 1372 1795 1751 1851; x_wconf 77' lang='lat' dir='ltr'><strong>committere“?</strong></span> <span class='ocrx_word' id='word_1_127' title='bbox 1789 1812 1858 1851; x_wconf 89' lang='lat' dir='ltr'><strong>an</strong></span> <span class='ocrx_word' id='word_1_128' title='bbox 1905 1811 2015 1852; x_wconf 88' lang='lat' dir='ltr'><strong>non</strong></span> 
     </span>
    </p>
   </div>
   <div class='ocr_carea' id='block_1_20' title="bbox 2119 591 3721 662">
    <p class='ocr_par' dir='ltr' id='par_1_20' title="bbox 2119 591 3721 662">
     <span class='ocr_line' id='line_1_20' title="bbox 2119 591 3721 662; baseline -0.001 -14"><span class='ocrx_word' id='word_1_129' title='bbox 2119 594 2299 649; x_wconf 89' lang='lat' dir='ltr'><strong>vivam</strong></span> <span class='ocrx_word' id='word_1_130' title='bbox 2325 613 2337 649; x_wconf 89' lang='lat'><strong>:</strong></span> <span class='ocrx_word' id='word_1_131' title='bbox 2375 594 2577 651; x_wconf 86' lang='lat' dir='ltr'><strong>docens</strong></span> <span class='ocrx_word' id='word_1_132' title='bbox 2605 610 2707 650; x_wconf 91' lang='lat' dir='ltr'><strong>nos</strong></span> <span class='ocrx_word' id='word_1_133' title='bbox 2734 595 2941 649; x_wconf 88' lang='lat' dir='ltr'><strong>intente</strong></span> <span class='ocrx_word' id='word_1_134' title='bbox 2967 593 3220 648; x_wconf 88' lang='lat' dir='ltr'><strong>meditari</strong></span> <span class='ocrx_word' id='word_1_135' title='bbox 3269 591 3597 662; x_wconf 85' lang='lat' dir='ltr'><strong>Scripturas</strong></span> <span class='ocrx_word' id='word_1_136' title='bbox 3626 609 3721 647; x_wconf 90' lang='lat' dir='ltr'><strong>sa-</strong></span> 
     </span>
    </p>
   </div>
   <div class='ocr_carea' id='block_1_21' title="bbox 2117 685 3721 757">
    <p class='ocr_par' dir='ltr' id='par_1_21' title="bbox 2117 685 3721 757">
     <span class='ocr_line' id='line_1_21' title="bbox 2117 685 3721 757; baseline 0.002 -18"><span class='ocrx_word' id='word_1_137' title='bbox 2117 699 2262 753; x_wconf 86' lang='lat' dir='ltr'><strong>cras,</strong></span> <span class='ocrx_word' id='word_1_138' title='bbox 2315 686 2489 742; x_wconf 90' lang='lat' dir='ltr'><strong>donec</strong></span> <span class='ocrx_word' id='word_1_139' title='bbox 2527 685 2890 757; x_wconf 89' lang='lat' dir='ltr'><strong>percipiamus</strong></span> <span class='ocrx_word' id='word_1_140' title='bbox 2935 685 3176 742; x_wconf 77' lang='lat' dir='ltr'><strong>divinam</strong></span> <span class='ocrx_word' id='word_1_141' title='bbox 3216 685 3568 754; x_wconf 85' lang='lat' dir='ltr'><strong>sapientiam.</strong></span> <span class='ocrx_word' id='word_1_142' title='bbox 3621 685 3721 742; x_wconf 79' lang='lat' dir='ltr'><strong>Hic</strong></span> 
     </span>
    </p>
   </div>
   <div class='ocr_carea' id='block_1_22' title="bbox 2116 778 3723 852">
    <p class='ocr_par' dir='ltr' id='par_1_22' title="bbox 2116 778 3723 852">
     <span class='ocr_line' id='line_1_22' title="bbox 2116 778 3723 852; baseline 0.003 -20"><span class='ocrx_word' id='word_1_143' title='bbox 2116 792 2247 849; x_wconf 86' lang='lat' dir='ltr'><strong>ergo</strong></span> <span class='ocrx_word' id='word_1_144' title='bbox 2289 778 2562 849; x_wconf 87' lang='lat' dir='ltr'><strong>patientia.</strong></span> <span class='ocrx_word' id='word_1_145' title='bbox 2608 793 2707 834; x_wconf 89' lang='lat' dir='ltr'><strong>sua</strong></span> <span class='ocrx_word' id='word_1_146' title='bbox 2739 787 2796 834; x_wconf 92' lang='lat' dir='ltr'><strong>et</strong></span> <span class='ocrx_word' id='word_1_147' title='bbox 2840 778 3150 834; x_wconf 90' lang='lat' dir='ltr'><strong>obedientia</strong></span> <span class='ocrx_word' id='word_1_148' title='bbox 3199 778 3380 851; x_wconf 86' lang='lat' dir='ltr'><strong>arguit</strong></span> <span class='ocrx_word' id='word_1_149' title='bbox 3432 778 3581 847; x_wconf 80' lang='lat' dir='ltr'><strong>illos,</strong></span> <span class='ocrx_word' id='word_1_150' title='bbox 3628 781 3723 852; x_wconf 85' lang='lat' dir='ltr'><strong>qui</strong></span> 
     </span>
    </p>
   </div>
   <div class='ocr_carea' id='block_1_23' title="bbox 2115 870 3720 941">
    <p class='ocr_par' dir='ltr' id='par_1_23' title="bbox 2115 870 3720 941">
     <span class='ocr_line' id='line_1_23' title="bbox 2115 870 3720 941; baseline 0.004 -18"><span class='ocrx_word' id='word_1_151' title='bbox 2115 879 2341 940; x_wconf 90' lang='lat' dir='ltr'><strong>paterno</strong></span> <span class='ocrx_word' id='word_1_152' title='bbox 2365 871 2595 941; x_wconf 88' lang='lat' dir='ltr'><strong>superbe</strong></span> <span class='ocrx_word' id='word_1_153' title='bbox 2621 871 2884 927; x_wconf 89' lang='lat' dir='ltr'><strong>resistunt</strong></span> <span class='ocrx_word' id='word_1_154' title='bbox 2904 879 3052 937; x_wconf 89' lang='lat' dir='ltr'><strong>voto,</strong></span> <span class='ocrx_word' id='word_1_155' title='bbox 3082 879 3245 940; x_wconf 90' lang='lat' dir='ltr'><strong>atque</strong></span> <span class='ocrx_word' id='word_1_156' title='bbox 3271 870 3519 939; x_wconf 87' lang='lat' dir='ltr'><strong>decreto,</strong></span> <span class='ocrx_word' id='word_1_157' title='bbox 3571 888 3645 929; x_wconf 88' lang='lat' dir='ltr'><strong>ne</strong></span> <span class='ocrx_word' id='word_1_158' title='bbox 3663 873 3720 929; x_wconf 91' lang='lat' dir='ltr'><strong>in</strong></span> 
     </span>
    </p>
   </div>
   <div class='ocr_carea' id='block_1_24' title="bbox 2116 961 3303 1035">
    <p class='ocr_par' dir='ltr' id='par_1_24' title="bbox 2116 961 3303 1035">
     <span class='ocr_line' id='line_1_24' title="bbox 2116 961 3303 1035; baseline 0.003 -19"><span class='ocrx_word' id='word_1_159' title='bbox 2116 961 2196 1017; x_wconf 90' lang='lat' dir='ltr'><strong>eis</strong></span> <span class='ocrx_word' id='word_1_160' title='bbox 2221 962 2416 1020; x_wconf 63' lang='lat' dir='ltr'><strong>divine</strong></span> <span class='ocrx_word' id='word_1_161' title='bbox 2438 964 2715 1020; x_wconf 90' lang='lat' dir='ltr'><strong>servitutis</strong></span> <span class='ocrx_word' id='word_1_162' title='bbox 2743 964 3027 1035; x_wconf 81' lang='lat' dir='ltr'><strong>expleatur</strong></span> <span class='ocrx_word' id='word_1_163' title='bbox 3061 963 3303 1023; x_wconf 77' lang='lat' dir='ltr'><strong>effeetus.</strong></span> 
     </span>
    </p>
   </div>
   <div class='ocr_carea' id='block_1_25' title="bbox 2189 1054 3722 1128">
    <p class='ocr_par' dir='ltr' id='par_1_25' title="bbox 2189 1054 3722 1128">
     <span class='ocr_line' id='line_1_25' title="bbox 2189 1054 3722 1128; baseline 0.005 -18"><span class='ocrx_word' id='word_1_164' title='bbox 2189 1054 2454 1113; x_wconf 89' lang='lat' dir='ltr'><strong>Similiter</strong></span> <span class='ocrx_word' id='word_1_165' title='bbox 2477 1064 2534 1112; x_wconf 90' lang='lat' dir='ltr'><strong>et</strong></span> <span class='ocrx_word' id='word_1_166' title='bbox 2575 1056 2764 1124; x_wconf 76' lang='lat' dir='ltr'><strong>Iacob,</strong></span> <span class='ocrx_word' id='word_1_167' title='bbox 2791 1057 2878 1112; x_wconf 88' lang='lat' dir='ltr'><strong>vir</strong></span> <span class='ocrx_word' id='word_1_168' title='bbox 2906 1056 3135 1128; x_wconf 81' lang='lat' dir='ltr'><strong>simplex</strong></span> <span class='ocrx_word' id='word_1_169' title='bbox 3164 1059 3420 1115; x_wconf 87' lang='lat' dir='ltr'><strong>habitans</strong></span> <span class='ocrx_word' id='word_1_170' title='bbox 3448 1060 3505 1115; x_wconf 89' lang='lat' dir='ltr'><strong>in</strong></span> <span class='ocrx_word' id='word_1_171' title='bbox 3533 1061 3722 1117; x_wconf 85' lang='lat' dir='ltr'><strong>taber-</strong></span> 
     </span>
    </p>
   </div>
   <div class='ocr_carea' id='block_1_26' title="bbox 2116 1147 3721 1214">
    <p class='ocr_par' dir='ltr' id='par_1_26' title="bbox 2116 1147 3721 1214">
     <span class='ocr_line' id='line_1_26' title="bbox 2116 1147 3721 1214; baseline 0.005 -14"><span class='ocrx_word' id='word_1_172' title='bbox 2116 1147 2345 1214; x_wconf 89' lang='lat' dir='ltr'><strong>naculis,</strong></span> <span class='ocrx_word' id='word_1_173' title='bbox 2376 1147 2699 1205; x_wconf 91' lang='lat' dir='ltr'><strong>humilitatis</strong></span> <span class='ocrx_word' id='word_1_174' title='bbox 2730 1164 2957 1204; x_wconf 60' lang='lat' dir='ltr'><strong>summa;</strong></span> <span class='ocrx_word' id='word_1_175' title='bbox 2983 1164 3049 1204; x_wconf 91' lang='lat' dir='ltr'><strong>ac</strong></span> <span class='ocrx_word' id='word_1_176' title='bbox 3079 1150 3515 1206; x_wconf 89' lang='lat' dir='ltr'><strong>mansuetudinis</strong></span> <span class='ocrx_word' id='word_1_177' title='bbox 3559 1153 3721 1208; x_wconf 85' lang='lat' dir='ltr'><strong>nobis</strong></span> 
     </span>
    </p>
   </div>
   <div class='ocr_carea' id='block_1_27' title="bbox 2117 1239 3727 1311">
    <p class='ocr_par' dir='ltr' id='par_1_27' title="bbox 2117 1239 3727 1311">
     <span class='ocr_line' id='line_1_27' title="bbox 2117 1239 3727 1311; baseline 0.007 -19"><span class='ocrx_word' id='word_1_178' title='bbox 2117 1239 2325 1308; x_wconf 83' lang='lat' dir='ltr'><strong>praebet</strong></span> <span class='ocrx_word' id='word_1_179' title='bbox 2343 1241 2673 1311; x_wconf 81' lang='lat' dir='ltr'><strong>exemplum,</strong></span> <span class='ocrx_word' id='word_1_180' title='bbox 2713 1252 2773 1298; x_wconf 93' lang='lat' dir='ltr'><strong>ut</strong></span> <span class='ocrx_word' id='word_1_181' title='bbox 2812 1243 2859 1299; x_wconf 89' lang='lat' dir='ltr'><strong>si</strong></span> <span class='ocrx_word' id='word_1_182' title='bbox 2884 1243 3113 1298; x_wconf 88' lang='lat' dir='ltr'><strong>velimus</strong></span> <span class='ocrx_word' id='word_1_183' title='bbox 3139 1243 3583 1301; x_wconf 87' lang='lat' dir='ltr'><strong>benedictionem</strong></span> <span class='ocrx_word' id='word_1_184' title='bbox 3616 1249 3727 1302; x_wconf 68' lang='lat' dir='ltr'><strong>ha:-</strong></span> 
     </span>
    </p>
   </div>
   <div class='ocr_carea' id='block_1_28' title="bbox 2118 1333 3726 1408">
    <p class='ocr_par' dir='ltr' id='par_1_28' title="bbox 2118 1333 3726 1408">
     <span class='ocr_line' id='line_1_28' title="bbox 2118 1333 3726 1408; baseline 0.004 -22"><span class='ocrx_word' id='word_1_185' title='bbox 2118 1333 2356 1389; x_wconf 87' lang='lat' dir='ltr'><strong>reditare</strong></span> <span class='ocrx_word' id='word_1_186' title='bbox 2383 1344 2686 1406; x_wconf 89' lang='lat' dir='ltr'><strong>paternam,</strong></span> <span class='ocrx_word' id='word_1_187' title='bbox 2738 1351 3058 1392; x_wconf 89' lang='lat' dir='ltr'><strong>maneamus</strong></span> <span class='ocrx_word' id='word_1_188' title='bbox 3103 1336 3159 1393; x_wconf 90' lang='lat' dir='ltr'><strong>in</strong></span> <span class='ocrx_word' id='word_1_189' title='bbox 3199 1336 3581 1408; x_wconf 87' lang='lat' dir='ltr'><strong>simplicitatis</strong></span> <span class='ocrx_word' id='word_1_190' title='bbox 3630 1356 3726 1393; x_wconf 88' lang='lat' dir='ltr'><strong>no-</strong></span> 
     </span>
    </p>
   </div>
   <div class='ocr_carea' id='block_1_29' title="bbox 2118 1424 3727 1498">
    <p class='ocr_par' dir='ltr' id='par_1_29' title="bbox 2118 1424 3727 1498">
     <span class='ocr_line' id='line_1_29' title="bbox 2118 1424 3727 1498; baseline 0.004 -21"><span class='ocrx_word' id='word_1_191' title='bbox 2118 1429 2246 1477; x_wconf 62' lang='lat' dir='ltr'><strong>strae</strong></span> <span class='ocrx_word' id='word_1_192' title='bbox 2272 1424 2652 1490; x_wconf 85' lang='lat' dir='ltr'><strong>tabernaculis,</strong></span> <span class='ocrx_word' id='word_1_193' title='bbox 2682 1432 2738 1480; x_wconf 90' lang='lat' dir='ltr'><strong>et</strong></span> <span class='ocrx_word' id='word_1_194' title='bbox 2761 1424 3020 1481; x_wconf 73' lang='lat' dir='ltr'><strong>Ecclesiae</strong></span> <span class='ocrx_word' id='word_1_195' title='bbox 3046 1427 3238 1483; x_wconf 90' lang='lat' dir='ltr'><strong>matris</strong></span> <span class='ocrx_word' id='word_1_196' title='bbox 3251 1442 3353 1498; x_wconf 88' lang='lat' dir='ltr'><strong>per</strong></span> <span class='ocrx_word' id='word_1_197' title='bbox 3381 1428 3572 1483; x_wconf 84' lang='lat' dir='ltr'><strong>omnia</strong></span> <span class='ocrx_word' id='word_1_198' title='bbox 3598 1430 3727 1484; x_wconf 84' lang='lat' dir='ltr'><strong>sub-</strong></span> 
     </span>
    </p>
   </div>
   <div class='ocr_carea' id='block_1_30' title="bbox 2119 1508 3724 1595">
    <p class='ocr_par' dir='ltr' id='par_1_30' title="bbox 2119 1508 3724 1595">
     <span class='ocr_line' id='line_1_30' title="bbox 2119 1508 3724 1595; baseline 0.006 -27"><span class='ocrx_word' id='word_1_199' title='bbox 2119 1514 2241 1581; x_wconf 90' lang='lat' dir='ltr'><strong>diti,</strong></span> <span class='ocrx_word' id='word_1_200' title='bbox 2285 1517 2459 1589; x_wconf 84' lang='lat' dir='ltr'><strong>magis</strong></span> <span class='ocrx_word' id='word_1_201' title='bbox 2509 1519 2866 1589; x_wconf 86' lang='lat' dir='ltr'><strong>subjiciamur</strong></span> <span class='ocrx_word' id='word_1_202' title='bbox 2919 1508 3142 1590; x_wconf 80' lang='lat' dir='ltr'><strong>regulis,</strong></span> <span class='ocrx_word' id='word_1_203' title='bbox 3193 1536 3358 1595; x_wconf 78' lang='lat' dir='ltr'><strong>quam</strong></span> <span class='ocrx_word' id='word_1_204' title='bbox 3407 1537 3536 1577; x_wconf 89' lang='lat' dir='ltr'><strong>cum</strong></span> <span class='ocrx_word' id='word_1_205' title='bbox 3588 1523 3724 1577; x_wconf 79' lang='lat' dir='ltr'><strong>Esau</strong></span> 
     </span>
    </p>
   </div>
   <div class='ocr_carea' id='block_1_31' title="bbox 2118 1606 3723 1683">
    <p class='ocr_par' dir='ltr' id='par_1_31' title="bbox 2118 1606 3723 1683">
     <span class='ocr_line' id='line_1_31' title="bbox 2118 1606 3723 1683; baseline 0.004 -22"><span class='ocrx_word' id='word_1_206' title='bbox 2118 1606 2240 1662; x_wconf 86' lang='lat' dir='ltr'><strong>rufo</strong></span> <span class='ocrx_word' id='word_1_207' title='bbox 2287 1616 2341 1663; x_wconf 90' lang='lat' dir='ltr'><strong>et</strong></span> <span class='ocrx_word' id='word_1_208' title='bbox 2389 1608 2624 1680; x_wconf 91' lang='lat' dir='ltr'><strong>hispido,</strong></span> <span class='ocrx_word' id='word_1_209' title='bbox 2675 1610 2832 1665; x_wconf 90' lang='lat' dir='ltr'><strong>vanis</strong></span> <span class='ocrx_word' id='word_1_210' title='bbox 2861 1610 3049 1665; x_wconf 90' lang='lat' dir='ltr'><strong>mundi</strong></span> <span class='ocrx_word' id='word_1_211' title='bbox 3097 1611 3408 1668; x_wconf 88' lang='lat' dir='ltr'><strong>serviamus</strong></span> <span class='ocrx_word' id='word_1_212' title='bbox 3462 1614 3723 1683; x_wconf 84' lang='lat' dir='ltr'><strong>negotiis.</strong></span> 
     </span>
    </p>
   </div>
   <div class='ocr_carea' id='block_1_32' title="bbox 2118 1698 3729 1774">
    <p class='ocr_par' dir='ltr' id='par_1_32' title="bbox 2118 1698 3729 1774">
     <span class='ocr_line' id='line_1_32' title="bbox 2118 1698 3729 1774; baseline 0.003 -22"><span class='ocrx_word' id='word_1_213' title='bbox 2118 1698 2258 1766; x_wconf 85' lang='lat' dir='ltr'><strong>Quid</strong></span> <span class='ocrx_word' id='word_1_214' title='bbox 2311 1714 2572 1757; x_wconf 90' lang='lat' dir='ltr'><strong>enumero</strong></span> <span class='ocrx_word' id='word_1_215' title='bbox 2618 1701 2930 1772; x_wconf 89' lang='lat' dir='ltr'><strong>specialiter</strong></span> <span class='ocrx_word' id='word_1_216' title='bbox 2981 1702 3424 1772; x_wconf 85' lang='lat' dir='ltr'><strong>patriarcharum</strong></span> <span class='ocrx_word' id='word_1_217' title='bbox 3485 1703 3729 1774; x_wconf 76' lang='lat' dir='ltr'><strong>singulo-</strong></span> 
     </span>
    </p>
   </div>
   <div class='ocr_carea' id='block_1_33' title="bbox 2118 1792 3727 1865">
    <p class='ocr_par' dir='ltr' id='par_1_33' title="bbox 2118 1792 3727 1865">
     <span class='ocr_line' id='line_1_33' title="bbox 2118 1792 3727 1865; baseline 0.001 -18"><span class='ocrx_word' id='word_1_218' title='bbox 2118 1808 2240 1847; x_wconf 90' lang='lat' dir='ltr'><strong>rum</strong></span> <span class='ocrx_word' id='word_1_219' title='bbox 2276 1792 2437 1858; x_wconf 79' lang='lat' dir='ltr'><strong>facta,</strong></span> <span class='ocrx_word' id='word_1_220' title='bbox 2492 1794 2559 1848; x_wconf 90' lang='lat' dir='ltr'><strong>ad</strong></span> <span class='ocrx_word' id='word_1_221' title='bbox 2592 1795 3055 1865; x_wconf 88' lang='lat' dir='ltr'><strong>comprobandam</strong></span> <span class='ocrx_word' id='word_1_222' title='bbox 3096 1802 3341 1865; x_wconf 73' lang='lat' dir='ltr'><strong>paterna:</strong></span> <span class='ocrx_word' id='word_1_223' title='bbox 3374 1796 3727 1849; x_wconf 85' lang='lat' dir='ltr'><strong>auctoritatis</strong></span> 
     </span>
    </p>
   </div>
   <div class='ocr_carea' id='block_1_34' title="bbox 421 1882 3726 1960">
    <p class='ocr_par' dir='ltr' id='par_1_34' title="bbox 421 1882 3726 1960">
     <span class='ocr_line' id='line_1_34' title="bbox 421 1882 3726 1960; baseline 0.002 -26"><span class='ocrx_word' id='word_1_224' title='bbox 421 1882 595 1953; x_wconf 89' lang='lat' dir='ltr'><strong>magis</strong></span> <span class='ocrx_word' id='word_1_225' title='bbox 644 1882 830 1952; x_wconf 90' lang='lat' dir='ltr'><strong>iniqua</strong></span> <span class='ocrx_word' id='word_1_226' title='bbox 871 1891 958 1938; x_wconf 91' lang='lat' dir='ltr'><strong>est</strong></span> <span class='ocrx_word' id='word_1_227' title='bbox 990 1882 1175 1954; x_wconf 84' lang='lat' dir='ltr'><strong>Opinio</strong></span> <span class='ocrx_word' id='word_1_228' title='bbox 1211 1900 1402 1940; x_wconf 91' lang='lat' dir='ltr'><strong>eorum</strong></span> <span class='ocrx_word' id='word_1_229' title='bbox 1449 1887 1542 1956; x_wconf 88' lang='lat' dir='ltr'><strong>qui</strong></span> <span class='ocrx_word' id='word_1_230' title='bbox 1572 1886 1747 1959; x_wconf 82' lang='lat' dir='ltr'><strong>legem</strong></span> <span class='ocrx_word' id='word_1_231' title='bbox 1786 1890 2017 1943; x_wconf 90' lang='lat' dir='ltr'><strong>munda—</strong></span> <span class='ocrx_word' id='word_1_232' title='bbox 2041 1894 2091 1956; x_wconf 81' lang='grc' dir='ltr'><strong>Β</strong></span> <span class='ocrx_word' id='word_1_233' title='bbox 2118 1895 2471 1960; x_wconf 90' lang='lat' dir='ltr'><strong>potestatem,</strong></span> <span class='ocrx_word' id='word_1_234' title='bbox 2514 1887 2572 1941; x_wconf 90' lang='lat' dir='ltr'><strong>in</strong></span> <span class='ocrx_word' id='word_1_235' title='bbox 2614 1886 2741 1943; x_wconf 89' lang='lat' dir='ltr'><strong>ﬁliis</strong></span> <span class='ocrx_word' id='word_1_236' title='bbox 2769 1888 2883 1942; x_wconf 92' lang='lat' dir='ltr'><strong>suis</strong></span> <span class='ocrx_word' id='word_1_237' title='bbox 2912 1887 2980 1942; x_wconf 89' lang='lat' dir='ltr'><strong>ad</strong></span> <span class='ocrx_word' id='word_1_238' title='bbox 3029 1886 3314 1943; x_wconf 87' lang='lat' dir='ltr'><strong>servitium</strong></span> <span class='ocrx_word' id='word_1_239' title='bbox 3358 1886 3459 1941; x_wconf 90' lang='lat' dir='ltr'><strong>Dei</strong></span> <span class='ocrx_word' id='word_1_240' title='bbox 3499 1888 3726 1941; x_wconf 87' lang='lat' dir='ltr'><strong>traden-</strong></span> 
     </span>
    </p>
   </div>
   <div class='ocr_carea' id='block_1_35' title="bbox 421 1975 2016 2050">
    <p class='ocr_par' dir='ltr' id='par_1_35' title="bbox 421 1975 2016 2050">
     <span class='ocr_line' id='line_1_35' title="bbox 421 1975 2016 2050; baseline 0.006 -24"><span class='ocrx_word' id='word_1_241' title='bbox 421 1989 549 2028; x_wconf 88' lang='lat' dir='ltr'><strong>nam</strong></span> <span class='ocrx_word' id='word_1_242' title='bbox 578 1983 634 2030; x_wconf 90' lang='lat' dir='ltr'><strong>et</strong></span> <span class='ocrx_word' id='word_1_243' title='bbox 663 1975 1017 2046; x_wconf 87' lang='lat' dir='ltr'><strong>temporalem</strong></span> <span class='ocrx_word' id='word_1_244' title='bbox 1056 1976 1163 2047; x_wconf 93' lang='lat' dir='ltr'><strong>legi</strong></span> <span class='ocrx_word' id='word_1_245' title='bbox 1199 1976 1396 2033; x_wconf 72' lang='lat' dir='ltr'><strong>divina:</strong></span> <span class='ocrx_word' id='word_1_246' title='bbox 1424 1988 1590 2049; x_wconf 88' lang='lat' dir='ltr'><strong>atque</strong></span> <span class='ocrx_word' id='word_1_247' title='bbox 1619 1988 1864 2046; x_wconf 66' lang='lat' dir='ltr'><strong>aeternaa,</strong></span> <span class='ocrx_word' id='word_1_248' title='bbox 1896 1995 2016 2050; x_wconf 87' lang='lat' dir='ltr'><strong>quae</strong></span> 
     </span>
    </p>
   </div>
   <div class='ocr_carea' id='block_1_36' title="bbox 422 2067 2021 2142">
    <p class='ocr_par' dir='ltr' id='par_1_36' title="bbox 422 2067 2021 2142">
     <span class='ocr_line' id='line_1_36' title="bbox 422 2067 2021 2142; baseline 0.004 -22"><span class='ocrx_word' id='word_1_249' title='bbox 422 2068 605 2121; x_wconf 91' lang='lat' dir='ltr'><strong>omnia</strong></span> <span class='ocrx_word' id='word_1_250' title='bbox 636 2067 774 2138; x_wconf 90' lang='lat' dir='ltr'><strong>regit</strong></span> <span class='ocrx_word' id='word_1_251' title='bbox 793 2075 847 2123; x_wconf 92' lang='lat' dir='ltr'><strong>et</strong></span> <span class='ocrx_word' id='word_1_252' title='bbox 874 2077 1069 2124; x_wconf 91' lang='lat' dir='ltr'><strong>cuncta</strong></span> <span class='ocrx_word' id='word_1_253' title='bbox 1095 2074 1231 2124; x_wconf 89' lang='lat' dir='ltr'><strong>nutu</strong></span> <span class='ocrx_word' id='word_1_254' title='bbox 1253 2086 1353 2126; x_wconf 89' lang='lat' dir='ltr'><strong>suo</strong></span> <span class='ocrx_word' id='word_1_255' title='bbox 1375 2071 1634 2141; x_wconf 86' lang='lat' dir='ltr'><strong>disponit,</strong></span> <span class='ocrx_word' id='word_1_256' title='bbox 1662 2072 2021 2142; x_wconf 61' lang='lat' dir='ltr'><strong>prmponunt?</strong></span> 
     </span>
    </p>
   </div>
   <div class='ocr_carea' id='block_1_37' title="bbox 424 2154 2016 2234">
    <p class='ocr_par' dir='ltr' id='par_1_37' title="bbox 424 2154 2016 2234">
     <span class='ocr_line' id='line_1_37' title="bbox 424 2154 2016 2234; baseline 0.005 -24"><span class='ocrx_word' id='word_1_257' title='bbox 424 2154 483 2211; x_wconf 89' lang='lat' dir='ltr'><strong>Si</strong></span> <span class='ocrx_word' id='word_1_258' title='bbox 505 2157 648 2211; x_wconf 88' lang='lat' dir='ltr'><strong>enim</strong></span> <span class='ocrx_word' id='word_1_259' title='bbox 680 2159 783 2213; x_wconf 93' lang='lat' dir='ltr'><strong>hoc</strong></span> <span class='ocrx_word' id='word_1_260' title='bbox 806 2174 913 2214; x_wconf 91' lang='lat' dir='ltr'><strong>non</strong></span> <span class='ocrx_word' id='word_1_261' title='bbox 939 2159 1065 2216; x_wconf 91' lang='lat' dir='ltr'><strong>licet</strong></span> <span class='ocrx_word' id='word_1_262' title='bbox 1090 2162 1236 2231; x_wconf 93' lang='lat' dir='ltr'><strong>quod</strong></span> <span class='ocrx_word' id='word_1_263' title='bbox 1270 2163 1412 2219; x_wconf 90' lang='lat' dir='ltr'><strong>Deus</strong></span> <span class='ocrx_word' id='word_1_264' title='bbox 1436 2172 1674 2220; x_wconf 70' lang='lat' dir='ltr'><strong>aeternus</strong></span> <span class='ocrx_word' id='word_1_265' title='bbox 1694 2163 1811 2219; x_wconf 89' lang='lat' dir='ltr'><strong>ﬁeri</strong></span> <span class='ocrx_word' id='word_1_266' title='bbox 1844 2164 2016 2234; x_wconf 90' lang='lat' dir='ltr'><strong>jubet,</strong></span> 
     </span>
    </p>
   </div>
   <div class='ocr_carea' id='block_1_38' title="bbox 420 2253 2019 2325">
    <p class='ocr_par' dir='ltr' id='par_1_38' title="bbox 420 2253 2019 2325">
     <span class='ocr_line' id='line_1_38' title="bbox 420 2253 2019 2325; baseline 0.004 -19"><span class='ocrx_word' id='word_1_267' title='bbox 420 2253 689 2321; x_wconf 93' lang='lat' dir='ltr'><strong>quomodo</strong></span> <span class='ocrx_word' id='word_1_268' title='bbox 730 2253 857 2309; x_wconf 89' lang='lat' dir='ltr'><strong>licet</strong></span> <span class='ocrx_word' id='word_1_269' title='bbox 891 2255 1035 2325; x_wconf 86' lang='lat' dir='ltr'><strong>quod</strong></span> <span class='ocrx_word' id='word_1_270' title='bbox 1083 2256 1342 2312; x_wconf 88' lang='lat' dir='ltr'><strong>universa</strong></span> <span class='ocrx_word' id='word_1_271' title='bbox 1373 2258 1589 2313; x_wconf 88' lang='lat' dir='ltr'><strong>vanitas</strong></span> <span class='ocrx_word' id='word_1_272' title='bbox 1639 2258 1838 2313; x_wconf 81' lang='lat' dir='ltr'><strong>docet?</strong></span> <span class='ocrx_word' id='word_1_273' title='bbox 1878 2259 2019 2314; x_wconf 86' lang='lat' dir='ltr'><strong>scri-</strong></span> 
     </span>
    </p>
   </div>
   <div class='ocr_carea' id='block_1_39' title="bbox 417 2344 2021 2411">
    <p class='ocr_par' dir='ltr' id='par_1_39' title="bbox 417 2344 2021 2411">
     <span class='ocr_line' id='line_1_39' title="bbox 417 2344 2021 2411; baseline 0.006 -16"><span class='ocrx_word' id='word_1_274' title='bbox 417 2350 569 2411; x_wconf 90' lang='lat' dir='ltr'><strong>ptum</strong></span> <span class='ocrx_word' id='word_1_275' title='bbox 607 2352 692 2399; x_wconf 87' lang='lat' dir='ltr'><strong>est</strong></span> <span class='ocrx_word' id='word_1_276' title='bbox 724 2344 869 2399; x_wconf 91' lang='lat' dir='ltr'><strong>enim</strong></span> <span class='ocrx_word' id='word_1_277' title='bbox 906 2363 919 2398; x_wconf 90' lang='lat'>:</span> <span class='ocrx_word' id='word_1_278' title='bbox 958 2365 976 2396; x_wconf 75' lang='grc'><strong>(</strong></span> <span class='ocrx_word' id='word_1_279' title='bbox 1013 2345 1281 2402; x_wconf 88' lang='lat' dir='ltr'><strong>Universa</strong></span> <span class='ocrx_word' id='word_1_280' title='bbox 1303 2348 1519 2404; x_wconf 89' lang='lat' dir='ltr'><strong>vanitas</strong></span> <span class='ocrx_word' id='word_1_281' title='bbox 1544 2349 1722 2403; x_wconf 90' lang='lat' dir='ltr'><strong>omnis</strong></span> <span class='ocrx_word' id='word_1_282' title='bbox 1748 2350 1911 2406; x_wconf 91' lang='lat' dir='ltr'><strong>homo</strong></span> <span class='ocrx_word' id='word_1_283' title='bbox 1939 2349 2021 2405; x_wconf 80' lang='lat' dir='ltr'><strong>vi-</strong></span> 
     </span>
    </p>
   </div>
   <div class='ocr_carea' id='block_1_40' title="bbox 358 2435 2020 2513">
    <p class='ocr_par' dir='ltr' id='par_1_40' title="bbox 358 2435 2020 2513">
     <span class='ocr_line' id='line_1_40' title="bbox 358 2435 2020 2513; baseline 0.007 -25"><span class='ocrx_word' id='word_1_284' title='bbox 358 2458 361 2461; x_wconf 57' lang='grc' dir='ltr'><strong><em>λ</em></strong></span> <span class='ocrx_word' id='word_1_285' title='bbox 419 2449 573 2489; x_wconf 89' lang='lat' dir='ltr'><strong>vens.</strong></span> <span class='ocrx_word' id='word_1_286' title='bbox 615 2454 633 2486; x_wconf 75' lang='grc' dir='ltr'><strong><em>ι</em></strong></span> <span class='ocrx_word' id='word_1_287' title='bbox 678 2435 1003 2506; x_wconf 86' lang='lat' dir='ltr'><strong>Quanquam</strong></span> <span class='ocrx_word' id='word_1_288' title='bbox 1039 2439 1096 2493; x_wconf 92' lang='lat' dir='ltr'><strong>in</strong></span> <span class='ocrx_word' id='word_1_289' title='bbox 1137 2440 1373 2513; x_wconf 78' lang='lat' dir='ltr'><strong>imagine</strong></span> <span class='ocrx_word' id='word_1_290' title='bbox 1414 2440 1510 2495; x_wconf 90' lang='lat' dir='ltr'><strong>Dei</strong></span> <span class='ocrx_word' id='word_1_291' title='bbox 1537 2441 1798 2507; x_wconf 88' lang='lat' dir='ltr'><strong>ambulet,</strong></span> <span class='ocrx_word' id='word_1_292' title='bbox 1839 2451 2020 2498; x_wconf 88' lang='lat' dir='ltr'><strong>tamen</strong></span> 
     </span>
    </p>
   </div>
   <div class='ocr_carea' id='block_1_41' title="bbox 418 2528 2043 2604">
    <p class='ocr_par' dir='ltr' id='par_1_41' title="bbox 418 2528 2043 2604">
     <span class='ocr_line' id='line_1_41' title="bbox 418 2528 2043 2604; baseline 0.006 -25"><span class='ocrx_word' id='word_1_293' title='bbox 418 2540 559 2581; x_wconf 88' lang='lat' dir='ltr'><strong>vane</strong></span> <span class='ocrx_word' id='word_1_294' title='bbox 592 2528 1030 2584; x_wconf 88' lang='lat' dir='ltr'><strong>conturbabitur.</strong></span> <span class='ocrx_word' id='word_1_295' title='bbox 1064 2529 1210 2585; x_wconf 90' lang='lat' dir='ltr'><strong>Idem</strong></span> <span class='ocrx_word' id='word_1_296' title='bbox 1257 2546 1388 2603; x_wconf 87' lang='lat' dir='ltr'><strong>ergo</strong></span> <span class='ocrx_word' id='word_1_297' title='bbox 1432 2531 1714 2599; x_wconf 89' lang='lat' dir='ltr'><strong>Dominus,</strong></span> <span class='ocrx_word' id='word_1_298' title='bbox 1747 2533 1841 2604; x_wconf 92' lang='lat' dir='ltr'><strong>qui</strong></span> <span class='ocrx_word' id='word_1_299' title='bbox 1890 2532 2043 2588; x_wconf 70' lang='lat' dir='ltr'><strong>tunc&#39;</strong></span> 
     </span>
    </p>
   </div>
   <div class='ocr_carea' id='block_1_42' title="bbox 420 2617 2021 2690">
    <p class='ocr_par' dir='ltr' id='par_1_42' title="bbox 420 2617 2021 2690">
     <span class='ocr_line' id='line_1_42' title="bbox 420 2617 2021 2690; baseline 0.004 -20"><span class='ocrx_word' id='word_1_300' title='bbox 420 2617 643 2672; x_wconf 91' lang='lat' dir='ltr'><strong>oraculo</strong></span> <span class='ocrx_word' id='word_1_301' title='bbox 667 2633 766 2675; x_wconf 92' lang='lat' dir='ltr'><strong>suo</strong></span> <span class='ocrx_word' id='word_1_302' title='bbox 787 2618 1028 2689; x_wconf 87' lang='lat' dir='ltr'><strong>jusserat</strong></span> <span class='ocrx_word' id='word_1_303' title='bbox 1049 2620 1416 2690; x_wconf 88' lang='lat' dir='ltr'><strong>patriarcham</strong></span> <span class='ocrx_word' id='word_1_304' title='bbox 1446 2621 1643 2678; x_wconf 71' lang='lat' dir='ltr'><strong>oﬁ‘erre</strong></span> <span class='ocrx_word' id='word_1_305' title='bbox 1667 2622 1837 2677; x_wconf 90' lang='lat' dir='ltr'><strong>ﬁlium</strong></span> <span class='ocrx_word' id='word_1_306' title='bbox 1861 2638 2021 2677; x_wconf 90' lang='lat' dir='ltr'><strong>suum</strong></span> 
     </span>
    </p>
   </div>
   <div class='ocr_carea' id='block_1_43' title="bbox 422 2709 2019 2786">
    <p class='ocr_par' dir='ltr' id='par_1_43' title="bbox 422 2709 2019 2786">
     <span class='ocr_line' id='line_1_43' title="bbox 422 2709 2019 2786; baseline 0.003 -22"><span class='ocrx_word' id='word_1_307' title='bbox 422 2709 479 2764; x_wconf 91' lang='lat' dir='ltr'><strong>in</strong></span> <span class='ocrx_word' id='word_1_308' title='bbox 500 2710 899 2779; x_wconf 83' lang='lat' dir='ltr'><strong>holocaustum,</strong></span> <span class='ocrx_word' id='word_1_309' title='bbox 923 2730 1067 2768; x_wconf 91' lang='lat' dir='ltr'><strong>nunc</strong></span> <span class='ocrx_word' id='word_1_310' title='bbox 1097 2714 1150 2768; x_wconf 91' lang='lat' dir='ltr'><strong>in</strong></span> <span class='ocrx_word' id='word_1_311' title='bbox 1182 2715 1477 2786; x_wconf 89' lang='lat' dir='ltr'><strong>Evangelio</strong></span> <span class='ocrx_word' id='word_1_312' title='bbox 1506 2730 1606 2771; x_wconf 90' lang='lat' dir='ltr'><strong>suo</strong></span> <span class='ocrx_word' id='word_1_313' title='bbox 1626 2714 1781 2784; x_wconf 84' lang='lat' dir='ltr'><strong>jubet</strong></span> <span class='ocrx_word' id='word_1_314' title='bbox 1807 2716 2019 2785; x_wconf 85' lang='lat' dir='ltr'><strong>plebem</strong></span> 
     </span>
    </p>
   </div>
   <div class='ocr_carea' id='block_1_44' title="bbox 422 2800 2018 2862">
    <p class='ocr_par' dir='ltr' id='par_1_44' title="bbox 422 2800 2018 2862">
     <span class='ocr_line' id='line_1_44' title="bbox 422 2800 2018 2862; baseline 0.002 -7"><span class='ocrx_word' id='word_1_315' title='bbox 422 2800 853 2858; x_wconf 80' lang='lat' dir='ltr'><strong>ecclesiasticam</strong></span> <span class='ocrx_word' id='word_1_316' title='bbox 902 2804 1144 2860; x_wconf 89' lang='lat' dir='ltr'><strong>sobolem</strong></span> <span class='ocrx_word' id='word_1_317' title='bbox 1188 2821 1343 2861; x_wconf 87' lang='lat' dir='ltr'><strong>suam</strong></span> <span class='ocrx_word' id='word_1_318' title='bbox 1374 2807 1592 2862; x_wconf 88' lang='lat' dir='ltr'><strong>tradere</strong></span> <span class='ocrx_word' id='word_1_319' title='bbox 1638 2808 1707 2860; x_wconf 91' lang='lat' dir='ltr'><strong>ad</strong></span> <span class='ocrx_word' id='word_1_320' title='bbox 1737 2806 2018 2861; x_wconf 83' lang='lat' dir='ltr'><strong>servitium</strong></span> 
     </span>
    </p>
   </div>
   <div class='ocr_carea' id='block_1_45' title="bbox 418 2896 2017 2969">
    <p class='ocr_par' dir='ltr' id='par_1_45' title="bbox 418 2896 2017 2969">
     <span class='ocr_line' id='line_1_45' title="bbox 418 2896 2017 2969; baseline 0.001 -21"><span class='ocrx_word' id='word_1_321' title='bbox 418 2904 697 2962; x_wconf 86' lang='lat' dir='ltr'><strong>sanctum;</strong></span> <span class='ocrx_word' id='word_1_322' title='bbox 731 2903 787 2950; x_wconf 89' lang='lat' dir='ltr'><strong>et</strong></span> <span class='ocrx_word' id='word_1_323' title='bbox 824 2896 917 2966; x_wconf 90' lang='lat' dir='ltr'><strong>qui</strong></span> <span class='ocrx_word' id='word_1_324' title='bbox 966 2896 1361 2953; x_wconf 89' lang='lat' dir='ltr'><strong>tunclaudavit</strong></span> <span class='ocrx_word' id='word_1_325' title='bbox 1388 2914 1488 2969; x_wconf 89' lang='lat' dir='ltr'><strong>pro</strong></span> <span class='ocrx_word' id='word_1_326' title='bbox 1531 2914 1716 2954; x_wconf 90' lang='lat' dir='ltr'><strong>amore</strong></span> <span class='ocrx_word' id='word_1_327' title='bbox 1743 2913 1841 2954; x_wconf 88' lang='lat' dir='ltr'><strong>suo</strong></span> <span class='ocrx_word' id='word_1_328' title='bbox 1882 2898 2017 2951; x_wconf 87' lang='lat' dir='ltr'><strong>obe—</strong></span> 
     </span>
    </p>
   </div>
   <div class='ocr_carea' id='block_1_46' title="bbox 418 2984 2018 3059">
    <p class='ocr_par' dir='ltr' id='par_1_46' title="bbox 418 2984 2018 3059">
     <span class='ocr_line' id='line_1_46' title="bbox 418 2984 2018 3059; baseline 0.003 -21"><span class='ocrx_word' id='word_1_329' title='bbox 418 2984 677 3040; x_wconf 90' lang='lat' dir='ltr'><strong>dientiam</strong></span> <span class='ocrx_word' id='word_1_330' title='bbox 720 2987 864 3057; x_wconf 91' lang='lat' dir='ltr'><strong>piam</strong></span> <span class='ocrx_word' id='word_1_331' title='bbox 890 3028 905 3051; x_wconf 85' lang='lat'><strong><em>.</em></strong></span> <span class='ocrx_word' id='word_1_332' title='bbox 938 3004 1083 3043; x_wconf 89' lang='lat' dir='ltr'><strong>nunc</strong></span> <span class='ocrx_word' id='word_1_333' title='bbox 1124 2990 1317 3059; x_wconf 89' lang='lat' dir='ltr'><strong>probat</strong></span> <span class='ocrx_word' id='word_1_334' title='bbox 1366 2989 1424 3043; x_wconf 92' lang='lat' dir='ltr'><strong>in</strong></span> <span class='ocrx_word' id='word_1_335' title='bbox 1488 3005 1673 3045; x_wconf 89' lang='lat' dir='ltr'><strong>amore</strong></span> <span class='ocrx_word' id='word_1_336' title='bbox 1727 3005 1826 3044; x_wconf 92' lang='lat' dir='ltr'><strong>suo</strong></span> <span class='ocrx_word' id='word_1_337' title='bbox 1856 2988 2018 3043; x_wconf 85' lang='lat' dir='ltr'><strong>devo-</strong></span> 
     </span>
    </p>
   </div>
   <div class='ocr_carea' id='block_1_47' title="bbox 420 3076 2020 3153">
    <p class='ocr_par' dir='ltr' id='par_1_47' title="bbox 420 3076 2020 3153">
     <span class='ocr_line' id='line_1_47' title="bbox 420 3076 2020 3153; baseline 0.003 -24"><span class='ocrx_word' id='word_1_338' title='bbox 420 3076 623 3132; x_wconf 90' lang='lat' dir='ltr'><strong>tionem</strong></span> <span class='ocrx_word' id='word_1_339' title='bbox 651 3086 918 3134; x_wconf 90' lang='lat' dir='ltr'><strong>sanctam.</strong></span> <span class='ocrx_word' id='word_1_340' title='bbox 953 3079 1090 3135; x_wconf 89' lang='lat' dir='ltr'><strong>Nam</strong></span> <span class='ocrx_word' id='word_1_341' title='bbox 1125 3081 1219 3150; x_wconf 88' lang='lat' dir='ltr'><strong>qui</strong></span> <span class='ocrx_word' id='word_1_342' title='bbox 1268 3090 1398 3136; x_wconf 90' lang='lat' dir='ltr'><strong>tunc</strong></span> <span class='ocrx_word' id='word_1_343' title='bbox 1427 3077 1647 3136; x_wconf 58' lang='lat' dir='ltr'><strong>dixit&#39;in</strong></span> <span class='ocrx_word' id='word_1_344' title='bbox 1690 3081 1806 3153; x_wconf 85' lang='lat' dir='ltr'><strong>lege</strong></span> <span class='ocrx_word' id='word_1_345' title='bbox 1838 3097 2020 3137; x_wconf 87' lang='lat' dir='ltr'><strong>sacer-</strong></span> 
     </span>
    </p>
   </div>
   <div class='ocr_carea' id='block_1_48' title="bbox 420 3166 2017 3236">
    <p class='ocr_par' dir='ltr' id='par_1_48' title="bbox 420 3166 2017 3236">
     <span class='ocr_line' id='line_1_48' title="bbox 420 3166 2017 3236; baseline 0.003 -15"><span class='ocrx_word' id='word_1_346' title='bbox 420 3166 532 3221; x_wconf 90' lang='lat' dir='ltr'><strong>doti</strong></span> <span class='ocrx_word' id='word_1_347' title='bbox 559 3175 622 3222; x_wconf 90' lang='lat' dir='ltr'><strong>ut</strong></span> <span class='ocrx_word' id='word_1_348' title='bbox 672 3169 1055 3225; x_wconf 88' lang='lat' dir='ltr'><strong>vestimentum</strong></span> <span class='ocrx_word' id='word_1_349' title='bbox 1106 3186 1215 3226; x_wconf 90' lang='lat' dir='ltr'><strong>non</strong></span> <span class='ocrx_word' id='word_1_350' title='bbox 1266 3171 1561 3236; x_wconf 89' lang='lat' dir='ltr'><strong>scinderet,</strong></span> <span class='ocrx_word' id='word_1_351' title='bbox 1593 3180 1651 3226; x_wconf 92' lang='lat' dir='ltr'><strong>et</strong></span> <span class='ocrx_word' id='word_1_352' title='bbox 1695 3172 1763 3226; x_wconf 91' lang='lat' dir='ltr'><strong>ad</strong></span> <span class='ocrx_word' id='word_1_353' title='bbox 1800 3187 2017 3226; x_wconf 89' lang='lat' dir='ltr'><strong>omnem</strong></span> 
     </span>
    </p>
   </div>
   <div class='ocr_carea' id='block_1_49' title="bbox 2121 1975 3725 2048">
    <p class='ocr_par' dir='ltr' id='par_1_49' title="bbox 2121 1975 3725 2048">
     <span class='ocr_line' id='line_1_49' title="bbox 2121 1975 3725 2048; baseline 0 -17"><span class='ocrx_word' id='word_1_354' title='bbox 2121 1976 2241 2041; x_wconf 90' lang='lat' dir='ltr'><strong>dis;</strong></span> <span class='ocrx_word' id='word_1_355' title='bbox 2275 1990 2399 2031; x_wconf 92' lang='lat' dir='ltr'><strong>cum</strong></span> <span class='ocrx_word' id='word_1_356' title='bbox 2429 1976 2692 2031; x_wconf 90' lang='lat' dir='ltr'><strong>Dominus</strong></span> <span class='ocrx_word' id='word_1_357' title='bbox 2721 1977 2837 2046; x_wconf 89' lang='lat' dir='ltr'><strong>ipse</strong></span> <span class='ocrx_word' id='word_1_358' title='bbox 2887 1976 2943 2032; x_wconf 91' lang='lat' dir='ltr'><strong>in</strong></span> <span class='ocrx_word' id='word_1_359' title='bbox 2972 1977 3091 2048; x_wconf 89' lang='lat' dir='ltr'><strong>lege</strong></span> <span class='ocrx_word' id='word_1_360' title='bbox 3140 1976 3468 2048; x_wconf 67' lang='lat' dir='ltr'><strong>praeceperit</strong></span> <span class='ocrx_word' id='word_1_361' title='bbox 3516 1975 3725 2041; x_wconf 81' lang='lat' dir='ltr'><strong>Israeli,</strong></span> 
     </span>
    </p>
   </div>
   <div class='ocr_carea' id='block_1_50' title="bbox 2120 2055 3729 2139">
    <p class='ocr_par' dir='ltr' id='par_1_50' title="bbox 2120 2055 3729 2139">
     <span class='ocr_line' id='line_1_50' title="bbox 2120 2055 3729 2139; baseline -0.001 -16"><span class='ocrx_word' id='word_1_362' title='bbox 2120 2068 2364 2123; x_wconf 90' lang='lat' dir='ltr'><strong>omnium</strong></span> <span class='ocrx_word' id='word_1_363' title='bbox 2395 2068 2884 2139; x_wconf 87' lang='lat' dir='ltr'><strong>primogenitorum</strong></span> <span class='ocrx_word' id='word_1_364' title='bbox 2936 2055 3154 2123; x_wconf 87' lang='lat' dir='ltr'><strong>sibimet</strong></span> <span class='ocrx_word' id='word_1_365' title='bbox 3180 2066 3491 2122; x_wconf 86' lang='lat' dir='ltr'><strong>faciendam</strong></span> <span class='ocrx_word' id='word_1_366' title='bbox 3536 2082 3729 2122; x_wconf 86' lang='lat' dir='ltr'><strong>conse-</strong></span> 
     </span>
    </p>
   </div>
   <div class='ocr_carea' id='block_1_51' title="bbox 2122 2158 3727 2231">
    <p class='ocr_par' dir='ltr' id='par_1_51' title="bbox 2122 2158 3727 2231">
     <span class='ocr_line' id='line_1_51' title="bbox 2122 2158 3727 2231; baseline -0.002 -16"><span class='ocrx_word' id='word_1_367' title='bbox 2122 2159 2445 2225; x_wconf 89' lang='lat' dir='ltr'><strong>crationem,</strong></span> <span class='ocrx_word' id='word_1_368' title='bbox 2496 2160 2683 2215; x_wconf 90' lang='lat' dir='ltr'><strong>dicens</strong></span> <span class='ocrx_word' id='word_1_369' title='bbox 2723 2160 2793 2215; x_wconf 91' lang='lat' dir='ltr'><strong>ad</strong></span> <span class='ocrx_word' id='word_1_370' title='bbox 2842 2159 3063 2231; x_wconf 84' lang='lat' dir='ltr'><strong>Moysen</strong></span> <span class='ocrx_word' id='word_1_371' title='bbox 3111 2178 3124 2214; x_wconf 90' lang='lat'><strong>:</strong></span> <span class='ocrx_word' id='word_1_372' title='bbox 3176 2178 3196 2211; x_wconf 86' lang='grc'><strong>‹</strong></span> <span class='ocrx_word' id='word_1_373' title='bbox 3242 2158 3549 2215; x_wconf 87' lang='lat' dir='ltr'><strong>Sanctiﬁca</strong></span> <span class='ocrx_word' id='word_1_374' title='bbox 3596 2159 3727 2213; x_wconf 85' lang='lat' dir='ltr'><strong>mihi</strong></span> 
     </span>
    </p>
   </div>
   <div class='ocr_carea' id='block_1_52' title="bbox 2121 2250 3731 2325">
    <p class='ocr_par' dir='ltr' id='par_1_52' title="bbox 2121 2250 3731 2325">
     <span class='ocr_line' id='line_1_52' title="bbox 2121 2250 3731 2325; baseline -0.002 -18"><span class='ocrx_word' id='word_1_375' title='bbox 2121 2267 2283 2308; x_wconf 89' lang='lat' dir='ltr'><strong>omne</strong></span> <span class='ocrx_word' id='word_1_376' title='bbox 2324 2252 2776 2325; x_wconf 85' lang='lat' dir='ltr'><strong>primogenitum,</strong></span> <span class='ocrx_word' id='word_1_377' title='bbox 2820 2253 2967 2323; x_wconf 84' lang='lat' dir='ltr'><strong>quod</strong></span> <span class='ocrx_word' id='word_1_378' title='bbox 3009 2253 3183 2321; x_wconf 90' lang='lat' dir='ltr'><strong>aperit</strong></span> <span class='ocrx_word' id='word_1_379' title='bbox 3231 2252 3451 2306; x_wconf 88' lang='lat' dir='ltr'><strong>vulvam</strong></span> <span class='ocrx_word' id='word_1_380' title='bbox 3494 2250 3554 2304; x_wconf 88' lang='lat' dir='ltr'><strong>in</strong></span> <span class='ocrx_word' id='word_1_381' title='bbox 3603 2250 3731 2304; x_wconf 88' lang='lat' dir='ltr'><strong>ﬁliis</strong></span> 
     </span>
    </p>
   </div>
   <div class='ocr_carea' id='block_1_53' title="bbox 2120 2342 3729 2414">
    <p class='ocr_par' dir='ltr' id='par_1_53' title="bbox 2120 2342 3729 2414">
     <span class='ocr_line' id='line_1_53' title="bbox 2120 2342 3729 2414; baseline -0.002 -16"><span class='ocrx_word' id='word_1_382' title='bbox 2120 2342 2305 2408; x_wconf 90' lang='lat' dir='ltr'><strong>Israel,</strong></span> <span class='ocrx_word' id='word_1_383' title='bbox 2354 2352 2467 2398; x_wconf 90' lang='lat' dir='ltr'><strong>tam</strong></span> <span class='ocrx_word' id='word_1_384' title='bbox 2498 2344 2565 2399; x_wconf 90' lang='lat' dir='ltr'><strong>de</strong></span> <span class='ocrx_word' id='word_1_385' title='bbox 2591 2344 2924 2410; x_wconf 90' lang='lat' dir='ltr'><strong>hominibus,</strong></span> <span class='ocrx_word' id='word_1_386' title='bbox 2966 2358 3129 2414; x_wconf 89' lang='lat' dir='ltr'><strong>quam</strong></span> <span class='ocrx_word' id='word_1_387' title='bbox 3174 2342 3242 2398; x_wconf 92' lang='lat' dir='ltr'><strong>de</strong></span> <span class='ocrx_word' id='word_1_388' title='bbox 3276 2343 3581 2414; x_wconf 89' lang='lat' dir='ltr'><strong>jumentis;</strong></span> <span class='ocrx_word' id='word_1_389' title='bbox 3608 2356 3729 2395; x_wconf 80' lang='lat' dir='ltr'><strong>mea</strong></span> 
     </span>
    </p>
   </div>
   <div class='ocr_carea' id='block_1_54' title="bbox 2122 2435 3733 2506">
    <p class='ocr_par' dir='ltr' id='par_1_54' title="bbox 2122 2435 3733 2506">
     <span class='ocr_line' id='line_1_54' title="bbox 2122 2435 3733 2506; baseline -0.003 -13"><span class='ocrx_word' id='word_1_390' title='bbox 2122 2446 2250 2493; x_wconf 91' lang='lat' dir='ltr'><strong>sunt</strong></span> <span class='ocrx_word' id='word_1_391' title='bbox 2275 2438 2422 2493; x_wconf 91' lang='lat' dir='ltr'><strong>enim</strong></span> <span class='ocrx_word' id='word_1_392' title='bbox 2448 2438 2651 2492; x_wconf 89' lang='lat' dir='ltr'><strong>omnia.</strong></span> <span class='ocrx_word' id='word_1_393' title='bbox 2690 2456 2710 2490; x_wconf 72' lang='grc' dir='ltr'><strong><em>ι</em></strong></span> <span class='ocrx_word' id='word_1_394' title='bbox 2744 2437 2813 2492; x_wconf 88' lang='grc' dir='ltr'><strong>Ει</strong></span> <span class='ocrx_word' id='word_1_395' title='bbox 2841 2452 3058 2492; x_wconf 88' lang='lat' dir='ltr'><strong>rursum</strong></span> <span class='ocrx_word' id='word_1_396' title='bbox 3085 2451 3211 2492; x_wconf 91' lang='lat' dir='ltr'><strong>cum</strong></span> <span class='ocrx_word' id='word_1_397' title='bbox 3236 2436 3457 2491; x_wconf 88' lang='lat' dir='ltr'><strong>Levitas</strong></span> <span class='ocrx_word' id='word_1_398' title='bbox 3482 2451 3587 2506; x_wconf 88' lang='lat' dir='ltr'><strong>pro</strong></span> <span class='ocrx_word' id='word_1_399' title='bbox 3618 2435 3733 2504; x_wconf 88' lang='lat' dir='ltr'><strong>pri-</strong></span> 
     </span>
    </p>
   </div>
   <div class='ocr_carea' id='block_1_55' title="bbox 2122 2527 3730 2602">
    <p class='ocr_par' dir='ltr' id='par_1_55' title="bbox 2122 2527 3730 2602">
     <span class='ocr_line' id='line_1_55' title="bbox 2122 2527 3730 2602; baseline -0.003 -18"><span class='ocrx_word' id='word_1_400' title='bbox 2122 2530 2413 2602; x_wconf 89' lang='lat' dir='ltr'><strong>mogenitis</strong></span> <span class='ocrx_word' id='word_1_401' title='bbox 2440 2530 2604 2585; x_wconf 88' lang='lat' dir='ltr'><strong>vellet</strong></span> <span class='ocrx_word' id='word_1_402' title='bbox 2648 2530 2848 2601; x_wconf 88' lang='lat' dir='ltr'><strong>eligere</strong></span> <span class='ocrx_word' id='word_1_403' title='bbox 2878 2530 2934 2584; x_wconf 92' lang='lat' dir='ltr'><strong>in</strong></span> <span class='ocrx_word' id='word_1_404' title='bbox 2972 2529 3181 2585; x_wconf 89' lang='lat' dir='ltr'><strong>cultum</strong></span> <span class='ocrx_word' id='word_1_405' title='bbox 3228 2527 3596 2593; x_wconf 89' lang='lat' dir='ltr'><strong>tabernaculi,</strong></span> <span class='ocrx_word' id='word_1_406' title='bbox 3655 2527 3730 2580; x_wconf 88' lang='lat' dir='ltr'><strong>ita</strong></span> 
     </span>
    </p>
   </div>
   <div class='ocr_carea' id='block_1_56' title="bbox 2121 2619 3731 2693">
    <p class='ocr_par' dir='ltr' id='par_1_56' title="bbox 2121 2619 3731 2693">
     <span class='ocr_line' id='line_1_56' title="bbox 2121 2619 3731 2693; baseline -0.001 -18"><span class='ocrx_word' id='word_1_407' title='bbox 2121 2621 2335 2677; x_wconf 92' lang='lat' dir='ltr'><strong>locutus</strong></span> <span class='ocrx_word' id='word_1_408' title='bbox 2378 2630 2463 2676; x_wconf 88' lang='lat' dir='ltr'><strong>est</strong></span> <span class='ocrx_word' id='word_1_409' title='bbox 2514 2622 2583 2676; x_wconf 91' lang='lat' dir='ltr'><strong>ad</strong></span> <span class='ocrx_word' id='word_1_410' title='bbox 2612 2620 2854 2693; x_wconf 84' lang='lat' dir='ltr'><strong>Moysen,</strong></span> <span class='ocrx_word' id='word_1_411' title='bbox 2886 2620 3076 2675; x_wconf 88' lang='lat' dir='ltr'><strong>dicens</strong></span> <span class='ocrx_word' id='word_1_412' title='bbox 3104 2639 3118 2674; x_wconf 91' lang='lat'><strong>:</strong></span> <span class='ocrx_word' id='word_1_413' title='bbox 3172 2640 3191 2672; x_wconf 70' lang='grc' dir='ltr'><strong><em>ι</em></strong></span> <span class='ocrx_word' id='word_1_414' title='bbox 3230 2619 3382 2676; x_wconf 90' lang='lat' dir='ltr'><strong>Tolle</strong></span> <span class='ocrx_word' id='word_1_415' title='bbox 3409 2619 3636 2674; x_wconf 83' lang='lat' dir='ltr'><strong>Levitas</strong></span> <span class='ocrx_word' id='word_1_416' title='bbox 3666 2619 3731 2673; x_wconf 87' lang='lat' dir='ltr'><strong>de</strong></span> 
     </span>
    </p>
   </div>
   <div class='ocr_carea' id='block_1_57' title="bbox 2121 2709 3732 2783">
    <p class='ocr_par' dir='ltr' id='par_1_57' title="bbox 2121 2709 3732 2783">
     <span class='ocr_line' id='line_1_57' title="bbox 2121 2709 3732 2783; baseline -0.004 -13"><span class='ocrx_word' id='word_1_417' title='bbox 2121 2715 2305 2770; x_wconf 90' lang='lat' dir='ltr'><strong>medio</strong></span> <span class='ocrx_word' id='word_1_418' title='bbox 2335 2714 2570 2768; x_wconf 89' lang='lat' dir='ltr'><strong>ﬁliorum</strong></span> <span class='ocrx_word' id='word_1_419' title='bbox 2610 2712 2796 2777; x_wconf 89' lang='lat' dir='ltr'><strong>Israel,</strong></span> <span class='ocrx_word' id='word_1_420' title='bbox 2833 2721 2889 2767; x_wconf 92' lang='lat' dir='ltr'><strong>et</strong></span> <span class='ocrx_word' id='word_1_421' title='bbox 2918 2711 3234 2783; x_wconf 86' lang='lat' dir='ltr'><strong>puriﬁcabis</strong></span> <span class='ocrx_word' id='word_1_422' title='bbox 3262 2726 3375 2766; x_wconf 90' lang='lat' dir='ltr'><strong>eos.</strong></span> <span class='ocrx_word' id='word_1_423' title='bbox 3415 2730 3435 2762; x_wconf 83' lang='grc'>›</span> <span class='ocrx_word' id='word_1_424' title='bbox 3469 2710 3543 2766; x_wconf 82' lang='grc' dir='ltr'><strong>Εῑ</strong></span> <span class='ocrx_word' id='word_1_425' title='bbox 3564 2709 3732 2780; x_wconf 88' lang='lat' dir='ltr'><strong>paulo</strong></span> 
     </span>
    </p>
   </div>
   <div class='ocr_carea' id='block_1_58' title="bbox 2119 2803 3730 2877">
    <p class='ocr_par' dir='ltr' id='par_1_58' title="bbox 2119 2803 3730 2877">
     <span class='ocr_line' id='line_1_58' title="bbox 2119 2803 3730 2877; baseline -0.003 -15"><span class='ocrx_word' id='word_1_426' title='bbox 2119 2815 2285 2877; x_wconf 89' lang='lat' dir='ltr'><strong>post:</strong></span> <span class='ocrx_word' id='word_1_427' title='bbox 2322 2825 2341 2857; x_wconf 84' lang='grc'><strong>‹</strong></span> <span class='ocrx_word' id='word_1_428' title='bbox 2383 2806 2713 2876; x_wconf 85' lang='lat' dir='ltr'><strong>Applieabis,</strong></span> <span class='ocrx_word' id='word_1_429' title='bbox 2758 2805 2954 2874; x_wconf 89' lang='lat' dir='ltr'><strong>inquit,</strong></span> <span class='ocrx_word' id='word_1_430' title='bbox 3002 2803 3221 2859; x_wconf 89' lang='lat' dir='ltr'><strong>Levitas</strong></span> <span class='ocrx_word' id='word_1_431' title='bbox 3251 2818 3438 2859; x_wconf 88' lang='lat' dir='ltr'><strong>coram</strong></span> <span class='ocrx_word' id='word_1_432' title='bbox 3466 2804 3730 2858; x_wconf 84' lang='lat' dir='ltr'><strong>taberna-</strong></span> 
     </span>
    </p>
   </div>
   <div class='ocr_carea' id='block_1_59' title="bbox 2121 2896 3726 2955">
    <p class='ocr_par' dir='ltr' id='par_1_59' title="bbox 2121 2896 3726 2955">
     <span class='ocr_line' id='line_1_59' title="bbox 2121 2896 3726 2955; baseline -0.003 0"><span class='ocrx_word' id='word_1_433' title='bbox 2121 2901 2244 2955; x_wconf 92' lang='lat' dir='ltr'><strong>culo</strong></span> <span class='ocrx_word' id='word_1_434' title='bbox 2290 2898 2511 2954; x_wconf 80' lang='lat' dir='ltr'><strong>foederis</strong></span> <span class='ocrx_word' id='word_1_435' title='bbox 2548 2907 2845 2954; x_wconf 88' lang='lat' dir='ltr'><strong>convocata</strong></span> <span class='ocrx_word' id='word_1_436' title='bbox 2887 2896 3037 2952; x_wconf 91' lang='lat' dir='ltr'><strong>omni</strong></span> <span class='ocrx_word' id='word_1_437' title='bbox 3088 2896 3438 2952; x_wconf 86' lang='lat' dir='ltr'><strong>multitudine</strong></span> <span class='ocrx_word' id='word_1_438' title='bbox 3484 2896 3726 2951; x_wconf 87' lang='lat' dir='ltr'><strong>ﬁliorum</strong></span> 
     </span>
    </p>
   </div>
   <div class='ocr_carea' id='block_1_60' title="bbox 2119 2988 3730 3060">
    <p class='ocr_par' dir='ltr' id='par_1_60' title="bbox 2119 2988 3730 3060">
     <span class='ocr_line' id='line_1_60' title="bbox 2119 2988 3730 3060; baseline -0.003 -13"><span class='ocrx_word' id='word_1_439' title='bbox 2119 2991 2287 3047; x_wconf 90' lang='lat' dir='ltr'><strong>Israel</strong></span> <span class='ocrx_word' id='word_1_440' title='bbox 2322 3009 2335 3045; x_wconf 90' lang='lat'>:</span> <span class='ocrx_word' id='word_1_441' title='bbox 2378 3005 2611 3060; x_wconf 88' lang='lat' dir='ltr'><strong>cumque</strong></span> <span class='ocrx_word' id='word_1_442' title='bbox 2640 2990 2846 3045; x_wconf 59' lang='lat' dir='ltr'><strong>Levita).</strong></span> <span class='ocrx_word' id='word_1_443' title='bbox 2873 2988 3079 3043; x_wconf 82' lang='lat' dir='ltr'><strong>fuerint</strong></span> <span class='ocrx_word' id='word_1_444' title='bbox 3105 3004 3291 3044; x_wconf 90' lang='lat' dir='ltr'><strong>coram</strong></span> <span class='ocrx_word' id='word_1_445' title='bbox 3314 2988 3551 3043; x_wconf 90' lang='lat' dir='ltr'><strong>Domino</strong></span> <span class='ocrx_word' id='word_1_446' title='bbox 3571 3029 3590 3053; x_wconf 92' lang='lat'><strong>,</strong></span> <span class='ocrx_word' id='word_1_447' title='bbox 3633 3004 3730 3057; x_wconf 86' lang='lat' dir='ltr'><strong>po-</strong></span> 
     </span>
    </p>
   </div>
   <div class='ocr_carea' id='block_1_61' title="bbox 2120 3078 3731 3149">
    <p class='ocr_par' dir='ltr' id='par_1_61' title="bbox 2120 3078 3731 3149">
     <span class='ocr_line' id='line_1_61' title="bbox 2120 3078 3731 3149; baseline -0.003 -12"><span class='ocrx_word' id='word_1_448' title='bbox 2120 3091 2254 3138; x_wconf 91' lang='lat' dir='ltr'><strong>nent</strong></span> <span class='ocrx_word' id='word_1_449' title='bbox 2290 3082 2383 3136; x_wconf 92' lang='lat' dir='ltr'><strong>ﬁlii</strong></span> <span class='ocrx_word' id='word_1_450' title='bbox 2421 3081 2587 3137; x_wconf 88' lang='lat' dir='ltr'><strong>Israel</strong></span> <span class='ocrx_word' id='word_1_451' title='bbox 2638 3096 2833 3136; x_wconf 90' lang='lat' dir='ltr'><strong>manus</strong></span> <span class='ocrx_word' id='word_1_452' title='bbox 2888 3094 3014 3135; x_wconf 90' lang='lat' dir='ltr'><strong>suas</strong></span> <span class='ocrx_word' id='word_1_453' title='bbox 3058 3093 3223 3149; x_wconf 88' lang='lat' dir='ltr'><strong>super</strong></span> <span class='ocrx_word' id='word_1_454' title='bbox 3262 3095 3376 3146; x_wconf 91' lang='lat' dir='ltr'><strong>eos,</strong></span> <span class='ocrx_word' id='word_1_455' title='bbox 3427 3088 3485 3135; x_wconf 87' lang='lat' dir='ltr'><strong>et</strong></span> <span class='ocrx_word' id='word_1_456' title='bbox 3534 3078 3731 3135; x_wconf 81' lang='lat' dir='ltr'><strong>oﬂeret</strong></span> 
     </span>
    </p>
   </div>
   <div class='ocr_carea' id='block_1_62' title="bbox 2120 3159 3728 3246">
    <p class='ocr_par' dir='ltr' id='par_1_62' title="bbox 2120 3159 3728 3246">
     <span class='ocr_line' id='line_1_62' title="bbox 2120 3159 3728 3246; baseline -0.002 -15"><span class='ocrx_word' id='word_1_457' title='bbox 2120 3175 2304 3233; x_wconf 84' lang='lat' dir='ltr'><strong>Aaron</strong></span> <span class='ocrx_word' id='word_1_458' title='bbox 2339 3159 2562 3231; x_wconf 83' lang='lat' dir='ltr'><strong>Levitas</strong></span> <span class='ocrx_word' id='word_1_459' title='bbox 2608 3191 2809 3231; x_wconf 91' lang='lat' dir='ltr'><strong>munus</strong></span> <span class='ocrx_word' id='word_1_460' title='bbox 2839 3174 2893 3230; x_wconf 90' lang='lat' dir='ltr'><strong>in</strong></span> <span class='ocrx_word' id='word_1_461' title='bbox 2942 3182 3236 3246; x_wconf 88' lang='lat' dir='ltr'><strong>conspectu</strong></span> <span class='ocrx_word' id='word_1_462' title='bbox 3278 3174 3492 3230; x_wconf 88' lang='lat' dir='ltr'><strong>Domini</strong></span> <span class='ocrx_word' id='word_1_463' title='bbox 3539 3190 3573 3228; x_wconf 94' lang='lat' dir='ltr'><strong>a</strong></span> <span class='ocrx_word' id='word_1_464' title='bbox 3599 3173 3728 3228; x_wconf 89' lang='lat' dir='ltr'><strong>ﬁliis</strong></span> 
     </span>
    </p>
   </div>
   <div class='ocr_carea' id='block_1_63' title="bbox 417 3257 3726 3338">
    <p class='ocr_par' dir='ltr' id='par_1_63' title="bbox 417 3257 3726 3338">
     <span class='ocr_line' id='line_1_63' title="bbox 417 3257 3726 3338; baseline -0.001 -16"><span class='ocrx_word' id='word_1_465' title='bbox 417 3267 691 3314; x_wconf 76' lang='lat' dir='ltr'><strong>mOPluum</strong></span> <span class='ocrx_word' id='word_1_466' title='bbox 744 3274 852 3315; x_wconf 80' lang='lat' dir='ltr'><strong>non</strong></span> <span class='ocrx_word' id='word_1_467' title='bbox 902 3259 1279 3330; x_wconf 78' lang='lat' dir='ltr'><strong>ingrederetur</strong></span> <span class='ocrx_word' id='word_1_468' title='bbox 1333 3260 1586 3325; x_wconf 67' lang='lat' dir='ltr'><strong>omnino.</strong></span> <span class='ocrx_word' id='word_1_469' title='bbox 1643 3274 1809 3329; x_wconf 72' lang='lat' dir='ltr'><strong>super</strong></span> <span class='ocrx_word' id='word_1_470' title='bbox 1860 3268 2018 3329; x_wconf 66' lang='lat' dir='ltr'><strong>patre</strong></span> <span class='ocrx_word' id='word_1_471' title='bbox 2045 3257 2091 3321; x_wconf 86' lang='lat' dir='ltr'>C</span> <span class='ocrx_word' id='word_1_472' title='bbox 2122 3270 2306 3333; x_wconf 88' lang='lat' dir='ltr'><strong>Israel,</strong></span> <span class='ocrx_word' id='word_1_473' title='bbox 2337 3281 2396 3324; x_wconf 90' lang='lat' dir='ltr'><strong>ut</strong></span> <span class='ocrx_word' id='word_1_474' title='bbox 2423 3269 2663 3325; x_wconf 89' lang='lat' dir='ltr'><strong>serviant</strong></span> <span class='ocrx_word' id='word_1_475' title='bbox 2708 3268 2765 3323; x_wconf 91' lang='lat' dir='ltr'><strong>in</strong></span> <span class='ocrx_word' id='word_1_476' title='bbox 2809 3267 3114 3323; x_wconf 89' lang='lat' dir='ltr'><strong>ministerio</strong></span> <span class='ocrx_word' id='word_1_477' title='bbox 3143 3267 3298 3338; x_wconf 84' lang='lat' dir='ltr'><strong>ejus;</strong></span> <span class='ocrx_word' id='word_1_478' title='bbox 3342 3274 3399 3321; x_wconf 91' lang='lat' dir='ltr'><strong>et</strong></span> <span class='ocrx_word' id='word_1_479' title='bbox 3426 3281 3726 3322; x_wconf 86' lang='lat' dir='ltr'><strong>consecra—</strong></span> 
     </span>
    </p>
   </div>
   <div class='ocr_carea' id='block_1_64' title="bbox 415 3354 2016 3423">
    <p class='ocr_par' dir='ltr' id='par_1_64' title="bbox 415 3354 2016 3423">
     <span class='ocr_line' id='line_1_64' title="bbox 415 3354 2016 3423; baseline 0.001 -18"><span class='ocrx_word' id='word_1_480' title='bbox 415 3365 629 3422; x_wconf 90' lang='lat' dir='ltr'><strong>quoque</strong></span> <span class='ocrx_word' id='word_1_481' title='bbox 655 3368 756 3409; x_wconf 92' lang='lat' dir='ltr'><strong>suo</strong></span> <span class='ocrx_word' id='word_1_482' title='bbox 785 3360 839 3407; x_wconf 91' lang='lat' dir='ltr'><strong>et</strong></span> <span class='ocrx_word' id='word_1_483' title='bbox 865 3361 1040 3409; x_wconf 88' lang='lat' dir='ltr'><strong>matre</strong></span> <span class='ocrx_word' id='word_1_484' title='bbox 1069 3369 1176 3409; x_wconf 93' lang='lat' dir='ltr'><strong>non</strong></span> <span class='ocrx_word' id='word_1_485' title='bbox 1202 3354 1689 3418; x_wconf 88' lang='lat' dir='ltr'><strong>contaminaretur,</strong></span> <span class='ocrx_word' id='word_1_486' title='bbox 1734 3366 1837 3407; x_wconf 91' lang='lat' dir='ltr'><strong>nec</strong></span> <span class='ocrx_word' id='word_1_487' title='bbox 1857 3367 2016 3423; x_wconf 84' lang='lat' dir='ltr'><strong>egre-</strong></span> 
     </span>
    </p>
   </div>
   <div class='ocr_carea' id='block_1_65' title="bbox 416 3443 2014 3515">
    <p class='ocr_par' dir='ltr' id='par_1_65' title="bbox 416 3443 2014 3515">
     <span class='ocr_line' id='line_1_65' title="bbox 416 3443 2014 3515; baseline 0.001 -19"><span class='ocrx_word' id='word_1_488' title='bbox 416 3443 640 3497; x_wconf 91' lang='lat' dir='ltr'><strong>deretur</strong></span> <span class='ocrx_word' id='word_1_489' title='bbox 680 3444 747 3498; x_wconf 92' lang='lat' dir='ltr'><strong>de</strong></span> <span class='ocrx_word' id='word_1_490' title='bbox 775 3446 999 3511; x_wconf 86' lang='lat' dir='ltr'><strong>sanctis,</strong></span> <span class='ocrx_word' id='word_1_491' title='bbox 1029 3460 1098 3500; x_wconf 93' lang='lat' dir='ltr'><strong>ne</strong></span> <span class='ocrx_word' id='word_1_492' title='bbox 1137 3444 1343 3515; x_wconf 89' lang='lat' dir='ltr'><strong>polluat</strong></span> <span class='ocrx_word' id='word_1_493' title='bbox 1369 3445 1744 3500; x_wconf 88' lang='lat' dir='ltr'><strong>sanctuarium</strong></span> <span class='ocrx_word' id='word_1_494' title='bbox 1767 3444 2014 3512; x_wconf 88' lang='lat' dir='ltr'><strong>Domini,</strong></span> 
     </span>
    </p>
   </div>
   <div class='ocr_carea' id='block_1_66' title="bbox 422 3533 2012 3606">
    <p class='ocr_par' dir='ltr' id='par_1_66' title="bbox 422 3533 2012 3606">
     <span class='ocr_line' id='line_1_66' title="bbox 422 3533 2012 3606; baseline 0.002 -20"><span class='ocrx_word' id='word_1_495' title='bbox 422 3533 548 3603; x_wconf 90' lang='lat' dir='ltr'><strong>quia</strong></span> <span class='ocrx_word' id='word_1_496' title='bbox 579 3533 757 3589; x_wconf 92' lang='lat' dir='ltr'><strong>oleum</strong></span> <span class='ocrx_word' id='word_1_497' title='bbox 787 3544 987 3591; x_wconf 78' lang='lat' dir='ltr'><strong>sanctae</strong></span> <span class='ocrx_word' id='word_1_498' title='bbox 1020 3537 1295 3592; x_wconf 90' lang='lat' dir='ltr'><strong>unctionis</strong></span> <span class='ocrx_word' id='word_1_499' title='bbox 1318 3537 1415 3591; x_wconf 89' lang='lat' dir='ltr'><strong>Dei</strong></span> <span class='ocrx_word' id='word_1_500' title='bbox 1440 3537 1526 3591; x_wconf 90' lang='lat' dir='ltr'><strong>sui</strong></span> <span class='ocrx_word' id='word_1_501' title='bbox 1554 3550 1718 3606; x_wconf 92' lang='lat' dir='ltr'><strong>super</strong></span> <span class='ocrx_word' id='word_1_502' title='bbox 1744 3551 1867 3590; x_wconf 91' lang='lat' dir='ltr'><strong>eum</strong></span> <span class='ocrx_word' id='word_1_503' title='bbox 1890 3543 1973 3589; x_wconf 89' lang='lat' dir='ltr'><strong>est</strong></span> <span class='ocrx_word' id='word_1_504' title='bbox 2000 3553 2012 3589; x_wconf 88' lang='lat'><strong>:</strong></span> 
     </span>
    </p>
   </div>
   <div class='ocr_carea' id='block_1_67' title="bbox 417 3622 2018 3695">
    <p class='ocr_par' dir='ltr' id='par_1_67' title="bbox 417 3622 2018 3695">
     <span class='ocr_line' id='line_1_67' title="bbox 417 3622 2018 3695; baseline 0.003 -19"><span class='ocrx_word' id='word_1_505' title='bbox 417 3622 535 3693; x_wconf 88' lang='lat' dir='ltr'><strong>ipse</strong></span> <span class='ocrx_word' id='word_1_506' title='bbox 562 3640 708 3679; x_wconf 89' lang='lat' dir='ltr'><strong>nunc</strong></span> <span class='ocrx_word' id='word_1_507' title='bbox 732 3624 789 3680; x_wconf 89' lang='lat' dir='ltr'><strong>in</strong></span> <span class='ocrx_word' id='word_1_508' title='bbox 815 3626 1113 3695; x_wconf 78' lang='lat' dir='ltr'><strong>Evangelia</strong></span> <span class='ocrx_word' id='word_1_509' title='bbox 1137 3628 1270 3682; x_wconf 91' lang='lat' dir='ltr'><strong>dicit</strong></span> <span class='ocrx_word' id='word_1_510' title='bbox 1296 3628 1502 3683; x_wconf 87' lang='lat' dir='ltr'><strong>homini</strong></span> <span class='ocrx_word' id='word_1_511' title='bbox 1526 3627 1839 3683; x_wconf 88' lang='lat' dir='ltr'><strong>Christiano</strong></span> <span class='ocrx_word' id='word_1_512' title='bbox 1868 3646 1881 3679; x_wconf 89' lang='lat'><strong>:</strong></span> <span class='ocrx_word' id='word_1_513' title='bbox 1912 3647 1929 3677; x_wconf 89' lang='grc'><em>‹</em></span> <span class='ocrx_word' id='word_1_514' title='bbox 1958 3627 2018 3681; x_wconf 91' lang='lat' dir='ltr'><strong>Si</strong></span> 
     </span>
    </p>
   </div>
   <div class='ocr_carea' id='block_1_68' title="bbox 421 3715 2019 3787">
    <p class='ocr_par' dir='ltr' id='par_1_68' title="bbox 421 3715 2019 3787">
     <span class='ocr_line' id='line_1_68' title="bbox 421 3715 2019 3787; baseline 0.002 -17"><span class='ocrx_word' id='word_1_515' title='bbox 421 3715 611 3771; x_wconf 91' lang='lat' dir='ltr'><strong>oculus</strong></span> <span class='ocrx_word' id='word_1_516' title='bbox 644 3725 770 3772; x_wconf 92' lang='lat' dir='ltr'><strong>tuus</strong></span> <span class='ocrx_word' id='word_1_517' title='bbox 796 3717 986 3773; x_wconf 79' lang='lat' dir='ltr'><strong>dexter</strong></span> <span class='ocrx_word' id='word_1_518' title='bbox 1010 3718 1343 3774; x_wconf 86' lang='lat' dir='ltr'><strong>scandalizat</strong></span> <span class='ocrx_word' id='word_1_519' title='bbox 1367 3727 1442 3786; x_wconf 90' lang='lat' dir='ltr'><strong>te,</strong></span> <span class='ocrx_word' id='word_1_520' title='bbox 1482 3733 1613 3774; x_wconf 88' lang='lat' dir='ltr'><strong>erue</strong></span> <span class='ocrx_word' id='word_1_521' title='bbox 1637 3734 1784 3784; x_wconf 90' lang='lat' dir='ltr'><strong>eum,</strong></span> <span class='ocrx_word' id='word_1_522' title='bbox 1813 3725 1870 3771; x_wconf 92' lang='lat' dir='ltr'><strong>et</strong></span> <span class='ocrx_word' id='word_1_523' title='bbox 1894 3734 2019 3787; x_wconf 91' lang='lat' dir='ltr'><strong>pro-</strong></span> 
     </span>
    </p>
   </div>
   <div class='ocr_carea' id='block_1_69' title="bbox 340 3802 2015 3886">
    <p class='ocr_par' dir='ltr' id='par_1_69' title="bbox 340 3802 2015 3886">
     <span class='ocr_line' id='line_1_69' title="bbox 340 3802 2015 3886; baseline 0.002 -26"><span class='ocrx_word' id='word_1_524' title='bbox 340 3879 346 3886; x_wconf 33' lang='lat'><strong><em>.</em></strong></span> <span class='ocrx_word' id='word_1_525' title='bbox 409 3802 521 3874; x_wconf 89' lang='lat' dir='ltr'><strong>jice</strong></span> <span class='ocrx_word' id='word_1_526' title='bbox 549 3807 648 3862; x_wconf 89' lang='lat' dir='ltr'><strong>abs</strong></span> <span class='ocrx_word' id='word_1_527' title='bbox 675 3814 763 3873; x_wconf 89' lang='lat' dir='ltr'><strong>te;</strong></span> <span class='ocrx_word' id='word_1_528' title='bbox 793 3816 849 3863; x_wconf 91' lang='lat' dir='ltr'><strong>et</strong></span> <span class='ocrx_word' id='word_1_529' title='bbox 883 3808 930 3863; x_wconf 89' lang='lat' dir='ltr'><strong>si</strong></span> <span class='ocrx_word' id='word_1_530' title='bbox 975 3808 1201 3864; x_wconf 88' lang='lat' dir='ltr'><strong>dextera</strong></span> <span class='ocrx_word' id='word_1_531' title='bbox 1227 3826 1417 3867; x_wconf 89' lang='lat' dir='ltr'><strong>manus</strong></span> <span class='ocrx_word' id='word_1_532' title='bbox 1453 3819 1546 3866; x_wconf 88' lang='lat' dir='ltr'><strong>tua</strong></span> <span class='ocrx_word' id='word_1_533' title='bbox 1584 3809 1918 3866; x_wconf 86' lang='lat' dir='ltr'><strong>scandalizat</strong></span> <span class='ocrx_word' id='word_1_534' title='bbox 1942 3817 2015 3875; x_wconf 90' lang='lat' dir='ltr'><strong>te,</strong></span> 
     </span>
    </p>
   </div>
   <div class='ocr_carea' id='block_1_70' title="bbox 416 3900 2019 3978">
    <p class='ocr_par' dir='ltr' id='par_1_70' title="bbox 416 3900 2019 3978">
     <span class='ocr_line' id='line_1_70' title="bbox 416 3900 2019 3978; baseline 0.004 -24"><span class='ocrx_word' id='word_1_535' title='bbox 416 3900 674 3956; x_wconf 90' lang='lat' dir='ltr'><strong>abscinde</strong></span> <span class='ocrx_word' id='word_1_536' title='bbox 701 3916 845 3971; x_wconf 90' lang='lat' dir='ltr'><strong>eam,</strong></span> <span class='ocrx_word' id='word_1_537' title='bbox 874 3915 931 3960; x_wconf 86' lang='lat' dir='ltr'><strong>et</strong></span> <span class='ocrx_word' id='word_1_538' title='bbox 961 3902 1166 3975; x_wconf 90' lang='lat' dir='ltr'><strong>projice</strong></span> <span class='ocrx_word' id='word_1_539' title='bbox 1203 3907 1301 3962; x_wconf 91' lang='lat' dir='ltr'><strong>abs</strong></span> <span class='ocrx_word' id='word_1_540' title='bbox 1328 3915 1399 3962; x_wconf 91' lang='lat' dir='ltr'><strong>te.</strong></span> <span class='ocrx_word' id='word_1_541' title='bbox 1450 3907 1684 3978; x_wconf 81' lang='lat' dir='ltr'><strong>Expedit</strong></span> <span class='ocrx_word' id='word_1_542' title='bbox 1730 3907 1877 3963; x_wconf 90' lang='lat' dir='ltr'><strong>enim</strong></span> <span class='ocrx_word' id='word_1_543' title='bbox 1920 3906 2019 3962; x_wconf 88' lang='lat' dir='ltr'><strong>tibi</strong></span> 
     </span>
    </p>
   </div>
   <div class='ocr_carea' id='block_1_71' title="bbox 423 3997 2016 4069">
    <p class='ocr_par' dir='ltr' id='par_1_71' title="bbox 423 3997 2016 4069">
     <span class='ocr_line' id='line_1_71' title="bbox 423 3997 2016 4069; baseline 0.005 -25"><span class='ocrx_word' id='word_1_544' title='bbox 423 3998 484 4044; x_wconf 86' lang='lat' dir='ltr'><strong>ut</strong></span> <span class='ocrx_word' id='word_1_545' title='bbox 506 3998 695 4060; x_wconf 90' lang='lat' dir='ltr'><strong>pereat</strong></span> <span class='ocrx_word' id='word_1_546' title='bbox 744 4009 914 4049; x_wconf 88' lang='lat' dir='ltr'><strong>unum</strong></span> <span class='ocrx_word' id='word_1_547' title='bbox 966 3997 1338 4052; x_wconf 88' lang='lat' dir='ltr'><strong>membrorum</strong></span> <span class='ocrx_word' id='word_1_548' title='bbox 1367 4006 1607 4065; x_wconf 91' lang='lat' dir='ltr'><strong>tuorum,</strong></span> <span class='ocrx_word' id='word_1_549' title='bbox 1640 4013 1803 4069; x_wconf 88' lang='lat' dir='ltr'><strong>quam</strong></span> <span class='ocrx_word' id='word_1_550' title='bbox 1844 4006 2016 4053; x_wconf 90' lang='lat' dir='ltr'><strong>totum</strong></span> 
     </span>
    </p>
   </div>
   <div class='ocr_carea' id='block_1_72' title="bbox 418 4085 2019 4157">
    <p class='ocr_par' dir='ltr' id='par_1_72' title="bbox 418 4085 2019 4157">
     <span class='ocr_line' id='line_1_72' title="bbox 418 4085 2019 4157; baseline 0.005 -22"><span class='ocrx_word' id='word_1_551' title='bbox 418 4096 618 4150; x_wconf 90' lang='lat' dir='ltr'><strong>corpus</strong></span> <span class='ocrx_word' id='word_1_552' title='bbox 648 4090 803 4137; x_wconf 92' lang='lat' dir='ltr'><strong>tuum</strong></span> <span class='ocrx_word' id='word_1_553' title='bbox 852 4092 945 4139; x_wconf 89' lang='lat' dir='ltr'><strong>eat</strong></span> <span class='ocrx_word' id='word_1_554' title='bbox 986 4085 1040 4139; x_wconf 92' lang='lat' dir='ltr'><strong>in</strong></span> <span class='ocrx_word' id='word_1_555' title='bbox 1075 4088 1401 4157; x_wconf 83' lang='lat' dir='ltr'><strong>gehennam.</strong></span> <span class='ocrx_word' id='word_1_556' title='bbox 1453 4109 1472 4142; x_wconf 71' lang='grc' dir='ltr'>ι</span> <span class='ocrx_word' id='word_1_557' title='bbox 1524 4089 1593 4144; x_wconf 89' lang='lat' dir='ltr'><strong>Et</strong></span> <span class='ocrx_word' id='word_1_558' title='bbox 1622 4090 1752 4144; x_wconf 88' lang='lat' dir='ltr'><strong>item</strong></span> <span class='ocrx_word' id='word_1_559' title='bbox 1785 4107 1799 4143; x_wconf 88' lang='lat'><strong>:</strong></span> <span class='ocrx_word' id='word_1_560' title='bbox 1841 4106 1861 4142; x_wconf 86' lang='grc'><strong>‹</strong></span> <span class='ocrx_word' id='word_1_561' title='bbox 1915 4087 2019 4156; x_wconf 90' lang='lat' dir='ltr'><strong>Qui</strong></span> 
     </span>
    </p>
   </div>
   <div class='ocr_carea' id='block_1_73' title="bbox 418 4180 2018 4252">
    <p class='ocr_par' dir='ltr' id='par_1_73' title="bbox 418 4180 2018 4252">
     <span class='ocr_line' id='line_1_73' title="bbox 418 4180 2018 4252; baseline 0.006 -25"><span class='ocrx_word' id='word_1_562' title='bbox 418 4184 565 4228; x_wconf 90' lang='lat' dir='ltr'><strong>amat</strong></span> <span class='ocrx_word' id='word_1_563' title='bbox 602 4183 812 4244; x_wconf 87' lang='lat' dir='ltr'><strong>patrem</strong></span> <span class='ocrx_word' id='word_1_564' title='bbox 839 4184 933 4232; x_wconf 92' lang='lat' dir='ltr'><strong>aut</strong></span> <span class='ocrx_word' id='word_1_565' title='bbox 958 4187 1191 4234; x_wconf 86' lang='lat' dir='ltr'><strong>matrem</strong></span> <span class='ocrx_word' id='word_1_566' title='bbox 1216 4180 1338 4251; x_wconf 91' lang='lat' dir='ltr'><strong>plus</strong></span> <span class='ocrx_word' id='word_1_567' title='bbox 1359 4197 1523 4252; x_wconf 89' lang='lat' dir='ltr'><strong>quam</strong></span> <span class='ocrx_word' id='word_1_568' title='bbox 1550 4197 1657 4248; x_wconf 91' lang='lat' dir='ltr'><strong>me,</strong></span> <span class='ocrx_word' id='word_1_569' title='bbox 1687 4197 1797 4237; x_wconf 91' lang='lat' dir='ltr'><strong>non</strong></span> <span class='ocrx_word' id='word_1_570' title='bbox 1824 4190 1909 4237; x_wconf 90' lang='lat' dir='ltr'><strong>est</strong></span> <span class='ocrx_word' id='word_1_571' title='bbox 1931 4197 2018 4237; x_wconf 91' lang='lat' dir='ltr'><strong>me</strong></span> 
     </span>
    </p>
   </div>
   <div class='ocr_carea' id='block_1_74' title="bbox 417 4262 2015 4344">
    <p class='ocr_par' dir='ltr' id='par_1_74' title="bbox 417 4262 2015 4344">
     <span class='ocr_line' id='line_1_74' title="bbox 417 4262 2015 4344; baseline 0.008 -29"><span class='ocrx_word' id='word_1_572' title='bbox 417 4262 649 4334; x_wconf 73' lang='lat' dir='ltr'><strong>dignus;</strong></span> <span class='ocrx_word' id='word_1_573' title='bbox 681 4273 737 4320; x_wconf 89' lang='lat' dir='ltr'><strong>et</strong></span> <span class='ocrx_word' id='word_1_574' title='bbox 766 4266 857 4335; x_wconf 93' lang='lat' dir='ltr'><strong>qui</strong></span> <span class='ocrx_word' id='word_1_575' title='bbox 882 4277 1029 4322; x_wconf 86' lang='lat' dir='ltr'><strong>amat</strong></span> <span class='ocrx_word' id='word_1_576' title='bbox 1057 4269 1229 4324; x_wconf 89' lang='lat' dir='ltr'><strong>ﬁlium</strong></span> <span class='ocrx_word' id='word_1_577' title='bbox 1255 4280 1349 4326; x_wconf 90' lang='lat' dir='ltr'><strong>aut</strong></span> <span class='ocrx_word' id='word_1_578' title='bbox 1377 4271 1543 4327; x_wconf 89' lang='lat' dir='ltr'><strong>ﬁliam</strong></span> <span class='ocrx_word' id='word_1_579' title='bbox 1582 4287 1746 4344; x_wconf 91' lang='lat' dir='ltr'><strong>super</strong></span> <span class='ocrx_word' id='word_1_580' title='bbox 1770 4288 1879 4339; x_wconf 86' lang='lat' dir='ltr'><strong>me,</strong></span> <span class='ocrx_word' id='word_1_581' title='bbox 1904 4287 2015 4328; x_wconf 91' lang='lat' dir='ltr'><strong>non</strong></span> 
     </span>
    </p>
   </div>
   <div class='ocr_carea' id='block_1_75' title="bbox 417 4354 2020 4432">
    <p class='ocr_par' dir='ltr' id='par_1_75' title="bbox 417 4354 2020 4432">
     <span class='ocr_line' id='line_1_75' title="bbox 417 4354 2020 4432; baseline 0.006 -25"><span class='ocrx_word' id='word_1_582' title='bbox 417 4361 502 4409; x_wconf 88' lang='lat' dir='ltr'><strong>est</strong></span> <span class='ocrx_word' id='word_1_583' title='bbox 539 4369 625 4409; x_wconf 89' lang='lat' dir='ltr'><strong>me</strong></span> <span class='ocrx_word' id='word_1_584' title='bbox 648 4354 881 4427; x_wconf 88' lang='lat' dir='ltr'><strong>dignus:</strong></span> <span class='ocrx_word' id='word_1_585' title='bbox 910 4366 967 4412; x_wconf 90' lang='lat' dir='ltr'><strong>et</strong></span> <span class='ocrx_word' id='word_1_586' title='bbox 993 4360 1084 4429; x_wconf 91' lang='lat' dir='ltr'><strong>qui</strong></span> <span class='ocrx_word' id='word_1_587' title='bbox 1110 4375 1219 4415; x_wconf 90' lang='lat' dir='ltr'><strong>non</strong></span> <span class='ocrx_word' id='word_1_588' title='bbox 1268 4362 1467 4432; x_wconf 88' lang='lat' dir='ltr'><strong>accipit</strong></span> <span class='ocrx_word' id='word_1_589' title='bbox 1502 4377 1721 4417; x_wconf 77' lang='lat' dir='ltr'><strong>crucem</strong></span> <span class='ocrx_word' id='word_1_590' title='bbox 1752 4378 1928 4429; x_wconf 91' lang='lat' dir='ltr'><strong>suam,</strong></span> <span class='ocrx_word' id='word_1_591' title='bbox 1962 4372 2020 4417; x_wconf 89' lang='lat' dir='ltr'><strong>et</strong></span> 
     </span>
    </p>
   </div>
   <div class='ocr_carea' id='block_1_76' title="bbox 406 4449 2013 4527">
    <p class='ocr_par' dir='ltr' id='par_1_76' title="bbox 406 4449 2013 4527">
     <span class='ocr_line' id='line_1_76' title="bbox 406 4449 2013 4527; baseline 0.006 -24"><span class='ocrx_word' id='word_1_592' title='bbox 406 4449 663 4517; x_wconf 90' lang='lat' dir='ltr'><strong>‘sequitur</strong></span> <span class='ocrx_word' id='word_1_593' title='bbox 682 4465 789 4516; x_wconf 91' lang='lat' dir='ltr'><strong>me,</strong></span> <span class='ocrx_word' id='word_1_594' title='bbox 816 4467 925 4509; x_wconf 91' lang='lat' dir='ltr'><strong>non</strong></span> <span class='ocrx_word' id='word_1_595' title='bbox 948 4462 1032 4508; x_wconf 91' lang='lat' dir='ltr'><strong>est</strong></span> <span class='ocrx_word' id='word_1_596' title='bbox 1057 4469 1144 4509; x_wconf 87' lang='lat' dir='ltr'><strong>me</strong></span> <span class='ocrx_word' id='word_1_597' title='bbox 1172 4455 1387 4526; x_wconf 88' lang='lat' dir='ltr'><strong>dignus.</strong></span> <span class='ocrx_word' id='word_1_598' title='bbox 1414 4475 1433 4506; x_wconf 75' lang='grc' dir='ltr'><strong><em>ι</em></strong></span> <span class='ocrx_word' id='word_1_599' title='bbox 1452 4456 1665 4511; x_wconf 90' lang='lat' dir='ltr'><strong>Etitem</strong></span> <span class='ocrx_word' id='word_1_600' title='bbox 1696 4476 1708 4510; x_wconf 95' lang='lat'>:</span> <span class='ocrx_word' id='word_1_601' title='bbox 1735 4476 1754 4510; x_wconf 73' lang='grc' dir='ltr'>ι</span> <span class='ocrx_word' id='word_1_602' title='bbox 1790 4456 1846 4512; x_wconf 91' lang='lat' dir='ltr'><strong>Si</strong></span> <span class='ocrx_word' id='word_1_603' title='bbox 1870 4458 2013 4527; x_wconf 86' lang='lat' dir='ltr'><strong>quis,</strong></span> 
     </span>
    </p>
   </div>
   <div class='ocr_carea' id='block_1_77' title="bbox 417 4539 2017 4622">
    <p class='ocr_par' dir='ltr' id='par_1_77' title="bbox 417 4539 2017 4622">
     <span class='ocr_line' id='line_1_77' title="bbox 417 4539 2017 4622; baseline 0.008 -27"><span class='ocrx_word' id='word_1_604' title='bbox 417 4539 612 4610; x_wconf 89' lang='lat' dir='ltr'><strong>inquit,</strong></span> <span class='ocrx_word' id='word_1_605' title='bbox 651 4543 764 4597; x_wconf 90' lang='lat' dir='ltr'><strong>vult</strong></span> <span class='ocrx_word' id='word_1_606' title='bbox 789 4553 913 4615; x_wconf 91' lang='lat' dir='ltr'><strong>post</strong></span> <span class='ocrx_word' id='word_1_607' title='bbox 941 4562 1028 4603; x_wconf 92' lang='lat' dir='ltr'><strong>me</strong></span> <span class='ocrx_word' id='word_1_608' title='bbox 1057 4549 1264 4617; x_wconf 90' lang='lat' dir='ltr'><strong>venire,</strong></span> <span class='ocrx_word' id='word_1_609' title='bbox 1296 4550 1529 4622; x_wconf 89' lang='lat' dir='ltr'><strong>abneget</strong></span> <span class='ocrx_word' id='word_1_610' title='bbox 1560 4552 1936 4621; x_wconf 89' lang='lat' dir='ltr'><strong>semetipsum,</strong></span> <span class='ocrx_word' id='word_1_611' title='bbox 1959 4564 2017 4608; x_wconf 90' lang='lat' dir='ltr'><strong>et</strong></span> 
     </span>
    </p>
   </div>
   <div class='ocr_carea' id='block_1_78' title="bbox 418 4631 2014 4710">
    <p class='ocr_par' dir='ltr' id='par_1_78' title="bbox 418 4631 2014 4710">
     <span class='ocr_line' id='line_1_78' title="bbox 418 4631 2014 4710; baseline 0.008 -24"><span class='ocrx_word' id='word_1_612' title='bbox 418 4631 570 4686; x_wconf 88' lang='lat' dir='ltr'><strong>tollat</strong></span> <span class='ocrx_word' id='word_1_613' title='bbox 598 4649 817 4689; x_wconf 90' lang='lat' dir='ltr'><strong>erucem</strong></span> <span class='ocrx_word' id='word_1_614' title='bbox 849 4652 1025 4702; x_wconf 89' lang='lat' dir='ltr'><strong>suam,</strong></span> <span class='ocrx_word' id='word_1_615' title='bbox 1056 4647 1112 4693; x_wconf 90' lang='lat' dir='ltr'><strong>et</strong></span> <span class='ocrx_word' id='word_1_616' title='bbox 1152 4650 1413 4710; x_wconf 89' lang='lat' dir='ltr'><strong>sequatur</strong></span> <span class='ocrx_word' id='word_1_617' title='bbox 1451 4656 1556 4696; x_wconf 92' lang='lat' dir='ltr'><strong>me.</strong></span> <span class='ocrx_word' id='word_1_618' title='bbox 1600 4642 1704 4710; x_wconf 90' lang='lat' dir='ltr'><strong>Qui</strong></span> <span class='ocrx_word' id='word_1_619' title='bbox 1750 4644 1894 4698; x_wconf 91' lang='lat' dir='ltr'><strong>enim</strong></span> <span class='ocrx_word' id='word_1_620' title='bbox 1918 4657 2014 4698; x_wconf 87' lang='lat' dir='ltr'><strong>v0-</strong></span> 
     </span>
    </p>
   </div>
   <div class='ocr_carea' id='block_1_79' title="bbox 417 4719 2015 4804">
    <p class='ocr_par' dir='ltr' id='par_1_79' title="bbox 417 4719 2015 4804">
     <span class='ocr_line' id='line_1_79' title="bbox 417 4719 2015 4804; baseline 0.009 -30"><span class='ocrx_word' id='word_1_621' title='bbox 417 4719 583 4777; x_wconf 91' lang='lat' dir='ltr'><strong>luerit</strong></span> <span class='ocrx_word' id='word_1_622' title='bbox 632 4725 872 4780; x_wconf 90' lang='lat' dir='ltr'><strong>animam</strong></span> <span class='ocrx_word' id='word_1_623' title='bbox 923 4744 1083 4782; x_wconf 89' lang='lat' dir='ltr'><strong>suam</strong></span> <span class='ocrx_word' id='word_1_624' title='bbox 1125 4731 1329 4785; x_wconf 84' lang='lat' dir='ltr'><strong>salvam</strong></span> <span class='ocrx_word' id='word_1_625' title='bbox 1376 4732 1583 4800; x_wconf 91' lang='lat' dir='ltr'><strong>facere,</strong></span> <span class='ocrx_word' id='word_1_626' title='bbox 1614 4735 1807 4804; x_wconf 88' lang='lat' dir='ltr'><strong>perdet</strong></span> <span class='ocrx_word' id='word_1_627' title='bbox 1854 4750 2015 4802; x_wconf 87' lang='lat' dir='ltr'><strong>eam;</strong></span> 
     </span>
    </p>
   </div>
   <div class='ocr_carea' id='block_1_80' title="bbox 421 4813 2022 4897">
    <p class='ocr_par' dir='ltr' id='par_1_80' title="bbox 421 4813 2022 4897">
     <span class='ocr_line' id='line_1_80' title="bbox 421 4813 2022 4897; baseline 0.008 -30"><span class='ocrx_word' id='word_1_628' title='bbox 421 4813 515 4883; x_wconf 88' lang='lat' dir='ltr'><strong>qui</strong></span> <span class='ocrx_word' id='word_1_629' title='bbox 546 4823 727 4871; x_wconf 88' lang='lat' dir='ltr'><strong>autem</strong></span> <span class='ocrx_word' id='word_1_630' title='bbox 761 4818 1067 4886; x_wconf 88' lang='lat' dir='ltr'><strong>perdiderit</strong></span> <span class='ocrx_word' id='word_1_631' title='bbox 1092 4821 1329 4876; x_wconf 89' lang='lat' dir='ltr'><strong>animam</strong></span> <span class='ocrx_word' id='word_1_632' title='bbox 1362 4839 1514 4879; x_wconf 90' lang='lat' dir='ltr'><strong>suam</strong></span> <span class='ocrx_word' id='word_1_633' title='bbox 1555 4835 1777 4897; x_wconf 89' lang='lat' dir='ltr'><strong>propter</strong></span> <span class='ocrx_word' id='word_1_634' title='bbox 1806 4841 1915 4893; x_wconf 90' lang='lat' dir='ltr'><strong>me,</strong></span> <span class='ocrx_word' id='word_1_635' title='bbox 1943 4826 2022 4880; x_wconf 89' lang='lat' dir='ltr'><strong>in-</strong></span> 
     </span>
    </p>
   </div>
   <div class='ocr_carea' id='block_1_81' title="bbox 417 4908 2021 4988">
    <p class='ocr_par' dir='ltr' id='par_1_81' title="bbox 417 4908 2021 4988">
     <span class='ocr_line' id='line_1_81' title="bbox 417 4908 2021 4988; baseline 0.006 -26"><span class='ocrx_word' id='word_1_636' title='bbox 417 4908 599 4964; x_wconf 85' lang='lat' dir='ltr'><strong>veniet</strong></span> <span class='ocrx_word' id='word_1_637' title='bbox 624 4925 768 4965; x_wconf 88' lang='lat' dir='ltr'><strong>eam.</strong></span> <span class='ocrx_word' id='word_1_638' title='bbox 810 4932 828 4962; x_wconf 79' lang='grc' dir='ltr'><strong><em>ι</em></strong></span> <span class='ocrx_word' id='word_1_639' title='bbox 858 4911 928 4965; x_wconf 90' lang='lat' dir='ltr'><strong>Et</strong></span> <span class='ocrx_word' id='word_1_640' title='bbox 964 4927 1180 4967; x_wconf 92' lang='lat' dir='ltr'><strong>rursum</strong></span> <span class='ocrx_word' id='word_1_641' title='bbox 1212 4933 1224 4967; x_wconf 90' lang='lat'><strong>:</strong></span> <span class='ocrx_word' id='word_1_642' title='bbox 1261 4933 1279 4966; x_wconf 76' lang='grc' dir='ltr'>ι</span> <span class='ocrx_word' id='word_1_643' title='bbox 1321 4916 1529 4985; x_wconf 90' lang='lat' dir='ltr'><strong>Omnis,</strong></span> <span class='ocrx_word' id='word_1_644' title='bbox 1580 4938 1599 4971; x_wconf 83' lang='grc'>›</span> <span class='ocrx_word' id='word_1_645' title='bbox 1631 4919 1828 4988; x_wconf 91' lang='lat' dir='ltr'><strong>inquit,</strong></span> <span class='ocrx_word' id='word_1_646' title='bbox 1864 4937 1883 4969; x_wconf 87' lang='grc'><strong><em>‹</em></strong></span> <span class='ocrx_word' id='word_1_647' title='bbox 1927 4917 2021 4988; x_wconf 88' lang='lat' dir='ltr'><strong>qui</strong></span> 
     </span>
    </p>
   </div>
   <div class='ocr_carea' id='block_1_82' title="bbox 419 5000 2016 5076">
    <p class='ocr_par' dir='ltr' id='par_1_82' title="bbox 419 5000 2016 5076">
     <span class='ocr_line' id='line_1_82' title="bbox 419 5000 2016 5076; baseline 0.006 -21"><span class='ocrx_word' id='word_1_648' title='bbox 419 5000 676 5072; x_wconf 87' lang='lat' dir='ltr'><strong>relinquit</strong></span> <span class='ocrx_word' id='word_1_649' title='bbox 701 5001 946 5066; x_wconf 89' lang='lat' dir='ltr'><strong>domum,</strong></span> <span class='ocrx_word' id='word_1_650' title='bbox 979 5002 1200 5072; x_wconf 86' lang='lat' dir='ltr'><strong>fratres,</strong></span> <span class='ocrx_word' id='word_1_651' title='bbox 1232 5015 1324 5062; x_wconf 91' lang='lat' dir='ltr'><strong>aut</strong></span> <span class='ocrx_word' id='word_1_652' title='bbox 1345 5023 1582 5075; x_wconf 88' lang='lat' dir='ltr'><strong>sorores,</strong></span> <span class='ocrx_word' id='word_1_653' title='bbox 1619 5019 1716 5064; x_wconf 91' lang='lat' dir='ltr'><strong>aut</strong></span> <span class='ocrx_word' id='word_1_654' title='bbox 1752 5021 2016 5076; x_wconf 86' lang='lat' dir='ltr'><strong>matrem,</strong></span> 
     </span>
    </p>
   </div>
   <div class='ocr_carea' id='block_1_83' title="bbox 418 5098 2016 5172">
    <p class='ocr_par' dir='ltr' id='par_1_83' title="bbox 418 5098 2016 5172">
     <span class='ocr_line' id='line_1_83' title="bbox 418 5098 2016 5172; baseline 0.007 -27"><span class='ocrx_word' id='word_1_655' title='bbox 418 5102 511 5147; x_wconf 89' lang='lat' dir='ltr'><strong>aut</strong></span> <span class='ocrx_word' id='word_1_656' title='bbox 540 5101 775 5162; x_wconf 90' lang='lat' dir='ltr'><strong>patrem,</strong></span> <span class='ocrx_word' id='word_1_657' title='bbox 793 5102 887 5147; x_wconf 90' lang='lat' dir='ltr'><strong>aut</strong></span> <span class='ocrx_word' id='word_1_658' title='bbox 909 5109 1159 5159; x_wconf 87' lang='lat' dir='ltr'><strong>uxorem,</strong></span> <span class='ocrx_word' id='word_1_659' title='bbox 1182 5105 1277 5151; x_wconf 90' lang='lat' dir='ltr'><strong>aut</strong></span> <span class='ocrx_word' id='word_1_660' title='bbox 1303 5098 1461 5163; x_wconf 90' lang='lat' dir='ltr'><strong>ﬁlios,</strong></span> <span class='ocrx_word' id='word_1_661' title='bbox 1490 5108 1584 5154; x_wconf 91' lang='lat' dir='ltr'><strong>aut</strong></span> <span class='ocrx_word' id='word_1_662' title='bbox 1606 5116 1768 5171; x_wconf 91' lang='lat' dir='ltr'><strong>agros</strong></span> <span class='ocrx_word' id='word_1_663' title='bbox 1793 5112 2016 5172; x_wconf 91' lang='lat' dir='ltr'><strong>pr0pter</strong></span> 
     </span>
    </p>
   </div>
   <div class='ocr_carea' id='block_1_84' title="bbox 419 5186 2017 5259">
    <p class='ocr_par' dir='ltr' id='par_1_84' title="bbox 419 5186 2017 5259">
     <span class='ocr_line' id='line_1_84' title="bbox 419 5186 2017 5259; baseline 0.006 -20"><span class='ocrx_word' id='word_1_664' title='bbox 419 5200 616 5239; x_wconf 91' lang='lat' dir='ltr'><strong>nomen</strong></span> <span class='ocrx_word' id='word_1_665' title='bbox 660 5198 839 5238; x_wconf 90' lang='lat' dir='ltr'><strong>meum</strong></span> <span class='ocrx_word' id='word_1_666' title='bbox 862 5226 877 5250; x_wconf 97' lang='lat'><strong>,</strong></span> <span class='ocrx_word' id='word_1_667' title='bbox 922 5186 1232 5257; x_wconf 87' lang='lat' dir='ltr'><strong>centuplum</strong></span> <span class='ocrx_word' id='word_1_668' title='bbox 1264 5189 1527 5259; x_wconf 86' lang='lat' dir='ltr'><strong>accipiet,</strong></span> <span class='ocrx_word' id='word_1_669' title='bbox 1564 5201 1617 5246; x_wconf 91' lang='lat' dir='ltr'><strong>et</strong></span> <span class='ocrx_word' id='word_1_670' title='bbox 1645 5192 1814 5246; x_wconf 88' lang='lat' dir='ltr'><strong>vitam</strong></span> <span class='ocrx_word' id='word_1_671' title='bbox 1858 5201 2017 5248; x_wconf 84' lang='lat' dir='ltr'><strong>acter-</strong></span> 
     </span>
    </p>
   </div>
   <div class='ocr_carea' id='block_1_85' title="bbox 420 5276 2011 5353">
    <p class='ocr_par' dir='ltr' id='par_1_85' title="bbox 420 5276 2011 5353">
     <span class='ocr_line' id='line_1_85' title="bbox 420 5276 2011 5353; baseline 0.007 -23"><span class='ocrx_word' id='word_1_672' title='bbox 420 5290 547 5330; x_wconf 89' lang='lat' dir='ltr'><strong>nam</strong></span> <span class='ocrx_word' id='word_1_673' title='bbox 590 5276 925 5344; x_wconf 83' lang='lat' dir='ltr'><strong>possidebit?</strong></span> <span class='ocrx_word' id='word_1_674' title='bbox 964 5297 983 5330; x_wconf 73' lang='grc' dir='ltr'><strong><em>ι</em></strong></span> <span class='ocrx_word' id='word_1_675' title='bbox 1016 5277 1262 5351; x_wconf 90' lang='lat' dir='ltr'><strong>Denique</strong></span> <span class='ocrx_word' id='word_1_676' title='bbox 1288 5281 1443 5337; x_wconf 87' lang='lat' dir='ltr'><strong>Isaac</strong></span> <span class='ocrx_word' id='word_1_677' title='bbox 1473 5283 1648 5340; x_wconf 87' lang='lat' dir='ltr'><strong>ﬁdelis</strong></span> <span class='ocrx_word' id='word_1_678' title='bbox 1676 5284 1771 5339; x_wconf 90' lang='lat' dir='ltr'><strong>Dei</strong></span> <span class='ocrx_word' id='word_1_679' title='bbox 1812 5283 2011 5353; x_wconf 86' lang='lat' dir='ltr'><strong>cultor,</strong></span> 
     </span>
    </p>
   </div>
   <div class='ocr_carea' id='block_1_86' title="bbox 422 5372 2010 5449">
    <p class='ocr_par' dir='ltr' id='par_1_86' title="bbox 422 5372 2010 5449">
     <span class='ocr_line' id='line_1_86' title="bbox 422 5372 2010 5449; baseline 0.008 -27"><span class='ocrx_word' id='word_1_680' title='bbox 422 5375 585 5437; x_wconf 88' lang='lat' dir='ltr'><strong>atque</strong></span> <span class='ocrx_word' id='word_1_681' title='bbox 631 5377 868 5438; x_wconf 61' lang='lat' dir='ltr'><strong>paterna:</strong></span> <span class='ocrx_word' id='word_1_682' title='bbox 923 5372 1218 5430; x_wconf 86' lang='lat' dir='ltr'><strong>voluntatis</strong></span> <span class='ocrx_word' id='word_1_683' title='bbox 1263 5376 1651 5433; x_wconf 88' lang='lat' dir='ltr'><strong>devotissimus</strong></span> <span class='ocrx_word' id='word_1_684' title='bbox 1694 5390 2010 5449; x_wconf 82' lang='lat' dir='ltr'><strong>exsecutor,</strong></span> 
     </span>
    </p>
   </div>
   <div class='ocr_carea' id='block_1_87' title="bbox 421 5459 2010 5538">
    <p class='ocr_par' dir='ltr' id='par_1_87' title="bbox 421 5459 2010 5538">
     <span class='ocr_line' id='line_1_87' title="bbox 421 5459 2010 5538; baseline 0.011 -26"><span class='ocrx_word' id='word_1_685' title='bbox 421 5466 581 5530; x_wconf 90' lang='lat' dir='ltr'><strong>typus</strong></span> <span class='ocrx_word' id='word_1_686' title='bbox 624 5459 768 5514; x_wconf 89' lang='lat' dir='ltr'><strong>illius</strong></span> <span class='ocrx_word' id='word_1_687' title='bbox 796 5461 863 5517; x_wconf 90' lang='lat' dir='ltr'><strong>de</strong></span> <span class='ocrx_word' id='word_1_688' title='bbox 907 5479 1015 5533; x_wconf 94' lang='lat' dir='ltr'><strong>quo</strong></span> <span class='ocrx_word' id='word_1_689' title='bbox 1061 5466 1193 5522; x_wconf 92' lang='lat' dir='ltr'><strong>dicit</strong></span> <span class='ocrx_word' id='word_1_690' title='bbox 1219 5467 1555 5538; x_wconf 83' lang='lat' dir='ltr'><strong>Apostolus:</strong></span> <span class='ocrx_word' id='word_1_691' title='bbox 1595 5490 1612 5521; x_wconf 73' lang='grc' dir='ltr'><strong>ε</strong></span> <span class='ocrx_word' id='word_1_692' title='bbox 1659 5470 1857 5528; x_wconf 85' lang='lat' dir='ltr'><strong>Factus</strong></span> <span class='ocrx_word' id='word_1_693' title='bbox 1883 5473 2010 5529; x_wconf 87' lang='lat' dir='ltr'><strong>obe-</strong></span> 
     </span>
    </p>
   </div>
   <div class='ocr_carea' id='block_1_88' title="bbox 422 5548 2009 5624">
    <p class='ocr_par' dir='ltr' id='par_1_88' title="bbox 422 5548 2009 5624">
     <span class='ocr_line' id='line_1_88' title="bbox 422 5548 2009 5624; baseline 0.011 -20"><span class='ocrx_word' id='word_1_694' title='bbox 422 5548 578 5606; x_wconf 88' lang='lat' dir='ltr'><strong>diens</strong></span> <span class='ocrx_word' id='word_1_695' title='bbox 626 5549 774 5606; x_wconf 89' lang='lat' dir='ltr'><strong>Patri</strong></span> <span class='ocrx_word' id='word_1_696' title='bbox 801 5569 973 5623; x_wconf 90' lang='lat' dir='ltr'><strong>usque</strong></span> <span class='ocrx_word' id='word_1_697' title='bbox 1002 5557 1070 5609; x_wconf 90' lang='lat' dir='ltr'><strong>ad</strong></span> <span class='ocrx_word' id='word_1_698' title='bbox 1119 5568 1373 5624; x_wconf 87' lang='lat' dir='ltr'><strong>mortem,</strong></span> <span class='ocrx_word' id='word_1_699' title='bbox 1414 5570 1645 5618; x_wconf 87' lang='lat' dir='ltr'><strong>mortem</strong></span> <span class='ocrx_word' id='word_1_700' title='bbox 1677 5572 1857 5619; x_wconf 90' lang='lat' dir='ltr'><strong>autem</strong></span> <span class='ocrx_word' id='word_1_701' title='bbox 1886 5581 2009 5621; x_wconf 83' lang='lat' dir='ltr'><strong>cru-</strong></span> 
     </span>
    </p>
   </div>
   <div class='ocr_carea' id='block_1_89' title="bbox 319 5639 2009 5719">
    <p class='ocr_par' dir='ltr' id='par_1_89' title="bbox 319 5639 2009 5719">
     <span class='ocr_line' id='line_1_89' title="bbox 319 5639 2009 5719; baseline 0.008 -25"><span class='ocrx_word' id='word_1_702' title='bbox 319 5694 325 5701; x_wconf 88' lang='grc'><strong><em>,</em></strong></span> <span class='ocrx_word' id='word_1_703' title='bbox 423 5639 503 5695; x_wconf 92' lang='lat' dir='ltr'><strong>cis</strong></span> <span class='ocrx_word' id='word_1_704' title='bbox 533 5658 546 5693; x_wconf 86' lang='lat'><strong>:</strong></span> <span class='ocrx_word' id='word_1_705' title='bbox 585 5660 605 5693; x_wconf 73' lang='grc' dir='ltr'><strong><em>ι</em></strong></span> <span class='ocrx_word' id='word_1_706' title='bbox 645 5642 848 5700; x_wconf 89' lang='lat' dir='ltr'><strong>idcirco</strong></span> <span class='ocrx_word' id='word_1_707' title='bbox 889 5646 1128 5716; x_wconf 90' lang='lat' dir='ltr'><strong>portavit</strong></span> <span class='ocrx_word' id='word_1_708' title='bbox 1152 5646 1297 5719; x_wconf 88' lang='lat' dir='ltr'><strong>ligna</strong></span> <span class='ocrx_word' id='word_1_709' title='bbox 1325 5649 1394 5704; x_wconf 91' lang='lat' dir='ltr'><strong>ad</strong></span> <span class='ocrx_word' id='word_1_710' title='bbox 1418 5647 1813 5705; x_wconf 88' lang='lat' dir='ltr'><strong>conﬁciendum</strong></span> <span class='ocrx_word' id='word_1_711' title='bbox 1839 5651 1906 5706; x_wconf 92' lang='lat' dir='ltr'><strong>de</strong></span> <span class='ocrx_word' id='word_1_712' title='bbox 1924 5667 2009 5707; x_wconf 89' lang='lat' dir='ltr'><strong>se-</strong></span> 
     </span>
    </p>
   </div>
   <div class='ocr_carea' id='block_1_90' title="bbox 424 5736 2011 5817">
    <p class='ocr_par' dir='ltr' id='par_1_90' title="bbox 424 5736 2011 5817">
     <span class='ocr_line' id='line_1_90' title="bbox 424 5736 2011 5817; baseline 0.007 -28"><span class='ocrx_word' id='word_1_713' title='bbox 424 5736 655 5807; x_wconf 86' lang='lat' dir='ltr'><strong>metipso</strong></span> <span class='ocrx_word' id='word_1_714' title='bbox 686 5739 1080 5807; x_wconf 90' lang='lat' dir='ltr'><strong>holocaustum,</strong></span> <span class='ocrx_word' id='word_1_715' title='bbox 1124 5750 1183 5797; x_wconf 93' lang='lat' dir='ltr'><strong>ut</strong></span> <span class='ocrx_word' id='word_1_716' title='bbox 1220 5742 1496 5800; x_wconf 88' lang='lat' dir='ltr'><strong>Christum</strong></span> <span class='ocrx_word' id='word_1_717' title='bbox 1526 5745 1859 5814; x_wconf 77' lang='lat' dir='ltr'><strong>exprimeret</strong></span> <span class='ocrx_word' id='word_1_718' title='bbox 1884 5761 2011 5817; x_wconf 92' lang='lat' dir='ltr'><strong>por-</strong></span> 
     </span>
    </p>
   </div>
   <div class='ocr_carea' id='block_1_91' title="bbox 412 5834 2009 5911">
    <p class='ocr_par' dir='ltr' id='par_1_91' title="bbox 412 5834 2009 5911">
     <span class='ocr_line' id='line_1_91' title="bbox 412 5834 2009 5911; baseline 0.008 -25"><span class='ocrx_word' id='word_1_719' title='bbox 412 5834 633 5909; x_wconf 69' lang='lat' dir='ltr'><strong>tantem</strong></span> <span class='ocrx_word' id='word_1_720' title='bbox 661 5847 878 5890; x_wconf 87' lang='lat' dir='ltr'><strong>crucem</strong></span> <span class='ocrx_word' id='word_1_721' title='bbox 906 5834 975 5892; x_wconf 89' lang='lat' dir='ltr'><strong>ad</strong></span> <span class='ocrx_word' id='word_1_722' title='bbox 1004 5837 1372 5911; x_wconf 84' lang='lat' dir='ltr'><strong>peragendum</strong></span> <span class='ocrx_word' id='word_1_723' title='bbox 1397 5838 1668 5911; x_wconf 86' lang='lat' dir='ltr'><strong>passionis</strong></span> <span class='ocrx_word' id='word_1_724' title='bbox 1695 5854 1807 5898; x_wconf 83' lang='lat' dir='ltr'><strong>suae</strong></span> <span class='ocrx_word' id='word_1_725' title='bbox 1827 5854 2009 5902; x_wconf 80' lang='lat' dir='ltr'><strong>sacra-</strong></span> 
     </span>
    </p>
   </div>
   <div class='ocr_carea' id='block_1_92' title="bbox 2118 3356 3725 3429">
    <p class='ocr_par' dir='ltr' id='par_1_92' title="bbox 2118 3356 3725 3429">
     <span class='ocr_line' id='line_1_92' title="bbox 2118 3356 3725 3429; baseline -0.003 -14"><span class='ocrx_word' id='word_1_726' title='bbox 2118 3361 2204 3415; x_wconf 90' lang='lat' dir='ltr'><strong>bis</strong></span> <span class='ocrx_word' id='word_1_727' title='bbox 2252 3375 2348 3415; x_wconf 91' lang='lat' dir='ltr'><strong>eos</strong></span> <span class='ocrx_word' id='word_1_728' title='bbox 2386 3360 2442 3413; x_wconf 88' lang='lat' dir='ltr'><strong>in</strong></span> <span class='ocrx_word' id='word_1_729' title='bbox 2472 3358 2806 3414; x_wconf 90' lang='lat' dir='ltr'><strong>oblationem</strong></span> <span class='ocrx_word' id='word_1_730' title='bbox 2850 3358 3089 3423; x_wconf 91' lang='lat' dir='ltr'><strong>Domini,</strong></span> <span class='ocrx_word' id='word_1_731' title='bbox 3133 3357 3393 3429; x_wconf 90' lang='lat' dir='ltr'><strong>quoniam</strong></span> <span class='ocrx_word' id='word_1_732' title='bbox 3447 3357 3595 3412; x_wconf 89' lang='lat' dir='ltr'><strong>dono</strong></span> <span class='ocrx_word' id='word_1_733' title='bbox 3621 3356 3725 3411; x_wconf 84' lang='lat' dir='ltr'><strong>do-</strong></span> 
     </span>
    </p>
   </div>
   <div class='ocr_carea' id='block_1_93' title="bbox 2117 3448 3727 3520">
    <p class='ocr_par' dir='ltr' id='par_1_93' title="bbox 2117 3448 3727 3520">
     <span class='ocr_line' id='line_1_93' title="bbox 2117 3448 3727 3520; baseline -0.002 -14"><span class='ocrx_word' id='word_1_734' title='bbox 2117 3452 2232 3507; x_wconf 91' lang='lat' dir='ltr'><strong>nati</strong></span> <span class='ocrx_word' id='word_1_735' title='bbox 2262 3462 2389 3506; x_wconf 90' lang='lat' dir='ltr'><strong>sunt</strong></span> <span class='ocrx_word' id='word_1_736' title='bbox 2436 3451 2570 3505; x_wconf 90' lang='lat' dir='ltr'><strong>mihi</strong></span> <span class='ocrx_word' id='word_1_737' title='bbox 2601 3466 2634 3505; x_wconf 90' lang='lat' dir='ltr'><strong>a</strong></span> <span class='ocrx_word' id='word_1_738' title='bbox 2663 3449 2789 3505; x_wconf 85' lang='lat' dir='ltr'><strong>ﬁliis</strong></span> <span class='ocrx_word' id='word_1_739' title='bbox 2816 3448 3009 3516; x_wconf 89' lang='lat' dir='ltr'><strong>Israel;</strong></span> <span class='ocrx_word' id='word_1_740' title='bbox 3042 3464 3141 3519; x_wconf 92' lang='lat' dir='ltr'><strong>pro</strong></span> <span class='ocrx_word' id='word_1_741' title='bbox 3166 3449 3569 3520; x_wconf 90' lang='lat' dir='ltr'><strong>primogenitis,</strong></span> <span class='ocrx_word' id='word_1_742' title='bbox 3603 3464 3727 3517; x_wconf 65' lang='lat' dir='ltr'><strong>qua</strong></span> 
     </span>
    </p>
   </div>
   <div class='ocr_carea' id='block_1_94' title="bbox 2119 3539 3722 3613">
    <p class='ocr_par' dir='ltr' id='par_1_94' title="bbox 2119 3539 3722 3613">
     <span class='ocr_line' id='line_1_94' title="bbox 2119 3539 3722 3613; baseline -0.003 -15"><span class='ocrx_word' id='word_1_743' title='bbox 2119 3544 2369 3613; x_wconf 88' lang='lat' dir='ltr'><strong>aperiunt</strong></span> <span class='ocrx_word' id='word_1_744' title='bbox 2404 3557 2623 3598; x_wconf 91' lang='lat' dir='ltr'><strong>omnem</strong></span> <span class='ocrx_word' id='word_1_745' title='bbox 2651 3541 2870 3596; x_wconf 90' lang='lat' dir='ltr'><strong>vulvam</strong></span> <span class='ocrx_word' id='word_1_746' title='bbox 2903 3540 2958 3595; x_wconf 90' lang='lat' dir='ltr'><strong>in</strong></span> <span class='ocrx_word' id='word_1_747' title='bbox 2993 3540 3179 3607; x_wconf 88' lang='lat' dir='ltr'><strong>Israel,</strong></span> <span class='ocrx_word' id='word_1_748' title='bbox 3223 3541 3411 3610; x_wconf 88' lang='lat' dir='ltr'><strong>accepi</strong></span> <span class='ocrx_word' id='word_1_749' title='bbox 3451 3556 3572 3598; x_wconf 90' lang='lat' dir='ltr'><strong>eos.</strong></span> <span class='ocrx_word' id='word_1_750' title='bbox 3602 3539 3722 3594; x_wconf 76' lang='lat' dir='ltr'><strong>Mea</strong></span> 
     </span>
    </p>
   </div>
   <div class='ocr_carea' id='block_1_95' title="bbox 2119 3633 3720 3707">
    <p class='ocr_par' dir='ltr' id='par_1_95' title="bbox 2119 3633 3720 3707">
     <span class='ocr_line' id='line_1_95' title="bbox 2119 3633 3720 3707; baseline -0.001 -16"><span class='ocrx_word' id='word_1_751' title='bbox 2119 3645 2246 3691; x_wconf 91' lang='lat' dir='ltr'><strong>sunt</strong></span> <span class='ocrx_word' id='word_1_752' title='bbox 2284 3636 2431 3691; x_wconf 91' lang='lat' dir='ltr'><strong>enim</strong></span> <span class='ocrx_word' id='word_1_753' title='bbox 2458 3636 2640 3692; x_wconf 91' lang='lat' dir='ltr'><strong>omnia</strong></span> <span class='ocrx_word' id='word_1_754' title='bbox 2687 3635 3048 3707; x_wconf 88' lang='lat' dir='ltr'><strong>primogenita</strong></span> <span class='ocrx_word' id='word_1_755' title='bbox 3090 3633 3325 3691; x_wconf 91' lang='lat' dir='ltr'><strong>ﬁliorum</strong></span> <span class='ocrx_word' id='word_1_756' title='bbox 3373 3633 3563 3699; x_wconf 89' lang='lat' dir='ltr'><strong>Israel,</strong></span> <span class='ocrx_word' id='word_1_757' title='bbox 3610 3644 3720 3689; x_wconf 86' lang='lat' dir='ltr'><strong>tam</strong></span> 
     </span>
    </p>
   </div>
   <div class='ocr_carea' id='block_1_96' title="bbox 2118 3726 3720 3799">
    <p class='ocr_par' dir='ltr' id='par_1_96' title="bbox 2118 3726 3720 3799">
     <span class='ocr_line' id='line_1_96' title="bbox 2118 3726 3720 3799; baseline -0.002 -14"><span class='ocrx_word' id='word_1_758' title='bbox 2118 3746 2185 3785; x_wconf 90' lang='lat' dir='ltr'><strong>ex</strong></span> <span class='ocrx_word' id='word_1_759' title='bbox 2225 3730 2555 3795; x_wconf 83' lang='lat' dir='ltr'><strong>hominibus,</strong></span> <span class='ocrx_word' id='word_1_760' title='bbox 2592 3743 2755 3799; x_wconf 90' lang='lat' dir='ltr'><strong>quam</strong></span> <span class='ocrx_word' id='word_1_761' title='bbox 2785 3742 2854 3782; x_wconf 84' lang='lat' dir='ltr'><strong>ex</strong></span> <span class='ocrx_word' id='word_1_762' title='bbox 2876 3726 3176 3798; x_wconf 90' lang='lat' dir='ltr'><strong>jumentis;</strong></span> <span class='ocrx_word' id='word_1_763' title='bbox 3210 3740 3280 3781; x_wconf 89' lang='lat' dir='ltr'><strong>ex</strong></span> <span class='ocrx_word' id='word_1_764' title='bbox 3316 3727 3404 3781; x_wconf 91' lang='lat' dir='ltr'><strong>die</strong></span> <span class='ocrx_word' id='word_1_765' title='bbox 3439 3742 3553 3796; x_wconf 91' lang='lat' dir='ltr'><strong>quo</strong></span> <span class='ocrx_word' id='word_1_766' title='bbox 3592 3742 3720 3797; x_wconf 83' lang='lat' dir='ltr'><strong>per-</strong></span> 
     </span>
    </p>
   </div>
   <div class='ocr_carea' id='block_1_97' title="bbox 2119 3816 3717 3893">
    <p class='ocr_par' dir='ltr' id='par_1_97' title="bbox 2119 3816 3717 3893">
     <span class='ocr_line' id='line_1_97' title="bbox 2119 3816 3717 3893; baseline -0.004 -15"><span class='ocrx_word' id='word_1_767' title='bbox 2119 3824 2263 3878; x_wconf 91' lang='lat' dir='ltr'><strong>cussi</strong></span> <span class='ocrx_word' id='word_1_768' title='bbox 2306 3838 2468 3877; x_wconf 93' lang='lat' dir='ltr'><strong>omne</strong></span> <span class='ocrx_word' id='word_1_769' title='bbox 2494 3820 2918 3893; x_wconf 87' lang='lat' dir='ltr'><strong>primogenitum</strong></span> <span class='ocrx_word' id='word_1_770' title='bbox 2958 3819 3015 3873; x_wconf 91' lang='lat' dir='ltr'><strong>in</strong></span> <span class='ocrx_word' id='word_1_771' title='bbox 3054 3827 3199 3873; x_wconf 90' lang='lat' dir='ltr'><strong>terra</strong></span> <span class='ocrx_word' id='word_1_772' title='bbox 3234 3816 3481 3889; x_wconf 67' lang='lat' dir='ltr'><strong>Egypti,</strong></span> <span class='ocrx_word' id='word_1_773' title='bbox 3510 3819 3717 3873; x_wconf 86' lang='lat' dir='ltr'><strong>sancti-</strong></span> 
     </span>
    </p>
   </div>
   <div class='ocr_carea' id='block_1_98' title="bbox 2120 3909 3721 3982">
    <p class='ocr_par' dir='ltr' id='par_1_98' title="bbox 2120 3909 3721 3982">
     <span class='ocr_line' id='line_1_98' title="bbox 2120 3909 3721 3982; baseline -0.003 -12"><span class='ocrx_word' id='word_1_774' title='bbox 2120 3915 2277 3970; x_wconf 88' lang='lat' dir='ltr'><strong>ﬁcavi</strong></span> <span class='ocrx_word' id='word_1_775' title='bbox 2313 3928 2408 3969; x_wconf 91' lang='lat' dir='ltr'><strong>eos</strong></span> <span class='ocrx_word' id='word_1_776' title='bbox 2435 3914 2588 3979; x_wconf 89' lang='lat' dir='ltr'><strong>mihi,</strong></span> <span class='ocrx_word' id='word_1_777' title='bbox 2625 3921 2680 3969; x_wconf 93' lang='lat' dir='ltr'><strong>et</strong></span> <span class='ocrx_word' id='word_1_778' title='bbox 2708 3912 2803 3968; x_wconf 90' lang='lat' dir='ltr'><strong>tuli</strong></span> <span class='ocrx_word' id='word_1_779' title='bbox 2837 3911 3055 3968; x_wconf 90' lang='lat' dir='ltr'><strong>Levitas</strong></span> <span class='ocrx_word' id='word_1_780' title='bbox 3076 3926 3178 3982; x_wconf 93' lang='lat' dir='ltr'><strong>pro</strong></span> <span class='ocrx_word' id='word_1_781' title='bbox 3206 3910 3421 3966; x_wconf 88' lang='lat' dir='ltr'><strong>cunctis</strong></span> <span class='ocrx_word' id='word_1_782' title='bbox 3447 3909 3721 3982; x_wconf 54' lang='lat' dir='ltr'><strong>primoge.</strong></span> 
     </span>
    </p>
   </div>
   <div class='ocr_carea' id='block_1_99' title="bbox 2116 4002 3719 4073">
    <p class='ocr_par' dir='ltr' id='par_1_99' title="bbox 2116 4002 3719 4073">
     <span class='ocr_line' id='line_1_99' title="bbox 2116 4002 3719 4073; baseline -0.004 -12"><span class='ocrx_word' id='word_1_783' title='bbox 2116 4007 2250 4061; x_wconf 89' lang='lat' dir='ltr'><strong>nitis</strong></span> <span class='ocrx_word' id='word_1_784' title='bbox 2276 4005 2512 4060; x_wconf 91' lang='lat' dir='ltr'><strong>ﬁliorum</strong></span> <span class='ocrx_word' id='word_1_785' title='bbox 2539 4003 2727 4070; x_wconf 92' lang='lat' dir='ltr'><strong>Israel,</strong></span> <span class='ocrx_word' id='word_1_786' title='bbox 2762 4002 3070 4073; x_wconf 89' lang='lat' dir='ltr'><strong>tradidique</strong></span> <span class='ocrx_word' id='word_1_787' title='bbox 3100 4018 3197 4059; x_wconf 90' lang='lat' dir='ltr'><strong>eos</strong></span> <span class='ocrx_word' id='word_1_788' title='bbox 3222 4002 3364 4058; x_wconf 92' lang='lat' dir='ltr'><strong>dono</strong></span> <span class='ocrx_word' id='word_1_789' title='bbox 3393 4002 3585 4056; x_wconf 84' lang='lat' dir='ltr'><strong>Aaron</strong></span> <span class='ocrx_word' id='word_1_790' title='bbox 3610 4042 3624 4066; x_wconf 88' lang='lat'><strong>,</strong></span> <span class='ocrx_word' id='word_1_791' title='bbox 3661 4010 3719 4056; x_wconf 91' lang='lat' dir='ltr'><strong>et</strong></span> 
     </span>
    </p>
   </div>
   <div class='ocr_carea' id='block_1_100' title="bbox 2120 4091 3716 4169">
    <p class='ocr_par' dir='ltr' id='par_1_100' title="bbox 2120 4091 3716 4169">
     <span class='ocr_line' id='line_1_100' title="bbox 2120 4091 3716 4169; baseline -0.006 -16"><span class='ocrx_word' id='word_1_792' title='bbox 2120 4098 2247 4154; x_wconf 90' lang='lat' dir='ltr'><strong>ﬁliis</strong></span> <span class='ocrx_word' id='word_1_793' title='bbox 2281 4098 2397 4169; x_wconf 92' lang='lat' dir='ltr'><strong>ejus</strong></span> <span class='ocrx_word' id='word_1_794' title='bbox 2442 4097 2509 4152; x_wconf 90' lang='lat' dir='ltr'><strong>de</strong></span> <span class='ocrx_word' id='word_1_795' title='bbox 2551 4096 2728 4151; x_wconf 91' lang='lat' dir='ltr'><strong>medio</strong></span> <span class='ocrx_word' id='word_1_796' title='bbox 2777 4094 2985 4165; x_wconf 90' lang='lat' dir='ltr'><strong>populi,</strong></span> <span class='ocrx_word' id='word_1_797' title='bbox 3036 4101 3099 4149; x_wconf 91' lang='lat' dir='ltr'><strong>ut</strong></span> <span class='ocrx_word' id='word_1_798' title='bbox 3131 4092 3377 4147; x_wconf 89' lang='lat' dir='ltr'><strong>serviant</strong></span> <span class='ocrx_word' id='word_1_799' title='bbox 3428 4091 3569 4146; x_wconf 91' lang='lat' dir='ltr'><strong>mihi</strong></span> <span class='ocrx_word' id='word_1_800' title='bbox 3615 4106 3716 4159; x_wconf 86' lang='lat' dir='ltr'><strong>pro</strong></span> 
     </span>
    </p>
   </div>
   <div class='ocr_carea' id='block_1_101' title="bbox 2118 4184 3719 4257">
    <p class='ocr_par' dir='ltr' id='par_1_101' title="bbox 2118 4184 3719 4257">
     <span class='ocr_line' id='line_1_101' title="bbox 2118 4184 3719 4257; baseline -0.005 -11"><span class='ocrx_word' id='word_1_801' title='bbox 2118 4190 2285 4246; x_wconf 90' lang='lat' dir='ltr'><strong>Israel</strong></span> <span class='ocrx_word' id='word_1_802' title='bbox 2330 4190 2385 4244; x_wconf 92' lang='lat' dir='ltr'><strong>in</strong></span> <span class='ocrx_word' id='word_1_803' title='bbox 2414 4187 2763 4244; x_wconf 89' lang='lat' dir='ltr'><strong>tabernaculo</strong></span> <span class='ocrx_word' id='word_1_804' title='bbox 2811 4186 3054 4253; x_wconf 67' lang='lat' dir='ltr'><strong>faederis,</strong></span> <span class='ocrx_word' id='word_1_805' title='bbox 3081 4193 3138 4241; x_wconf 92' lang='lat' dir='ltr'><strong>et</strong></span> <span class='ocrx_word' id='word_1_806' title='bbox 3181 4192 3339 4240; x_wconf 90' lang='lat' dir='ltr'><strong>orent</strong></span> <span class='ocrx_word' id='word_1_807' title='bbox 3380 4198 3482 4257; x_wconf 90' lang='lat' dir='ltr'><strong>pro</strong></span> <span class='ocrx_word' id='word_1_808' title='bbox 3515 4184 3620 4249; x_wconf 88' lang='lat' dir='ltr'><strong>eis,</strong></span> <span class='ocrx_word' id='word_1_809' title='bbox 3652 4198 3719 4238; x_wconf 81' lang='lat' dir='ltr'><strong>ne</strong></span> 
     </span>
    </p>
   </div>
   <div class='ocr_carea' id='block_1_102' title="bbox 2119 4279 3717 4354">
    <p class='ocr_par' dir='ltr' id='par_1_102' title="bbox 2119 4279 3717 4354">
     <span class='ocr_line' id='line_1_102' title="bbox 2119 4279 3717 4354; baseline -0.005 -15"><span class='ocrx_word' id='word_1_810' title='bbox 2119 4285 2192 4340; x_wconf 89' lang='lat' dir='ltr'><strong>sit</strong></span> <span class='ocrx_word' id='word_1_811' title='bbox 2224 4284 2280 4338; x_wconf 90' lang='lat' dir='ltr'><strong>in</strong></span> <span class='ocrx_word' id='word_1_812' title='bbox 2310 4282 2509 4354; x_wconf 89' lang='lat' dir='ltr'><strong>popqu</strong></span> <span class='ocrx_word' id='word_1_813' title='bbox 2552 4281 2730 4354; x_wconf 83' lang='lat' dir='ltr'><strong>plaga.</strong></span> <span class='ocrx_word' id='word_1_814' title='bbox 2766 4301 2785 4333; x_wconf 73' lang='grc' dir='ltr'><strong><em>ι</em></strong></span> <span class='ocrx_word' id='word_1_815' title='bbox 2834 4281 2977 4336; x_wconf 88' lang='lat' dir='ltr'><strong>Ecce</strong></span> <span class='ocrx_word' id='word_1_816' title='bbox 3017 4279 3282 4335; x_wconf 87' lang='lat' dir='ltr'><strong>Dominus</strong></span> <span class='ocrx_word' id='word_1_817' title='bbox 3320 4279 3530 4349; x_wconf 85' lang='lat' dir='ltr'><strong>expetit</strong></span> <span class='ocrx_word' id='word_1_818' title='bbox 3554 4292 3717 4333; x_wconf 86' lang='lat' dir='ltr'><strong>omne</strong></span> 
     </span>
    </p>
   </div>
   <div class='ocr_carea' id='block_1_103' title="bbox 2117 4372 3716 4450">
    <p class='ocr_par' dir='ltr' id='par_1_103' title="bbox 2117 4372 3716 4450">
     <span class='ocr_line' id='line_1_103' title="bbox 2117 4372 3716 4450; baseline -0.005 -17"><span class='ocrx_word' id='word_1_819' title='bbox 2117 4379 2539 4450; x_wconf 90' lang='lat' dir='ltr'><strong>primogenitum</strong></span> <span class='ocrx_word' id='word_1_820' title='bbox 2592 4378 2660 4431; x_wconf 89' lang='lat' dir='ltr'><strong>ab</strong></span> <span class='ocrx_word' id='word_1_821' title='bbox 2690 4375 2775 4430; x_wconf 88' lang='lat' dir='ltr'><strong>his</strong></span> <span class='ocrx_word' id='word_1_822' title='bbox 2816 4376 2908 4445; x_wconf 89' lang='lat' dir='ltr'><strong>qui</strong></span> <span class='ocrx_word' id='word_1_823' title='bbox 2941 4374 3149 4446; x_wconf 88' lang='lat' dir='ltr'><strong>legibus</strong></span> <span class='ocrx_word' id='word_1_824' title='bbox 3177 4373 3290 4428; x_wconf 90' lang='lat' dir='ltr'><strong>suis</strong></span> <span class='ocrx_word' id='word_1_825' title='bbox 3333 4372 3716 4441; x_wconf 86' lang='lat' dir='ltr'><strong>obtemperare</strong></span> 
     </span>
    </p>
   </div>
   <div class='ocr_carea' id='block_1_104' title="bbox 2118 4464 3718 4534">
    <p class='ocr_par' dir='ltr' id='par_1_104' title="bbox 2118 4464 3718 4534">
     <span class='ocr_line' id='line_1_104' title="bbox 2118 4464 3718 4534; baseline -0.004 -11"><span class='ocrx_word' id='word_1_826' title='bbox 2118 4468 2338 4534; x_wconf 82' lang='lat' dir='ltr'><strong>debent,</strong></span> <span class='ocrx_word' id='word_1_827' title='bbox 2364 4477 2420 4523; x_wconf 91' lang='lat' dir='ltr'><strong>et</strong></span> <span class='ocrx_word' id='word_1_828' title='bbox 2446 4484 2553 4522; x_wconf 91' lang='lat' dir='ltr'><strong>non</strong></span> <span class='ocrx_word' id='word_1_829' title='bbox 2581 4476 2789 4522; x_wconf 90' lang='lat' dir='ltr'><strong>tantum</strong></span> <span class='ocrx_word' id='word_1_830' title='bbox 2812 4466 3115 4530; x_wconf 90' lang='lat' dir='ltr'><strong>hominum,</strong></span> <span class='ocrx_word' id='word_1_831' title='bbox 3144 4465 3236 4519; x_wconf 89' lang='lat' dir='ltr'><strong>sed</strong></span> <span class='ocrx_word' id='word_1_832' title='bbox 3256 4464 3419 4518; x_wconf 90' lang='lat' dir='ltr'><strong>etiam</strong></span> <span class='ocrx_word' id='word_1_833' title='bbox 3446 4464 3718 4532; x_wconf 81' lang='lat' dir='ltr'><strong>primoge-</strong></span> 
     </span>
    </p>
   </div>
   <div class='ocr_carea' id='block_1_105' title="bbox 2121 4552 3713 4627">
    <p class='ocr_par' dir='ltr' id='par_1_105' title="bbox 2121 4552 3713 4627">
     <span class='ocr_line' id='line_1_105' title="bbox 2121 4552 3713 4627; baseline -0.006 -13"><span class='ocrx_word' id='word_1_834' title='bbox 2121 4560 2234 4614; x_wconf 90' lang='lat' dir='ltr'><strong>nita</strong></span> <span class='ocrx_word' id='word_1_835' title='bbox 2253 4557 2626 4627; x_wconf 90' lang='lat' dir='ltr'><strong>jumentorum</strong></span> <span class='ocrx_word' id='word_1_836' title='bbox 2643 4573 2657 4611; x_wconf 87' lang='lat'><strong>:</strong></span> <span class='ocrx_word' id='word_1_837' title='bbox 2674 4567 2734 4613; x_wconf 92' lang='lat' dir='ltr'><strong>ut</strong></span> <span class='ocrx_word' id='word_1_838' title='bbox 2748 4555 3155 4624; x_wconf 89' lang='lat' dir='ltr'><strong>ostendatquod</strong></span> <span class='ocrx_word' id='word_1_839' title='bbox 3180 4571 3290 4610; x_wconf 90' lang='lat' dir='ltr'><strong>non</strong></span> <span class='ocrx_word' id='word_1_840' title='bbox 3307 4552 3484 4610; x_wconf 90' lang='lat' dir='ltr'><strong>solum</strong></span> <span class='ocrx_word' id='word_1_841' title='bbox 3505 4564 3713 4618; x_wconf 80' lang='lat' dir='ltr'><strong>nostra,</strong></span> 
     </span>
    </p>
   </div>
   <div class='ocr_carea' id='block_1_106' title="bbox 2122 4645 3710 4720">
    <p class='ocr_par' dir='ltr' id='par_1_106' title="bbox 2122 4645 3710 4720">
     <span class='ocr_line' id='line_1_106' title="bbox 2122 4645 3710 4720; baseline -0.005 -12"><span class='ocrx_word' id='word_1_842' title='bbox 2122 4653 2217 4708; x_wconf 90' lang='lat' dir='ltr'><strong>sed</strong></span> <span class='ocrx_word' id='word_1_843' title='bbox 2246 4653 2408 4706; x_wconf 89' lang='lat' dir='ltr'><strong>etiam</strong></span> <span class='ocrx_word' id='word_1_844' title='bbox 2451 4651 2813 4720; x_wconf 88' lang='lat' dir='ltr'><strong>nosmetipsos</strong></span> <span class='ocrx_word' id='word_1_845' title='bbox 2847 4648 3119 4704; x_wconf 88' lang='lat' dir='ltr'><strong>debitores</strong></span> <span class='ocrx_word' id='word_1_846' title='bbox 3158 4662 3345 4702; x_wconf 86' lang='lat' dir='ltr'><strong>sumus</strong></span> <span class='ocrx_word' id='word_1_847' title='bbox 3379 4646 3457 4701; x_wconf 91' lang='lat' dir='ltr'><strong>illi</strong></span> <span class='ocrx_word' id='word_1_848' title='bbox 3490 4645 3710 4701; x_wconf 81' lang='lat' dir='ltr'><strong>offerre.</strong></span> 
     </span>
    </p>
   </div>
   <div class='ocr_carea' id='block_1_107' title="bbox 2194 4737 3709 4812">
    <p class='ocr_par' dir='ltr' id='par_1_107' title="bbox 2194 4737 3709 4812">
     <span class='ocr_line' id='line_1_107' title="bbox 2194 4737 3709 4812; baseline -0.004 -16"><span class='ocrx_word' id='word_1_849' title='bbox 2194 4742 2263 4796; x_wconf 90' lang='lat' dir='ltr'><strong>Et</strong></span> <span class='ocrx_word' id='word_1_850' title='bbox 2292 4756 2360 4797; x_wconf 92' lang='lat' dir='ltr'><strong>ne</strong></span> <span class='ocrx_word' id='word_1_851' title='bbox 2394 4741 2629 4812; x_wconf 84' lang='lat' dir='ltr'><strong>aliquam</strong></span> <span class='ocrx_word' id='word_1_852' title='bbox 2653 4739 3045 4810; x_wconf 87' lang='lat' dir='ltr'><strong>querimoniam</strong></span> <span class='ocrx_word' id='word_1_853' title='bbox 3071 4738 3176 4793; x_wconf 90' lang='lat' dir='ltr'><strong>rite</strong></span> <span class='ocrx_word' id='word_1_854' title='bbox 3200 4753 3474 4809; x_wconf 89' lang='lat' dir='ltr'><strong>opponere</strong></span> <span class='ocrx_word' id='word_1_855' title='bbox 3516 4737 3709 4807; x_wconf 75' lang='lat' dir='ltr'><strong>possis,</strong></span> 
     </span>
    </p>
   </div>
   <div class='ocr_carea' id='block_1_108' title="bbox 2122 4828 3710 4899">
    <p class='ocr_par' dir='ltr' id='par_1_108' title="bbox 2122 4828 3710 4899">
     <span class='ocr_line' id='line_1_108' title="bbox 2122 4828 3710 4899; baseline -0.008 -8"><span class='ocrx_word' id='word_1_856' title='bbox 2122 4843 2179 4891; x_wconf 90' lang='lat' dir='ltr'><strong>et</strong></span> <span class='ocrx_word' id='word_1_857' title='bbox 2217 4835 2399 4890; x_wconf 89' lang='lat' dir='ltr'><strong>dicere</strong></span> <span class='ocrx_word' id='word_1_858' title='bbox 2444 4833 2527 4889; x_wconf 91' lang='lat' dir='ltr'><strong>fas</strong></span> <span class='ocrx_word' id='word_1_859' title='bbox 2563 4848 2670 4888; x_wconf 93' lang='lat' dir='ltr'><strong>non</strong></span> <span class='ocrx_word' id='word_1_860' title='bbox 2713 4846 2833 4887; x_wconf 89' lang='lat' dir='ltr'><strong>esse</strong></span> <span class='ocrx_word' id='word_1_861' title='bbox 2873 4830 3147 4886; x_wconf 92' lang='lat' dir='ltr'><strong>hominem</strong></span> <span class='ocrx_word' id='word_1_862' title='bbox 3190 4829 3490 4899; x_wconf 90' lang='lat' dir='ltr'><strong>quemlibet</strong></span> <span class='ocrx_word' id='word_1_863' title='bbox 3542 4828 3710 4881; x_wconf 85' lang='lat' dir='ltr'><strong>ﬁlium</strong></span> 
     </span>
    </p>
   </div>
   <div class='ocr_carea' id='block_1_109' title="bbox 2124 4918 3711 4995">
    <p class='ocr_par' dir='ltr' id='par_1_109' title="bbox 2124 4918 3711 4995">
     <span class='ocr_line' id='line_1_109' title="bbox 2124 4918 3711 4995; baseline -0.004 -15"><span class='ocrx_word' id='word_1_864' title='bbox 2124 4941 2281 4980; x_wconf 90' lang='lat' dir='ltr'><strong>suum</strong></span> <span class='ocrx_word' id='word_1_865' title='bbox 2310 4940 2463 4995; x_wconf 65' lang='lat' dir='ltr'><strong>aeque</strong></span> <span class='ocrx_word' id='word_1_866' title='bbox 2494 4924 2722 4979; x_wconf 87' lang='lat' dir='ltr'><strong>liberum</strong></span> <span class='ocrx_word' id='word_1_867' title='bbox 2750 4922 2820 4978; x_wconf 84' lang='lat' dir='ltr'><strong>ad</strong></span> <span class='ocrx_word' id='word_1_868' title='bbox 2840 4922 3118 4978; x_wconf 86' lang='lat' dir='ltr'><strong>servitium</strong></span> <span class='ocrx_word' id='word_1_869' title='bbox 3152 4921 3245 4975; x_wconf 91' lang='lat' dir='ltr'><strong>Dei</strong></span> <span class='ocrx_word' id='word_1_870' title='bbox 3288 4920 3509 4985; x_wconf 79' lang='lat' dir='ltr'><strong>oﬁ&#39;erre,</strong></span> <span class='ocrx_word' id='word_1_871' title='bbox 3555 4918 3711 4989; x_wconf 81' lang='lat' dir='ltr'><strong>jubet</strong></span> 
     </span>
    </p>
   </div>
   <div class='ocr_carea' id='block_1_110' title="bbox 2124 5014 3710 5087">
    <p class='ocr_par' dir='ltr' id='par_1_110' title="bbox 2124 5014 3710 5087">
     <span class='ocr_line' id='line_1_110' title="bbox 2124 5014 3710 5087; baseline -0.003 -13"><span class='ocrx_word' id='word_1_872' title='bbox 2124 5020 2437 5073; x_wconf 87' lang='lat' dir='ltr'><strong>universum</strong></span> <span class='ocrx_word' id='word_1_873' title='bbox 2466 5017 2742 5087; x_wconf 88' lang='lat' dir='ltr'><strong>populum,</strong></span> <span class='ocrx_word' id='word_1_874' title='bbox 2773 5030 2939 5069; x_wconf 89' lang='lat' dir='ltr'><strong>unam</strong></span> <span class='ocrx_word' id='word_1_875' title='bbox 2978 5015 3177 5069; x_wconf 86' lang='lat' dir='ltr'><strong>tribum</strong></span> <span class='ocrx_word' id='word_1_876' title='bbox 3208 5014 3274 5069; x_wconf 92' lang='lat' dir='ltr'><strong>de</strong></span> <span class='ocrx_word' id='word_1_877' title='bbox 3316 5014 3601 5070; x_wconf 89' lang='lat' dir='ltr'><strong>duodecim</strong></span> <span class='ocrx_word' id='word_1_878' title='bbox 3647 5016 3710 5070; x_wconf 82' lang='lat' dir='ltr'><strong>si-</strong></span> 
     </span>
    </p>
   </div>
   <div class='ocr_carea' id='block_1_111' title="bbox 2120 5105 3706 5173">
    <p class='ocr_par' dir='ltr' id='par_1_111' title="bbox 2120 5105 3706 5173">
     <span class='ocr_line' id='line_1_111' title="bbox 2120 5105 3706 5173; baseline -0.002 -6"><span class='ocrx_word' id='word_1_879' title='bbox 2120 5111 2233 5167; x_wconf 88' lang='lat' dir='ltr'><strong>mul</strong></span> <span class='ocrx_word' id='word_1_880' title='bbox 2266 5118 2433 5165; x_wconf 90' lang='lat' dir='ltr'><strong>totam</strong></span> <span class='ocrx_word' id='word_1_881' title='bbox 2458 5108 2653 5164; x_wconf 65' lang='lat' dir='ltr'><strong>oﬁ‘erre</strong></span> <span class='ocrx_word' id='word_1_882' title='bbox 2682 5107 2749 5161; x_wconf 88' lang='lat' dir='ltr'><strong>ad</strong></span> <span class='ocrx_word' id='word_1_883' title='bbox 2781 5107 3185 5162; x_wconf 88' lang='lat' dir='ltr'><strong>tabernaculum</strong></span> <span class='ocrx_word' id='word_1_884' title='bbox 3215 5105 3457 5173; x_wconf 72' lang='lat' dir='ltr'><strong>fcederis,</strong></span> <span class='ocrx_word' id='word_1_885' title='bbox 3495 5118 3553 5163; x_wconf 90' lang='lat' dir='ltr'><strong>et</strong></span> <span class='ocrx_word' id='word_1_886' title='bbox 3573 5124 3706 5164; x_wconf 88' lang='lat' dir='ltr'><strong>con-</strong></span> 
     </span>
    </p>
   </div>
   <div class='ocr_carea' id='block_1_112' title="bbox 2123 5196 3704 5257">
    <p class='ocr_par' dir='ltr' id='par_1_112' title="bbox 2123 5196 3704 5257">
     <span class='ocr_line' id='line_1_112' title="bbox 2123 5196 3704 5257; baseline -0.002 -1"><span class='ocrx_word' id='word_1_887' title='bbox 2123 5216 2341 5257; x_wconf 89' lang='lat' dir='ltr'><strong>secrare</strong></span> <span class='ocrx_word' id='word_1_888' title='bbox 2381 5199 2455 5255; x_wconf 91' lang='lat' dir='ltr'><strong>ibi</strong></span> <span class='ocrx_word' id='word_1_889' title='bbox 2498 5200 2553 5254; x_wconf 87' lang='lat' dir='ltr'><strong>in</strong></span> <span class='ocrx_word' id='word_1_890' title='bbox 2598 5197 2925 5253; x_wconf 89' lang='lat' dir='ltr'><strong>oblationem</strong></span> <span class='ocrx_word' id='word_1_891' title='bbox 2970 5196 3199 5252; x_wconf 91' lang='lat' dir='ltr'><strong>Domino</strong></span> <span class='ocrx_word' id='word_1_892' title='bbox 3228 5198 3295 5252; x_wconf 90' lang='lat' dir='ltr'><strong>ad</strong></span> <span class='ocrx_word' id='word_1_893' title='bbox 3340 5197 3704 5254; x_wconf 88' lang='lat' dir='ltr'><strong>ministerium</strong></span> 
     </span>
    </p>
   </div>
   <div class='ocr_carea' id='block_1_113' title="bbox 2118 5288 3706 5365">
    <p class='ocr_par' dir='ltr' id='par_1_113' title="bbox 2118 5288 3706 5365">
     <span class='ocr_line' id='line_1_113' title="bbox 2118 5288 3706 5365; baseline -0.003 -16"><span class='ocrx_word' id='word_1_894' title='bbox 2118 5294 2257 5365; x_wconf 90' lang='lat' dir='ltr'><strong>ejus.</strong></span> <span class='ocrx_word' id='word_1_895' title='bbox 2302 5292 2494 5349; x_wconf 90' lang='lat' dir='ltr'><strong>Utrum</strong></span> <span class='ocrx_word' id='word_1_896' title='bbox 2541 5300 2671 5346; x_wconf 90' lang='lat' dir='ltr'><strong>tunc</strong></span> <span class='ocrx_word' id='word_1_897' title='bbox 2700 5289 2914 5345; x_wconf 90' lang='lat' dir='ltr'><strong>videtur</strong></span> <span class='ocrx_word' id='word_1_898' title='bbox 2947 5288 3207 5359; x_wconf 91' lang='lat' dir='ltr'><strong>majorem</strong></span> <span class='ocrx_word' id='word_1_899' title='bbox 3235 5298 3565 5360; x_wconf 88' lang='lat' dir='ltr'><strong>potestatem</strong></span> <span class='ocrx_word' id='word_1_900' title='bbox 3612 5291 3706 5345; x_wconf 83' lang='lat' dir='ltr'><strong>ha-</strong></span> 
     </span>
    </p>
   </div>
   <div class='ocr_carea' id='block_1_114' title="bbox 2119 5381 3701 5446">
    <p class='ocr_par' dir='ltr' id='par_1_114' title="bbox 2119 5381 3701 5446">
     <span class='ocr_line' id='line_1_114' title="bbox 2119 5381 3701 5446; baseline -0.003 -4"><span class='ocrx_word' id='word_1_901' title='bbox 2119 5388 2249 5443; x_wconf 90' lang='lat' dir='ltr'><strong>bere</strong></span> <span class='ocrx_word' id='word_1_902' title='bbox 2274 5386 2415 5442; x_wconf 92' lang='lat' dir='ltr'><strong>ﬁlios</strong></span> <span class='ocrx_word' id='word_1_903' title='bbox 2440 5384 2607 5441; x_wconf 84' lang='lat' dir='ltr'><strong>Israel</strong></span> <span class='ocrx_word' id='word_1_904' title='bbox 2635 5384 2691 5438; x_wconf 93' lang='lat' dir='ltr'><strong>in</strong></span> <span class='ocrx_word' id='word_1_905' title='bbox 2720 5382 2979 5439; x_wconf 86' lang='lat' dir='ltr'><strong>fratribus</strong></span> <span class='ocrx_word' id='word_1_906' title='bbox 3008 5381 3124 5438; x_wconf 92' lang='lat' dir='ltr'><strong>suis</strong></span> <span class='ocrx_word' id='word_1_907' title='bbox 3154 5381 3364 5445; x_wconf 83' lang='lat' dir='ltr'><strong>Levitis</strong></span> <span class='ocrx_word' id='word_1_908' title='bbox 3388 5382 3701 5446; x_wconf 84' lang='lat' dir='ltr'><strong>oﬁ&#39;erendis,</strong></span> 
     </span>
    </p>
   </div>
   <div class='ocr_carea' id='block_1_115' title="bbox 2117 5472 3703 5548">
    <p class='ocr_par' dir='ltr' id='par_1_115' title="bbox 2117 5472 3703 5548">
     <span class='ocr_line' id='line_1_115' title="bbox 2117 5472 3703 5548; baseline -0.003 -17"><span class='ocrx_word' id='word_1_909' title='bbox 2117 5478 2315 5547; x_wconf 91' lang='lat' dir='ltr'><strong>quibus</strong></span> <span class='ocrx_word' id='word_1_910' title='bbox 2353 5484 2475 5548; x_wconf 89' lang='lat' dir='ltr'><strong>post</strong></span> <span class='ocrx_word' id='word_1_911' title='bbox 2517 5474 2845 5530; x_wconf 87' lang='lat' dir='ltr'><strong>oblationem</strong></span> <span class='ocrx_word' id='word_1_912' title='bbox 2901 5473 3120 5528; x_wconf 90' lang='lat' dir='ltr'><strong>decreto</strong></span> <span class='ocrx_word' id='word_1_913' title='bbox 3164 5472 3380 5528; x_wconf 88' lang='lat' dir='ltr'><strong>Domini</strong></span> <span class='ocrx_word' id='word_1_914' title='bbox 3433 5473 3703 5543; x_wconf 84' lang='lat' dir='ltr'><strong>abnegata</strong></span> 
     </span>
    </p>
   </div>
   <div class='ocr_carea' id='block_1_116' title="bbox 2116 5564 3703 5634">
    <p class='ocr_par' dir='ltr' id='par_1_116' title="bbox 2116 5564 3703 5634">
     <span class='ocr_line' id='line_1_116' title="bbox 2116 5564 3703 5634; baseline -0.003 -12"><span class='ocrx_word' id='word_1_915' title='bbox 2116 5578 2202 5622; x_wconf 90' lang='lat' dir='ltr'><strong>est</strong></span> <span class='ocrx_word' id='word_1_916' title='bbox 2223 5585 2343 5621; x_wconf 86' lang='lat' dir='ltr'><strong>sors</strong></span> <span class='ocrx_word' id='word_1_917' title='bbox 2407 5568 2588 5619; x_wconf 90' lang='lat' dir='ltr'><strong>omnis</strong></span> <span class='ocrx_word' id='word_1_918' title='bbox 2633 5564 2967 5619; x_wconf 83' lang='lat' dir='ltr'><strong>baereditatis</strong></span> <span class='ocrx_word' id='word_1_919' title='bbox 3018 5571 3249 5620; x_wconf 70' lang='lat' dir='ltr'><strong>terrente</strong></span> <span class='ocrx_word' id='word_1_920' title='bbox 3275 5604 3291 5631; x_wconf 97' lang='lat'><strong>,</strong></span> <span class='ocrx_word' id='word_1_921' title='bbox 3337 5572 3394 5620; x_wconf 91' lang='lat' dir='ltr'><strong>et</strong></span> <span class='ocrx_word' id='word_1_922' title='bbox 3430 5564 3703 5634; x_wconf 87' lang='lat' dir='ltr'><strong>possessio</strong></span> 
     </span>
    </p>
   </div>
   <div class='ocr_carea' id='block_1_117' title="bbox 2118 5655 3699 5727">
    <p class='ocr_par' dir='ltr' id='par_1_117' title="bbox 2118 5655 3699 5727">
     <span class='ocr_line' id='line_1_117' title="bbox 2118 5655 3699 5727; baseline -0.001 -14"><span class='ocrx_word' id='word_1_923' title='bbox 2118 5657 2263 5713; x_wconf 88' lang='lat' dir='ltr'><strong>inter</strong></span> <span class='ocrx_word' id='word_1_924' title='bbox 2299 5665 2527 5712; x_wconf 66' lang='lat' dir='ltr'><strong>caeteras</strong></span> <span class='ocrx_word' id='word_1_925' title='bbox 2564 5655 2737 5711; x_wconf 88' lang='lat' dir='ltr'><strong>tribus</strong></span> <span class='ocrx_word' id='word_1_926' title='bbox 2778 5657 2965 5712; x_wconf 88' lang='lat' dir='ltr'><strong>haberi</strong></span> <span class='ocrx_word' id='word_1_927' title='bbox 3001 5673 3013 5710; x_wconf 93' lang='lat'>:</span> <span class='ocrx_word' id='word_1_928' title='bbox 3054 5656 3139 5712; x_wconf 91' lang='lat' dir='ltr'><strong>vel</strong></span> <span class='ocrx_word' id='word_1_929' title='bbox 3172 5665 3383 5727; x_wconf 90' lang='lat' dir='ltr'><strong>patrem</strong></span> <span class='ocrx_word' id='word_1_930' title='bbox 3418 5672 3544 5712; x_wconf 90' lang='lat' dir='ltr'><strong>cum</strong></span> <span class='ocrx_word' id='word_1_931' title='bbox 3590 5656 3699 5711; x_wconf 87' lang='lat' dir='ltr'><strong>ﬁlio</strong></span> 
     </span>
    </p>
   </div>
   <div class='ocr_carea' id='block_1_118' title="bbox 2116 5748 3698 5820">
    <p class='ocr_par' dir='ltr' id='par_1_118' title="bbox 2116 5748 3698 5820">
     <span class='ocr_line' id='line_1_118' title="bbox 2116 5748 3698 5820; baseline 0 -18"><span class='ocrx_word' id='word_1_932' title='bbox 2116 5749 2336 5820; x_wconf 87' lang='lat' dir='ltr'><strong>proprio</strong></span> <span class='ocrx_word' id='word_1_933' title='bbox 2382 5749 2559 5804; x_wconf 90' lang='lat' dir='ltr'><strong>adhuc</strong></span> <span class='ocrx_word' id='word_1_934' title='bbox 2607 5748 2823 5818; x_wconf 88' lang='lat' dir='ltr'><strong>quidem</strong></span> <span class='ocrx_word' id='word_1_935' title='bbox 2880 5760 3078 5804; x_wconf 62' lang='lat' dir='ltr'><strong>tenerae</strong></span> <span class='ocrx_word' id='word_1_936' title='bbox 3129 5750 3325 5813; x_wconf 71' lang='lat' dir='ltr'><strong>aetatis,</strong></span> <span class='ocrx_word' id='word_1_937' title='bbox 3364 5756 3419 5803; x_wconf 92' lang='lat' dir='ltr'><strong>et</strong></span> <span class='ocrx_word' id='word_1_938' title='bbox 3462 5748 3698 5804; x_wconf 87' lang='lat' dir='ltr'><strong>nondum</strong></span> 
     </span>
    </p>
   </div>
   <div class='ocr_carea' id='block_1_119' title="bbox 2117 5840 3696 5914">
    <p class='ocr_par' dir='ltr' id='par_1_119' title="bbox 2117 5840 3696 5914">
     <span class='ocr_line' id='line_1_119' title="bbox 2117 5840 3696 5914; baseline -0.004 -10"><span class='ocrx_word' id='word_1_939' title='bbox 2117 5840 2416 5904; x_wconf 72' lang='lat' dir='ltr'><strong>secundum</strong></span> <span class='ocrx_word' id='word_1_940' title='bbox 2455 5840 2631 5912; x_wconf 83' lang='lat' dir='ltr'><strong>legem</strong></span> <span class='ocrx_word' id='word_1_941' title='bbox 2686 5840 2770 5896; x_wconf 93' lang='lat' dir='ltr'><strong>sui</strong></span> <span class='ocrx_word' id='word_1_942' title='bbox 2805 5841 2944 5913; x_wconf 89' lang='lat' dir='ltr'><strong>juris</strong></span> <span class='ocrx_word' id='word_1_943' title='bbox 2992 5851 3087 5898; x_wconf 87' lang='lat' dir='ltr'><strong>aut</strong></span> <span class='ocrx_word' id='word_1_944' title='bbox 3127 5842 3417 5914; x_wconf 76' lang='lat' dir='ltr'><strong>potestatis</strong></span> <span class='ocrx_word' id='word_1_945' title='bbox 3456 5842 3696 5897; x_wconf 65' lang='lat' dir='ltr'><strong>existen-I</strong></span> 
     </span>
    </p>
   </div>
  </div>
