3974 6440
261 411 376 469 425

1328 417 1532 476 LIBER
1567 419 1656 476 DE
1692 419 2076 480 OBLATIONE
2115 419 2518 480 PUEBORUM.

3428 425 3534 483 (26

266 533 415 594 tem;
457 540 583 582 cum
621 541 746 582 eum
781 527 1078 584 secundum
1123 536 1321 585 sanctae
1354 529 1574 604 Regulae
1609 534 1857 590 instituta
1884 541 1935 601 Α
1963 535 2206 606 gitimam
2253 548 2372 590 esse
2417 535 2747 592 oblationem
2793 544 3079 608 parentum
3128 536 3185 594 in
3230 538 3358 596 ﬁliis
3399 541 3534 609 suis,

265 619 520 676 omnibus
563 619 850 676 mundanis
876 621 1022 677 curis
1051 623 1412 694 negotiisque,
1439 634 1604 698 atque
1642 642 1854 698 posses-

267 711 514 768 sionibus
553 720 808 779 exutum,
852 713 952 768 soli
993 713 1105 770 Deo
1149 716 1215 770 ad
1255 717 1598 773 serviendum
1641 719 1841 775 manci-

263 817 401 874 pare
423 804 770 860 decreverit?
805 804 967 862 Aliud
1017 816 1102 862 est
1144 808 1290 863 enim
1333 808 1401 864 ab
1425 811 1618 881 aequali
1672 828 1854 883 aequa-

263 894 374 951 lem
416 896 582 962 tradi,
615 903 672 951 et
711 895 858 953 aliud
894 913 926 953 a
968 897 1174 968 majore
1218 900 1486 956 minorem
1528 902 1689 958 alicui
1728 906 1850 960 sub-

256 987 378 1058 jici.
411 987 559 1042 Inter
597 987 834 1058 aequales
871 989 1018 1044 enim
1060 1005 1203 1061 saepe
1253 992 1614 1050 contradictio
1642 995 1846 1062 oritur,

263 1096 334 1135 ne
370 1097 481 1136 una
509 1097 636 1153 pars
679 1081 906 1138 alteram
934 1091 1170 1154 superet,
1203 1093 1297 1140 aut
1325 1087 1536 1142 servire
1579 1097 1845 1160 cogatur:

262 1172 359 1226 sed
401 1173 547 1233 inter
575 1172 840 1243 majorem
884 1182 940 1228 et
977 1176 1242 1232 minorem
1283 1178 1430 1233 nulla
1461 1180 1600 1236 ratio
1643 1182 1848 1249 existit,

261 1265 409 1333 quod
429 1264 614 1334 junior
632 1266 854 1337 majoris
873 1265 1098 1337 imperio
1118 1269 1339 1324 omnino
1363 1286 1422 1326 se
1444 1287 1553 1326 non
1575 1273 1846 1344 subjiciat.

261 1353 322 1408 Si
345 1355 492 1410 enim
517 1357 801 1426 imperium
836 1357 1049 1414 Domini
1071 1367 1127 1414 et
1161 1361 1217 1414 in
1242 1360 1558 1430 majoribus,
1586 1373 1641 1420 et
1667 1364 1721 1418 in
1750 1366 1852 1421 mi-

259 1448 489 1502 noribus
519 1448 726 1518 justum
770 1457 855 1504 est
893 1464 908 1503 :
937 1466 1035 1505 cur
1064 1466 1172 1507 non
1199 1463 1414 1509 cessant
1459 1456 1584 1510 vani
1611 1472 1852 1514 murmu-

259 1549 474 1596 ratores
513 1541 626 1608 isti,
656 1549 712 1597 et
738 1542 1052 1611 iniquarum
1078 1545 1469 1616 compositores
1506 1547 1848 1618 querelarum

257 1631 470 1704 legibus
498 1634 593 1690 Dei
633 1634 949 1702 detrahere;
990 1643 1153 1707 atque
1178 1645 1366 1694 contra
1395 1638 1545 1694 illum
1580 1640 1727 1711 loqui
1751 1656 1850 1696 ne-

257 1724 490 1792 quitiam
518 1766 534 1792 ,
575 1725 667 1795 qui
709 1726 905 1782 coelum
944 1735 999 1782 et
1041 1735 1264 1796 terram,
1309 1739 1365 1786 et
1405 1733 1588 1787 omnia
1631 1748 1752 1803 quae
1789 1734 1847 1788 in

256 1814 340 1868 eis
374 1823 502 1870 sunt
537 1817 764 1885 creavit,
810 1819 979 1891 regit,
1024 1828 1079 1876 et
1117 1823 1415 1878 secundum
1459 1839 1613 1879 suam
1657 1825 1847 1880 volun-

1956 643 2127 698 pauca
2163 627 2231 682 de
2253 627 2498 698 pluribus
2523 643 2975 685 commemorasse
3001 629 3232 686 sufﬁciat
3256 648 3269 685 :
3301 647 3448 688 nunc
3470 647 3538 688 ea

1955 733 2075 788 quae
2125 719 2193 774 de
2231 718 2480 774 Iudicum
2529 726 2692 789 atque
2724 719 2932 790 Regum
2988 721 3322 793 temporibus
3365 722 3536 780 menti

1955 817 2267 878 occurrunt,
2317 811 2387 867 ad
2438 810 2864 866 conﬁrmandam
2913 813 3162 870 eamdem
3210 830 3350 882 rem,
3396 815 3536 886 stylo

1953 899 2312 972 proferamus.
2359 901 2581 972 Legitur
2617 901 2672 956 in
2706 900 2846 957 libro
2883 901 3133 960 Judicum
3169 905 3315 974 quod
3342 903 3537 975 Iephte

1954 990 2285 1058 Galaadites,
2313 992 2398 1046 vir
2424 989 2773 1060 fortissimus,
2801 1010 2922 1050 cum
2958 995 3158 1051 bellum
3186 1005 3377 1052 contra
3406 996 3537 1052 Am-

1952 1084 2187 1140 monitas
2237 1098 2399 1154 agere
2454 1082 2832 1155 disposuisset,
2881 1095 2943 1140 ut
2987 1095 3204 1143 erueret
3257 1087 3425 1142 Israel
3469 1088 3538 1144 de

1952 1190 2118 1230 manu
2144 1189 2354 1240 eorum,
2385 1174 2528 1231 facto
2565 1191 2726 1246 super
2761 1192 2820 1233 se
2851 1178 3042 1247 spiritu
3068 1179 3182 1244 Dei,
3219 1188 3403 1235 votum
3435 1195 3536 1235 vo-

1951 1266 2093 1320 verit
2124 1265 2373 1332 Domino,
2403 1266 2587 1322 dicens
2619 1285 2633 1322 :
2684 1285 2701 1318 (
2739 1266 2797 1322 Si
2826 1254 3112 1324 tradideris
3135 1269 3276 1326 ﬁlios
3301 1272 3534 1326 Ammon

1951 1356 2009 1412 in
2047 1371 2242 1412 manus
2278 1372 2448 1423 meas,
2484 1359 2790 1429 quicunque
2835 1359 3002 1414 fuerit
3042 1361 3251 1431 primus
3287 1378 3538 1434 egressus

1953 1447 2020 1502 de
2052 1445 2262 1504 foribus
2311 1449 2501 1504 domus
2528 1464 2686 1517 meae,
2717 1451 2960 1521 mihique
3007 1454 3309 1509 occurrerit
3355 1469 3539 1509 rever-

1951 1539 2090 1595 tenti
2131 1556 2255 1595 cum
2293 1556 2427 1612 pace
2469 1556 2502 1596 a
2536 1541 2660 1598 ﬁliis
2695 1543 2948 1609 Ammon,
2990 1559 3115 1598 eum
3161 1545 3538 1600 holocaustum

1953 1629 2174 1686 offeram
2205 1632 2451 1688 Domino.
2505 1631 2884 1704 Transivitque
2909 1633 3102 1704 Jephte
3146 1635 3215 1690 ad
3243 1634 3382 1691 ﬁlios
3410 1635 3539 1690 Amo

1951 1737 2103 1790 mon,
2148 1730 2208 1776 ut
2239 1731 2506 1794 pugnaret
2551 1730 2740 1779 contra
2775 1739 2891 1790 eos,
2921 1740 3057 1794 quos
3104 1725 3324 1780 tradidit
3357 1725 3541 1780 Domi-

1951 1830 2057 1870 nus
2099 1813 2156 1868 in
2201 1830 2394 1870 manus
2441 1813 2576 1884 ejus.
2626 1816 3004 1886 Percussitque
3053 1816 3122 1871 ab
3149 1816 3317 1883 Aner,
3364 1833 3538 1887 usque

257 1912 431 1959 tatem
461 1906 736 1977 disponit?
757 1909 994 1966 maxime
1020 1925 1143 1966 cum
1168 1927 1268 1983 per
1295 1911 1642 1969 Psalmistam
1664 1915 1842 1971 incre-

1948 1907 2077 1962 dum
2125 1907 2312 1962 venias
2355 1907 2410 1961 in
2436 1907 2698 1974 Mennith,
2730 1909 2921 1979 viginti
2969 1909 3237 1976 civitates,
3274 1917 3330 1964 et
3365 1924 3538 1980 usque

253 1997 441 2066 pando
469 1998 602 2054 tales
651 1997 882 2070 Spiritus
927 2011 1147 2059 sanctus
1193 2004 1269 2059 ita
1309 2004 1581 2074 loquatur,
1615 2007 1841 2063 dicens:

261 2105 284 2139 ‹
325 2087 503 2144 Nolite
527 2091 780 2148 extollere
807 2094 862 2147 in
908 2094 1078 2151 altum
1112 2111 1282 2152 cornu
1308 2106 1568 2166 vestrum,
1595 2107 1650 2154 et
1677 2100 1848 2158 nolite

253 2178 409 2250 loqui
437 2182 694 2240 adversus
739 2184 911 2241 Deum
960 2188 1344 2258 iniquitatem:
1389 2190 1519 2260 quia
1563 2205 1740 2261 neque
1777 2195 1846 2250 ab

251 2271 484 2340 oriente,
524 2289 701 2345 neque
732 2293 763 2331 a
790 2277 1018 2333 desertis
1057 2281 1349 2348 montibus,
1397 2283 1655 2352 quoniam
1700 2283 1846 2340 Deus

248 2361 418 2431 judex
443 2377 545 2421 est.
599 2387 620 2419 ›
669 2367 1118 2441 Meminerintque
1154 2373 1299 2429 illius
1334 2377 1636 2443 sententiae,
1682 2393 1844 2446 quam

250 2455 422 2512 ludas
471 2460 746 2530 apostolus
797 2463 853 2517 in
906 2480 1002 2519 sua
1049 2465 1288 2534 Epistola
1335 2469 1561 2539 protulit
1606 2469 1791 2526 dicens
1827 2490 1839 2525 :

259 2569 280 2600 ε
312 2551 754 2620 Subintroierunt
775 2557 995 2626 quidam
1021 2559 1289 2627 homines,
1318 2563 1410 2632 qui
1435 2562 1563 2617 olim
1588 2564 1842 2634 praescri-

250 2643 335 2713 pti
371 2655 498 2700 sunt
525 2646 583 2700 in
608 2647 1016 2717 hocjudicium,
1057 2652 1227 2723 impii,
1270 2655 1366 2708 Dei
1402 2655 1576 2711 nostri
1616 2657 1844 2726 gratiam

254 2737 650 2795 transferentes
697 2742 753 2796 in
795 2741 1086 2811 luxuriam,
1125 2751 1182 2799 et
1227 2745 1400 2801 solum
1445 2747 1842 2803 dominatorem

253 2826 546 2884 Dominum
597 2839 842 2886 nostrum
905 2832 1088 2889 Iesum
1145 2833 1422 2890 Christum
1480 2846 1759 2907 negantes.
1817 2858 1836 2890 ι

253 2916 464 2985 Quibus
522 2928 576 2975 et
622 2921 783 2991 paulo
836 2931 958 2992 post
1000 2925 1056 2978 in
1094 2925 1282 2979 eadem
1335 2925 1576 2995 Epistola
1619 2928 1842 2984 commi-

250 3011 438 3066 nando
462 3011 793 3083 subjungens
817 3015 893 3069 ait
919 3033 931 3069 :
972 3035 990 3067 (
1020 3014 1113 3070 Vae
1139 3016 1245 3072 illis
1269 3018 1361 3086 qui
1386 3018 1472 3071 via
1514 3017 1648 3073 Cain
1693 3019 1842 3074 abie-

250 3109 407 3167 runt,
437 3111 490 3157 et
515 3119 702 3161 errore
724 3105 949 3161 Balaam
976 3105 1131 3161 eﬂ'usi
1160 3118 1306 3174 sunt,
1330 3117 1385 3163 et
1410 3110 1842 3166 contradictione

248 3190 397 3250 Core
438 3196 719 3265 perierunt
767 3216 779 3251 :
835 3198 893 3252 hi
937 3209 1064 3254 sunt
1111 3200 1167 3254 in
1214 3201 1387 3272 epulis
1427 3202 1540 3257 suis
1583 3201 1835 3270 maculae,

1951 1999 2020 2055 ad
2044 1999 2196 2064 Abel,
2227 2015 2347 2070 quae
2376 2009 2458 2055 est
2482 2001 2654 2056 vineis
2681 2002 2910 2068 consita,
2941 2001 3100 2073 plaga
3131 2017 3326 2070 magna
3348 2002 3533 2057 nimis.

1949 2092 2338 2163 Humiliatique
2386 2103 2510 2149 sunt
2561 2093 2656 2148 ﬁlii
2693 2085 2926 2150 Ammon
2974 2111 3005 2149 a
3041 2094 3166 2150 ﬁliis
3207 2094 3394 2150 Israel.
3430 2096 3536 2150 Be-

1948 2186 2180 2239 vertenti
2243 2194 2423 2240 autem
2471 2184 2664 2256 Jephte
2715 2187 2772 2242 in
2816 2185 3038 2258 Maspha
3086 2187 3306 2242 domum
3358 2203 3532 2251 suam,

1947 2279 2186 2335 occurrit
2229 2280 2504 2348 unigenita
2556 2280 2665 2334 ﬁlia
2718 2296 2844 2337 cum
2900 2281 3170 2352 tympanis
3215 2288 3270 2335 et
3314 2279 3531 2334 choris:

1945 2388 2053 2427 non
2092 2372 2234 2428 enim
2274 2371 2508 2428 habebat
2542 2374 2676 2430 alios
2710 2373 2928 2431 liberos.
2965 2373 3081 2440 Qua
3105 2373 3220 2427 visa
3257 2372 3418 2427 scidit
3442 2385 3536 2424 ve-

1946 2465 2204 2520 stimenta
2252 2481 2371 2532 sua,
2403 2475 2458 2520 et
2485 2466 2560 2521 ait
2595 2466 2772 2532 :Heu,
2821 2465 2933 2520 ﬁlia
2969 2465 3075 2519 mi!
3119 2463 3378 2532 decepisti
3423 2477 3531 2527 me,

1945 2561 2001 2609 et
2026 2554 2142 2625 ipsa
2169 2555 2393 2625 decepta
2421 2570 2500 2611 es.
2545 2555 2745 2624 Aperui
2775 2555 2920 2610 enim
2947 2569 3009 2610 os
3040 2569 3220 2608 meum
3252 2553 3316 2606 ad
3343 2551 3532 2605 Domi-

1945 2663 2098 2714 num,
2126 2655 2181 2701 et
2210 2647 2355 2702 aliud
2384 2647 2566 2702 facere
2595 2663 2704 2702 non
2732 2656 2940 2718 potero.
2978 2644 3077 2701 Cui
3107 2644 3196 2699 illa
3223 2642 3531 2713 respondit:

1945 2739 2109 2796 Pater
2151 2741 2244 2804 mi,
2299 2741 2346 2796 si
2388 2741 2647 2811 aperuisti
2692 2756 2754 2796 os
2788 2749 2939 2796 tuum
2989 2739 3057 2793 ad
3084 2738 3391 2802 Dominum,
3446 2734 3536 2790 fac

1944 2833 2077 2887 mihi
2107 2834 2465 2906 quodcunque
2499 2834 2770 2904 pollicitus
2798 2850 2878 2901 es,
2908 2847 3168 2889 concessa
3202 2831 3297 2886 tibi
3329 2830 3531 2884 ultione

1944 2934 2106 2994 atque
2135 2926 2361 2982 victoria
2391 2927 2456 2982 de
2484 2927 2728 2982 hostibus
2756 2926 2881 2981 tuis.
2912 2923 3166 2993 Dixitque
3190 2923 3258 2976 ad
3281 2929 3493 2992 patrem
3518 2938 3530 2973 :

1942 3017 2057 3074 Hoc
2104 3021 2279 3076 solum
2316 3021 2451 3075 mihi
2476 3029 2694 3091 praesta,
2725 3019 2868 3090 quod
2908 3027 2961 3073 te
2994 3019 3295 3089 deprecor:
3325 3015 3534 3071 dimitte

1941 3126 2049 3176 me,
2111 3119 2172 3166 ut
2215 3111 2426 3167 duobus
2483 3112 2759 3167 mensibus
2811 3111 3141 3167 circumeam
3191 3116 3426 3171 montes,
3479 3114 3536 3159 et

1941 3204 2190 3273 plangam
2220 3205 2584 3275 virginitatem
2621 3221 2796 3260 meam
2833 3219 2954 3258 cum
2982 3203 3272 3259 sodalibus.
3312 3200 3409 3255 Cui
3440 3199 3530 3252 ille

250 3286 606 3344 convivantes
634 3289 751 3344 sine
793 3289 1010 3357 timore,
1039 3294 1362 3361 semetipsos
1384 3303 1700 3362 pascentes;
1729 3311 1833 3350 nu-
1863 3288 1909 3353 C
1942 3291 2258 3362 respondit:
2283 3295 2449 3349 Vade.
2504 3295 2571 3348 Et
2598 3295 2801 3350 dimisit
2829 3310 2948 3349 eam
2982 3293 3189 3348 duobus
3221 3291 3527 3352 mensibus;

245 3375 353 3434 bes
376 3379 492 3434 sine
520 3397 678 3451 aqua,
708 3397 830 3452 quae
865 3399 898 3437 a
928 3384 1103 3439 ventis
1139 3384 1597 3440 circumferuntur
1621 3400 1638 3440 :
1681 3386 1839 3441 arbo-

248 3485 344 3526 res
373 3473 734 3540 autumnales,
786 3473 1158 3543 infructuosm,
1203 3477 1288 3532 bis
1344 3484 1592 3544 mortuae,
1664 3477 1841 3532 eradi-

247 3571 389 3616 catae
414 3581 427 3615 :
474 3562 670 3619 ﬂuctus
701 3564 804 3619 feri
840 3567 1024 3630 maris,
1059 3576 1115 3621 et
1141 3568 1526 3636 despumantes
1555 3585 1680 3624 suas
1703 3585 1838 3626 con-

245 3652 493 3709 fusiones
523 3673 535 3707 :
576 3655 755 3709 sidera
788 3657 1054 3723 errantia,
1083 3659 1280 3729 quibus
1319 3660 1555 3729 procella
1593 3662 1841 3716 tenebra-

243 3760 375 3801 rum
402 3746 459 3800 in
484 3754 747 3801 aeternum
770 3756 983 3803 servata
1017 3756 1117 3805 est.
1156 3769 1174 3802 ι
1219 3751 1319 3807 Via
1343 3751 1475 3806 Cain
1500 3753 1721 3819 abeunt,
1747 3753 1842 3822 qui

243 3845 478 3909 propter
522 3839 781 3894 invidiam
826 3841 1132 3909 meliorum,
1161 3858 1360 3899 nomen
1386 3845 1488 3899 sibi
1516 3845 1797 3901 doctorum
1822 3887 1836 3911 ,

245 3943 360 3997 quo
407 3928 856 3997 honoriﬁcantur,
895 3941 1194 3988 assumunt.
1237 3933 1438 3989 Errore
1466 3933 1687 3988 Balaam
1713 3949 1839 4004 per-

246 4031 404 4090 eunt,
435 4025 551 4095 qui,
582 4041 766 4082 amore
797 4030 1137 4084 terrestrium
1171 4030 1604 4097 commodorum,
1637 4031 1842 4086 verita-

247 4125 381 4183 tem,
412 4133 575 4188 quam
604 4119 708 4189 ipsi
744 4128 966 4189 norunt,
1011 4122 1348 4194 impugnant.
1395 4121 1841 4178 Contradictione

246 4207 409 4275 Core,
455 4209 550 4279 qui
599 4211 755 4265 vivus
796 4212 865 4267 ad
917 4211 1131 4269 inferna
1173 4215 1470 4282 descendit,
1520 4216 1834 4284 intereunt,

247 4300 558 4371 quicunque
614 4303 856 4372 appetitu
885 4304 1111 4360 indebiti
1155 4306 1420 4376 primatus
1463 4322 1584 4362 sese
1620 4308 1688 4362 ab
1718 4308 1840 4362 uni-

248 4400 362 4446 tate
386 4401 586 4448 sanctm
614 4393 871 4450 Ecclesiae
914 4405 1227 4463 secernunt,
1258 4398 1600 4470 scientesque
1624 4405 1680 4454 et
1707 4413 1837 4469 prai-

246 4485 513 4551 videntes,
542 4494 807 4555 quantum
845 4487 974 4542 mali
999 4497 1190 4559 gerant
1232 4490 1520 4557 scelerum,
1564 4498 1745 4545 tamen
1771 4490 1840 4545 ad

249 4584 457 4630 tartara
501 4578 851 4632 descendunt.
884 4579 951 4632 Et
996 4579 1215 4650 quidem
1245 4580 1380 4635 Cain
1423 4581 1492 4636 de
1535 4579 1838 4636 fratricidio

1945 3400 2176 3454 cumque
2211 3385 2436 3442 abiisset
2463 3403 2585 3442 cum
2614 3389 2774 3442 sociis
2799 3402 2863 3441 ac
2893 3385 3164 3440 sodalibus
3202 3383 3334 3448 suis,
3372 3379 3537 3435 ﬁebat

1941 3476 2309 3548 virginitatem
2337 3493 2494 3533 suam
2540 3478 2596 3531 in
2624 3477 2918 3534 montibus.
2947 3475 3298 3546 Expletisque
3327 3472 3536 3527 duobus

1943 3567 2222 3624 mensibus
2271 3584 2487 3624 reversa
2535 3578 2618 3624 est
2666 3571 2734 3624 ad
2781 3577 3012 3638 patrem,
3046 3577 3101 3622 et
3144 3566 3273 3620 fecit
3312 3564 3362 3618 ei
3394 3564 3534 3618 sicut

1943 3669 2190 3727 voverat,
2219 3676 2340 3732 quae
2387 3661 2671 3732 ignorabat
2705 3661 2900 3715 virum.
2935 3680 2952 3712 ι
3013 3659 3098 3713 Ad
3146 3659 3262 3712 hazc
3297 3656 3423 3724 quid
3451 3670 3537 3708 re-

1944 3754 2210 3824 spondent
2239 3753 2328 3808 isti
2358 3753 2518 3809 amici
2548 3754 2674 3819 mei,
2707 3769 2936 3823 quorum
2964 3767 3144 3808 sermo
3177 3759 3318 3804 totus
3346 3764 3538 3802 versus

1944 3854 2028 3900 est
2062 3846 2116 3899 in
2147 3845 2581 3916 suggillationem
2610 3845 2816 3900 ordinis
2844 3845 3056 3904 nostri?
3104 3842 3235 3910 Quis
3269 3857 3396 3913 ergo
3425 3849 3536 3896 tam

1944 3937 2142 3992 stultus
2172 3947 2229 3992 et
2256 3945 2368 3992 tam
2393 3952 2685 4008 perversus
2710 3944 2818 4002 est,
2846 3944 2904 3991 ut
2929 3937 3074 3990 hunc
3099 3933 3290 4002 Jephte
3319 3930 3540 3986 sacrile-

1943 4045 2072 4101 gum
2103 4045 2222 4085 esse
2266 4030 2433 4096 dicat,
2475 4046 2574 4101 pro
2613 4045 2678 4086 eo
2710 4029 2854 4100 quod
2892 4028 3060 4083 ﬁliam
3104 4034 3326 4097 pr0pter
3349 4031 3536 4079 votum

1941 4123 2087 4192 quod
2116 4123 2228 4177 Deo
2253 4123 2418 4188 vovit,
2457 4121 2758 4177 obtulerit?
2788 4136 2912 4175 cum
2943 4118 3225 4188 Scriptura
3251 4117 3396 4172 dicat
3433 4116 3539 4170 hoc

1941 4229 2066 4270 eum
2116 4215 2310 4271 fecisse
2361 4213 2508 4270 facto
2557 4230 2720 4285 super
2749 4229 2873 4269 eum
2916 4213 3111 4282 spiritu
3138 4211 3268 4277 Dei;
3300 4209 3538 4265 maxime

1939 4321 2063 4361 cum
2101 4306 2299 4361 Paulus
2329 4306 2606 4378 apostolus
2639 4307 2694 4359 in
2718 4303 2958 4374 Epistola
2986 4319 3147 4374 quam
3187 4303 3255 4357 ad
3284 4302 3538 4357 Hebraeos

1940 4397 2158 4466 scripsit
2211 4412 2335 4453 eum
2385 4397 2442 4451 in
2486 4397 2730 4467 catalogo
2768 4404 3080 4451 sanctorum
3129 4401 3427 4450 enunieret.
3477 4392 3538 4446 Si

1939 4488 2085 4543 enim
2111 4488 2355 4558 patribus
2378 4487 2519 4542 illius
2548 4488 2807 4555 temporis
2831 4487 2984 4541 licuit
3005 4501 3105 4555 per
3137 4484 3339 4539 ferrum
3367 4485 3538 4538 ﬁlium

1943 4587 2038 4633 aut
2068 4578 2235 4633 ﬁliam
2260 4578 2372 4634 Deo
2402 4578 2620 4645 offerre,
2651 4593 2748 4632 cur
2771 4593 2882 4632 non
2910 4577 3071 4632 modo
3094 4575 3218 4630 licet
3253 4576 3408 4628 istius
3435 4575 3539 4628 aevi

246 4668 581 4738 cogitantem
611 4670 875 4726 Dominus
899 4674 1180 4742 corripuit,
1210 4675 1306 4729 sed
1327 4690 1452 4729 eum
1495 4675 1696 4728 invidia
1726 4675 1836 4730 sal-
1860 4643 1918 4701 D
1943 4667 2255 4726 hominibus
2301 4668 2542 4723 sobolem
2593 4683 2746 4722 suam
2787 4667 2899 4721 Deo
2941 4664 3296 4734 spiritualiter
3343 4679 3539 4718 conse-

246 4759 368 4811 vari
398 4774 507 4814 non
542 4761 685 4815 sivit.
729 4761 952 4817 Balaam
995 4763 1255 4819 adversus
1294 4765 1393 4820 Dei
1436 4765 1693 4837 populum
1735 4766 1840 4821 iter

247 4859 500 4922 agentem
551 4855 810 4910 Dominus
837 4857 1056 4910 vetuit:
1117 4856 1212 4912 sed
1255 4872 1409 4912 amor
1453 4857 1720 4926 pecuniae,
1770 4873 1840 4912 ne

248 4947 672 5016 obtemperaret,
712 4949 942 5004 obstitit.
989 4949 1128 5005 Core
1178 4952 1579 5021 superbientem
1628 4951 1838 5022 Moyses

248 5039 484 5094 Domino
499 5040 554 5094 in
581 5056 640 5095 se
657 5040 910 5110 loquente
930 5040 1101 5096 lenire
1121 5043 1361 5108 curavit;
1387 5042 1482 5097 sed
1504 5057 1629 5097 eum
1652 5041 1834 5108 elatio,

249 5147 374 5202 quae
417 5132 678 5198 fervebat,
712 5133 1072 5190 insanabilem
1117 5134 1368 5191 reddidit.
1427 5135 1522 5191 Sic
1565 5135 1835 5205 profecto,

249 5225 332 5280 sic
357 5225 567 5281 faciunt
604 5228 865 5295 haeretici,
904 5229 996 5299 qui
1043 5229 1110 5285 ad
1156 5229 1581 5300 increpationem
1635 5240 1839 5286 sancta:

247 5318 514 5375 Ecclesiae
563 5322 844 5377 emendari
892 5322 1223 5393 despiciunt;
1253 5324 1383 5392 quin
1410 5324 1590 5392 potius
1641 5323 1840 5380 fratres

248 5410 435 5483 gladio
460 5411 617 5468 mala:
636 5411 914 5478 doctrinae,
942 5413 1085 5468 sicut
1107 5413 1262 5480 Cain,
1301 5413 1644 5480 interﬁcere;
1698 5414 1840 5470 malo

249 5503 486 5562 consilio
511 5503 783 5576 decipere,
815 5504 956 5559 sicut
980 5503 1231 5571 Balaam;
1264 5514 1454 5560 contra
1478 5507 1731 5562 doctores
1750 5521 1840 5560 ca-

251 5599 490 5656 tholicos
536 5614 595 5656 se
643 5600 878 5670 erigere,
929 5597 1071 5653 sicut
1094 5597 1256 5666 Core,
1283 5597 1353 5654 ad
1400 5612 1555 5653 suam
1599 5597 1842 5667 ipsorum

249 5691 617 5764 perditionem
644 5689 999 5748 contendunt.

251 5821 256 5824 ς
327 5782 454 5841 Haec
492 5785 560 5841 de
601 5783 708 5840 illis
757 5783 1002 5852 patribus
1050 5797 1184 5851 quos
1231 5781 1628 5839 Pentateuchus
1671 5782 1844 5854 Moysi

250 5878 475 5951 eopiose
514 5883 823 5942 enumerat,
851 5877 919 5931 ad
956 5874 1412 5944 comprobandam
1457 5883 1636 5932 ratam
1675 5886 1730 5932 ct
1766 5877 1844 5933 le-

700 5967 976 6034 Pnaon.
1017 5967 1208 6034 CVII.

1946 4775 2122 4826 crare,
2170 4768 2226 4816 et
2275 4759 2532 4815 exhibere
2574 4759 2811 4814 hostiam
2859 4757 3061 4822 vivam,
3110 4764 3376 4820 sanetam,
3427 4756 3538 4811 Deo

1943 4853 2272 4924 placentem,
2319 4849 2714 4905 rationabiliter
2751 4849 2806 4903 in
2852 4846 3170 4918 obsequium
3202 4845 3440 4901 Christi?
3478 4845 3538 4899 Si

1947 4954 2129 5000 autem
2158 4943 2391 4999 Abrahae
2420 4942 2621 4998 oblatio
2644 4942 2847 5013 placuit
2870 4941 3000 5007 Deo,
3030 4948 3085 4996 et
3113 4937 3304 5008 Jephte
3335 4937 3535 4991 factum

1945 5036 2203 5093 meritum
2249 5035 2553 5090 sanctitatis
2600 5034 2674 5088 illi
2717 5032 3026 5102 acquisivit,
3079 5045 3176 5085 cur
3218 5045 3326 5083 non
3367 5027 3537 5081 multo

1947 5129 2123 5201 magis
2153 5127 2450 5198 spiritualis
2488 5126 2690 5182 oblatio
2721 5140 2820 5194 per
2848 5122 3208 5194 evangelicam
3232 5119 3534 5175 doctrinam

1948 5223 2195 5278 instituta
2241 5222 2354 5276 Deo
2401 5219 2617 5292 placere
2664 5218 2930 5274 credenda
2976 5216 3094 5270 est?
3122 5229 3246 5268 cum
3270 5213 3336 5268 de
3363 5212 3538 5268 Abra-

1947 5317 2075 5371 ham
2101 5314 2335 5369 Jacobus
2365 5312 2638 5384 apostolus
2678 5318 2908 5366 testatus
2946 5309 3018 5364 sit
3045 5309 3227 5364 dicens
3254 5325 3268 5360 :
3298 5326 3316 5358 ς
3356 5306 3534 5362 Abra-

1946 5407 2075 5462 ham
2103 5415 2260 5478 pater
2283 5414 2489 5471 noster,
2513 5418 2692 5460 nonne
2715 5417 2782 5458 ex
2807 5401 3062 5472 operibus
3078 5400 3406 5472 justiﬁcatus
3429 5408 3534 5466 est,

1947 5498 2182 5555 offerens
2239 5497 2388 5552 Isaac
2443 5496 2613 5551 ﬁlium
2663 5510 2816 5550 suum
2869 5508 3033 5563 super
3089 5493 3282 5548 altare.
3318 5512 3338 5546 ι
3373 5492 3538 5548 Vides

1947 5592 2204 5661 quoniam
2241 5590 2375 5642 ﬁdes
2400 5585 2796 5655 eooperabatur
2819 5585 3073 5653 operibus
3100 5585 3263 5642 illius.
3294 5585 3375 5640 Ex
3410 5601 3538 5656 ope-

1948 5683 2100 5738 ribus
2127 5681 2270 5737 enim
2319 5679 2462 5734 illius
2494 5677 2627 5733 ﬁdes
2660 5686 3037 5735 consummata
3078 5688 3181 5746 est,
3210 5687 3268 5734 et
3290 5677 3535 5748 suppleta

1949 5786 2033 5832 est
2071 5774 2356 5844 Scriptura
2403 5771 2627 5825 dicens:
2678 5788 2696 5819 ‹
2731 5767 2973 5825 Credidit
3002 5771 3276 5826 Abraham
3305 5770 3434 5832 Deo,
3481 5774 3537 5820 et

1949 5879 2256 5944 reputatum
2281 5873 2364 5923 est
2390 5864 2468 5920 illi
2495 5863 2562 5919 ad
2583 5860 2871 5933 justitiam,
2904 5871 2960 5920 et
2987 5864 3196 5918 amicus
3229 5861 3326 5916 Dei
3353 5855 3533 5926 appel-

3023 5951 3098 6012 lit
