3974 6456
446 414 552 476 m
1092 408 1154 468 Β.
1197 403 1450 468 assam
1486 400 1707 466 usual
1741 402 2064 463 suam.
2102 398 2415 462 uocum.
2455 396 2961 475 OPIBUMJARS
2994 399 3036 457 ι.
3613 394 3725 457 tas

445 534 592 590 latus
617 536 720 587 est.
755 547 776 581 ι
817 520 885 582 Et
911 527 977 583 do
1008 523 1221 595 Iephte,
1247 531 1370 595 post
1398 530 1583 578 votum
1619 522 1762 593 quod
1791 520 1904 576 Deo
1927 532 2024 575 vo-
2050 518 2107 583 Α
2127 515 2293 585 fern,
2314 516 2391 573 ita
2413 516 2504 573 hie
2529 524 2586 573 et
2612 516 2731 572 haec
2756 516 2952 573 mulier
2972 523 3165 573 saneta
3184 522 3349 585 atque
3371 514 3726 585 Meti“

446 627 548 693 v'it,
574 625 650 680 ita
673 621 935 693 scriptum
962 626 1075 675 est:
1106 634 1125 670 α
1154 617 1427 673 Transivit
1438 616 1631 687 Iephte
1655 615 1725 672 ad
1750 612 1887 670 filios
1898 612 2028 668 Am-
2126 609 2298 666 ﬁiium
2343 625 2502 667 suum
2551 608 2879 685 infantulum
2927 626 3055 667 cum
3099 608 3379 666 oblatione
3428 606 3628 664 farina
3665 615 3727 663 es

447 733 594 783 mon,
625 721 688 771 ut
710 720 975 786 pugnaret
1004 717 1191 768 contra
1217 726 1331 777 eos,
1357 724 1492 781 quos
1518 708 1778 764 Dominus
1806 706 2029 762 tradidit
2126 704 2339 761 caeteris
2375 703 2658 775 speciebus
2704 719 2828 774 quin
2872 704 2930 760 in
2976 701 3118 759 libro
3145 703 3353 775 Regum
3387 714 3728 758 assumim—

445 812 499 866 in
552 814 744 865 manus
796 804 931 875 ejus.
973 813 992 857 ι
1030 804 1171 860 Ecce
1206 803 1501 868 Abraham,
1527 800 1804 858 oﬂbrendo
1852 799 2025 854 illium
2126 807 2338 865 rantur,
2363 814 2549 855 coram
2576 797 2693 853 Heli
2720 799 3002 855 sacerdote
3026 799 3083 855 in
3115 796 3467 854 tabernaculo
3488 795 3725 853 Domino

443 916 622 967 suum,
664 898 958 954 amicitiam
1004 895 1100 951 Dei
1143 896 1471 966 promeruit;
1522 892 1735 964 Iephte,
1781 892 2027 947 vovendo
2126 890 2441 947 solemniter
2475 890 2757 947 oﬂbrebst.
2808 892 2998 951 Utrum
3030 892 3247 948 Annam
3284 892 3584 963 protervus
3618 892 3726 962 spi-

440 997 553 1053 Deo
574 1000 785 1060 votum,
814 989 1100 1050 victoriam
1131 991 1198 1044 de
1228 987 1463 1042 inimicis
1510 986 1626 1042 suis
1665 986 1891 1055 adeptus
1919 986 2022 1039 est.
2127 982 2235 1037 ritu
2280 981 2561 1037 incitatam
2613 981 2719 1038 hoc
2762 983 2940 1055 egisse
2986 983 3319 1038 arbitrentur
3366 994 3515 1053 qua,
3568 979 3727 1052 quasi

439 1085 578 1155 Quid
616 1092 746 1157 post
786 1080 903 1139 haec
944 1080 1315 1151 consequitur,
1348 1078 1450 1135 nisi
1492 1078 1636 1148 quod
1680 1077 1756 1133 iiii
1798 1076 1892 1145 qui
1930 1074 2027 1130 Dei
2126 1073 2358 1144 proprias
2385 1074 2673 1144 potestatis
2702 1080 2870 1139 esset,
2900 1073 3019 1128 sine
3042 1073 3148 1128 viri
3193 1072 3421 1128 consilio
3447 1087 3547 1129 seu
3580 1085 3727 1141 pra-

437 1176 766 1234 ohlationem
806 1180 1091 1247 spernunt,
1125 1179 1183 1228 et
1210 1172 1319 1227 tale
1344 1170 1549 1226 factum
1597 1175 1908 1225 sanctorum
1935 1182 2030 1237 pa-
2126 1172 2283 1238 cepto
2307 1175 2431 1222 ante
2454 1174 2775 1237 conceptum
2802 1165 2955 1237 pueri
2979 1165 3234 1236 primitus
3263 1165 3377 1224 Deo
3406 1172 3605 1219 votum
3630 1177 3727 1217 vo-

437 1278 582 1325 trum
610 1268 1012 1333 abominantur,
1045 1260 1252 1320 inimici
1281 1263 1379 1318 Dei
1417 1261 1768 1318 nominentur
1793 1275 1857 1315 ac
1884 1260 2021 1325 sint;
2124 1259 2234 1315 vit?
2260 1259 2465 1315 Deinde
2495 1267 2621 1329 post
2645 1259 2989 1315 nativitatem
3014 1259 3155 1330 eius,
3190 1259 3317 1315 licet
3342 1270 3472 1314 cum
3501 1256 3610 1313 viri
3641 1255 3727 1312 sui

440 1368 493 1418 et
511 1360 581 1415 ob
602 1360 705 1415 hoc
729 1357 1103 1428 spiritualibus
1129 1354 1363 1410 inimicis
1392 1364 1501 1409 non
1529 1352 1704 1408 solum
1731 1367 1837 1407 non
1854 1351 2028 1406 domi—
2125 1366 2413 1417 consensu,
2446 1358 2626 1407 tamen
2657 1352 2773 1421 ipsa
2801 1366 2925 1407 eum
2953 1352 3182 1407 Domino
3204 1350 3540 1407 iiduciaiiter
3566 1349 3730 1405 eluu-

437 1458 655 1515 nentur,
693 1450 804 1505 imo
834 1449 1029 1504 merito
1060 1460 1171 1503 suat
1194 1445 1570 1518 perversitatis
1596 1444 1818 1499 omnino
1856 1442 2024 1512 subji-
2124 1445 2207 1515 lit,
2235 1456 2397 1518 atque
2426 1447 2546 1503 Heli
2573 1448 2842 1504 sacerdOti
2891 1448 3090 1503 ibidem
3133 1450 3305 1503 totum
3331 1446 3593 1503 ordinem
3616 1445 3727 1500 voti

437 1539 687 1597 ciantur‘i
741 1538 1016 1611 Scriptum
1045 1545 1131 1595 est
1158 1538 1340 1593 enim:
1380 1555 1400 1589 ι
1426 1535 1744 1606 Quicunque
1763 1533 1880 1589 vult
1904 1546 2027 1589 esse
2125 1542 2210 1597 sui
2246 1542 2537 1612 diligenter
2583 1543 2852 1613 exposuit.
2903 1541 3038 1609 Quis
3082 1550 3264 1598 autem
3321 1539 3489 1595 audet
3543 1539 3728 1595 dicere

439 1632 646 1687 amicus
670 1630 875 1697 saeculi,
905 1630 1155 1687 inimicus
1181 1629 1278 1686 Dei
1299 1630 1665 1711 constituitur.
1692 1647 1710 1681 ι
1746 1627 1856 1682 Deo
1878 1625 2025 1682 enim
2124 1632 2411 1688 Dominum
2459 1634 2706 1704 iniquum
2749 1647 2892 1699 esse,
2928 1634 3024 1703 qui
3064 1633 3193 1689 huic
3227 1629 3467 1698 mulieri,
3498 1630 3573 1685 ob
3605 1629 3727 1685 ﬁdei

433 1721 648 1793 Placere
684 1722 928 1789 οωηίηον
970 1723 1075 1779 nm
1100 1723 1321 1789 bonum:
1367 1737 1474 1777 110"
1504 1729 1700 1792 Ροῑθειο
1734 1718 1888 1787 Ωιιοά
1929 1733 2026 1773 au‘
2125 1732 2386 1786 meritum
2435 1736 2492 1786 et
2542 1736 2756 1801 magna!
2805 1728 3109 1785 devotionis
3159 1725 3434 1790 eﬂ’ectum,
3491 1724 3727 1795 gratiam

435 1821 543 1868 tem
588 1814 790 1870 bonum
851 1820 936 1871 est
979 1812 1242 1883 facienti,
1292 1814 1348 1870 id
1400 1814 1655 1870 meritum
1715 1812 2024 1869 sanctitatis
2127 1819 2361 1889 Spiritus
2388 1820 2563 1875 sancti
2591 1820 2675 1874 sui
2711 1819 2937 1876 tribuit?
2967 1817 3025 1875 Si
3060 1818 3205 1877 enim
3236 1816 3399 1886 hujus
3430 1815 3728 1871 oblationis

434 1906 688 1975 acquirit
2048 1889 2099 1957 Β
2127 1912 2490 1983 displicuisset
2532 1912 2759 1981 factum,
2793 1922 3140 1982 nequaquam
3190 1916 3314 1982 post
3351 1914 3727 1982 perpetretur

502 1997 617 2053 Hoc
662 1997 828 2052 etiam
865 1996 1062 2068 probat
1088 1996 1261 2053 Annae
1308 1996 1510 2053 factum
1556 1997 1846 2065 laudabile,
1877 1997 2022 2069 quod
2125 2005 2456 2062 oblationem
2488 2004 2729 2075 Spiritus
2774 2005 2952 2061 sancti
2983 2004 3061 2059 iiii
3109 2001 3452 2074 impenderet
3499 2000 3727 2065 donum,

431 2088 568 2144 iiber
594 2088 862 2144 Samuelis
887 2094 1296 2146 commemorat.
1330 2091 1466 2147 Cum
1495 2092 1639 2147 enim
1664 2092 1870 2148 sterilis
1899 2107 2022 2148 esse
2124 2099 2267 2156 unde
2292 2099 2559 2171 potuisset
2589 2098 2656 2153 de
2686 2097 2868 2153 futuro
2898 2104 3243 2153 sacramento
3273 2095 3550 2150 adventus
3574 2093 3729 2149 Citri-

430 2179 788 2246 describatur,
831 2186 886 2235 et
910 2181 980 2236 ob
1007 2182 1111 2237 hoc
1137 2183 1204 2237 ab
1230 2183 1424 2238 temula
1452 2198 1574 2250 sua,
1608 2183 1781 2239 altera
1809 2183 2023 2242 scilicet
2124 2191 2218 2257 sti,
2244 2198 2300 2246 et
2327 2192 2392 2247 de
2419 2190 2718 2245 mutatione
2746 2190 2950 2245 veteris
2979 2187 3296 2254 sacerdotii,
3340 2187 3596 2257 legisque
3622 2185 3721 2257 pri-

430 2286 600 2326 uxore
619 2270 871 2327 Helcanaa
896 2273 999 2328 viri
1027 2274 1131 2341 sui,
1157 2274 1497 2342 irrideretur,
1527 2277 1594 2331 ad
1621 2277 1999 2347 deprecandun

2161 2286 2308 2352 time,
2330 2298 2431 2339 nec
2456 2294 2565 2338 non
2596 2292 2653 2340 et
2681 2283 2748 2340 de
2777 2282 3080 2351 abiectione
3102 2280 3279 2355 plebis
3304 2277 3627 2345 incredulae,
3654 2286 3730 2333 at-

428 2363 716 2419 Dominum
739 2378 1002 2421 conversa
1026 2374 1141 2433 est;
1171 2382 1272 2421 nec
1296 2366 1567 2422 fraudavit
1590 2384 1711 2424 eam
1741 2384 1864 2440 spes
1883 2368 2019 2439 ejus,
2125 2392 2232 2449 que
2287 2375 2684 2433 convocatione
2736 2375 2980 2446 gentium
3041 2375 3111 2430 ad
3163 2373 3326 2429 fidem
3376 2371 3732 2443 prophetare.

426 2455 522 2511 sed
550 2456 826 2526 petitionis
853 2472 964 2512 sua:
991 2458 1426 2528 consequebatur
1454 2458 1734 2526 effectum;
1769 2462 1848 2516 sic
1876 2463 1995 2517 enin

2165 2477 2417 2539 estquam
2445 2469 2590 2523 enim
2614 2475 2872 2538 parentes
2896 2467 3040 2523 beati
3062 2464 3334 2522 Samuelis
3360 2465 3734 2520 adoraverunt

424 2547 687 2618 scriptum
719 2556 839 2604 est:
870 2567 889 2601 ι
918 2549 1051 2605 Cum
1074 2560 1219 2607 esset
1244 2552 1399 2609 Anna
1442 2568 1631 2609 amaro
1660 2555 1868 2621 animo,
1898 2570 2023 2610 ora-
2126 2561 2413 2616 Dominum
2450 2561 2502 2615 in
2534 2559 2680 2631 Sylo,
2722 2559 2903 2614 oravit
2928 2550 3110 2625 Anna,
3141 2562 3196 2613 et
3224 2557 3340 2612 sit:
3371 2573 3391 2607 ι
3424 2553 3736 2610 Exsultavit

424 2641 503 2720 vit
532 2642 819 2699 Dominum
866 2643 998 2701 ilens
1029 2646 1275 2717 largiter,
1309 2654 1365 2705 et
1390 2656 1573 2703 votum
1609 2650 1756 2704 vovit
1802 2648 2019 2706 dicens:
2125 2668 2222 2708 cor
2246 2668 2425 2708 meum
2464 2652 2519 2707 in
2543 2651 2795 2717 Domino,
2826 2659 2882 2708 et
2906 2650 3208 2706 exaltatum
3232 2655 3318 2706 est
3343 2664 3523 2705 cornu
3551 2661 3733 2703 meum

426 2734 654 2792 Domine
692 2738 1051 2806 exercituum,
1097 2740 1143 2796 si
1187 2742 1487 2813 respiciens
1524 2743 1729 2799 videris
1784 2742 2025 2798 aiIlictio-
2124 2743 2181 2799 in
2207 2745 2316 2798 Deo
2339 2759 2480 2810 meo,
2513 2762 2531 2795 ι
2562 2750 2667 2798 etc.
2699 2742 2744 2797 E
2776 2742 3053 2797 oomrario
3078 2751 3230 2807 vero,
3258 2740 3306 2795 si
3334 2739 3619 2795 mundana
3647 2737 3735 2791 lex

423 2843 547 2883 nem
570 2827 787 2887 fainuiaa
814 2839 937 2899 tuae,
963 2839 1017 2888 et
1048 2836 1365 2892 recordatus
1394 2837 1503 2894 mei
1532 2836 1723 2903 fueris,
1754 2853 1855 2893 nec
1879 2838 1987 2894 obii
2006 2870 2019 2879 -
2126 2843 2335 2890 tantum
2363 2835 2632 2890 dominari
2662 2834 2887 2889 deberet
2931 2832 2986 2888 in
3015 2832 3164 2889 cultu
3186 2831 3393 2897 divino,
3427 2830 3579 2901 quod
3600 2825 3735 2883 nulli

423 2931 511 2979 tus
549 2923 756 2981 ancillas
804 2934 930 2993 tute,
983 2926 1305 3002 dederisque
1351 2947 1541 2988 sexum
1587 2932 1800 2989 virilem
1848 2947 2021 2989 serva:
2123 2940 2245 2981 eam
2278 2924 2587 2996 transgredi
2626 2920 2821 2980 liceret
2854 2923 3146 2980 iD‘ChI‘iSu
3182 2920 3361 2979 0³10ίο
3389 2939 3402 2977 ε
3429 2928 3633 2977 αυοιοΐ
3659 2929 3733 2975 ⁸ο-

422 3022 551 3084 tuae,
594 3015 733 3073 dabo
780 3034 905 3075 eum
935 3019 1165 3078 Domino
1210 3039 1401 3080 omnes
1445 3023 1564 3080 dies
1609 3023 1735 3080 vita:
1779 3024 1917 3093 ejus,
1965 3033 2022 3081 et
2123 3018 2231 3072 tius
2255 3017 2383 3071 boni
2408 3024 2463 3072 et
2485 3015 2710 3086 institue
2735 3016 3254 3073 observantissimus
3281 3022 3489 3080 custos,
3524 3014 3596 3070 de
3626 3025 3736 3084 quo

426 3107 692 3169 novacula
739 3128 849 3170 non
893 3116 1150 3172 ascendet
1201 3130 1364 3190 super
1409 3126 1572 3189 caput
1619 3116 1876 3190 ejus.»Et
1911 3134 1995 3174 non

2163 3108 2385 3178 eriptum
2411 3115 2495 3164 est
2522 3122 2577 3162 ει
2610 3106 2799 3163 Iustus
2825 3108 3107 3173 Dominus,
3135 3114 3192 3163 et
3212 3104 3491 3176 iustitiam
3518 3103 3732 3168 dilexit,

423 3206 595 3262 multo
612 3215 734 3279 post
749 3225 762 3262 :
775 3206 1066 3278 «Cognovit
1081 3204 1338 3279 Heicana,
1356 3211 1552 3285 inquit,
1569 3208 1781 3267 Annam
1793 3226 1992 3267 uxorcn

2164 3201 2434 3271 quitatem
2474 3200 2605 3257 coiit
2634 3201 2814 3257 vultus
2856 3201 2976 3272 ejus
3013 3218 3059 3268 ο,
3091 3199 3366 3270 quomodo
3405 3197 3460 3252 id
3490 3210 3605 3252 non
3637 3210 3733 3250 suo

421 3266 697 3369 suam,.et
724 3266 1040 3357 recerdatus
1067 3266 1151 3359 est
1200 3266 1618 3375 ejus’Dominus.
1705 3266 1779 3358 Et
1804 3266 2019 3358 factum
2047 3266 2093 3335 Ο
2123 3266 2438 3349 testimonio
2464 3293 2863 3365 comprobaret,
2886 3266 3058 3364 atque
3081 3266 3338 3347 omnibus
3376 3289 3734 3345 manilii“!!!

428 3399 511 3446 est
538 3400 662 3461 post
695 3391 956 3448 circulum
985 3393 1217 3459 dierum,
1248 3395 1498 3466 concepit
1517 3394 1695 3461 Anna,
1724 3402 1779 3451 et
1808 3393 2023 3466 peperit
2119 3382 2382 3458 illdiCium
2420 3400 2532 3443 sua!
2560 3386 2856 3443 voluntatis
2901 3385 3215 3458 praeberet?
3249 3383 3463 3440 1ὼίηο
3510 3384 3736 3439 cessent

424 3482 614 3551 illium,
661 3487 983 3557 vocavitque
1031 3502 1231 3545 nomen
1281 3488 1399 3561 ejus
1426 3489 1666 3557 Samuel,
1699 3505 1765 3546 eo
1795 3490 1940 3562 quod
1989 3510 1993 3544 :

2163 3477 2416 3548 quuando
2478 3478 2753 3550 vaniloqui
2816 3479 2908 3535 isti
2966 3486 3021 3534 et
3077 3478 3422 3533 detractores
3474 3473 3732 3545 religioni

421 3576 651 3633 Domino
687 3578 1015 3648 postulasset
1053 3596 1199 3636 eum.
1247 3581 1507 3637 Ascendit
1557 3590 1741 3638 autem
1782 3580 1868 3637 vir
1900 3582 2021 3654 ejus
2122 3571 2446 3628 Christianae
2492 3573 2805 3640 detrahere,
2855 3586 2921 3629 ae
2972 3572 3204 3644 gratiam
3253 3568 3482 3635 Christi,
3520 3583 3644 3639 qua:
3674 3568 3728 3622 in

420 3669 679 3737 Heicana,
707 3677 762 3725 et
788 3669 967 3727 omnis
989 3671 1179 3727 domus
1204 3672 1346 3744 ejus,
1374 3679 1434 3727 ut
1457 3671 1768 3729 immolaret
1791 3674 2022 3730 Domino
2123 3666 2352 3723 diversis
2383 3667 2540 3724 donis
2578 3675 2779 3723 sancite
2804 3666 2968 3723 matri
3006 3664 3297 3721 distributa
3327 3670 3413 3719 est
3439 3661 3725 3728 Ecclesia,

424 3763 662 3817 hostiam
692 3761 1013 3829 solemnem,
1038 3770 1094 3818 et
1131 3752 1316 3819 votum
1361 3778 1539 3820 suum.
1576 3781 1595 3816 ι
1630 3764 1697 3820 Et
1722 3764 1880 3820 Anna
1910 3780 2020 3821 non
2124 3759 2288 3815 dente
2335 3772 2611 3815 Venelloso
2659 3757 2939 3814 lacerare:
2971 3758 3101 3828 quia
3152 3777 3172 3809 ι
3205 3755 3483 3828 disperdet
3544 3753 3731 3810 Domi-

425 3853 700 3921 ascendit;
750 3846 889 3909 dixit
937 3852 1084 3910 enim
1124 3854 1245 3912 viro
1291 3869 1433 3911 suo:
1460 3854 1577 3913 Non
1606 3854 1798 3913 vadam
1850 3857 2022 3914 donec
2124 3866 2247 3920 nUS,
2288 3870 2308 3905 ι
2344 3850 2625 3925 Scriptura
2662 3859 2823 3919 teste,
2870 3868 2890 3904 ι
2924 3850 3181 3906 universa
3227 3847 3371 3904 labia
3419 3847 3628 3913 dolosa.
3672 3848 3732 3902 εί

420 3945 725 4001 :‘ihiactetur
774 3940 990 4012 infans,
1021 3954 1076 4002 et
1115 3948 1311 4003 ducam
1358 3964 1484 4003 eum
1520 3955 1581 4005 ut
1625 3957 1887 4022 appareat
1931 3965 2023 4005 co-
2123 3944 2364 4016 iinguam
2397 3942 2819 4022 magniloquam.
2858 3962 2877 3998 ι
3210 3968 3215 3973 ·
3496 4015 3509 4019 ρ

422 4052 539 4089 ram
563 4034 809 4101 Domino,
841 4043 897 4091 et
924 4044 1143 4092 maneat
1190 4036 1262 4093 ibi
1292 4035 1519 4110 iugiter.
1562 4038 1631 4095 Et
1663 4021 1753 4096 ait
1781 4040 2021 4096 Heicana
2196 4038 2305 4094 Sed
2346 4021 2474 4110 quia
2506 4039 2560 4094 in
2584 4036 2769 4094 Veteri
2800 4038 3153 4094 Testamento
3189 4034 3433 4107 plurima
3470 4034 3727 4106 hujusce-

421 4126 507 4179 vir
534 4140 666 4181 suus
694 4141 708 4180 :
742 4125 852 4181 Fac
882 4125 1025 4197 quod
1061 4126 1265 4182 bonum
1314 4129 1413 4185 tibi
1452 4128 1687 4199 videtur,
1732 4139 1785 4186 et
1834 4148 2017 4200 mane,
2124 4128 2269 4183 modi
2302 4137 2529 4198 possunt
2557 4124 2789 4183 inveniri
2817 4129 3088 4200 exempla,
3117 4135 3172 4183 et
3207 4127 3262 4181 in
3287 4124 3442 4182 Novo
3469 4125 3727 4181 similiter

423 4219 596 4274 donec
624 4218 863 4275 ablactes
887 4232 1011 4274 eum
1029 4261 1045 4287 ,
1084 4233 1394 4293 precorque
1422 4233 1483 4279 ut
1514 4226 1735 4297 impleat
1760 4227 2022 4285 Dominus
2124 4221 2498 4291 hujuscemodi
2530 4224 2755 4279 rationis
2794 4239 2901 4278 non
2925 4232 3094 4294 pauca
3122 4228 3343 4277 exstant
3378 4218 3723 4275 testimonia:

423 4311 650 4367 verbum
682 4324 861 4368 suum.
890 4308 1090 4368 Mansit
1113 4329 1243 4386 ergo
1270 4315 1489 4385 mulier,
1517 4327 1571 4373 et
1598 4318 1822 4375 iactavit
1848 4320 2020 4377 ﬁlium
2123 4328 2192 4369 ne
2213 4315 2357 4369 ultra
2384 4314 2599 4370 modum
2626 4315 2802 4372 oratio
2829 4313 3226 4385 progrediatur,
3254 4311 3458 4367 Veteris
3483 4309 3724 4375 omissis,

423 4417 599 4470 suum,
633 4401 804 4458 donec
835 4409 1114 4459 amoveret
1142 4418 1267 4459 eum
1294 4421 1325 4459 a
1355 4406 1515 4462 lacte.
1547 4406 1615 4463 Et
1642 4408 1867 4465 adduxit
1892 4427 2017 4467 eum
2124 4406 2191 4461 de
2221 4403 2371 4462 Novo
2400 4407 2646 4478 exempla
2671 4404 3035 4479 proferamus.
3067 4402 3266 4460 Narrat
3292 4404 3441 4457 enim
3474 4412 3725 4458 sanctum

422 4508 629 4561 secum,
669 4505 959 4569 postquam
1004 4497 1392 4567 ablactavcrat,
1421 4502 1477 4556 in
1506 4498 1690 4559 vitulis
1730 4504 1925 4569 tribus,
1965 4512 2021 4560 et
2122 4494 2475 4572 Evangelium
2498 4500 2639 4575 quod
2664 4507 2917 4568 parentes
2948 4497 3247 4554 Saivatoris
3274 4510 3508 4566 puerum
3535 4493 3719 4549 Iesum

420 4586 595 4644 tribus
638 4592 833 4647 modiis
876 4590 1095 4659 farinae,
1124 4600 1181 4648 et
1223 4596 1486 4665 amphora
1531 4596 1664 4662 vini,
1696 4603 1751 4651 et
1792 4596 2097 4665 adduxit“
2123 4605 2247 4645 cum
2298 4590 2573 4648 oblatione
2616 4592 2913 4648 secundum
2965 4591 3141 4661 legem
3190 4588 3293 4644 sibi
3339 4586 3621 4642 decretam
3668 4586 3719 4639 in

421 4693 545 4737 eum
584 4682 653 4735 ad
698 4682 915 4737 domum
945 4683 1158 4740 Domini
1197 4686 1252 4739 in
1290 4686 1435 4757 Syio.
1484 4686 1625 4742 Puer
1672 4694 1853 4747 autem
1900 4675 2098 4745 erat”
2122 4682 2327 4753 templo
2357 4678 2612 4738 sisterent
2632 4683 2879 4747 Domino,
2909 4688 2967 4736 ut
2996 4679 3156 4736 dator
3184 4678 3317 4752 legis
3345 4692 3447 4732 suo
3470 4675 3720 4745 exemplo

424 4774 600 4829 adhuc
628 4772 922 4833 infantulus
945 4793 959 4829 :
982 4784 1037 4830 et
1069 4777 1488 4833 immolaverunt
1514 4779 1764 4847 vitulum,
1788 4789 1841 4837 et
1866 4782 2019 4838 obtu—
2122 4789 2243 4829 eam
2275 4773 2658 4845 comprobaret
2693 4780 2855 4843 atque
2885 4772 3255 4834 confirmaret,
3296 4768 3719 4836 ostenderetque

421 4862 599 4917 lerunt
641 4879 868 4935 puerum
899 4863 1035 4921 licii.
1084 4866 1153 4922 Et
1195 4869 1309 4923 ait:
1339 4870 1597 4937 Obsecro,
1648 4872 1866 4929 domine
1916 4872 2012 4942 mi,
2121 4867 2342 4921 omnino
2379 4862 2482 4921 sibi
2517 4882 2626 4922 non
2658 4865 2944 4936 displicere
2991 4864 3047 4918 in
3078 4860 3307 4918 ecclesia
3348 4874 3447 4915 sua
3483 4858 3717 4913 oblatio-

422 4953 567 5009 vivet
613 4954 794 5010 anima
846 4960 936 5011 tua
977 4956 1128 5012 Deo!
1197 4974 1297 5030 ego
1338 4977 1457 5025 sum
1508 4962 1599 5016 illa
1659 4965 1856 5019 mulier
1894 4976 2015 5035 qum
2120 4972 2245 5013 nem
2285 4966 2342 5014 et
2375 4957 2720 5013 devotionem
2757 4956 3017 5011 ﬁdelium.
3066 4952 3125 5008 Si
3167 4953 3311 5007 enim
3358 4950 3522 5005 Iesus
3558 4965 3591 5003 ι
3620 4964 3713 5019 pa-

424 5042 548 5096 steti
578 5059 765 5099 coram
792 5052 866 5109 te,
906 5044 996 5100 hic
1033 5061 1197 5101 orans
1224 5046 1514 5104 Dominum
1548 5067 1647 5121 pro
1677 5068 1847 5123 puero
1886 5053 2011 5110 isto.
2120 5049 2364 5105 rentibus
2407 5050 2473 5105 ad
2527 5048 2783 5120 templum
2824 5047 3026 5103 deferri
3068 5045 3258 5111 νοιιιίι,
3302 5044 3490 5115 ibique
3532 5040 3715 5098 οσεπί

425 5130 621 5199 Oravi,
666 5140 722 5188 et
771 5134 919 5190 dedit
964 5136 1095 5191 mihi
1141 5132 1402 5195 Dominus
1454 5140 1771 5210 petitionem
1834 5158 2013 5198 meam
2123 5158 2223 5215 pro
2253 5156 2313 5198 se
2350 5141 2584 5198 hostiam
2612 5142 2746 5207 Deo,
2781 5140 2905 5210 quis
2932 5146 3017 5195 est
3052 5139 3145 5210 qui
3173 5143 3461 5210 parentum
3487 5134 3716 5191 oblatio-

426 5236 590 5291 quam
631 5223 877 5295 posuiavi
916 5226 987 5283 ei.
1038 5224 1243 5283 idcirco
1282 5237 1337 5284 et
1382 5246 1481 5302 ego
1517 5246 1641 5286 eum
1673 5235 2011 5290 commodavi
2123 5251 2249 5291 nem
2285 5234 2341 5289 in
2368 5234 2495 5290 [illis
2525 5234 2638 5289 suis
2674 5232 3076 5302 reprehendere
3102 5237 3417 5301 praesumat,
3449 5235 3508 5283 et
3530 5225 3715 5297 prohi-

426 5312 653 5369 Domino
690 5317 896 5374 cunctis
926 5320 1113 5376 diebus
1137 5320 1334 5391 quibus
1360 5318 1523 5378 fuerit
1567 5328 2010 5384 accommodatus
2120 5326 2251 5383 bere
2277 5327 2420 5396 quod
2448 5340 2553 5381 non
2579 5325 2871 5380 exhibeant
2896 5339 2992 5380 eos
3014 5325 3250 5380 hostiam
3274 5324 3547 5378 viventem
3574 5318 3714 5375 Dsei

426 5405 674 5463 Domino.
708 5428 728 5462 ι
772 5409 973 5466 Vellem
1012 5410 1173 5480 scire,
1208 5428 1395 5470 osores
1424 5415 1513 5469 isti
1559 5425 1616 5470 et
1641 5412 2007 5475 contradicto-
2122 5434 2249 5476 nam
2275 5422 2409 5477 ﬁdes
2447 5434 2556 5475 non
2594 5420 2769 5476 solum
2803 5416 3130 5484 oblatorum,
3160 5417 3254 5473 sed
3289 5417 3457 5472 etiam
3482 5413 3714 5471 chrea.

426 5501 831 5558 res'oblationis
857 5504 1141 5576 regularis,
1178 5500 1306 5577 quid
1342 5508 1408 5563 dc
1439 5510 1540 5563 hac
1565 5506 1836 5563 oblatione
1863 5506 2010 5566 dice—
2120 5511 2280 5579 tium,
2311 5510 2593 5582 Scriptura
2641 5517 2796 5574 teste,
2828 5509 2941 5564 Deo
2972 5507 3323 5578 aceeptabiiis
3368 5514 3513 5561 erat.
3561 5502 3711 5561 Unda

427 5598 570 5660 rent,
621 5604 741 5663 quas
786 5606 922 5665 pene
970 5594 1266 5652 consimilis
1310 5604 1393 5652 est
1448 5600 1681 5668 regulari
1724 5600 2005 5666 oblationi,
2114 5606 2170 5654 et
2219 5600 2275 5655 in
2327 5609 2521 5656 sancta
2562 5599 2806 5655 Ecclesia
2855 5612 2954 5671 per
3002 5605 3286 5671 parentum
3337 5598 3504 5653 ﬁdem
3551 5604 3709 5665 atque

424 5698 589 5758 quam
612 5684 803 5743 beatus
828 5685 991 5743 Pater
1015 5687 1334 5745 Benedictus
1362 5689 1416 5743 iu
1454 5703 1548 5745 sua
1580 5686 1783 5761 Regula
1807 5692 2012 5747 consti-
2112 5692 2509 5764 professionem
2534 5691 2823 5748 coniicitur
2858 5692 3125 5764 baptisma
3152 5691 3525 5762 parvulorum.
3563 5686 3708 5745 θεῖος

426 5776 530 5831 tuit
564 5793 579 5832 :
608 5778 736 5850 quia
767 5779 907 5835 sicut
948 5779 1021 5835 ibi
1062 5778 1215 5848 iubet
1243 5788 1494 5851 parentes
1532 5780 1671 5837 illius
1712 5781 2008 5839 infantulos
2112 5784 2307 5840 rebant
2332 5782 2460 5840 Iesu
2486 5784 2845 5858 paralyticum
2877 5784 2990 5853 alii,
3029 5800 3050 5836 ι
3080 5796 3309 5855 quorum
3354 5782 3520 5838 (idem
3546 5790 3612 5836 ut
3631 5779 3708 5833 vi-

425 5880 549 5926 cum
587 5869 859 5947 oblatione
901 5880 1061 5942 atque
1104 5862 1362 5942 petitione
1393 5875 1502 5931 Deo
1533 5872 1688 5946 juxta
1722 5875 1895 5930 altare
1924 5874 2007 5931 of—
2112 5876 2223 5945 dit,
2253 5877 2387 5934 dixit
2420 5878 2719 5949 paralytice
2756 5895 2771 5932 :
2810 5876 3067 5947 Conﬁdo,
3093 5877 3193 5946 iiii,
3224 5877 3579 5935 remittuntur
3610 5869 3705 5937 tibi

2026 6029 2077 6047 ,ὰ-
