3974 6462
192 444 291 509 429

1144 440 1152 446 ‘
1211 425 1415 489 LIBER
1450 426 1543 489 DE
1578 426 1967 489 OBLATIONE
2006 420 2411 486 PUEROHUI.

3341 429 3447 489 450

189 564 400 637 peccata
448 556 560 610 tua.
589 551 796 624 Burge;
834 552 893 606 et
921 545 1059 605 tolle
1090 546 1292 607 lectam
1330 554 1505 612 tuum,
1541 553 1596 603 et
1622 544 1760 600 vade
1786 542 1841 607 Α
1862 542 2336 637 mortiﬁcationem
2364 536 2492 597 Jesu
2521 540 2578 596 in
2597 554 2829 614 corpore
2847 540 3036 599 uestro
3060 543 3447 604 circumferen-

190 657 240 713 in
266 652 480 707 domum
508 654 679 702 tuam.
715 661 735 697 ι
774 641 1124 699 Centurionis
1150 640 1284 696 ﬁdes
1327 638 1639 710 impetravit
1669 651 1758 693 sa-

189 744 343 799 lutem
376 752 563 805 servo:
606 745 663 793 et
696 735 868 808 reguli
894 734 1056 801 ﬁlius,
1089 734 1344 790 credente
1367 738 1523 804 patre
1547 744 1756 786 sermo-

186 836 337 893 nibus
377 831 529 899 Jesu,
580 830 649 885 ad
687 829 973 900 pristinam
1023 828 1309 883 sanitatem
1352 829 1605 881 reversus
1649 829 1753 878 est.

186 924 601 998 Archisynagogi
646 922 834 990 ﬁliam,-
865 927 1090 993 rogaute
1128 932 1211 986 eo,
1255 922 1287 974 ἃ
1320 917 1552 974 mortuis
1576 914 1759 972 Domi-'-

186 1032 282 1073 nus
307 1014 611 1080 suscitavit,
632 1014 689 1069 et
707 1012 854 1069 Petri
889 1022 1105 1067 socrum
1132 1008 1435 1081 postulatus
1472 1008 1615 1064 idem
1646 1004 1754 1061 Do-

184 1107 355 1162 minus
397 1120 429 1159 a
457 1102 695 1159 febribus
728 1103 995 1159 liberavit.
1034 1100 1262 1174 Cognito
1285 1101 1519 1157 adventu
1545 1098 1673 1155 ἔθευ
1702 1098 1758 1154 in

184 1208 319 1255 terra
344 1196 606 1264 Genesar,
647 1195 753 1251 viri
800 1195 904 1251 loci
946 1195 1092 1250 illius
1138 1182 1403 1250 miserunt
1446 1193 1501 1248 in
1538 1196 1758 1249 omnem

182 1291 446 1364 regionem
475 1289 642 1355 illam,
675 1292 729 1343 et
756 1286 1069 1343 obtulerunt
1095 1287 1145 1342 ei
1174 1292 1363 1342 omnes
1389 1284 1530 1341 male
1552 1284 1758 1339 haben-

181 1392 278 1450 tes,
305 1391 362 1439 et
380 1383 644 1455 rogabant
669 1392 795 1437 eum
821 1390 879 1436 ut
903 1379 989 1435 vel
1015 1379 1285 1435 ﬁmbriam
1310 1379 1619 1435 vestimenti
1641 1377 1758 1448 ejus

181 1482 459 1547 tangerent
485 1488 501 1528 :
524 1482 582 1530 et
605 1473 914 1544 quicunque
947 1472 1259 1544 tetigerunt,
1283 1468 1420 1526 salvi
1448 1468 1580 1524 facti
1608 1473 1753 1524 sunt:

178 1566 361 1623 Mulier
383 1565 690 1622 Chananaaa
716 1578 816 1637 pro
847 1563 957 1619 ﬁlia
1001 1571 1155 1634 rogat
1180 1560 1532 1627 dmmoniaca,
1565 1566 1624 1615 et
1666 1572 1757 1615 sa-

177 1658 332 1713 lutem
356 1657 432 1714 illi
458 1673 490 1713 a
510 1657 740 1713 Domino
762 1655 977 1713 meruit.
999 1652 1310 1711 Oﬁhrebant
1328 1653 1457 1709 Jesu
1480 1650 1756 1722 parvulos,

176 1758 233 1804 ut
278 1756 526 1820 tangeret
568 1763 663 1805 eos
705 1765 723 1803 :
768 1747 1019 1819 discipuli
1067 1752 1250 1803 autem
1286 1744 1758 1802 comminabantur

175 1840 540 1908 offerentibus,
572 1852 729 1913 quos,
763 1846 885 1896 cum
911 1840 1157 1906 vidisset,
1191 1839 1410 1910 indigne
1433 1836 1573 1904 tulit,
1605 1840 1660 1892 et
1680 1834 1758 1890 ait

1864 644 1969 702 tes,
1996 644 2057 691 ut
2081 641 2139 692 et
2161 636 2272 690 vita
2301 633 2429 691 ἔθευ
2467 635 2522 690 ἰυ
2550 635 2870 707 corporibus
2906 636 3108 694 nostris
3134 637 3448 695 manifeste-

1863 738 1970 785 tur.
2011 750 2031 785 ι
2079 729 2149 785 Et
2178 728 2345 786 alibi:
2384 747 2405 782 ‹
2439 728 2635 786 Omnia
2688 738 2871 786 autem
2920 732 3165 789 sustineo
3225 742 3449 805 propter

1863 822 2083 890 electos,
2114 831 2175 878 ut
2207 832 2262 879 et
2281 822 2387 894 ipsi
2410 824 2641 881 salutem
2680 834 3103 898 consequantur,
3136 840 3255 898 qua:
3280 837 3366 886 est
3393 830 3448 884 in

1860 912 2080 970 Christo
2106 912 2234 971 Jesu
2272 916 2327 971 in
2361 914 2535 985 gloria
2562 916 2791 974 caelesti.
2826 936 2847 971 ι
2881 916 3019 976 illnc
3048 928 3133 977 est
3160 921 3302 993 quod
3330 923 3450 995 plu-

1861 1005 1985 1061 rimi
2031 1020 2130 1076 per
2182 1007 2412 1079 gratiam
2455 1007 2583 1075 Dei,
2646 1017 2702 1065 et
2753 1024 2853 1085 per
2888 1009 3157 1068 bonorum
3208 1014 3448 1071 studium

1861 1098 2245 1169 magistrorum
2263 1142 2279 1169 ,
2308 1108 2422 1156 tam
2452 1112 2520 1157 ex
2544 1100 2743 1159 ludatis
2780 1119 2944 1174 quam
2973 1106 3140 1162 etiam
3176 1120 3245 1161 ex
3270 1108 3448 1182 genti-

1860 1191 1985 1258 bus,
2013 1196 2462 1248 converterentu'r
2491 1194 2560 1249 ad
2583 1193 2742 1251 ﬁdem
2767 1184 2971 1252 Christi
2996 1214 3009 1250 :
3046 1198 3189 1255 sicut
3221 1198 3277 1254 in
3297 1197 3450 1255 Acti-

1859 1285 1964 1343 bus
1988 1282 2358 1357 apostolorntn
2382 1284 2597 1359 legitur,
2632 1287 2776 1360 quod
2797 1289 3129 1360 praedicante
3151 1287 3314 1346 Petro
3339 1307 3448 1346 una

1861 1375 1949 1431 die
1987 1377 2245 1449 apposita:
2274 1378 2383 1434 sint
2430 1377 2499 1435 ad
2533 1393 2820 1435 numerum
2870 1380 3208 1437 credentium
3254 1383 3451 1438 anima:

1862 1468 2081 1525 circiter
2109 1471 2214 1525 tria
2249 1464 2439 1526 millia.
2493 1489 2514 1524 ι
2542 1471 2778 1528 Verbum
2807 1472 2952 1528 enim
2979 1473 3193 1528 Domini
3237 1483 3448 1529 cresce-

1859 1563 1973 1632 bat,
2010 1571 2065 1619 et
2099 1565 2562 1638 tnuitiplicabatur
2598 1576 2855 1623 numerus
2884 1565 3241 1638 dicipuiorum
3277 1567 3333 1622 in
3360 1565 3450 1622 Je-

1860 1653 2095 1710 rusalem
2124 1654 2299 1712 valde.
2330 1675 2350 1708 ι
2382 1654 2548 1711 Multa
2575 1658 2741 1713 etiam
2772 1657 2927 1714 turba
2953 1656 3298 1714 sacerdotum
3328 1659 3452 1714 obe-

1861 1745 2044 1803 diebat
2072 1747 2219 1803 ﬁdei.
2264 1747 2526 1805 Similiter
2554 1748 2723 1807 Paulo
2752 1759 2806 1808 et
2831 1748 3081 1808 Barnaba
3106 1751 3452 1824 praedicanti-

1860 1838 1962 1895 bus
2000 1839 2057 1895 in
2079 1837 2390 1907 Antiochia,
2420 1841 2623 1898 multus
2644 1848 2903 1899 numeras
2938 1845 3280 1900 credentium
3318 1858 3449 1898 con-

172 1932 277 1988 illis
301 1950 314 1985 :
343 1953 362 1985 ε
393 1933 569 1989 Sinite
588 1932 839 2005 parvulos
863 1934 1052 1989 venire
1074 1932 1142 1989 ad
1164 1946 1274 2000 me,
1297 1936 1353 1987 et
1379 1931 1548 1987 nolite
1572 1930 1759 2001 prohi—
1786 1918 1834 1982 Β
1860 1946 2052 1987 versus
2079 1930 2145 1987 ad
2171 1930 2459 1988 Dominum
2486 1942 2589 2001 est,
2618 1935 2693 1990 ita
2718 1946 2779 1990 ut
2806 1936 3319 2008 cognominarentur
3341 1934 3453 2009 pri-

171 2025 300 2082 bere
322 2041 419 2081 eos
446 2042 461 2080 :
494 2026 678 2081 talium
708 2035 791 2082 est
822 2027 968 2082 enim
1006 2032 1233 2099 regnum
1263 2024 1547 2081 caelorum.
1582 2022 1757 2079 Amen

172 2116 294 2171 dico
317 2116 491 2182 vobis,
518 2118 610 2188 qui
636 2124 742 2173 non
766 2118 1034 2188 receperit
1056 2122 1281 2189 regnum
1307 2115 1405 2172 Dei
1433 2116 1575 2171 sicut
1600 2122 1755 2185 puer,

168 2214 279 2263 nan
314 2209 540 2265 intrabit
572 2211 626 2264 in
655 2206 807 2265 illud.
845 2204 914 2265 Et
940 2209 1289 2280 complexam
1317 2224 1437 2277 eos,
1486 2214 1543 2264 et
1586 2208 1759 2279 impo-

169 2314 304 2357 nens
328 2314 523 2357 manus
546 2308 710 2373 super
733 2301 873 2369 illos,
923 2302 1278 2358 benedicebat
1311 2312 1424 2357 eos.
1471 2318 1491 2355 ι
1520 2300 1758 2355 Audiam

169 2394 283 2451 btet:
308 2396 407 2466 qui
439 2395 700 2453 oblationi
738 2396 1030 2453 detrahunt
1054 2395 1426 2468 parvulorum,
1464 2402 1519 2452 et
1550 2392 1758 2450 intelli-

172 2497 297 2559 gant
319 2494 577 2545 conatum
608 2498 765 2545 suum
795 2492 860 2546 ad
891 2490 1234 2560 iniquitatem
1263 2486 1505 2555 tendere,
1535 2488 1762 2544 frustra-

169 2594 273 2649 que
315 2594 378 2637 se
412 2582 515 2636 niti
555 2582 611 2636 in
641 2581 946 2652 objectione
985 2583 1163 2639 aetatis
1203 2597 1403 2653 parvae,
1449 2580 1605 2652 quasi
1652 2592 1760 2635 non

169 2669 324 2727 liceat
364 2675 686 2743 parentibus
726 2675 869 2731 ﬁlios
918 2690 1047 2731 suos
1091 2673 1329 2730 infantes
1376 2666 1573 2729 offerre
1625 2672 1757 2739 Deo,

172 2765 398 2837 ejusque
421 2769 645 2824 servitio
682 2766 805 2825 illos
837 2769 1171 2839 mancipare.
1207 2766 1266 2823 Si
1293 2768 1437 2822 enim
1468 2767 1584 2838 ipsa
1607 2763 1761 2820 Veri-

169 2862 248 2910 tas
292 2858 547 2914 carnales
593 2860 772 2915 adhuc
816 2854 1130 2931 discipulos,
1157 2867 1214 2916 et
1245 2860 1484 2915 nondum
1511 2858 1761 2928 passione

168 2960 260 3003 sua
297 2962 468 3020 atque
493 2951 895 3008 resurrectione
923 2967 1026 3009 nec
1050 2966 1157 3007 non
1188 2952 1242 3007 et
1269 2951 1503 3007 adventu
1530 2946 1764 3020 Spiritus

169 3043 337 3097 sancti
395 3042 729 3101 iiiuminatos
774 3052 937 3117 atque
986 3043 1336 3110 confortatus,
1368 3041 1764 3097 eomminantes

168 3130 521 3190 oﬁerentibus
553 3136 808 3207 parvulos
854 3134 1076 3208 indigne
1106 3133 1251 3202 tulit,
1282 3134 1415 3207 quid
1440 3138 1633 3207 putant
1673 3131 1766 3188 isti

170 3238 225 3278 se
258 3226 565 3295 promereri
610 3227 702 3297 qui
754 3224 976 3283 dilatata
1019 3238 1120 3298 per
1167 3227 1357 3283 orbem
1398 3222 1664 3291 Ecclesia,
1708 3229 1765 3278 et

1862 2038 2011 2078 mum
2034 2022 2335 2081 Antiochia:
2364 2025 2634 2098 discipuli,
2655 2026 2972 2083 Christiani.
3028 2027 3251 2101 Crispus
3276 2020 3453 2082 archi-

1862 2130 2167 2188 synagogus
2204 2118 2437 2173 credidit
2470 2116 2698 2174 Domino
2724 2135 2849 2175 cum
2874 2119 3025 2175 omni
3054 2118 3217 2175 domo
3251 2134 3370 2183 sua,
3398 2125 3454 2173 et

1860 2208 2018 2262 multi
2041 2208 2458 2265 Corinthiorum
2494 2211 2777 2267 audientes
2816 2210 3134 2279 credebant,
3177 2219 3233 2267 et
3274 2210 3454 2281 bapti-

1863 2298 2152 2352 zabantur.
2224 2296 2378 2354 Unde
2428 2299 2572 2356 idem
2622 2300 2897 2373 apostolus
2937 2294 3139 2357 Paulus
3190 2300 3454 2373 gloriatur

1865 2390 2008 2462 quod
2057 2393 2126 2448 ab
2161 2388 2466 2452 Jerusalem
2514 2406 2690 2467 usque
2735 2394 2804 2449 ad
2848 2393 3119 2469 Illyricum
3167 2391 3458 2463 repleret-it

1864 2487 2216 2562 Evangelium
2258 2505 2439 2548 suum.
2485 2488 2530 2545 E
2567 2489 2843 2546 contrario
2875 2504 3026 2554 vero,
3060 2484 3278 2559 quidam
3316 2496 3459 2538 nunc

1865 2580 2209 2638 intendentes
2230 2582 2511 2654 spiritibus
2533 2582 2762 2649 erroris,
2790 2589 2847 2636 et
2875 2580 3139 2637 doctrinis
3173 2575 3461 2633 daemonio-

1864 2687 1989 2727 rum
2018 2673 2072 2728 in
2104 2674 2378 2747 hypocrisi
2418 2674 2754 2747 loquentium
2793 2672 3156 2737 mendacium,
3187 2668 3241 2724 et
3269 2672 3446 2723 caute-

1868 2763 2063 2825 riatam
2089 2764 2354 2821 habentes
2398 2781 2551 2821 suam
2591 2765 3005 2831 conscientiam,
3033 2758 3325 2835 prohibent
3350 2757 3460 2813 dis-

1869 2858 2062 2915 cedere
2110 2860 2373 2930 quosdam
2429 2876 2461 2915 a
2512 2850 2757 2916 saeculari
2804 2873 3033 2933 pompa,
3087 2871 3119 2909 a
3164 2844 3464 2925 cupiditate

1868 2959 2108 3019 terrena,
2148 2960 2204 3010 et
2242 2968 2301 3009 se
2339 2952 2538 3009 sociari
2579 2951 3045 3026 contemptoribus
3094 2948 3302 3013 mundi,
3344 2961 3463 3003 ser-

1866 3043 2143 3100 vientibus
2170 3044 2282 3101 Deo
2329 3046 2429 3102 sub
2477 3042 2762 3117 disciplina
2811 3032 3068 3116 regulari.
3122 3036 3355 3099 Videant
3382 3039 3463 3107 bi,

1868 3151 1939 3192 ne
1970 3136 2112 3193 forte
2147 3136 2216 3193 ad
2254 3137 2401 3210 ipsos
2430 3138 2687 3211 respiciat
2731 3136 2823 3193 illa
2857 3135 3138 3193 Dominica
3173 3131 3464 3200 sententia,

1870 3244 1978 3301 qua
2029 3229 2085 3285 in
2126 3228 2422 3303 Evangelio
2450 3230 2518 3285 ad
2557 3229 2862 3287 Pharismos
2895 3237 2951 3284 et
2972 3228 3311 3301 iegisperitos
3350 3226 3468 3296 ipsa

169 3316 519 3373 manift2stata
554 3317 755 3391 ubique
782 3321 1033 3387 veritate,
1070 3318 1249 3375 adhuc
1292 3318 1567 3374 obcwcato
1605 3314 1769 3374 corde
1795 3313 1843 3378 C
1873 3318 2088 3376 Veritas
2110 3322 2186 3376 ait
2213 3340 2224 3376 :
2258 3342 2276 3374 ι
2315 3320 2407 3379 Va:
2435 3321 2589 3378 vobis
2622 3321 2934 3386 Pharismis,
2968 3321 3063 3391 qui
3093 3317 3316 3391 diligitis
3353 3314 3469 3389 pri-

170 3423 263 3479 per
289 3410 647 3481 cupiditatem
682 3418 976 3479 terrenam,
1002 3410 1280 3468 contraria
1316 3402 1440 3466 ﬁdei
1483 3408 1766 3466 catholica:

170 3502 434 3568 sentiunt,
483 3510 645 3572 atque
692 3511 871 3560 sectas
916 3516 1105 3571 novas,
1147 3502 1616 3573 appropinquante
1661 3500 1770 3557 ﬁne

171 3591 380 3659 mundi,
420 3593 475 3647 in
499 3592 801 3650 Ecelesiam
834 3593 1216 3650 introducunt?
1245 3588 1481 3660 Etenim,
1511 3592 1640 3648 dum
1672 3594 1768 3649 de-

173 3682 411 3739 buerant
453 3685 703 3754 magistri
728 3701 849 3742 esse
875 3692 1102 3758 propter
1128 3694 1361 3759 tempus,
1393 3692 1586 3741 rursus
1630 3685 1769 3741 indi-

175 3783 300 3846 gent
334 3785 402 3831 ut
427 3776 726 3831 doceantur
754 3790 875 3848 qua:
901 3778 1012 3833 sint
1038 3777 1304 3833 elementa
1329 3768 1541 3833 exordii
1563 3793 1772 3834 sermo-

175 3879 300 3921 num
333 3866 458 3922 Dei.
493 3865 675 3935 Quare
698 3874 806 3923 non
834 3868 1225 3940 pertimescunt
1253 3862 1407 3924 Pauli
1445 3869 1771 3925 sententiam

177 3957 450 4013 dicentis:
482 3974 502 4009 ι
532 3957 749 4013 lrritam
778 3960 901 4030 quis
938 3959 1147 4016 faciens
1195 3956 1370 4031 legem
1414 3960 1607 4033 Moysi,
1655 3963 1772 4019 sine

177 4049 283 4104 ulla
313 4050 674 4106 miseratione
693 4052 903 4107 duobus
930 4052 1014 4107 vel
1046 4053 1217 4108 tribus
1247 4053 1479 4108 moritur
1510 4053 1769 4109 testlbUS:

177 4152 387 4215 quanto
419 4146 594 4217 magis
620 4148 821 4217 putatis
839 4147 1111 4203 deteriora
1142 4148 1342 4204 mereri
1367 4147 1647 4220 supplicia,
1682 4149 1775 4219 qui

178 4236 377 4294 Filium
419 4238 514 4295 Dei
551 4239 975 4307 cenculcaverit,
1010 4247 1067 4295 et
1105 4242 1426 4312 sanguinem
1460 4240 1775 4296 testamenti

177 4329 448 4398 pollutum
476 4331 712 4398 duxerit,
754 4331 809 4385 in
839 4346 946 4402 quo
986 4331 1360 4388 sanctiﬁcatus
1389 4338 1493 4399 est,
1525 4339 1581 4388 et
1617 4332 1778 4405 spiri-

180 4425 256 4477 tui
301 4425 494 4496 gratia:
534 4427 916 4483 contumeliam
964 4427 1191 4484 fecerit?
1236 4429 1441 4485 scimus
1484 4429 1652 4496 enim,
1685 4429 1780 4501 qui

182 4514 515 4572 dixitzhlihi
558 4519 877 4587 vindictam,
917 4531 973 4575 et
1022 4536 1123 4593 ego
1158 4520 1401 4577 reddam.
1452 4522 1521 4578 Et
1548 4522 1776 4579 iterum:

186 4610 312 4677 quia
355 4608 620 4679 indicabit
649 4612 910 4667 Dominus
934 4613 1192 4683 populum
1222 4630 1378 4670 suum
1403 4629 1418 4668 :
1443 4614 1780 4670 horrendum

1871 3420 1993 3470 mas
2018 3412 2309 3469 cathedras
2340 3413 2396 3467 in
2425 3411 2738 3485 synagogis,
2769 3417 2824 3466 et
2851 3400 3204 3466 salutationes
3231 3408 3287 3462 in
3313 3404 3466 3471 foro;

1871 3518 1954 3559 va:
1980 3503 2154 3570 vobis,
2180 3503 2307 3574 quia
2332 3502 2465 3559 estis
2497 3511 2557 3557 ut
2578 3498 2953 3566 monumenta,
2975 3514 3097 3569 quae
3118 3513 3226 3553 non
3250 3501 3468 3570 parent,

1872 3605 1929 3655 et
1955 3598 2205 3654 homines
2234 3592 2572 3654 ambulantes
2599 3611 2782 3666 supra,
2816 3594 3084 3649 nesciunt.
3132 3611 3152 3645 ι
3205 3589 3275 3645 Et
3301 3590 3466 3645 item:

1881 3709 1899 3741 ι
1934 3689 2027 3746 Vae
2052 3691 2228 3758 vobis,
2262 3691 2459 3762 inquit,
2484 3688 2837 3762 iegisperitis,
2877 3688 2971 3763 qui
3011 3684 3225 3743 habetis
3259 3672 3472 3740 clavem

1875 3784 2156 3840 scientim:
2188 3785 2289 3855 ipsi
2326 3800 2434 3839 non
2474 3782 2759 3849 introistis,
2796 3786 2853 3837 et
2891 3795 2986 3837 eos
3017 3779 3109 3850 qui
3151 3776 3472 3840 introibant,

1874 3877 2257 3949 prohibuistis.
2296 3898 2315 3930 ›
2350 3876 2491 3931 llinc
2517 3876 2712 3932 Petrus
2741 3875 2799 3930 in
2828 3871 3071 3945 Epistola
3107 3886 3203 3928 sua
3234 3867 3469 3939 scripsit,

1878 3968 2095 4024 dicens:
2127 3986 2147 4020 ι
2176 3966 2339 4024 Novit
2365 3968 2509 4023 Deus
2534 3967 2655 4038 pios
2680 3966 2748 4022 de
2775 3963 3076 4021 tentatione
3102 3961 3336 4032 eripere,
3364 3956 3472 4012 ini-

1878 4077 2016 4133 quos
2061 4074 2191 4117 vero
2251 4060 2307 4116 in
2355 4056 2499 4116 diem
2537 4058 2730 4130 judicii
2785 4055 3110 4113 cruciandos
3160 4064 3474 4115 reservare;

1877 4153 2053 4223 magis
2082 4158 2267 4208 autem
2292 4168 2386 4209 eos
2414 4151 2505 4224 qui
2536 4159 2659 4225 post
2683 4165 2908 4207 carnem
2939 4148 3170 4202 alteram
3196 4144 3252 4198 iu
3279 4156 3478 4198 concu-

1877 4245 2201 4317 piscentiam
2227 4244 2584 4301 immunditiae
2610 4239 2913 4311 ambulant,
2943 4235 3481 4303 dominationemque

1880 4343 2276 4404 contemnunt,
2332 4336 2589 4402 audaces,
2639 4333 2741 4389 sibi
2795 4332 3109 4403 placentes,
3158 4324 3481 4409 sectas'non

1882 4436 2133 4485 metuunt
2160 4428 2359 4495 facere,
2389 4427 2854 4507 blasphemantes,
2885 4421 3095 4480 deliciis
3125 4421 3237 4475 suis
3264 4416 3482 4473 ailluen-

1881 4531 1986 4592 tes,
2012 4525 2067 4580 in
2103 4524 2368 4583 conviviis
2392 4524 2506 4579 suis
2524 4506 2893 4584 luxuriantes,
2931 4506 3246 4586 pellicentes
3272 4510 3482 4567 animas

1884 4608 2185 4683 instabiles,
2213 4632 2308 4672 cor
2334 4615 2699 4669 exercitatum
2722 4607 2951 4663 avaritia
2982 4600 3246 4659 habentes
3275 4618 3287 4651 :
3315 4596 3484 4653 male-

186 4706 269 4754 est
291 4700 531 4756 incidere
556 4701 612 4756 in
636 4714 832 4757 manus
856 4702 954 4758 Dei
978 4704 1233 4759 viventis.
1273 4723 1293 4756 ι
1330 4703 1604 4759 Bonorum
1638 4705 1785 4759 enim
1808 4695 1865 4757 Ι)
1890 4706 2146 4763 dictionis
2177 4705 2293 4772 lilii,
2331 4703 2770 4772 derelinquentes
2808 4698 2954 4753 viain
2987 4703 3192 4749 rectam
3215 4732 3230 4756 ,
3257 4698 3480 4746 errave—

192 4791 479 4847 doctnrum
495 4810 712 4865 semper
736 4810 855 4851 mos
878 4795 978 4851 fuit
996 4796 1178 4851 verbis
1209 4803 1373 4867 atque
1395 4794 1657 4867 exemplis
1672 4790 1793 4852 Deo

189 4886 451 4956 populum
495 4886 851 4954 lucrifacere,
916 4896 971 4943 et
1033 4888 1253 4961 studere
1299 4906 1329 4944 a
1376 4905 1545 4961 regno
1586 4882 1787 4946 diaboli

192 4993 546 5050 quoscunque
593 4979 834 5050 eripere,
877 4988 1040 5052 atque
1073 4980 1141 5036 ad
1191 4981 1475 5037 servitium
1517 4981 1615 5038 Dei
1657 4997 1787 5037 con-

194 5081 430 5128 vertere.
466 5071 620 5129 Unde
645 5073 885 5144 gentium
912 5073 1100 5131 doctor
1125 5072 1423 5129 Corinthiis
1452 5070 1529 5128 ait
1555 5087 1570 5127 :
1601 5090 1620 5125 ι
1649 5072 1785 5129 Cum

195 5164 336 5222 liber
369 5180 546 5222 essem
587 5181 656 5223 ex
682 5165 952 5238 omnibus,
1000 5168 1243 5222 omnium
1286 5181 1373 5222 me
1410 5178 1628 5222 servum
1658 5164 1784 5234 faci,

196 5263 257 5313 ut
289 5258 475 5329 plures
509 5258 881 5316 lucrifacerem
921 5276 934 5314 :
983 5258 1158 5315 factus
1196 5274 1317 5316 sum
1363 5258 1594 5314 inﬁrmis
1634 5256 1788 5313 inﬁr-

199 5364 347 5419 mus,
376 5361 439 5407 ut
462 5352 712 5408 inﬁrmos
742 5351 1151 5420 lucril‘acerem;
1198 5352 1451 5408 omnibus
1480 5352 1663 5406 omnia
1710 5350 1791 5406 fa-

198 5452 324 5502 ctus
371 5461 525 5512 sum,
566 5453 628 5502 ut
669 5460 860 5501 omnes
881 5446 1060 5503 salvos
1102 5447 1355 5502 facerem.
1387 5445 1581 5503 Omnia
1605 5442 1790 5503 autem

200 5537 354 5613 facio
367 5547 587 5613 propter
610 5539 983 5613 Evangelium,
1006 5546 1068 5596 ut
1094 5538 1365 5614 particeps
1389 5542 1506 5612 ejus
1532 5540 1753 5596 eﬁiciar.
1767 5560 1786 5592 ι

200 5629 273 5688 Et
325 5635 496 5690 item:
528 5654 548 5688 ι
590 5634 649 5691 In
690 5632 965 5702 omnibus,
997 5655 1017 5689 ι
1070 5637 1264 5708 inquit,
1327 5652 1345 5687 ι
1390 5632 1793 5690 tribulationem

198 5725 467 5796 patimur,
498 5726 596 5784 sed
628 5741 739 5783 non
773 5725 1183 5797 angustiamur:
1210 5727 1538 5799 aporiamur,
1567 5722 1663 5780 sed
1686 5738 1795 5779 non

205 5816 555 5874 destituimur
579 5834 594 5872 :
622 5818 1057 5889 persecutionem
1086 5818 1343 5889 patimur,
1376 5818 1469 5875 sed
1508 5832 1615 5874 non
1641 5816 1798 5872 dere-

208 5907 549 5982 littquituur:
595 5908 903 5990 deiiciatur,
952 5910 1049 5969 sed
1096 5922 1204 5968 non
1254 5910 1532 5981 perimus:
1580 5923 1797 5978 semper

1892 4808 2051 4865 runt;
2092 4797 2263 4853 secuti
2302 4795 2445 4850 viam
2474 4792 2695 4849 Balaam
2736 4807 2804 4847 ex
2832 4778 2999 4844 Bosor
3036 4786 3129 4858 qui
3178 4781 3483 4871 mercedem

1891 4889 2197 4961 iniquitatis
2244 4887 2481 4954 amavit,
2528 4884 2933 4955 correptionem
2977 4894 3108 4937 vero
3153 4875 3344 4933 habuit
3372 4888 3485 4927 sua:

1890 4984 2150 5050 vesanim,
2182 4981 2459 5052 subjugale
2491 4988 2699 5036 mutum
2733 4979 2788 5033 in
2819 4974 3057 5037 hominis
3096 4987 3226 5027 voce
3257 4970 3484 5038 loquens

1891 5072 2169 5149 prohibuit
2192 5075 2470 5148 propheta:
2497 5060 2885 5143 insipientiam.
2918 5066 2984 5122 lli
3014 5071 3142 5120 sunt
3166 5060 3341 5119 fontes
3370 5059 3486 5113 sine

1896 5184 2061 5241 aqua,
2092 5176 2148 5224 et
2175 5165 2383 5222 nebulae
2413 5162 2718 5220 turbinibus
2746 5159 3055 5231 exagitatae,
3089 5153 3283 5235 quibus
3312 5149 3483 5221 caligo

1897 5260 2245 5316 tenebrarum
2294 5265 2604 5314 reservatur
2629 5274 2643 5310 :
2670 5252 2923 5333 superbia
2953 5249 3099 5305 enim
3122 5243 3376 5301 vanitatis
3401 5240 3484 5297 lo-

1896 5355 2127 5424 quentes
2156 5346 2409 5422 peilicent
2450 5340 2505 5413 in
2546 5336 2830 5413 desideriis
2873 5343 3054 5401 carnis
3097 5338 3325 5397 luxuriae
3366 5352 3482 5404 eos,

1896 5444 1991 5516 qui
2021 5432 2299 5515 paululum
2340 5438 2618 5513 eﬁ‘ugiunt,
2644 5439 2738 5509 qui
2773 5438 2826 5492 in
2856 5450 3043 5495 errore
3070 5437 3483 5516 conversantur,

1897 5512 2209 5605 libertatem
2258 5532 2366 5588 illis
2409 5512 2820 5602 permittentes,
2871 5541 2994 5582 cum
3044 5524 3145 5595 ipsi
3188 5519 3331 5577 servi
3381 5512 3490 5573 sint

1898 5624 2267 5695 corruptionis
2296 5637 2311 5695 ξ
2338 5639 2370 5677 a
2399 5637 2506 5694 quo
2535 5622 2657 5692 quis
2686 5621 2830 5677 enim
2855 5626 3143 5690 superatus
3188 5624 3294 5682 cst,
3328 5610 3489 5685 huius

1898 5727 1954 5775 et
1989 5732 2180 5774 servus
2209 5723 2311 5773 est.
2366 5716 2424 5772 Si
2458 5715 2603 5773 enim
2651 5714 2978 5787 refugientes
3021 5710 3490 5783 coinquinationes

1900 5812 2109 5878 mundi,
2157 5811 2212 5867 in
2250 5810 2618 5883 cognitionem
2652 5806 2865 5865 Domini
2898 5806 3072 5864 nostri
3107 5814 3164 5867 et
3190 5800 3487 5858 Salvator-is

1899 5906 2028 5965 ἔθευ
2067 5906 2287 5973 Christi,
2327 5905 2413 5961 his
2464 5919 2656 5960 rursus
2704 5901 3313 5984 impiicitisuperantur,
3348 5894 3488 5948 facta
