3974 6474
470 423 579 501 tsi

1130 414 1194 471 Β.
1233 411 1488 471 RABANI
1523 409 1743 470 MAURI
1778 408 2099 468 ARCHIEP.
2140 405 2450 467 MOGUNT.
2488 397 2775 462 OPERUM
2812 399 2994 461 PARS
3029 398 3073 455 Ι.

3645 389 3758 447 439

480 539 610 589 sunt
635 529 717 586 eis
730 525 1041 599 posteriora
1065 524 1335 580 deteriora
1356 522 1640 595 prioribus.
1702 520 1891 577 Melius
1911 521 2057 577 enim
2084 527 2138 588 Α
2160 530 2215 578 et
2241 537 2311 577 ex
2337 520 2588 592 gentibus
2631 532 2846 590 quoque
2895 510 3242 572 credentibus
3285 507 3579 581 aqualiter
3605 506 3762 599 reci-

479 630 600 679 erat
646 620 752 675 illis
800 634 906 674 non
945 630 1239 686 agnoscere
1281 614 1428 668 viam
1463 612 1705 681 iustitia),
1746 628 1909 682 quam
1943 619 2064 682 post

481 711 818 783 agnitionem
845 716 1146 764 retrorsum
1174 704 1419 761 converti
1442 705 1510 760 ab
1539 719 1627 772 eo,
1651 702 1796 774 quod
1822 702 1929 758 illis
1951 711 2064 758 tra-

476 797 655 861 ditum
685 810 789 868 est,
821 806 1011 857 sancto
1036 799 1346 854 mandato.»

552 898 679 953 Haec
707 895 925 967 quidem
973 909 1098 948 cum
1141 892 1360 947 auribus
1394 890 1634 962 corporis
1677 888 2064 961 percipiantur,

481 1004 583 1044 nec
611 1002 771 1042 aures
795 984 1102 1050 interiores,
1132 995 1268 1052 quas
1299 980 1550 1036 Salvator
1579 980 1633 1034 in
1662 978 1955 1049 Evangelio
1984 991 2069 1031 re-

481 1080 670 1151 quirit,
697 1078 884 1134 dicens
909 1094 922 1131 :
960 1095 979 1128 ι
1014 1075 1118 1144 Qui
1148 1075 1314 1131 habet
1341 1088 1502 1129 aures
1530 1073 1781 1129 audiendi
1802 1072 2004 1137 audiat,
2044 1089 2063 1117 ι

480 1177 777 1242 apponunt,
824 1177 887 1222 ut
931 1166 1235 1237 intelligant
1281 1165 1533 1235 quoniam
1577 1162 1669 1233 qui
1709 1162 1837 1216 talia
1882 1168 2068 1232 agunt,

482 1264 629 1336 digni
652 1270 787 1318 sunt
815 1269 992 1316 morte
1018 1279 1030 1313 :
1062 1276 1172 1316 non
1200 1259 1373 1314 solum
1397 1258 1487 1329 qui
1514 1257 1749 1322 faciunt;
1783 1257 1877 1311 sed
1904 1256 2070 1312 etiam

481 1356 575 1424 qui
603 1352 950 1408 consentiunt
976 1350 1315 1414 facientibus,
1345 1364 1513 1420 prava
1553 1348 1853 1404 intentione
1882 1347 2071 1402 decer-

485 1454 622 1512 tant,
653 1444 924 1514 quomodo
960 1444 1228 1506 minuant,
1255 1450 1347 1496 aut
1376 1440 1617 1495 funditus
1662 1430 1911 1494 evertant
1954 1452 2072 1494 mo-

484 1535 751 1590 nasticam
776 1532 1261 1590 conversationem.
1294 1530 1428 1586 Cum
1456 1531 1601 1585 enim
1624 1529 1894 1584 audierint
1922 1544 2075 1598 regu-

484 1626 655 1682 larem
686 1626 1011 1684 oblationem
1035 1626 1090 1681 in
1128 1625 1310 1695 pueris
1340 1623 1563 1679 minoris
1603 1623 1797 1689 aatatis,
1843 1621 2074 1677 testibus

483 1719 695 1775 idoneis
733 1718 1047 1775 conﬁrmari
1086 1717 1283 1772 debere
1326 1734 1339 1768 :
1394 1714 1519 1785 quia
1569 1722 1755 1784 aperte
1800 1711 2075 1768 contraire

483 1820 646 1881 atque
680 1810 937 1866 resistere
962 1808 1181 1863 veritati
1203 1821 1311 1861 non
1333 1805 1561 1871 audent;
1583 1820 1653 1860 ex
1680 1804 1898 1873 obliquo
1927 1816 2074 1872 qua:-

2165 614 2342 684 piunt,
2365 611 2495 667 etin
2515 625 2744 668 numero
2760 616 2991 679 quatuor
3011 601 3427 675 Evangeliorum
3450 597 3758 654 ascribunt.

2164 705 2308 760 Deus
2362 702 2507 759 enim
2550 715 2838 772 personam
2885 695 3119 754 hominis
3158 708 3269 749 non
3316 690 3540 760 accipit,
3572 688 3671 743 sed
3709 687 3762 740 in

2164 795 2313 851 omni
2338 802 2498 865 gente
2520 801 2574 847 et
2598 789 2904 847 conditione
2929 787 3023 859 qui
3052 785 3209 840 timet
3233 780 3533 838 Dominum
3552 786 3611 832 et
3632 791 3763 847 ope-

2166 894 2321 942 ratur
2343 882 2614 956 justitiam
2639 889 2894 951 acceptus
2925 886 3009 934 est

2238 978 2367 1034 Haec
2389 990 2518 1032 vero
2536 991 2659 1031 cum
2688 989 2748 1030 se
2775 973 2852 1028 ita
2872 971 3128 1037 habeant,
3146 983 3268 1040 qua:
3291 966 3435 1023 ratio
3461 973 3557 1020 est
3582 978 3766 1019 secun-

2168 1069 2299 1126 dum
2323 1070 2513 1135 Deum,
2544 1074 2638 1122 aut
2662 1064 2959 1122 secundum
2985 1062 3253 1126 homines,
3275 1068 3337 1115 ut
3363 1057 3459 1129 qui
3481 1055 3767 1111 inferiores

2170 1171 2301 1221 sunt
2317 1163 2519 1219 virtute
2538 1167 2595 1216 et
2617 1159 2900 1230 dignitate,
2922 1155 3228 1227 superiores
3249 1150 3352 1208 sibi
3370 1157 3429 1206 et
3448 1148 3768 1204 eminentio-

2172 1270 2262 1312 res
2276 1260 2553 1325 spernant,
2578 1258 2634 1306 et
2658 1248 2814 1320 quasi
2840 1246 3086 1317 indignos
3105 1244 3255 1300 omni
3274 1242 3486 1297 honore
3508 1252 3769 1309 respuen-

2170 1356 2255 1405 tes
2292 1345 2566 1416 abjiciant,
2603 1342 2799 1414 quibus
2837 1339 3028 1410 subjici
3079 1334 3398 1407 oportebat?
3442 1332 3587 1400 Quis
3634 1332 3769 1387 enim

2172 1442 2384 1512 ignorat
2428 1439 2530 1493 sub
2562 1437 2667 1493 hac
2694 1435 2851 1506 plaga
2872 1431 3058 1489 mundi
3087 1431 3359 1495 habitans,
3380 1427 3639 1481 Francos
3657 1433 3772 1479 ante

2175 1532 2418 1590 Saxones
2433 1530 2489 1585 in
2504 1528 2707 1585 Christi
2721 1527 2825 1583 ﬁde
2845 1535 3009 1595 atque
3024 1523 3281 1595 religione
3299 1520 3495 1583 fuisse,
3514 1532 3660 1589 quos
3678 1517 3769 1586 ipsi

2173 1624 2515 1696 postmodum
2536 1636 2648 1677 suae
2669 1617 3021 1676 dominationi
3041 1616 3372 1686 subegerunt
3391 1611 3597 1673 armis,
3620 1619 3773 1678 atque

2176 1714 2486 1784 superiores
2534 1709 2731 1775 effecti,
2764 1707 3103 1764 dominorum
3133 1703 3261 1769 ritu,
3305 1702 3419 1757 imo
3458 1700 3639 1771 magis
3686 1715 3775 1770 pa-

2178 1814 2332 1862 terno
2368 1802 2584 1869 aﬁ‘ectu,
2611 1800 2678 1855 ab
2718 1798 2984 1854 idolorum
3019 1795 3166 1852 cultu
3199 1790 3775 1855 abstrahentes,adﬁ-

483 1912 610 1959 runt
630 1902 900 1975 quomodo
923 1902 999 1967 id,
1022 1900 1167 1971 quod
1189 1913 1445 1970 perversa
1474 1906 1657 1952 mente
1686 1902 1939 1961 tractant,
1974 1895 2078 1949 hoc
2104 1900 2153 1961 B
2180 1896 2303 1953 dem
2324 1895 2526 1952 ChriSti
2540 1890 2957 1949 converterunt?
2981 1888 3088 1944 Sed
3112 1901 3257 1941 nunc
3279 1901 3310 1939 a
3325 1882 3775 1955 quihusdampri-

463 1985 608 2050 actu
652 1993 888 2049 nefando
936 1990 1263 2063 perﬁciant:
1297 1989 1567 2045 subtiliter
1604 1994 2069 2059 argumentantur,

482 2093 647 2155 atque
674 2084 779 2139 hoc
806 2084 863 2137 in
890 2090 1257 2139 commentum
1291 2078 1496 2136 erroris
1525 2077 1611 2133 sui
1633 2083 1936 2143 assumunt,
1967 2089 2075 2145 quo

483 2174 696 2230 facilius
718 2173 929 2245 possint
953 2173 1055 2228 sibi
1076 2173 1435 2241 obsequentes
1455 2179 1617 2239 atque
1641 2169 1954 2223 obedientes
1979 2168 2074 2221 dc-

483 2268 669 2325 ludere
695 2286 708 2321 :
740 2268 884 2339 quod
906 2282 1012 2322 non
1036 2266 1196 2321 liceat
1223 2263 1442 2320 cuilibet
1467 2270 1632 2318 testes
1659 2262 1827 2317 citare
1855 2259 1922 2315 ad
1948 2276 2077 2315 con-

484 2361 807 2418 ﬁrmandam
836 2361 1123 2416 veritatem
1164 2358 1440 2429 religionis
1488 2354 1830 2420 Christianm,
1875 2354 1979 2408 nisi
2012 2354 2078 2408 de

483 2453 704 2524 propria
751 2467 850 2507 sua
891 2459 1089 2522 gente:
1120 2448 1270 2503 verbi
1304 2446 1495 2518 gratia,
1529 2445 1715 2500 dicunt
1746 2444 1888 2515 quod
1918 2458 2079 2514 super

488 2546 761 2603 Saxonem
786 2543 965 2600 nullus
992 2545 1057 2599 de
1076 2542 1413 2597 Francorum
1446 2547 1539 2593 aut
1566 2538 1952 2600 Romanorum,
1986 2543 2078 2589 aut

484 2652 555 2693 ex
581 2637 687 2691 alia
717 2635 959 2707 qualibet
992 2642 1173 2706 gente,
1213 2631 1339 2686 licet
1376 2630 1518 2685 inter
1547 2645 1676 2685 suos
1708 2626 1903 2682 nobilis
1947 2633 2079 2680 natu

488 2736 651 2799 atque
690 2728 954 2783 honestus
1000 2723 1413 2780 conversatione
1459 2721 1745 2785 habeatur,
1792 2718 1898 2773 nisi
1935 2715 2081 2771 Saxo

488 2820 642 2876 testis
668 2834 791 2875 esse
818 2816 1008 2887 possit.
1041 2814 1156 2870 Hoc
1186 2815 1352 2878 enim,
1380 2812 1552 2879 aiunt,
1576 2810 1749 2882 legem
1776 2807 1951 2881 gentis
1971 2820 2081 2862 suae

485 2912 601 2983 pati
628 2926 737 2966 non
761 2924 942 2980 posse,
983 2916 1046 2963 ut
1074 2907 1295 2962 alterius
1337 2905 1511 2975 gentis
1542 2905 1705 2960 homo
1744 2904 1801 2957 in
1836 2902 2081 2958 testimo-

486 3006 637 3061 nium
665 3004 864 3059 citetur
893 3002 961 3057 ad
989 3000 1387 3071 infringendam
1414 2998 1585 3070 legem
1632 2996 1900 3052 libertatis
1947 3010 2077 3050 suae.

488 3096 655 3163 Quasi
687 3094 764 3149 illi
800 3093 1104 3149 libertatem
1141 3106 1207 3145 ac
1240 3090 1575 3145 nobilitatem
1603 3088 1818 3160 generis
1847 3086 1931 3142 sui
1958 3101 2084 3156 per-

488 3188 622 3243 dant
660 3188 754 3258 qui
797 3186 1076 3243 servitium
1106 3183 1311 3241 Christi
1352 3182 1696 3253 proﬁtentur,
1744 3196 1867 3235 cum
1910 3180 2083 3251 inagis

2177 1989 2413 2043 matibus
2432 1988 2499 2042 de
2519 1987 2638 2057 ipsa
2658 1992 2817 2053 gente
2840 1981 3133 2038 secundum
3147 1993 3370 2034 carnem
3389 1976 3562 2031 editis
3576 1975 3775 2045 ingrate

2176 2088 2525 2151 spernuntur,
2576 2093 2641 2134 ac
2682 2083 2873 2133 contra
2913 2073 3002 2143 jus
3040 2071 3162 2128 coeli
3190 2080 3497 2140 contraque
3526 2067 3627 2139 jus
3660 2065 3773 2132 fori,

2176 2189 2246 2229 ne
2282 2181 2445 2228 testes
2472 2186 2592 2227 esse
2612 2170 2860 2226 veritatis
2886 2167 3120 2233 valeant,
3151 2165 3371 2236 indigne
3396 2164 3773 2234 abjiciuntur:
3858 2170 3861 2177 ‘

2178 2284 2301 2323 cum
2322 2268 2426 2322 hoc
2456 2281 2557 2321 nec
2583 2265 2723 2320 ratio
2748 2264 3004 2328 humana,
3032 2275 3207 2330 neque
3243 2258 3429 2313 divina
3461 2256 3521 2311 id
3549 2255 3674 2309 ﬁeri
3697 2255 3757 2309 de

2176 2360 2306 2416 bere
2331 2358 2442 2413 ullo
2463 2357 2623 2412 modo
2647 2355 2836 2420 dictet,
2863 2368 2964 2408 nec
2992 2351 3114 2407 talis
3142 2351 3275 2405 ordo
3296 2363 3552 2419 unquam
3574 2347 3633 2402 in
3657 2346 3779 2401 orbe

2179 2451 2461 2522 triquadro
2483 2448 2665 2504 fuerit.
2687 2447 2921 2502 Narrant
2940 2445 3084 2501 enim
3108 2442 3347 2499 historiae
3370 2450 3551 2496 totam
3574 2438 3777 2501 Asiam,

2179 2540 2281 2597 sub
2334 2548 2553 2596 centum
2606 2539 2797 2610 viginti
2841 2536 3073 2606 satrapis
3126 2534 3486 2590 constitutam
3506 2574 3523 2599 ,
3578 2531 3782 2601 legibus

2178 2631 2472 2687 Persarum
2498 2629 2761 2685 obedisse.
2797 2626 2888 2682 Sic
2931 2627 3093 2681 etiam
3131 2625 3508 2680 Romanorum
3538 2621 3781 2675 domina-

2180 2723 2315 2778 tioni
2345 2734 2537 2777 omnes
2564 2727 2750 2793 gentes
2778 2733 2943 2773 censu
2966 2732 3031 2773 ac
3054 2732 3217 2773 sensu
3235 2715 3545 2770 secundum
3575 2713 3781 2768 sancite

2145 2865 2148 2869 .
2180 2814 2570 2887 iinperatorum
2615 2825 2711 2882 per
2741 2810 2984 2866 diversas
3013 2810 3318 2881 provincias
3361 2808 3480 2863 suis
3524 2808 3781 2878 tempori.

2181 2906 2282 2962 bus
2307 2904 2580 2975 subjectas
2611 2919 2748 2970 esse,
2781 2903 3062 2973 civemque
3104 2900 3409 2956 Romanum
3450 2900 3665 2956 ascribi
3694 2914 3782 2970 pro

2181 3017 2379 3073 magna
2404 3000 2665 3069 dignitate
2688 3013 2752 3052 ac
2776 2997 3124 3053 veneratione
3147 2997 3286 3067 apud
3316 3010 3514 3050 omnes
3539 2996 3784 3048 nationes

2181 3092 2390 3148 haberi.
2420 3088 2528 3145 Sed
2556 3104 2664 3144 non
2692 3089 2889 3143 mirum
2924 3086 3066 3156 quod
3088 3085 3199 3150 isti,
3224 3085 3317 3155 qui
3343 3084 3566 3154 legibus
3588 3082 3786 3137 divinis

2185 3180 2456 3238 contraria
2505 3180 2768 3245 sentiunt,
2820 3177 3026 3235 foedera
3060 3177 3202 3248 pacti
3243 3176 3471 3230 humani
3527 3175 3640 3229 rite
3684 3190 3786 3228 non

485 3280 566 3336 illi
600 3280 757 3336 liberi
787 3280 895 3335 sint
923 3279 1016 3349 qui
1044 3276 1140 3333 uni
1167 3276 1299 3343 Deo,
1328 3291 1490 3345 quam
1534 3275 1629 3346 qui
1671 3273 1900 3331 diversis
1936 3272 2084 3326 vitiis
2112 3278 2158 3342 C
2189 3281 2447 3339 servent;
2493 3278 2739 3327 errantes
2780 3271 2947 3336 enim,
2993 3278 3049 3326 et
3084 3269 3141 3323 in
3194 3282 3435 3323 errorem
3484 3267 3782 3331 mittentes,

487 3380 652 3442 atque
673 3371 931 3442 peccatis,
955 3368 1162 3425 servire
1186 3368 1504 3439 probantur.
1530 3364 1682 3420 Hanc
1707 3365 1947 3435 profecto
1971 3379 2083 3419 non

490 3466 562 3520 ob
588 3464 732 3520 aliud
763 3463 1285 3536 argumentationem
1338 3461 1501 3533 igitur
1538 3460 1764 3532 ﬁngunt,
1814 3475 1975 3530 quam
2023 3464 2084 3513 ut

487 3558 846 3614 monasticam
892 3554 1358 3612 conversationem
1398 3569 1462 3608 ac
1501 3552 1803 3622 regularem
1849 3550 2087 3620 discipli-

489 3664 621 3703 nam
651 3648 708 3702 in
735 3647 917 3702 odium
946 3646 1256 3702 hominibus
1286 3651 1524 3709 vertant,
1553 3642 1795 3697 dicentes
1836 3656 1932 3697 eos
1973 3653 2087 3695 ser-

490 3758 587 3799 vos
639 3742 760 3796 ﬁeri
802 3742 894 3811 qui
932 3741 1189 3796 monachi
1231 3739 1398 3806 ﬁunt;
1449 3747 1504 3794 et
1544 3753 1652 3793 non
1697 3735 2001 3807 intelligunt
2029 3749 2087 3789 se

491 3841 681 3890 contra
720 3832 1009 3888 Dominum
1049 3848 1290 3904 pugnare
1319 3832 1412 3903 qui
1440 3830 1557 3901 ejus
1591 3831 1931 3887 devotionem
1969 3845 2086 3885 ser-

488 3925 610 3979 vitii
633 3925 821 3979 dicunt
845 3938 1077 3994 pensum
1124 3931 1507 3989 esse‘naturm,
1538 3937 1663 3977 cum
1706 3919 1849 3975 nulla
1873 3920 1951 3988 .sit
1976 3933 2090 3973 me-

488 4016 596 4070 lior
636 4014 922 4084 majorque
949 4022 1193 4083 potestas
1235 4029 1399 4085 quam
1429 4014 1634 4069 servire
1672 4014 1804 4078 Deo,
1837 4012 1926 4067 cui
1954 4012 2091 4067 bene

493 4104 662 4159 servit
689 4117 861 4157 amor.
893 4102 953 4157 Si
974 4103 1176 4158 veritas
1207 4119 1241 4157 a
1279 4103 1509 4159 testibus
1539 4104 1841 4174 expetenda
1870 4110 1975 4169 est,
2022 4100 2088 4155 ﬁ-

494 4195 593 4250 des
621 4203 679 4250 et
699 4195 945 4266 probitas
965 4197 1186 4251 testium
1208 4196 1534 4266 requirenda
1561 4205 1704 4251 sunt.
1732 4197 1798 4250 Et
1822 4197 2091 4266 quomodo

493 4286 850 4342 inveniuntur
903 4294 1069 4343 testes
1130 4286 1340 4352 idonei,
1394 4287 1501 4341 nisi
1555 4289 1673 4342 haec
1731 4287 2092 4343 consideratio

495 4378 640 4449 apud
666 4377 957 4449 eligentem
986 4379 1101 4445 ﬁat,
1130 4387 1191 4433 ut
1220 4394 1328 4433 non
1360 4378 1534 4434 solum
1573 4378 1827 4434 nobilitas
1853 4378 2089 4449 generis,

496 4471 593 4527 sed
619 4471 787 4527 etiam
816 4472 1122 4527 constantia
1161 4472 1359 4528 mentis
1400 4472 1456 4527 in
1499 4472 1580 4527 eis
1613 4472 1976 4543 approbetur?
2014 4472 2095 4528 sic

496 4565 645 4620 enim
689 4566 759 4621 ab
785 4565 940 4621 initio
975 4574 1145 4621 testes
1187 4581 1220 4620 a
1264 4566 1619 4636 prudentibus
1649 4565 1957 4621 hominibus
2000 4581 2095 4621 ex-

2191 3367 2333 3439 apud
2358 3366 2530 3421 Deum
2558 3363 2851 3433 culpabiles
2881 3369 2938 3417 et
2964 3362 3105 3431 apud
3126 3360 3375 3416 homines
3399 3359 3787 3429 vituperabiles

2190 3461 2345 3516 ﬁunt.
2392 3460 2633 3531 Denique
2682 3457 2905 3524 veritas,
2949 3471 3069 3525 quae.
3120 3454 3318 3525 ubique
3355 3462 3576 3525 regnat,
3608 3454 3785 3507 omnia

2191 3551 2388 3617 vincit;
2436 3550 2563 3606 licet
2606 3548 2807 3604 multos
2855 3548 3106 3603 inimicos
3159 3546 3377 3613 habeat,
3435 3546 3558 3615 ipsa
3610 3554 3786 3599 tamen

2191 3642 2382 3697 victrix
2419 3656 2610 3696 omnes
2637 3641 2822 3696 hostes
2846 3656 2976 3695 suos
2994 3649 3199 3694 aeterna
3223 3637 3509 3708 superabit
3534 3637 3782 3700 victoria,

2193 3731 2345 3801 cujus
2386 3741 2572 3787 sancta
2604 3731 2844 3787 Ecclesia
2886 3730 3198 3786 ﬁdelissima
3223 3728 3566 3786 observatrix
3600 3744 3669 3783 ac
3700 3745 3788 3783 cu-

2194 3832 2328 3891 stos,
2365 3825 2421 3878 in
2450 3824 2722 3879 soliditate
2770 3824 3095 3880 ﬁrmissima:
3144 3831 3313 3893 petrae
3356 3822 3602 3886 fundata,
3645 3820 3788 3875 nulla

2197 3917 2390 3988 recipit
2417 3918 2690 3973 consortia
2716 3919 3066 3988 perﬁdorum.
3098 3915 3253 3973 Unde
3292 3930 3394 3971 nec
3419 3924 3596 3985 portae.
3632 3912 3789 3968 inferi

2194 4010 2564 4081 praevalebunt
2593 4012 2851 4067 adversus
2878 4026 3017 4066 eam.

2267 4105 2439 4176 Hujus
2461 4120 2677 4177 quoque
2701 4120 2810 4160 non
2846 4120 2973 4176 pars
2999 4104 3225 4159 minima
3263 4104 3663 4159 monachorum
3702 4116 3791 4154 ex.

2196 4203 2304 4251 stat
2333 4197 2511 4262 turba,
2553 4211 2674 4266 qua:
2711 4194 2947 4250 creatori
2992 4209 3094 4249 suo
3137 4194 3327 4249 devote
3355 4192 3630 4247 famulans
3660 4204 3790 4260 pene

2197 4290 2254 4344 in
2285 4291 2450 4344 totius
2479 4289 2724 4359 partibus
2752 4289 2903 4344 orbis
2918 4302 3122 4360 greges
3153 4302 3280 4343 suos
3310 4285 3536 4356 colligit,
3569 4283 3791 4339 domici-

2195 4382 2269 4438 lia
2316 4383 2600 4450 construit,
2652 4390 2815 4452 atque
2867 4381 2961 4435 uni
3009 4380 3122 4436 Deo
3172 4379 3530 4449 omnipotenti
3582 4385 3788 4447 gratum

2197 4476 2480 4532 servitium
2532 4477 2792 4533 exhibere
2841 4476 3135 4532 contendit.
3192 4475 3317 4530 Haec
3366 4490 3435 4530 ex
3484 4474 3789 4545 apostolica

2200 4569 2507 4625 traditionis
2527 4584 2720 4625 norma
2740 4569 3002 4632 instituta,
3026 4568 3162 4623 nihil
3183 4567 3464 4639 proprium
3484 4567 3785 4636 possidens,

413 4664 427 4739 ᾖ
497 4655 873 4726 quirebantur,
902 4670 1014 4726 prae
1034 4655 1231 4726 quibus
1258 4656 1461 4726 placuit
1491 4665 1617 4711 ante
1645 4656 1827 4712 omnia
1855 4656 2094 4711 inventio
2119 4681 2173 4741 Β
2197 4661 2561 4716 communiter
2610 4660 2744 4714 vivit
2791 4660 3131 4732 propriisque
3180 4661 3430 4716 manibus
3456 4660 3562 4715 sibi
3595 4660 3787 4714 victum

420 4731 427 4761 ί
496 4746 765 4813 veritatis,
795 4753 854 4802 et
880 4762 988 4801 non
1018 4746 1165 4801 ﬁctio
1212 4745 1490 4801 falsitatis.
1523 4744 1583 4801 Si
1626 4754 1807 4801 autem
1837 4761 2096 4817 persona-

498 4836 907 4906 rumacceptio,
934 4844 987 4890 et
1008 4835 1244 4906 qualitas
1285 4837 1528 4906 gentium
1569 4852 1601 4891 a
1654 4837 1893 4907 quolibet
1919 4837 2098 4893 consi-

507 4927 746 4984 deranda
770 4934 885 4991 est;
916 4933 973 4980 et
997 4934 1165 4981 testes
1188 4926 1537 4996 approbandi,
1566 4936 1628 4982 ut
1649 4944 1757 4983 non
1786 4928 1921 4983 alios
1947 4927 2097 4999 quis-

507 5034 613 5090 que
654 5026 820 5075 testes
848 5017 1093 5087 recipiat,
1136 5018 1243 5072 nisi
1292 5032 1403 5072 suae
1441 5019 1619 5091 gentis
1644 5021 1930 5085 homines,
1958 5036 2098 5090 quo-

501 5112 664 5167 modo
685 5119 873 5183 gentes
895 5118 1093 5166 natura
1114 5107 1424 5165 Judaaorum
1446 5113 1839 5179 testimonium,
1868 5114 1959 5184 qui
1986 5128 2097 5169 non

503 5201 725 5259 fuerunt
756 5202 1014 5274 religione
1051 5210 1107 5257 et
1151 5202 1369 5258 natione
1406 5202 1507 5257 sibi
1548 5204 1875 5269 consimiles,
1907 5205 1962 5259 in
1992 5205 2097 5261 ﬁde

504 5293 709 5351 Christi
739 5294 1097 5365 receperunt?
1119 5293 1364 5364 Apostoli
1391 5295 1535 5350 enim
1580 5304 1635 5350 et
1664 5298 1940 5367 prophetae
1979 5314 2097 5353 om-

506 5397 605 5437 nes
633 5397 701 5437 ex
730 5382 930 5439 Iudaeis
959 5384 1194 5438 fuerunt.
1236 5384 1346 5438 Aut
1368 5384 1637 5453 quomodo
1665 5384 1835 5441 Judaei
1858 5388 2096 5457 gentium

505 5472 941 5529 testiﬁcationem
987 5477 1230 5546 recipere
1262 5476 1569 5545 voluerunt,
1611 5478 1706 5548 qui
1735 5495 1845 5534 non
1882 5480 2101 5536 fuerunt

506 5565 616 5624 illis
638 5565 747 5621 ritu
778 5582 842 5621 ac
869 5568 1132 5638 dignitate
1158 5571 1495 5640 coaequales?
1539 5570 1715 5627 Lucas
1742 5572 1885 5627 enim
1930 5589 2098 5629 evan-

508 5654 702 5727 gelista
735 5653 1142 5723 Antiochenus,
1189 5664 1305 5713 arte
1352 5658 1614 5724 medicus,
1662 5656 1832 5730 Syrus
1874 5660 1994 5727 fuit,
2041 5668 2102 5715 ut

508 5746 786 5815 scribitur,
815 5748 1054 5817 natione,
1093 5757 1149 5805 et
1175 5750 1349 5822 magis
1392 5766 1460 5806 ex
1489 5750 1676 5806 auditu
1704 5767 1865 5822 quam
1887 5768 1952 5809 ex
1978 5755 2101 5812 visu

510 5856 668 5897 suum
695 5840 1019 5913 conscripsit
1040 5840 1388 5916 Evangelium
1408 5861 1419 5897 :
1440 5844 1584 5914 quod
1610 5852 1790 5903 tamen
1816 5860 1880 5903 ex
1903 5843 2101 5907 Judwis

2200 4756 2512 4826 quaeritans,
2551 4755 2730 4811 Patris
2760 4757 3058 4825 spiritualis
3104 4758 3161 4812 in
3199 4758 3451 4812 omnibus
3477 4756 3643 4827 gestit
3669 4755 3790 4808 ohe.

2201 4848 2317 4903 dire
2363 4848 2623 4918 imperio;
2674 4847 2885 4904 nullum
2938 4850 3176 4920 spernit,
3216 4849 3422 4903 nullum
3473 4847 3787 4903 contemnit.

2201 4936 2390 4994 Omnis
2412 4955 2595 5007 sexus,
2624 4942 2801 4997 omnis
2818 4950 2970 5008 artas,
2995 4942 3171 4997 omnis
3188 4940 3428 4996 conditio
3448 4941 3596 5010 apud
3624 4940 3786 5010 ipsam

2202 5030 2400 5085 habilis
2423 5030 2521 5085 Dei
2542 5031 2764 5087 servitio
2785 5031 3035 5087 habetur.
3065 5029 3219 5087 Unde
3236 5038 3295 5085 et
3317 5030 3514 5099 recipit
3537 5028 3785 5091 infantes,

2204 5122 2405 5192 appetit
2447 5120 2697 5190 juvenes,
2750 5139 2859 5180 non
2900 5124 3106 5194 respuit
3132 5139 3290 5179 senes
3332 5130 3501 5193 atque
3528 5123 3786 5178 inﬁrmos.

2202 5214 2359 5284 Apud
2396 5216 2539 5271 hanc
2577 5216 2756 5272 locum
2790 5218 2955 5273 habet
2980 5200 3293 5276 adolescens
3340 5219 3396 5273 in
3427 5218 3665 5286 pueritia
3687 5216 3789 5271 Deo

2203 5315 2592 5364 consecratus:
2625 5309 2681 5364 in
2728 5311 2833 5366 hac
2863 5312 3160 5368 remedium
3202 5328 3314 5368 suae
3357 5311 3552 5367 salutis
3595 5309 3789 5366 invenit

2194 5394 2432 5466 juvenis,
2459 5415 2559 5469 pro
2587 5402 2828 5468 peccatis
2862 5404 2975 5458 suis
2999 5403 3290 5458 salubriter
3315 5412 3707 5474 compunctus;
3737 5400 3787 5456 in

2203 5485 2296 5541 illa
2331 5503 2496 5544 senex
2526 5490 2609 5545 vel
2644 5491 2950 5562 decrepitus
2984 5494 3279 5549 undecimae
3308 5494 3455 5550 horae
3482 5510 3595 5551 non
3620 5490 3789 5564 perdit

2204 5581 2466 5648 laborem,
2503 5598 2605 5638 nec
2644 5584 2823 5654 perdit
2855 5600 2978 5642 sero
3019 5602 3329 5643 conversus.
3372 5587 3479 5642 Per
3526 5587 3696 5656 ipsam
3734 5592 3788 5637 et

2203 5670 2373 5727 David
2399 5681 2585 5729 noster
2611 5690 2705 5730 eos
2731 5690 2868 5745 quos
2895 5678 3127 5734 mundus
3151 5694 3251 5749 pro
3275 5678 3574 5736 sceleribus
3598 5676 3685 5733 vel
3708 5676 3786 5729 in-

2204 5761 2461 5820 ﬁrmitate
2483 5780 2744 5837 corporea
2782 5769 3084 5839 despiciens
3106 5771 3323 5840 abjccit,
3350 5772 3672 5843 recolligens
3698 5784 3784 5826 rec

2205 5855 2351 5924 fecit,
2380 5866 2542 5929 atque
2581 5859 2746 5917 duces
2778 5860 2989 5919 itineris
3036 5863 3121 5919 Sui
3149 5862 3293 5918 fecit.
3348 5864 3495 5920 Unde
3528 5862 3785 5935 plurimos
