3974 6492
218 521 328 577 455

1262 520 1463 577 LIBER
1501 519 1592 576 DE
1631 518 2018 576 OBLATIONE
2058 518 2459 577 PUERORUM.

3384 525 3490 582 454

219 644 276 699 in
309 641 535 698 Patrum
559 636 948 697 Collattonibus
981 653 1044 694 ac
1094 639 1212 694 Vita
1255 639 1556 709 descriptos
1594 636 1804 691 inveni-
1835 638 1889 700 Α
1911 649 1977 689 ex
2005 652 2100 690 ore
2129 644 2221 691 tuo
2251 635 2464 692 locutus
2486 651 2565 692 es.
2599 654 2618 689 ›
2649 636 2785 691 Nam
2819 645 2876 693 et
2907 637 3192 694 Psalmista
3241 638 3493 696 similiter

219 753 362 801 mus,
393 737 486 806 qui
511 735 577 789 ad
609 734 938 804 propositum
970 734 1323 788 monasticum
1348 733 1668 787 servandum
1696 731 1804 800 spi-

217 831 334 885 ritu
361 831 455 884 Dei
482 828 771 898 instigante
811 826 1176 894 deﬂuxerunt;
1228 827 1507 897 plurimos,
1553 826 1644 897 qui
1679 840 1806 881 suos

219 920 362 975 ﬁlios
391 921 460 975 ad
493 919 590 975 Dei
617 919 897 974 servitium
921 919 1236 974 nutriendos
1261 918 1620 974 tradiderunt.
1651 915 1805 982 Quod

218 1020 275 1067 et
296 1013 489 1067 beatus
517 1027 655 1082 papa
682 1010 974 1082 Gregorius
1019 1010 1158 1080 apud
1185 1009 1548 1065 venerabilem
1588 1008 1804 1062 Patrem

217 1103 592 1167 Benedictum,
622 1101 773 1170 cujus
793 1102 972 1157 Vitam
994 1101 1108 1172 ipse
1129 1101 1433 1170 descripsit,
1461 1117 1522 1156 ac
1543 1099 1804 1170 Regulam

217 1193 578 1248 institutionis
602 1192 718 1263 ejus
745 1191 1066 1245 mirabiliter
1089 1191 1303 1258 laudat,
1329 1190 1404 1244 ita
1432 1189 1626 1245 fecisse
1657 1191 1710 1243 in
1737 1189 1804 1242 li-

217 1285 333 1339 bris
355 1284 702 1354 Dialogorum
723 1283 1191 1348 commemoravit,
1212 1282 1398 1336 dicens
1427 1300 1440 1334 :
1470 1299 1488 1332 t
1525 1280 1658 1335 Cum
1685 1296 1808 1335 san-

215 1384 340 1430 ctus
371 1375 455 1428 vir
480 1373 710 1427 Domino
739 1373 789 1426 in
821 1373 1009 1428 eadem
1056 1371 1343 1426 solitudine
1390 1369 1686 1424 virtutibus
1729 1370 1805 1424 si-

215 1467 446 1536 gnisque
475 1473 861 1530 succresceret,
903 1463 1056 1519 multi
1097 1466 1164 1518 ab
1205 1478 1269 1519 eo
1298 1464 1352 1517 in
1379 1463 1497 1518 loco
1522 1465 1711 1518 eodem
1739 1463 1807 1517 ad

215 1558 606 1626 omnipotentis
657 1557 748 1611 Dei
782 1564 907 1611 sunt
952 1555 1232 1610 servitium
1273 1555 1604 1626 congregati,
1646 1555 1720 1609 ita
1750 1561 1811 1608 ut

217 1648 329 1703 illic
370 1649 651 1703 duodecim
691 1648 1047 1714 monasteria,
1097 1662 1218 1702 cum
1258 1648 1642 1716 omnipotentis
1681 1646 1808 1703 Jesu

214 1740 418 1795 Christi
459 1740 671 1795 Domini
719 1740 891 1794 nostri
938 1739 1308 1809 opitulatione,
1343 1747 1723 1793 construeret:
1752 1738 1809 1792 in

214 1834 416 1902 quibus
446 1833 663 1888 statutis
692 1832 936 1902 patribus
960 1833 1233 1887 duodenos
1258 1833 1552 1887 monachos
1580 1831 1809 1900 deputa-

211 1925 318 1990 vit,
344 1941 543 1995 paucos
573 1940 703 1980 vero
747 1939 928 1980 secum
968 1924 1217 1990 detinuit,
1258 1941 1392 1993 quos
1421 1924 1593 1978 adhuc
1625 1923 1680 1978 in
1712 1937 1810 1978 sua

1907 731 2243 796 exhortatur,
2281 731 2465 786 dicens
2490 749 2502 785 :
2538 750 2556 782 ι
2593 732 2791 788 Vovete
2820 740 2877 788 et
2900 733 3106 788 reddite
3132 733 3361 788 Domino
3379 735 3494 789 Deo

1906 831 2323 889 vestro,‘omnes
2349 824 2439 893 qui
2468 823 2523 878 in
2545 824 2777 880 circuitu
2807 825 2924 894 ejus
2954 825 3160 881 affertis
3189 841 3432 882 munera.
3467 847 3489 880 ι

1908 912 2124 983 Suoque
2152 914 2398 985 exemplo
2432 915 2535 970 hoc
2580 917 2959 986 comprobans,
2998 917 3104 973 alio
3145 917 3266 972 loco
3307 917 3441 973 dicit
3477 935 3495 974 :

1914 1024 1931 1055 ‹
1967 1006 2102 1060 Vota
2129 1021 2247 1060 mea
2275 1005 2500 1062 Domino
2525 1009 2746 1063 reddam
2769 1009 2823 1063 in
2853 1009 3008 1064 atriis
3039 1011 3230 1065 domus
3257 1011 3494 1077 Domini,

1907 1094 1961 1149 in
1992 1105 2282 1166 conspectu
2319 1096 2494 1152 omnis
2519 1099 2701 1168 populi
2737 1096 2876 1166 ejus,
2908 1099 2965 1154 in
3000 1100 3178 1156 medio
3207 1101 3308 1167 tui,
3340 1100 3499 1158 Jeru-

1907 1189 2096 1243 salem.
2133 1209 2152 1242 ›
2185 1189 2254 1243 Et
2291 1189 2418 1245 item
2447 1209 2460 1245 :
2492 1209 2510 1242 ‹
2554 1191 2645 1246 Sic
2687 1192 2953 1263 psalmum
3000 1193 3208 1259 dicam,
3242 1214 3262 1246 ι
3298 1194 3498 1265 inquit,

1917 1282 2170 1336 «'uomini
2203 1291 2315 1348 tuo,
2346 1283 2506 1348 Deus,
2551 1283 2606 1338 in
2653 1285 2906 1339 saeculum
2951 1286 3151 1350 saeculi,
3180 1294 3240 1339 ut
3272 1287 3500 1342 reddam

1908 1383 2030 1428 vota
2056 1389 2176 1428 mea
2199 1375 2263 1428 de
2291 1374 2374 1429 die
2407 1375 2460 1429 in
2489 1374 2650 1428 diem.
2689 1394 2708 1427 ›
2738 1374 2875 1430 Hinc
2901 1383 2956 1430 et
2991 1376 3348 1432 Ecclesiastes
3375 1377 3451 1431 ait
3483 1396 3500 1433 :

1917 1484 1935 1515 ‹
1971 1464 2027 1519 Si
2056 1465 2184 1534 quid
2206 1465 2402 1520 'vovisti
2436 1467 2685 1532 Domino,
2736 1482 2804 1520 ne
2844 1468 3071 1522 moreris
3097 1469 3324 1523 reddere
3352 1484 3366 1521 :
3393 1468 3505 1523 dis-

1909 1556 2072 1628 plicet
2116 1558 2260 1611 enim
2302 1557 2351 1611 ci
2400 1558 2628 1612 infidelis
2669 1559 2981 1628 promissio,
3031 1559 3126 1614 sed
3168 1575 3506 1629 quaecunque

1910 1649 2123 1703 voveris
2168 1650 2330 1704 redde
2367 1667 2380 1703 :
2431 1649 2706 1719 multoque
2753 1651 2946 1706 melius
3006 1659 3087 1706 est
3132 1666 3239 1705 non
3284 1666 3503 1716 vovere,

1911 1758 2072 1812 quam
2119 1752 2240 1812 post
2281 1752 2464 1799 votum
2504 1747 2770 1815 promissa
2801 1762 2907 1801 non
2945 1747 3184 1802 reddere.
3227 1765 3247 1798 ι
3289 1747 3424 1802 Nam
3453 1756 3508 1802 et

1912 1833 2144 1904 idipsum
2183 1833 2429 1890 Salvator
2463 1837 2516 1890 in
2551 1837 2843 1908 Evangelio
2870 1837 2969 1892 sub
2996 1839 3228 1909 quadam
3261 1839 3508 1893 similitu-

1913 1925 2038 1979 dine
2065 1927 2354 1996 expressit,
2379 1927 2563 1983 dicens
2589 1947 2601 1981 :
2629 1946 2646 1978 ι
2675 1927 2844 1983 Nemo
2869 1929 3089 1984 mittens
3106 1945 3326 1983 manum
3348 1946 3502 1984 suam

210 2018 508 2086 praesentia
563 2017 739 2086 aptius
783 2016 1046 2085 judicavit
1096 2017 1316 2071 erudiri.
1373 2017 1595 2085 Coepere
1641 2016 1806 2070 etiam
1835 2024 1884 2083 Β
1912 2017 1967 2070 in
1991 2027 2251 2083 aratrum,
2280 2026 2332 2073 et
2366 2020 2633 2089 aspiciens
2655 2029 2821 2086 retro,
2845 2029 3002 2090 aptus
3027 2029 3110 2076 est
3132 2037 3296 2091 regno
3326 2021 3442 2076 Dei.
3479 2040 3500 2072 ι

212 2116 351 2162 tunc
380 2107 446 2162 ad
470 2124 592 2163 eum
625 2108 878 2163 Romame
907 2109 1054 2162 urbis
1083 2108 1290 2163 nobiles
1317 2116 1372 2163 et
1409 2107 1646 2176 religiosi
1681 2123 1808 2163 con-

210 2215 463 2264 currere,
490 2215 720 2270 suosque
748 2201 885 2255 ﬁlios
923 2201 992 2264 ei,
1035 2201 1390 2270 omnipotenti
1422 2202 1532 2256 Deo
1569 2202 1811 2256 nutrien-

210 2291 316 2345 dos
339 2291 487 2346 dare.
521 2292 672 2346 Tunc
695 2307 909 2362 quoque
936 2291 1090 2348 bome
1118 2294 1231 2361 spei
1255 2308 1382 2347 suas
1402 2291 1615 2347 soboles
1638 2291 1809 2361 Equi~-

213 2383 326 2435 tius
349 2380 610 2446 Maurum,
643 2383 916 2438 Tertullus
943 2398 1072 2438 vero
1100 2385 1361 2455 patricius
1390 2383 1667 2439 Placidum
1700 2393 1810 2436 tra-

211 2474 388 2529 didit:
424 2489 454 2530 e
498 2475 693 2544 quibus
738 2477 956 2533 Maurus
995 2476 1198 2547 junior,
1243 2494 1367 2534 cum
1393 2479 1550 2535 bonis
1586 2477 1812 2549 polleret

208 2567 482 2634 moribus,
509 2569 755 2640 magistri
784 2569 998 2639 adjutor
1023 2572 1190 2641 coepit
1210 2587 1331 2627 esse
1360 2590 1372 2626 :
1403 2571 1653 2626 Placidus
1680 2586 1809 2627 vero

207 2660 439 2729 puerilis
484 2661 660 2717 adhuc
707 2662 901 2718 indolis
957 2665 1178 2734 gerebat
1225 2679 1416 2718 annos.
1466 2683 1485 2716 ι
1521 2664 1809 2720 Enimvero

210 2761 438 2808 sanctus
480 2753 792 2825 Gregorius,
849 2755 938 2826 qui
988 2755 1277 2826 praesulatu
1310 2756 1621 2825 apostolica
1665 2757 1809 2813 sedis

211 2846 436 2902 functus
462 2847 517 2902 in
537 2848 852 2918 pontiﬁcum
871 2850 1062 2904 ordine
1088 2850 1454 2906 nobilissimus
1483 2851 1805 2917 habebatur,

211 2940 310 3009 qui
344 2949 398 2995 et
426 2941 568 2996 inter
595 2944 884 3014 magistros
912 2943 1163 2999 Ecclesia:
1191 2945 1510 3015 praecipuos,
1550 2946 1695 3000 omni
1723 2959 1814 2999 ve-

208 3033 502 3088 neratione
529 3035 724 3106 dignus
752 3051 889 3106 pene
937 3037 991 3092 in
1023 3044 1136 3092 toto
1162 3038 1292 3092 orbe
1321 3037 1646 3104 celebratur,
1678 3052 1814 3108 quo-

210 3123 381 3178 modo
409 3126 579 3180 sancti
606 3126 708 3180 viri
751 3135 900 3197 gesta
935 3127 1292 3184 describendo
1338 3144 1629 3199 puerorum
1660 3128 1812 3183 obla-

211 3214 424 3269 tionem
452 3217 518 3271 ad
544 3218 928 3288 omnipotentis
958 3219 1054 3274 Dei
1092 3219 1372 3274 servitium
1398 3219 1812 3275 nutriendorum

208 3306 325 3361 rite
351 3307 468 3362 ﬁeri
499 3317 905 3377 commemorat,
947 3311 992 3366 si
1039 3327 1144 3366 non
1171 3312 1286 3381 ipsa
1322 3311 1522 3366 oblatio
1545 3320 1685 3377 rata,
1717 3311 1813 3366 sed

1912 2105 1977 2161 Et
2022 2108 2189 2161 item:
2225 2127 2243 2159 ‹
2276 2109 2378 2176 Qui
2423 2110 2604 2173 fuerit,
2645 2130 2664 2163 ι
2700 2111 2893 2180 inquit,
2934 2130 2952 2162 ‹
3001 2112 3054 2165 in
3101 2120 3264 2178 tecto,
3295 2120 3348 2166 et
3375 2129 3507 2167 vasa

1911 2197 2028 2266 ejus
2071 2200 2126 2254 in
2162 2202 2338 2265 domo,
2391 2217 2460 2257 ne
2502 2202 2795 2258 descendat
2834 2203 3020 2258 tollere
3053 2204 3162 2270 illa,
3213 2214 3268 2260 et
3313 2206 3403 2276 qui
3450 2206 3508 2260 in

1913 2308 2043 2364 agro
2107 2293 2373 2348 similiter.
2435 2294 2696 2352 Memores
2749 2304 2922 2351 estote
2973 2299 3160 2353 uxoris
3208 2297 3328 2353 Lot.
3375 2297 3509 2365 Qui-

1913 2399 2126 2454 cunque
2187 2386 2464 2456 quzesierit
2522 2388 2756 2441 animam
2810 2404 2963 2444 suam
3020 2389 3223 2445 salvam
3283 2389 3502 2456 facere,

1911 2477 2101 2547 perdet
2145 2477 2325 2543 illam;
2365 2487 2419 2532 ct
2459 2479 2767 2550 quicunque
2805 2481 3102 2552 perdiderit
3132 2481 3297 2546 illam,
3330 2482 3508 2536 viviﬁ-

1912 2571 2056 2626 cabit
2083 2586 2221 2625 cam.
2264 2591 2284 2626 ›
2317 2571 2454 2627 Hinc
2485 2581 2541 2628 et
2568 2574 2758 2629 doctor
2785 2574 3024 2643 gentium
3064 2575 3118 2628 in
3160 2574 3400 2644 Epistola
3442 2575 3511 2630 ad

1912 2663 2186 2730 Hebraeos,
2219 2666 2472 2722 admonet
2510 2667 2735 2723 dicens:
2776 2687 2794 2720 ι
2831 2665 3006 2722 Nolite
3046 2667 3250 2737 itaque,
3286 2667 3508 2732 fratres,

1913 2755 2163 2810 amittere
2187 2756 2568 2812 conﬁdentiam
2596 2765 2854 2823 vestram,
2899 2773 3019 2828 quze
3053 2773 3303 2828 magnam
3344 2758 3510 2812 habet

1914 2850 2428 2904 remunerationem.
2473 2832 2741 2904 Patientia
2796 2849 2939 2905 enim
2995 2847 3147 2903 vobis
3201 2847 3510 2904 necessaria

1914 2948 2018 3006 est,
2041 2950 2101 2995 ut
2128 2941 2460 2996 voluntatem
2493 2941 2588 2996 Dei
2625 2941 2908 3007 facientes,
2948 2939 3235 3011 reportetis
3277 2940 3512 3010 promis-

1914 3033 2140 3089 sionem.
2190 3033 2379 3099 Adhuc
2421 3035 2567 3089 enim
2621 3035 2893 3089 modicum
2947 3033 3370 3103 aliquantulum,
3417 3031 3513 3102 qui

1913 3133 2171 3181 venturus
2211 3135 2293 3181 est
2329 3127 2531 3192 veniet,
2573 3136 2627 3182 et
2663 3143 2771 3182 non
2808 3125 3064 3180 tardabit.
3102 3124 3288 3180 Justus
3328 3132 3509 3179 autem

1914 3235 2068 3274 meus
2099 3234 2166 3274 ex
2189 3220 2292 3274 ﬁde
2315 3220 2467 3274 vivit.
2497 3219 2650 3286 Quod
2683 3220 2728 3275 si
2757 3219 3092 3275 subtraxerit
3143 3233 3220 3283 se,
3262 3232 3368 3272 non
3391 3217 3510 3285 pla-

1917 3312 2060 3367 cebit
2085 3313 2278 3367 animze
2308 3328 2461 3368 mete.
2496 3331 2516 3365 ι
2551 3311 2689 3367 Hinc
2728 3321 2784 3367 et
2809 3320 2996 3381 pastor
3029 3309 3289 3364 Ecclesia
3326 3310 3516 3361 horta-

210 3399 492 3454 contraria
512 3401 728 3456 veritati
750 3417 814 3456 ac
835 3402 1026 3457 divina:
1042 3403 1352 3458 auctoritati
1374 3403 1644 3458 credenda
1665 3404 1806 3459 erit?
1834 3402 1878 3466 C
1911 3410 2022 3470 tur,
2051 3405 2276 3459 dicens:
2310 3423 2328 3456 ‹
2372 3405 2645 3460 Succincti
2691 3405 2904 3459 lumbos
2946 3404 3142 3458 mentis
3175 3411 3391 3465 vestrae,
3418 3415 3511 3455 so-

209 3490 340 3546 Non
369 3493 511 3547 enim
556 3502 639 3549 est
672 3504 890 3550 sanctus
928 3495 1020 3565 qui
1047 3495 1254 3550 actibus
1278 3504 1362 3549 est
1386 3497 1678 3565 reprobus;
1711 3511 1812 3552 nec

209 3581 381 3637 laude
406 3583 617 3652 dignus,
649 3585 742 3654 qui
770 3586 965 3640 divinis
991 3585 1200 3656 legibus
1231 3586 1501 3640 invenitur
1537 3602 1657 3643 esse
1683 3603 1812 3644 con-

209 3675 444 3730 trarius.
494 3676 836 3748 Quapropter
873 3679 1094 3732 videant
1131 3679 1207 3744 bi,
1241 3695 1471 3748 quorum
1509 3697 1699 3738 sensus
1749 3697 1812 3738 ac

207 3780 404 3820 sermo
431 3767 629 3821 divinis
651 3767 1146 3835 constitutionibus,
1175 3779 1338 3840 atque
1371 3781 1681 3828 sanctorum
1710 3773 1812 3828 Pa-

210 3865 369 3911 trum
400 3859 660 3927 exemplis
695 3860 987 3927 discordat,
1027 3877 1095 3916 ne
1120 3864 1412 3934 cupiditate
1444 3874 1655 3920 terrena
1692 3882 1813 3921 cor-

211 3947 386 4018 rupti,
419 3947 549 4002 etin
571 3950 684 4005 suis
707 3951 1068 4023 voluptatibus
1095 3954 1484 4012 abominabiles
1511 3957 1661 4024 facti,
1693 3975 1814 4014 san-

215 4041 430 4095 ctitatis
457 4043 708 4097 meritum
739 4044 840 4100 sibi
870 4047 1132 4112 minuant,
1161 4065 1225 4104 ac
1252 4051 1532 4120 praemium
1560 4053 1807 4123 perdant.

216 4134 384 4200 Quia,
411 4133 579 4190 Paulo
605 4144 763 4202 teste,
798 4156 816 4188 ‹
851 4139 992 4193 Deus
1030 4155 1138 4194 non
1176 4141 1450 4197 irridetur.
1497 4143 1628 4209 Quae
1667 4145 1812 4200 enim

218 4223 571 4279 seminaverit
615 4228 798 4293 homo,
830 4229 945 4283 haec
971 4238 1025 4282 et
1052 4240 1234 4296 metet,
1280 4233 1538 4302 quoniam
1578 4235 1669 4302 qui
1721 4250 1812 4290 se-

218 4314 398 4367 minat
423 4314 476 4368 in
497 4331 659 4370 carne
689 4331 804 4380 sua,
831 4316 899 4372 de
919 4333 1083 4374 carne
1103 4328 1157 4373 et
1184 4330 1351 4377 metet
1369 4324 1808 4393 corruptionem;

218 4406 316 4475 qui
347 4412 524 4460 autem
555 4407 788 4463 seminat
813 4408 871 4464 in
896 4410 1106 4479 spiritu,
1137 4412 1204 4466 de
1237 4413 1429 4483 spiritu
1455 4425 1622 4469 metet
1643 4415 1811 4470 vitam

215 4506 504 4553 :eternam.
543 4520 564 4553 ι

295 4591 402 4649 Sed
425 4592 535 4661 jam
577 4595 643 4649 ad
673 4596 998 4654 oblationem
1041 4600 1346 4669 regularem
1381 4600 1812 4656 conﬁrmandam

216 4686 493 4757 prudenti,
523 4702 588 4742 ac
617 4704 809 4744 sanum
847 4691 1100 4760 sapienti,
1122 4692 1176 4746 in
1205 4693 1291 4747 bis
1320 4708 1439 4763 qua:
1479 4693 1718 4748 breviter
1744 4693 1811 4748 de

1916 3497 2021 3551 brii
2074 3496 2310 3567 perfecte
2358 3506 2571 3566 sperate
2620 3497 2674 3551 in
2719 3513 2870 3563 eam,
2915 3512 3036 3566 quae
3074 3495 3226 3550 vobis
3265 3493 3510 3563 oﬁertur,

1915 3589 2166 3659 gratiam,
2197 3589 2250 3643 in
2283 3589 2678 3644 resurrectione
2729 3588 2943 3644 Domini
2985 3587 3153 3643 nostri
3189 3585 3318 3642 Jesu
3350 3585 3514 3642 Chri-

1915 3681 2007 3735 sti.
2040 3701 2060 3732 ›
2095 3679 2248 3736 Unde
2271 3678 2507 3737 Joannes
2543 3681 2815 3752 apostolus
2856 3680 2911 3734 in
2945 3679 3184 3750 Epistola
3226 3695 3322 3734 sua
3369 3679 3516 3732 salu-

1915 3771 2088 3825 briter
2135 3771 2505 3841 persuadendo
2554 3786 2653 3826 nos
2710 3772 3006 3836 instruens,
3049 3771 3226 3826 dicit:
3265 3790 3282 3821 ι
3321 3768 3516 3824 Videte

1915 3863 2296 3933 vosmetipsos,
2337 3879 2406 3918 ne
2449 3864 2688 3934 perdatis
2734 3879 2854 3933 qua;
2891 3863 3099 3933 operati
3139 3863 3289 3924 estis,
3328 3862 3421 3916 sed
3455 3869 3518 3916 ut

1915 3955 2220 4011 mercedem
2250 3956 2464 4026 plenam
2494 3958 2791 4028 accipiatis.
2822 3978 2841 4010 ι
2875 3957 2972 4012 His
3001 3971 3131 4028 ergo
3154 3966 3209 4012 et
3242 3955 3514 4011 similibus

1917 4045 2215 4118 Scriptura:
2257 4049 2582 4104 testimoniis
2615 4064 2785 4105 sacra:
2829 4049 3168 4112 instruimur,
3215 4063 3285 4102 ne
3329 4055 3514 4103 votum

1916 4141 2060 4210 quod
2106 4141 2219 4196 Deo
2258 4142 2530 4208 vovimur,
2564 4143 2792 4199 reddere
2835 4143 3190 4214 negligamus,
3231 4139 3358 4213 quia
3403 4154 3516 4195 non

1917 4232 2136 4287 habebit
2168 4234 2312 4289 hunc
2341 4235 2610 4289 insontem
2641 4234 2924 4299 Dominus,
2951 4234 3045 4304 qui
3072 4234 3123 4288 ei
3149 4233 3369 4288 mentiri
3404 4247 3518 4286 non

1913 4324 2266 4392 pertimescit.
2296 4323 2421 4390 Sed,
2469 4324 2606 4394 proh
2632 4324 2814 4380 dolor!
2845 4325 3085 4393 quidam,
3117 4325 3515 4395 parvipenden-

1917 4423 1997 4470 tes
2019 4415 2194 4471 foedus
2219 4416 2361 4486 quod
2401 4432 2526 4472 cum
2569 4415 2680 4471 Deo
2721 4417 2978 4483 inierunt,
3009 4418 3166 4487 quasi
3214 4417 3334 4472 sine
3371 4416 3517 4486 peri-

1915 4509 2036 4564 culo
2065 4510 2239 4564 deseri
2276 4509 2465 4579 possit,
2505 4512 2720 4581 ingrate
2760 4511 2983 4565 omnino
3025 4511 3310 4581 abjiciunt,
3349 4520 3516 4580 atque

1913 4601 2208 4656 amicitiam
2238 4603 2397 4672 hujus
2423 4602 2608 4657 mundi
2641 4609 2977 4672 appetentes,
3018 4602 3223 4657 inimici
3258 4603 3352 4657 Dei
3395 4602 3515 4658 fieri

1913 4709 2022 4749 non
2063 4695 2471 4764 pertimescunt.
2504 4693 2606 4760 Qui
2647 4692 2793 4747 enim
2821 4691 2936 4745 vult
2965 4691 3172 4746 amicus
3201 4705 3322 4746 esse
3349 4689 3510 4760 hujus

217 4780 521 4850 Scripturis
545 4784 715 4839 sacris
743 4793 998 4856 excerpta
1040 4786 1339 4856 posuimus,
1378 4785 1512 4840 satis
1537 4801 1656 4841 esse
1689 4801 1808 4841 cre-
1831 4771 1886 4832 D
1911 4785 2125 4849 saeculi,
2177 4785 2427 4838 inimicus
2478 4784 2574 4838 Dei
2633 4783 3000 4838 constituitur.
3057 4780 3509 4853 Quandoquidem

215 4875 429 4942 dentes;
471 4892 616 4932 nunc
636 4878 705 4932 de
723 4886 869 4944 voto,
887 4877 1030 4950 quod
1048 4878 1160 4934 Deo
1173 4886 1421 4944 vovetur,
1443 4877 1806 4948 adimplenda,

213 4981 385 5039 quam
410 4969 778 5023 necessarium
807 4970 895 5035 sit,
918 4984 986 5024 ex
1014 4970 1203 5025 eadem
1231 4968 1531 5040 Scriptura,
1564 4969 1809 5024 testimo-

212 5063 327 5117 niis
353 5063 542 5131 paucis
564 5063 929 5118 ostendemus.
959 5064 1224 5133 Loquitur
1250 5063 1509 5118 Dominus
1540 5078 1638 5132 per
1661 5062 1808 5133 Moy»

212 5168 316 5209 seu
340 5152 396 5206 in
428 5152 546 5224 lege
578 5154 654 5208 ita
677 5154 896 5209 dicens:
931 5173 949 5206 ‹
980 5154 1036 5209 Si
1066 5156 1188 5226 quis
1209 5156 1449 5210 virorum
1479 5163 1667 5209 votum
1703 5154 1807 5210 Do-

211 5244 368 5298 mino
404 5245 637 5311 voverit,
679 5254 772 5300 aut
818 5261 877 5302 se
916 5245 1304 5301 constrinxerit
1326 5246 1656 5316 juramento,
1696 5260 1805 5299 non

212 5336 387 5392 faciet
408 5337 622 5394 irritum
643 5341 866 5394 verbum
891 5355 1069 5406 suum,
1096 5340 1190 5395 sed
1211 5355 1370 5396 omne
1396 5340 1538 5410 quod
1559 5340 1812 5409 promisit

213 5429 485 5498 implebit.
523 5451 542 5484 ι
583 5431 650 5486 Et
678 5432 806 5487 item
839 5449 850 5486 :
897 5450 915 5483 ι
947 5431 1082 5486 Cum
1104 5432 1336 5496 voveris,
1373 5452 1391 5484 ›
1429 5433 1624 5502 inquit,
1669 5449 1688 5482 ‹
1722 5445 1813 5486 vo-

216 5528 338 5575 tum
383 5520 613 5578 Domino
655 5521 766 5577 Deo
812 5529 926 5587 tuo,
984 5537 1090 5576 non
1130 5521 1370 5577 tardabis
1406 5523 1652 5585 reddere,
1682 5520 1808 5589 quia

215 5615 466 5685 requiret
509 5615 639 5670 illud
675 5615 934 5670 Dominus
969 5615 1111 5670 Deus
1161 5625 1285 5670 tuus
1321 5633 1334 5668 :
1369 5624 1423 5670 et
1471 5615 1517 5669 si
1567 5621 1808 5669 moratus

215 5706 410 5770 fueris,
460 5708 797 5776 reputabitur
848 5715 976 5762 tunc
1017 5708 1071 5762 in
1115 5716 1418 5778 peccatum.
1469 5705 1527 5760 Si
1571 5705 1811 5760 nolueris

215 5804 486 5876 polliceri,
533 5806 737 5876 absque
781 5813 1004 5876 peccato
1048 5804 1156 5859 eris
1193 5822 1206 5857 :
1240 5803 1383 5873 quod
1424 5810 1603 5857 autem
1645 5802 1811 5856 semel

217 5914 506 5970 egressum
525 5907 612 5954 est
646 5899 713 5954 de
733 5899 890 5955 labiis
911 5899 1039 5963 tuis,
1064 5897 1402 5962 observabis,
1428 5903 1483 5950 et
1512 5895 1678 5950 facies
1707 5895 1813 5950 sic-

221 6002 287 6046 ut
324 5991 623 6062 promisisti
670 5993 894 6049 Domino
942 5993 1052 6047 Deo
1081 5999 1172 6046 tuo
1218 6010 1230 6044 :
1271 5988 1495 6059 propria
1532 5985 1813 6043 voluntate

1909 4877 2234 4947 perfectiora
2287 4876 2440 4946 sequi
2487 4891 2584 4931 sua
2633 4883 2824 4945 sponte
2865 4875 3164 4947 elegerunt,
3201 4882 3254 4931 et
3295 4875 3364 4931 ob
3405 4875 3511 4930 hoc

1910 4972 2120 5026 animas
2158 4985 2307 5035 suas,
2333 4978 2517 5024 votum
2552 4970 2818 5037 vovendo,
2850 4970 2963 5026 Deo
3003 4978 3413 5034 consecrarunt,
3446 4977 3508 5024 ut

1909 5062 1960 5117 ei
1988 5077 2086 5132 per
2114 5062 2296 5116 omnia
2333 5061 2631 5132 placerent,
2675 5063 2764 5118 cui
2811 5078 2870 5118 se
2919 5063 3125 5118 servire
3167 5060 3506 5116 solummodo

1908 5154 2315 5224 probaverunt:
2349 5153 2605 5223 paulatim
2643 5168 2742 5223 per
2775 5152 3037 5207 desidiam
3079 5151 3146 5206 ad
3191 5152 3323 5206 vitia
3360 5149 3508 5206 rela-

1913 5248 2124 5312 bentes,
2164 5255 2355 5303 contra
2400 5246 2772 5318 Evangelium,
2801 5245 3002 5300 mundo
3033 5244 3193 5299 simul
3223 5259 3286 5300 ac
3310 5245 3420 5300 Deo
3447 5258 3506 5300 se

1912 5341 2118 5396 servire
2163 5354 2322 5410 posse
2364 5339 2718 5404 arbitrantur,
2763 5353 2886 5392 cum
2934 5336 3186 5392 Salvator
3221 5335 3507 5392 manifeste

1912 5431 2094 5486 dicat:
2130 5450 2149 5483 σ
2177 5430 2399 5485 Duobus
2428 5430 2661 5485 dominis
2702 5443 2862 5483 nemo
2905 5427 3110 5484 servire
3154 5436 3354 5499 potest,
3400 5429 3504 5484 hoc

1909 5531 1994 5578 est
2028 5524 2142 5580 Deo
2181 5531 2238 5577 et
2276 5537 2616 5576 mammonae.
2655 5539 2674 5573 ›
2703 5519 2987 5575 Falluntur
3025 5535 3154 5591 ergo
3194 5520 3502 5590 hujusmodi

1911 5615 2174 5669 habentes
2202 5615 2623 5678 damnationem,
2649 5612 2906 5680 quoniam
2933 5611 3163 5682 primam
3188 5610 3348 5666 ﬁdem
3379 5612 3506 5666 irri-

1915 5715 2024 5761 tam
2055 5706 2319 5771 fecerunt,
2343 5715 2398 5761 et
2417 5707 2462 5760 si
2491 5720 2597 5758 non
2629 5703 2876 5758 conversi
2908 5703 3104 5768 denuo,
3136 5704 3209 5768 id,
3234 5701 3376 5772 quod
3402 5703 3498 5758 de-

1913 5810 2244 5867 struxerunt,
2280 5817 2380 5871 pro
2405 5800 2612 5854 viribus
2634 5805 2944 5853 restaurare
2971 5797 3278 5854 studuerint
3295 5837 3310 5858 ,
3354 5795 3499 5849 salu-

1916 5899 2025 5946 tem
2051 5891 2306 5962 consequi
2334 5906 2439 5946 non
2461 5895 2734 5959 poterunt.

1991 5985 2099 6040 Sed
2121 5985 2247 6054 quia
2274 5992 2404 6039 sunt
2432 5982 2651 6054 quidam
2679 5981 2772 6052 qui
2817 5979 3191 6036 monachicam
3211 5977 3378 6031 vitam
3409 5974 3476 6031 de
