3974 6440
495 442 601 505 ηε

1129 443 1189 498 Β.
1231 441 1486 499 RABANI
1524 438 1745 501 MAURI
1780 436 2099 497 ARCHIEP.
2140 435 2457 501 HOGUNT.
2496 434 2782 497 OPEBUM
2820 436 3001 493 PARS
3041 439 3083 495 1.

3675 442 3779 501 tua

496 571 776 631 testantes,
818 564 1294 629 constitutionibus
1323 572 1522 619 sanctae
1554 561 1769 635 Regulae
1797 558 2075 619 contradi-
2101 559 2155 627 Δ
2180 557 2362 627 dente,
2398 556 2672 630 segregati
2714 571 2750 613 a
2780 558 3118 615 credentium
3160 558 3358 629 turbis,
3391 560 3535 621 adeo
3568 564 3718 636 quod
3750 580 3780 623 ε

495 660 657 721 cunt,
698 653 1165 725 despicientesquc
1209 668 1351 720 eam,
1406 653 1797 711 murmurando
1843 652 2079 711 invicem

493 752 805 815 susurrant,
852 746 998 816 quod
1025 744 1296 814 superﬂua
1337 746 1407 802 sit
1443 746 1655 803 sanctio
1687 744 1975 817 regularis,
2023 752 2082 801 et

432 858 438 863 ο
491 851 599 892 non
629 837 975 905 necessaria;
1027 837 1305 910 magisque
1353 838 1605 894 humanae
1640 836 1869 904 ﬂctiopi,
1913 852 2078 909 quam

490 928 808 999 auctoritati
834 929 1027 989 divina:
1051 944 1173 989 eam
1212 930 1408 999 inniti:
1458 930 1725 1005 primum,
1780 929 2077 987 secundum

488 1033 679 1079 eorum
705 1034 925 1081 sensum
966 1022 1097 1094 qui,
1142 1022 1408 1083 catholica
1462 1022 1693 1081 veritate
1739 1022 1966 1089 imbuti,
2011 1020 2078 1077 de

487 1111 650 1183 hujus
690 1115 901 1183 ordinis
926 1115 1083 1173 initio
1130 1123 1185 1172 et
1232 1117 1442 1183 ratione
1483 1115 1795 1188 plenissime
1845 1115 2078 1187 scripse-

488 1215 637 1279 runt,
688 1210 1037 1269 ostendemus
1064 1211 1425 1267 monasticam
1459 1209 1923 1273 conversationem
1966 1211 2077 1267 Deo

489 1306 712 1359 auctore
730 1315 829 1373 per
851 1309 1166 1359 sanctorum
1191 1300 1413 1371 Patrum
1442 1302 1586 1373 dicta
1625 1302 1709 1358 vel
1736 1302 1877 1359 facta
1924 1301 2079 1357 insti-

487 1396 663 1447 tutam
685 1408 845 1460 esse;
896 1394 1092 1455 dehinc
1111 1393 1496 1467 subjungemus
1532 1411 1600 1451 ex
1645 1410 1852 1451 canone
1898 1396 2078 1451 divino

490 1484 804 1549 testimonia
848 1487 974 1547 huic
1001 1488 1295 1559 disciplina:
1322 1489 1696 1546 convenientia
1721 1508 1733 1543 :
1763 1498 1824 1544 ut
1848 1491 1942 1561 qui
1964 1490 2079 1560 jam

491 1574 697 1633 diutius
724 1576 854 1635 huic
890 1580 1065 1637 errori
1092 1580 1423 1649 deserviunt,
1477 1580 1686 1645 saltem,
1719 1581 1989 1652 patefacta
2022 1581 2080 1645 in

489 1668 745 1725 omnibus
769 1671 1001 1729 veritate
1028 1675 1295 1746 superati,
1339 1690 1479 1735 vana
1505 1675 1711 1747 garrire
1728 1675 2078 1732 erubescant.

488 1758 677 1832 Itaque
702 1765 1101 1825 coenobitarum
1132 1766 1417 1839 disciplina
1467 1784 1498 1827 a
1545 1777 1787 1837 tempore
1818 1768 2081 1838 praedica-

489 1854 652 1911 tionis
674 1858 982 1929 apostolica:
1006 1861 1239 1931 sumpsit
1261 1862 1562 1925 exordium.
1594 1863 1732 1927 Nam
1761 1864 1886 1919 talis
1908 1864 2080 1919 exsti-

2179 649 2447 721 conjugiis
2498 648 2855 715 abstinerent,
2899 656 2956 704 et
2997 664 3031 704 a
3073 658 3363 721 parentum
3405 666 3469 707 se
3499 658 3781 713 consortia

2177 738 2472 810 mundique
2501 738 2659 797 istius
2683 740 3096 797 conversatione
3122 751 3494 813 secernerent,
3526 750 3781 806 monachi

2178 830 2293 886 sive
2343 838 2719 900 monozantes,
2759 829 2862 897 hoc
2912 840 3016 901 est,
3066 832 3386 905 singulares,
3442 852 3478 895 a
3522 839 3781 903 solitaria

2177 925 2302 983 vita:
2344 924 2684 985 districtione
2734 925 2997 991 nominati
3047 935 3193 993 sunt.
3241 928 3393 989 Unde
3439 947 3781 1004 consequens

2178 1015 2279 1073 fuit
2313 1025 2372 1072 ut
2395 1032 2460 1073 ex
2487 1017 2868 1079 communione
2898 1019 3158 1087 consortii
3184 1021 3495 1091 emnobitze,
3524 1024 3781 1096 cellaque

2178 1123 2243 1167 ac
2263 1110 2562 1169 diversoria
2584 1126 2773 1167 eorum
2802 1111 3053 1171 coenobia
3090 1123 3439 1173 vocarentur.
3478 1115 3636 1179 istud
3657 1134 3780 1189 ergo

2178 1202 2352 1259 solum
2383 1202 2486 1259 fuit
2513 1202 2952 1273 antiquissimum
2993 1207 3386 1265 monachorum
3405 1224 3612 1280 genus,
3644 1216 3780 1283 quod

2178 1311 2287 1355 non
2310 1297 2471 1359 modo
2496 1306 2763 1369 tempore,
2792 1298 2889 1354 sed
2916 1298 3080 1357 etiam
3105 1301 3344 1370 primum
3389 1311 3502 1369 est,
3530 1308 3783 1376 quodque

2177 1404 2277 1461 per
2315 1404 2488 1447 annos
2520 1389 2786 1462 plurimos
2830 1390 3002 1462 solum
3039 1407 3211 1462 usque
3259 1393 3329 1459 ad
3364 1395 3592 1461 abbatis
3638 1396 3782 1455 Pauli

2179 1480 2513 1555 velAntonii
2558 1481 2775 1537 duravit
2815 1489 3069 1545 mtatem:
3117 1483 3274 1554 cuius
3312 1484 3485 1541 etiam
3512 1502 3665 1545 nunc
3692 1490 3783 1544 ad-

2180 1576 2287 1632 huc
2309 1578 2364 1633 in
2409 1576 2671 1647 districtis
2717 1576 2985 1633 cmnobiis
3031 1577 3307 1637 cernimus
3343 1580 3595 1637 residere
3621 1586 3781 1638 vesti-

2181 1670 2289 1741 gia.
2342 1669 2420 1726 De
2445 1671 2550 1731 hoc
2585 1671 2893 1742 priscorum
2924 1687 3172 1738 numero,
3203 1679 3279 1739 et,
3324 1680 3386 1737 ut
3416 1674 3495 1731 ita
3528 1676 3782 1744 dixerint,

2184 1759 2568 1817 fecundissima
2586 1762 2789 1829 radice,
2813 1770 3126 1829 sanctorum
3142 1764 3307 1827 etiam
3324 1764 3783 1824 anachoretaru-

2182 1862 2307 1926 post
2336 1853 2451 1909 haec
2489 1851 2652 1909 ﬂores
2685 1854 3002 1923 fructusque
3039 1853 3237 1923 prolati
3267 1866 3430 1911 sunt:
3478 1856 3643 1928 cuius
3666 1874 3785 1928 pro-

485 1944 553 1998 tit
585 1945 639 2002 in
677 1946 1032 2021 Jerosolymis
1052 1953 1232 2009 omnis
1278 1952 1367 2008 illa
1396 1954 1733 2010 credentium
1769 1956 2076 2021 multitudo,

2186 1943 2438 2001 fessionis
2478 1945 2750 2016 principes
2779 1945 2900 2014 hos,
2931 1961 3067 2016 quos
3094 1946 3255 2015 paulo
3297 1956 3430 2005 ante
3460 1952 3786 2006 memoravi-

486 2050 607 2105 quze
634 2038 688 2093 in
718 2039 945 2097 Actibus
967 2043 1336 2114 apostolorum
1374 2046 1446 2100 ita
1484 2046 1811 2105 describitur
1842 2066 1854 2103 :
1895 2066 1913 2099 ε
1950 2048 2083 2104 Mul-

488 2129 738 2193 titudinis
786 2143 965 2195 autem
996 2138 1336 2205 credentium
1387 2149 1508 2196 erat
1533 2157 1627 2198 cor
1657 2150 1709 2198 et
1733 2142 1911 2199 anima
1947 2157 2080 2209 una,

487 2239 591 2285 nec
613 2226 900 2300 quisquam
938 2246 1151 2299 eorum,
1186 2249 1306 2303 qua:
1334 2234 1666 2304 possidebat,
1697 2235 1899 2305 aliquid
1923 2251 2083 2293 suum

486 2331 611 2373 esse
640 2318 873 2387 dicebat,
920 2324 1015 2389 sed
1038 2332 1195 2387 erant
1229 2325 1333 2382 illis
1357 2326 1540 2381 omnia
1575 2327 1907 2385 communia.
1951 2327 2084 2384 Ροε-

484 2411 756 2470 sessiones
784 2424 839 2470 et
869 2417 1203 2479 substantias
1233 2419 1558 2487 vendebant,
1586 2430 1642 2477 et
1672 2422 1982 2479 dividebant
2017 2439 2083 2479 ea

485 2503 760 2573 omnibus,
792 2515 956 2577 prout
979 2509 1176 2579 cuique
1203 2526 1339 2581 opus
1358 2519 1496 2569 erat.
1528 2532 1547 2564 ι
1588 2512 1657 2570 Et
1683 2513 1813 2571 item
1841 2532 1854 2568 :
1918 2533 1938 2567 ι
1973 2515 2082 2570 bie-

485 2606 592 2663 que
612 2596 759 2651 enim
785 2598 1073 2669 quisquam
1097 2616 1261 2673 egens
1289 2612 1407 2661 erat
1454 2604 1596 2660 inter
1622 2604 1743 2665 illos
1771 2625 1785 2659 :
1817 2614 2086 2678 quotquot

485 2684 632 2743 enim
659 2690 1032 2757 possessiones
1060 2708 1317 2763 agrorum
1350 2692 1435 2749 vel
1459 2693 1745 2756 domorum
1768 2706 1923 2753 erant
1950 2713 2083 2756 ven-

480 2773 695 2846 dentes,
717 2779 1020 2841 oﬂ‘erebant
1046 2784 1328 2853 pecuniam
1352 2799 1564 2853 eorum,
1610 2802 1731 2856 quia
1750 2788 2079 2855 vendebant,

483 2876 541 2926 et
572 2873 850 2943 ponebant
895 2884 1022 2935 ante
1072 2878 1239 2946 pedes
1276 2880 1667 2948 apostolorum.
1729 2880 2084 2943 Dividebatur

483 2970 668 3018 autem
698 2964 945 3035 singulis,
998 2978 1158 3039 prout
1185 2970 1382 3041 cuique
1418 2987 1554 3042 opus
1579 2980 1718 3028 erat.
1755 2992 1775 3026 ι
1815 2973 1961 3031 Talis
1987 2974 2085 3033 ita-

480 3068 591 3127 que
618 3068 738 3117 erat
763 3067 893 3117 tunc
920 3062 1099 3123 omnis
1126 3062 1367 3121 Ecclesia
1392 3105 1408 3131 ,
1456 3067 1647 3136 quales
1672 3083 1817 3124 nunc
1842 3083 2081 3137 perpau-

480 3162 576 3206 cos
604 3150 660 3211 in
687 3153 954 3217 coenobiis
978 3154 1225 3212 invenire
1252 3155 1470 3213 diﬂicilc
1500 3166 1603 3215 est.
1649 3158 1756 3215 Sed
1797 3175 1921 3216 cum
1946 3176 2080 3231 apo—

476 3242 742 3301 stolorum
766 3255 888 3315 post
913 3261 1197 3305 excessum
1252 3257 1531 3319 tepescere
1573 3252 1830 3323 coepisset
1853 3255 2080 3310 creden-

476 3332 613 3390 tium
643 3336 956 3404 multitudo,
986 3354 1050 3396 ea
1082 3340 1168 3397 vel
1196 3341 1453 3409 maxime,
1496 3358 1619 3414 qum
1644 3345 1711 3400 ad
1732 3344 1892 3403 fidem
1914 3345 2075 3404 Chri-

477 3427 549 3483 sti
584 3428 654 3483 de
691 3428 1011 3502 alienigenis
1036 3448 1101 3489 ac
1139 3433 1370 3491 diversis
1395 3437 1645 3507 gentibus
1675 3437 1998 3505 conﬂuebat,
2045 3456 2079 3497 ι

476 3521 677 3592 quibus
703 3513 954 3593 apostoli,
990 3540 1104 3595 prae
1131 3527 1263 3596 ipsis
1289 3527 1412 3584 ﬁdei
1444 3530 1766 3587 rudimentis
1792 3541 1848 3588 et
1869 3533 2079 3589 invetce

477 3619 614 3669 ratio
639 3614 961 3685 gentilitatis
989 3618 1383 3679 consuetudine
1405 3658 1421 3686 ,
1462 3620 1596 3676 nihil
1631 3622 1864 3693 amplius
1913 3639 2080 3695 expe-

476 3704 687 3773 teltant,
736 3706 844 3763 nisi
880 3717 942 3763 ut
971 3707 1039 3771 ab
1089 3708 1224 3779 ipsis
1268 3711 1630 3771 immolatitiis
1681 3714 1970 3782 idolorum,
2023 3725 2080 3773 et

475 3795 859 3867 fornicatione,
889 3808 947 3858 et
966 3801 1264 3869 suffocatis,
1293 3810 1349 3861 et
1372 3806 1640 3875 sanguine
1669 3815 2074 3877 temperarent:

475 3903 640 3965 atque
670 3894 773 3951 ista
802 3894 1053 3962 libertas,
1080 3908 1203 3966 quae
1248 3897 1503 3968 gentibus
1536 3907 1761 3969 propter
1789 3900 2079 3958 inﬁmita-

476 3997 585 4045 tem
623 3990 814 4058 primte
837 3988 1175 4046 credulitatis
1221 3991 1427 4049 indulta
1454 4000 1558 4058 est,
1602 3993 1767 4048 etiam
1797 3992 1942 4049 illius
1969 3994 2074 4050 Eo-

475 4079 655 4136 clesite
706 4077 1117 4147 perfectionem,
1170 4097 1294 4151 qum
1338 4080 1693 4155 Jerosolymis
1721 4086 2073 4155 consistebat,

474 4171 736 4242 paulatim
763 4172 1125 4231 contaminari
1155 4174 1433 4244 cmpisset,
1489 4184 1545 4232 et
1573 4188 1852 4234 crescente
1893 4181 2077 4250 quoti—

475 4262 563 4321 die
587 4262 673 4321 vel
700 4262 1081 4332 indigenarum
1111 4274 1361 4333 numero,
1389 4268 1473 4323 vel
1499 4269 1851 4338 advenarum,
1884 4272 2077 4344 primae

472 4353 620 4411 illius
667 4354 792 4411 fidei
833 4354 1210 4427 refrigesceret
1247 4356 1472 4425 fervor;
1519 4375 1626 4415 non
1672 4362 1848 4417 solum
1895 4365 1952 4419 bi
1981 4366 2074 4436 qui

474 4448 544 4504 ad
576 4447 736 4509 fidem
765 4449 973 4505 Christi
1002 4449 1395 4518 confluxerant,
1450 4466 1643 4510 verum
1671 4456 1837 4511 etiam
1871 4456 1950 4511 illi
1979 4459 2075 4529 qui

2185 2054 2327 2103 mus,
2362 2047 2611 2095 sanctum
2659 2038 2870 2097 scilicet
2894 2038 3121 2103 Paulum
3142 2039 3230 2096 vel
3270 2039 3605 2108 Antonium,
3634 2044 3784 2098 novi-

2184 2148 2307 2190 mus
2363 2133 2674 2201 exstitisse,
2732 2134 2826 2204 qui
2881 2149 2991 2191 non
3040 2134 3260 2205 quidem
3318 2135 3788 2208 pusillanimitatis

2185 2240 2350 2283 causa
2378 2241 2479 2281 nec
2514 2226 2868 2297 impatientia).
2915 2228 3131 2291 morbo,
3181 2228 3278 2284 sed
3318 2228 3602 2287 desiderio
3628 2230 3787 2286 subli-

2184 2317 2375 2374 mioris
2403 2317 2681 2388 profectus
2706 2319 3290 2389 contemplationiqu
3314 2321 3539 2388 divina,
3596 2322 3785 2379 solitu-

2185 2408 2327 2465 dinis
2351 2416 2562 2465 secreta
2590 2410 2782 2467 sectati
2831 2419 2977 2477 sunt,
3021 2409 3147 2473 licet
3174 2424 3363 2467 eorum
3393 2413 3571 2482 prior,
3603 2429 3789 2471 neces-

2184 2500 2362 2559 sitatis
2386 2502 2630 2568 obtentu,
2668 2502 2795 2569 dum
2819 2508 3066 2573 tempore
3109 2504 3509 2573 persecutionis
3548 2505 3788 2563 alliciam

2184 2609 2406 2651 suorum
2428 2594 2634 2651 devitat
2656 2594 2904 2664 insidias,
2932 2609 3176 2659 eremum
3201 2604 3526 2665 concussae
3556 2597 3786 2655 dicatur.

2183 2683 2260 2740 lta
2283 2700 2412 2756 ergo
2438 2684 2705 2756 processit
2729 2699 2798 2741 ex
2823 2684 2936 2752 illa,
2986 2700 3151 2755 quam
3194 2685 3457 2751 diximus,
3503 2686 3787 2759 disciplina

2184 2774 2330 2833 aliud
2354 2774 2709 2849 perfectionis
2751 2790 2954 2847 genus,
3004 2775 3162 2846 cuius
3194 2784 3501 2845 sectatores
3550 2781 3786 2839 anacho-

2183 2875 2335 2933 retse,
2390 2867 2445 2923 id
2476 2875 2580 2933 est,
2621 2882 2966 2937 accesseras,
3008 2870 3208 2933 merito
3252 2882 3693 2943 nuncupantur:
3727 2890 3788 2931 ea

2183 2962 2326 3033 quod
2355 2976 2699 3035 nequaquam
2729 2964 2975 3021 contenti
3003 2965 3109 3021 hac
3128 2964 3360 3037 victoria
3387 2981 3501 3045 qua
3528 2967 3681 3029 inter
3701 2970 3789 3027 bo-

2182 3057 2356 3115 mines
2377 3056 2623 3114 occultas
2654 3056 2880 3127 insidiati
2933 3059 3132 3127 diaboli
3177 3059 3553 3127 calcaverunt,
3603 3074 3790 3133 aput-to

2184 3155 2485 3219 certamine
2534 3171 2601 3217 ac
2654 3157 2946 3217 manifesto
2980 3156 3233 3217 conﬂictu
3281 3159 3789 3219 deomnibuscuu—

2184 3248 2334 3319 gredi
2376 3248 2700 3319 cupientes,
2749 3259 2933 3309 vastos
2982 3252 3155 3307 eremi
3204 3265 3454 3309 mosus
3501 3263 3791 3324 penetrare

2184 3354 2293 3401 nou
2317 3342 2569 3409 timeant,
2591 3342 2660 3399 ad
2688 3342 3049 3401 imitationem
3074 3350 3248 3401 sancti
3263 3345 3488 3402 Joannis
3508 3348 3784 3419 Baptista,

2182 3435 2276 3504 qui
2303 3434 2358 3497 in
2382 3448 2569 3493 eremo
2604 3442 2716 3493 tota
2741 3443 2902 3493 male
2927 3438 3261 3506 permansit;
3307 3438 3441 3494 Elia:
3475 3455 3703 3511 quoque
3729 3457 3790 3497 ac

2180 3525 2366 3593 Elisei,
2400 3534 2566 3598 atque
2592 3526 2810 3587 illorum
2838 3528 2906 3585 de
2932 3528 3130 3599 quibus
3151 3530 3379 3600 apostoli
3414 3532 3492 3587 ita
3524 3535 3789 3590 memine-

2182 3628 2305 3675 runt
2333 3639 2347 3675 :
2408 3639 2430 3677 ς
2463 3620 2811 3683 Circuierunt
2838 3622 2893 3678 in
2918 3622 3155 3689 Iactatis,
3179 3624 3314 3680 etin
3344 3623 3586 3694 [utilibus
3613 3630 3786 3698 capri-

2180 3712 2287 3778 nis,
2321 3713 2642 3785 sngustiati,
2679 3711 2885 3779 aﬂlicti,
2915 3722 3175 3786 egentes,
3210 3715 3408 3787 quibus
3436 3717 3638 3789 dignus
3680 3730 3783 3774 non

2180 3812 2299 3860 erat
2330 3805 2582 3871 mundus,
2614 3805 2671 3862 in
2699 3804 3079 3863 solitudinibus
3110 3812 3384 3871 errantes,
3410 3818 3470 3863 et
3502 3811 3784 3865 montibus

2178 3906 2233 3954 et
2254 3898 2547 3969 speluncis,
2582 3907 2638 3956 et
2661 3900 2716 3956 in
2744 3886 2997 3956 cavernis
3020 3906 3198 3957 term.
3229 3920 3248 3955 ι
3286 3902 3362 3957 De
3382 3903 3587 3973 quibus
3613 3904 3780 3958 etiam

2179 3992 2476 4064 ﬁguraliter
2505 3992 2765 4051 Dominus
2798 3992 2868 4048 ad
2895 3990 3039 4048 Job;
3096 4011 3117 4045 ι
3154 3992 3286 4060 Quis
3334 4001 3516 4049 autem
3544 4003 3650 4059 est,
3690 3995 3781 4065 qui

2179 4090 2385 4146 dimisit
2416 4102 2680 4159 onagrum
2723 4087 2972 4151 liberum,
3006 4095 3061 4142 et
3087 4086 3305 4144 vincula
3340 4086 3459 4157 ejus
3506 4088 3780 4144 resolvit?

2176 4182 2359 4253 posuit
2405 4179 2775 4241 habitaculum
2817 4177 2937 4248 ejus
2964 4179 3239 4235 desertum
3266 4218 3283 4245 ,
3339 4186 3395 4234 et
3422 4179 3776 4235 tabernacula

2178 4272 2294 4342 ejus
2314 4271 2673 4343 salsuginem,
2706 4270 2939 4326 irridens
2966 4270 3367 4326 multitudinem
3414 4272 3675 4337 civitatis,
3725 4280 3777 4328 et

2178 4364 2456 4434 querelam
2508 4362 2781 4418 cxactoris
2832 4377 2939 4418 non
2997 4358 3316 4418 exaudiens.
3389 4362 3773 4418 Consideravit

2178 4461 2391 4509 montes
2415 4468 2630 4523 pascuae
2654 4467 2787 4519 suae,
2836 4460 2892 4508 et
2930 4461 3053 4523 post
3080 4467 3245 4509 omne
3292 4451 3470 4508 viride
3499 4454 3717 4523 quaerit.
3748 4473 3766 4507 ι

470 4549 630 4597 erant
658 4538 920 4597 Ecclesiae
947 4540 1243 4612 principes,
1290 4542 1359 4601 ah
1388 4543 1502 4614 ipsa
1529 4544 1873 4603 districtione
1905 4548 2074 4604 laxati
2176 4543 2233 4600 ln
2254 4543 2475 4615 psalmis
2498 4557 2716 4613 quoque
2739 4542 3002 4613 scriptum
3030 4550 3118 4599 est
3148 4560 3162 4598 τ
3201 4560 3223 4596 t
3258 4542 3455 4599 Dicant
3492 4559 3641 4600 nunc
3684 4546 3772 4615 qni

469 4639 596 4691 sunt
621 4648 637 4697 ;
688 4632 933 4690 nonnulli
969 4634 1305 4691 aestimantes
1333 4634 1389 4690 id
1435 4637 1579 4707 quod
1607 4636 1863 4693 videbant
1891 4640 2069 4706 genti-
2096 4677 2151 4738 Β
2177 4637 2444 4708 redempti
2476 4644 2603 4692 sunt
2629 4653 2661 4699 a
2690 4636 2938 4702 Domino,
2970 4651 3108 4706 quos
3132 4636 3363 4692 redemit
3390 4638 3459 4692 de
3486 4652 3652 4694 manu
3681 4639 3775 4693 ini-

468 4724 572 4797 bus
604 4736 720 4794 pm
760 4724 1080 4783 infirmitate
1134 4736 1474 4794 concessum,
1505 4728 1610 4784 sibi
1643 4730 1808 4785 etiam
1838 4730 2067 4798 licitum,
2096 4724 2149 4738 ’⁷
2176 4730 2324 4787 mici.
2360 4750 2378 4785 ι
2438 4729 2507 4785 Et
2533 4736 2657 4800 post
2682 4744 2893 4799 pauca:
2949 4747 2970 4781 ι
3001 4728 3335 4785 Erraverunt
3372 4729 3431 4785 in
3460 4729 3771 4791 solitudine.

470 4817 606 4873 nihil
636 4833 697 4874 se
723 4817 1035 4879 detrimenti
1061 4821 1271 4890 perpeti
1297 4822 1671 4890 crediderunt,
1717 4826 1764 4881 si
1786 4841 1910 4881 cum
1937 4828 2068 4883 sub-
2175 4824 2230 4881 in
2256 4825 2521 4891 siccitate,
2545 4824 2687 4880 viam
2706 4822 2947 4879 civitatis
2970 4821 3262 4883 habitaculi
3290 4832 3396 4877 non
3426 4820 3772 4881 invenerant.

470 4911 688 4969 stantiis
717 4925 783 4967 ac
824 4909 1177 4970 facultatibus
1202 4914 1316 4971 suis
1339 4914 1499 4970 tidem
1531 4914 1735 4972 Christi
1766 4916 2068 4973 confessio-
2175 4914 2492 4971 Esurientes
2516 4922 2573 4968 et
2596 4912 2867 4979 sitientes,
2908 4919 2964 4966 et
2992 4914 3175 4969 anima
3204 4920 3396 4967 comm
3430 4911 3488 4968 in
3524 4910 3661 4981 ipsis
3682 4911 3774 4966 da-

468 5018 705 5074 ncmque
748 5012 1124 5073 sequerentur.
1168 5003 1236 5060 Hi
1286 5015 1470 5061 autem
1498 5006 1699 5075 quibus
1744 5007 2072 5076 apostolicus
2134 5022 2139 5025 '
2174 5006 2321 5062 fecit.
2372 5005 2439 5061 Et
2464 5004 2835 5061 clamaverunt
2862 5003 2931 5058 ad
2967 5003 3254 5061 Dominum
3288 5018 3414 5063 cum
3447 5002 3773 5063 tribularu-

470 5096 647 5152 adltuc
682 5096 861 5152 inerat
893 5095 1098 5163 fervor,
1139 5111 1411 5153 memores
1436 5097 1578 5152 illius
1603 5097 1847 5166 pristinae
1887 5096 2067 5166 perfe-

471 5188 691 5253 ctionis,
732 5188 1077 5245 discedentes
1125 5204 1156 5244 a
1209 5189 1521 5245 civitatibus
1569 5189 1705 5255 suis,
1742 5189 2068 5261 illorumque

470 5281 768 5347 consortio,
818 5282 912 5353 qui
944 5282 1050 5339 sibi
1076 5282 1160 5337 vel
1192 5281 1447 5337 Ecclesia:
1471 5282 1565 5337 Dei
1592 5283 1918 5339 remissioris
1944 5285 2069 5340 Vita:

469 5373 849 5445 negligentiam
880 5391 998 5432 esse
1024 5375 1339 5441 credebant,
1386 5375 1662 5432 multoties
1696 5377 2066 5434 suburbanum

360 5484 365 5490 ‘
470 5485 535 5525 ac
561 5470 949 5527 secretioribus
971 5484 1345 5535 commanene,
1377 5478 1433 5525 et
1474 5485 1539 5525 ea
1559 5486 1681 5541 quae
1710 5473 1779 5526 ab
1808 5473 2067 5543 apostolis

468 5578 569 5637 per
596 5564 908 5620 universum
953 5577 1152 5633 corpus
1200 5562 1457 5621 Ecclesia:
1514 5566 1840 5636 generaliter
1867 5566 2062 5622 memi-

468 5664 665 5711 nerant
712 5656 981 5721 instituta,
1021 5654 1276 5726 privatim
1320 5669 1386 5711 ac
1427 5654 1778 5727 peculiariter
1802 5670 2062 5710 exercere

468 5757 766 5820 «cperunt.
806 5750 985 5818 Atque
1010 5748 1085 5804 ita
1111 5749 1414 5805 coadclevit
1458 5750 1583 5815 ista,
1612 5764 1776 5819 quant
1801 5747 2058 5815 diximus,

468 5842 881 5912 discipulorum,
918 5842 1011 5911 qui
1041 5857 1101 5898 se
1140 5843 1209 5898 ab
1239 5856 1428 5898 eorum
1456 5844 1709 5914 contagio
1748 5849 2059 5912 sequestra-

468 5943 701 5999 verunt,
748 5934 1068 6004 disciplina,
1120 5936 1214 6005 qui
1248 5936 1509 6007 paulatim
1533 5976 1549 6005 ,
1594 5940 1839 6011 tempore
1866 5948 2059 6008 proce-

2177 5107 2283 5163 tur,
2312 5107 2367 5155 et
2394 5098 2463 5154 de
2496 5095 2913 5155 necessitatibus
2932 5109 3121 5153 eorum
3142 5094 3398 5154 liberavit
3416 5108 3534 5153 eos.
3574 5113 3596 5147 ι
3628 5095 3772 5161 Quae

2171 5192 2336 5250 etiam
2382 5189 2648 5247 Jeremias
2677 5189 2751 5245 ita
2779 5188 3058 5254 describit,
3088 5189 3275 5244 dicens
3306 5206 3321 5243 ι
3375 5205 3397 5241 t
3422 5188 3649 5254 Deam,
3676 5184 3770 5257 qui

2170 5285 2289 5342 tulit
2316 5285 2507 5357 jugum
2532 5300 2563 5340 a
2582 5283 2869 5353 iuventute
2898 5298 2997 5345 sua
3024 5300 3040 5347 ι
3068 5282 3280 5339 sedebit
3305 5282 3585 5339 solitarius
3616 5291 3673 5338 et
3696 5292 3769 5338 ta-

2170 5378 2335 5445 cebit,
2366 5378 2492 5448 quia
2521 5375 2724 5433 levabit
2756 5390 2818 5432 se
2847 5390 3011 5446 super
3048 5390 3129 5431 se.
3167 5393 3186 5428 ι
3218 5373 3435 5445 Quique
3461 5374 3514 5429 id
3541 5373 3766 5430 Psalmi-

2169 5479 2267 5527 sta:
2325 5469 2522 5525 affectu
2564 5477 2623 5525 et
2667 5483 2834 5540 opere
2884 5467 3224 5524 conficiunt:
3281 5484 3301 5519 t
3337 5466 3552 5524 Similis
3588 5466 3763 5522 factas

2172 5578 2292 5619 sum
2317 5562 2585 5632 pellicano
2606 5559 2936 5626 solitudinis,
2961 5557 3194 5630 vigilavi,
3226 5565 3284 5615 et
3303 5556 3485 5615 factus
3511 5573 3634 5613 sum
3660 5557 3764 5613 sio-

2170 5665 2230 5712 ut
2263 5670 2455 5727 passer
2481 5654 2759 5711 solitarius
2800 5655 2855 5709 in
2880 5660 3100 5709 tectos»
3138 5651 3309 5724 igitur
3340 5652 3434 5722 qui
3460 5651 3759 5723 despicien-

2169 5749 2295 5803 dam
2326 5747 2682 5802 monasticam
2713 5745 3052 5815 disciplinam
3105 5743 3476 5811 arbitrantur,
3524 5742 3757 5813 primum

2167 5848 2381 5912 oportet
2419 5846 2480 5894 ut
2506 5839 2789 5895 attendant
2814 5853 2936 5910 qum
2958 5839 3029 5894 sit
3058 5837 3231 5892 virtus
3256 5834 3418 5906 huius
3443 5849 3651 5897 norma
3676 5842 3759 5888 at-

2167 5948 2275 6006 que
2299 5933 2769 6007 conversationis;
2820 5940 2878 5991 et
2901 5932 2949 5990 si
2976 5929 3357 6004 perspexeriut
3397 5926 3607 6003 iugibus
3658 5921 3752 5991 Dei
