3974 6476
1381 466 1584 525 LIBER
1619 467 1710 525 DE
1746 465 2144 527 DBLATIONE
2180 413 2592 530 russeum.

2254 367 2282 380 κ

2646 406 2673 425 ι’
2723 425 2726 429 .

3525 464 3643 536 835

345 600 471 644 eam
495 598 622 643 esse
660 581 1006 653 concordem,
1049 583 1304 643 desinant
1329 598 1451 642 eam
1480 586 1621 643 odiis
1647 586 1929 651 insectari,
1955 588 2011 649 Α
2034 585 2254 656 spiritu,
2311 586 2570 656 quoniam
2617 584 2862 657 ipsorum
2914 593 3003 645 est
3056 600 3285 662 mgnum
3336 589 3625 650 calorum.

345 679 614 735 desistant
633 692 729 735 ore
767 678 1083 749 blaspheme
1102 678 1364 746 lacerare,
1391 679 1520 750 quia
1551 695 1659 735 non
1683 679 1790 734 erit
1832 679 1936 734 ἰω-
2038 676 2191 733 Beati
2219 677 2411 744 mites,
2441 678 2698 748 quoniam
2730 678 2832 748 ipsi
2860 678 3214 751 possidebunt
3242 688 3465 740 terram.
3507 702 3528 737 ι
3560 683 3631 741 Et

341 770 569 841 punitus
593 769 686 840 qui
714 769 871 835 donis
918 770 1011 826 Dei
1038 785 1137 841 per
1178 770 1434 825 invidiam
1484 770 1723 841 perﬁdus
1757 777 1936 825 exstat
2039 769 2237 826 iterum
2260 784 2273 824 :
2299 768 2452 826 «Non
2477 771 2618 835 veni,
2650 770 2846 842 inquit,
2868 770 3050 828 facere
3070 773 3401 832 voluntatem
3424 791 3626 847 meam,
3711 833 3714 838 .

341 861 616 918 inimicus.
640 861 799 927 Unde
814 862 1073 921 Dominus
1093 877 1193 933 per
1211 850 1562 934 prophetam:
1595 882 1615 915 ι
1640 863 1734 919 Va:
1752 862 1929 929 vobis,

339 957 435 1027 qui
456 956 639 1012 dicitis
669 956 870 1012 malum
896 957 1121 1022 bonum,
1152 966 1208 1012 et
1233 959 1433 1014 bonum
1461 956 1692 1013 malum:
1721 971 1928 1028 ponen-

340 1055 425 1104 tes
454 1048 708 1103 tenebras
754 1047 954 1113 lucem,
988 1054 1046 1102 et
1096 1047 1272 1103 lucem
1327 1049 1623 1104 tenebras:
1667 1055 1930 1118 ponentes

337 1154 586 1195 amarum
617 1140 673 1195 in
700 1139 878 1203 dulce,
928 1146 985 1195 et
1017 1139 1174 1195 dulce
1210 1140 1265 1194 in
1318 1154 1584 1195 amarum.
1624 1157 1644 1191 ι
1680 1139 1926 1197 Monachi

335 1235 481 1292 enim
506 1236 843 1307 propositum
871 1244 956 1291 est
982 1244 1043 1291 ut
1082 1238 1425 1293 abrenuntiet
1473 1238 1668 1299 aesculo
1694 1246 1749 1294 et
1769 1238 1924 1294 volu-

331 1326 616 1399 ptatibus,
666 1328 1012 1384 continentiae
1060 1341 1125 1385 ac
1172 1330 1362 1399 quieti,
1411 1330 1732 1386 obedientiat
1762 1334 1927 1401 atque

331 1415 628 1472 humilitati
655 1432 875 1489 operam
906 1419 1019 1484 det,
1056 1419 1538 1490 tribulationesque
1574 1428 1737 1490 atque
1758 1434 1926 1490 angu-

328 1507 468 1565 stias
487 1510 774 1580 praesentis
800 1510 925 1565 vitat
966 1512 1236 1582 patienter
1255 1510 1494 1577 suiierat,
1538 1520 1596 1566 et
1642 1511 1923 1581 praemium

330 1602 572 1657 celestis
605 1603 795 1673 gratim
822 1616 984 1676 super
1005 1604 1186 1658 omnia
1212 1611 1450 1672 exprtat.
1498 1602 1654 1657 Unde
1682 1602 1921 1657 conside-

327 1709 516 1751 remus
544 1698 590 1751 si
621 1698 737 1751 haec
767 1713 832 1752 ex
868 1694 1067 1752 divinis
1122 1698 1543 1767 comprobantur
1571 1696 1917 1751 testimoniis.

326 1786 463 1843 Nam
488 1788 737 1845 Salvator
766 1790 818 1844 in
846 1789 1136 1861 vangelio
1165 1790 1241 1844 ait
1266 1806 1279 1842 :
1317 1806 1337 1841 ι
1374 1788 1475 1856 Qui
1503 1804 1608 1843 non
1637 1788 1919 1843 renuntia-

323 1878 468 1933 verit
493 1880 746 1935 omnibus
788 1894 907 1951 quae
949 1881 1209 1951 possidet,
1252 1894 1358 1935 non
1400 1888 1578 1951 potest
1604 1896 1759 1936 meus
1800 1893 1919 1934 esse

2036 862 2135 919 sed
2170 860 2305 932 eius,
2335 861 2429 933 qui
2456 861 2604 918 misit
2636 877 2746 930 me,
2792 861 2991 921 Patris.
3028 884 3048 918 ι
3085 864 3225 923 Hinc
3253 874 3310 923 et
3337 867 3629 941 Apostolus

2034 955 2152 1010 ait:
2211 973 2231 1007 ι
2264 955 2514 1011 Christus
2540 953 2717 1012 iactus
2745 961 2831 1012 est
2863 970 2963 1027 pro
3006 958 3165 1016 nobis
3190 956 3449 1018 obediens
3476 961 3627 1019 Patri

2033 1060 2206 1116 usque
2227 1044 2296 1100 ad
2316 1053 2566 1113 mortem,
2598 1056 2831 1105 mortem
2857 1055 3039 1106 autem
3067 1049 3269 1116 crucis,
3297 1068 3317 1105 ι
3353 1059 3460 1107 etc.
3487 1048 3625 1107 Nam

2031 1139 2170 1195 etin
2208 1138 2347 1194 libro
2387 1139 2596 1211 Regum
2637 1138 2859 1199 Samuel
2906 1142 2976 1197 ad
3022 1140 3153 1199 Sani
3183 1158 3366 1214 regem
3395 1158 3625 1214 peccan-

2031 1236 2144 1285 tem
2171 1231 2289 1286 aitz
2324 1248 2343 1283 ε
2378 1230 2629 1301 Nunquid
2663 1232 2777 1289 mit
2802 1232 3063 1291 Dominus
3099 1235 3498 1302 holocaustum,
3528 1245 3625 1292 aut

2029 1320 2312 1387 victimas,
2356 1328 2412 1376 et
2446 1337 2554 1378 non
2582 1321 2763 1391 potius
2789 1329 2851 1379 ut
2880 1324 3166 1381 obediatur
3210 1326 3331 1384 voci
3362 1326 3625 1385 Domini?

2029 1408 2218 1466 Melior
2245 1418 2331 1466 est
2355 1411 2499 1469 enim
2529 1411 2834 1468 obedientia
2855 1429 3018 1484 quam
3043 1414 3294 1482 victima),
3330 1426 3385 1471 et
3406 1417 3624 1477 auscqu

2027 1508 2146 1561 tare
2175 1501 2346 1571 magis
2365 1516 2528 1572 quam
2565 1502 2762 1558 offerre
2810 1502 3022 1574 adipem
3047 1505 3282 1562 arietum
3311 1521 3326 1562 :
3365 1508 3620 1578 quoniam

2027 1590 2181 1660 quasi
2210 1599 2489 1661 peceatum
2525 1592 2826 1653 hariolaudi
2863 1602 2948 1650 est
2988 1609 3294 1667 repugnare
3316 1635 3334 1665 ,
3382 1607 3438 1659 et
3465 1598 3623 1668 quasi

2024 1684 2203 1743 scelus
2224 1683 2543 1743 idololatrias
2578 1684 2720 1740 nolle
2750 1686 3118 1756 acquiescere.
3150 1707 3171 1741 ι
3215 1688 3294 1745 De
3320 1687 3625 1745 tribulatio-

2023 1777 2110 1832 nis
2137 1785 2317 1832 autem
2346 1777 2633 1833 tolerantia
2670 1787 2724 1833 et
2754 1778 3015 1848 patientia
3049 1779 3164 1851 ipsa
3199 1778 3415 1837 Veritas
3439 1782 3517 1837 ait
3541 1781 3621 1837 di-

2024 1868 2247 1940 scipulis
2276 1886 2289 1923 :
2329 1886 2348 1920 (
2390 1868 2450 1924 In
2482 1868 2683 1924 mundo
2723 1884 3033 1939 pressuram
3058 1870 3350 1938 habebitis,
3375 1871 3471 1927 sed
3489 1886 3621 1927 con-

325 1972 645 2043 discipulus.
674 1974 741 2028 Et
767 1975 943 2030 omnis
972 1975 1065 2045 qui
1114 1974 1395 2044 reliquerit
1427 1973 1671 2038 domum,
1701 1972 1788 2028 vel
1810 1970 1921 2027 fra-
1946 1961 1996 2022 B
2024 1961 2192 2027 ﬁdite,
2243 1961 2369 2031 quia
2403 1976 2504 2032 ego
2551 1961 2657 2017 vici
2709 1962 2989 2021 mundum.
3030 1962 3091 2019 In
3136 1963 3398 2034 patientia
3438 1974 3619 2022 vestra

323 2070 460 2128 ιτθε,
491 2072 585 2119 aut
602 2080 834 2130 θοι-οης,
863 2076 956 2119 aut
980 2074 1212 2137 patrem,
1246 2073 1342 2119 aut
1368 2073 1622 2128 matrem,
1658 2072 1753 2118 aut
1779 2079 1915 2125 “XO-

323 2168 463 2217 rem,
496 2164 590 2210 aut
610 2155 767 2222 ﬁlios,
797 2164 892 2211 aut
918 2172 1077 2230 agros
1104 2165 1325 2227 propter
1347 2170 1544 2210 nomen
1566 2170 1766 2221 meum,
1792 2169 1914 2209 cene

318 2249 533 2320 tuplum
559 2252 807 2321 accipiet,
848 2258 905 2306 et
926 2252 1094 2305 vitam
1137 2259 1396 2305 aeternam
1421 2249 1737 2320 possidebit.
1776 2267 1795 2301 ι
1846 2248 1915 2303 Et

317 2340 452 2397 item
484 2359 497 2395 :
539 2361 557 2393 ι
587 2343 691 2411 Qui
722 2343 854 2409 vult,
890 2363 909 2396 ι
946 2344 1139 2414 inquit,
1196 2360 1215 2393 ε
1250 2343 1438 2397 venire
1465 2349 1590 2411 post
1614 2355 1721 2407 me,
1750 2342 1914 2395 abnee

317 2443 411 2504 get
440 2435 812 2505 semetipsum,
839 2442 894 2490 et
918 2434 1069 2489 tollat
1092 2450 1310 2490 crucem
1340 2449 1492 2488 suam
1544 2432 1805 2503 quotidie,
1859 2438 1914 2485 et

315 2536 581 2598 sequatur
617 2544 724 2582 me.
763 2548 781 2580 ι
838 2527 975 2583 illnc
998 2536 1054 2583 et
1090 2527 1239 2583 diviti
1267 2529 1332 2583 de
1370 2526 1542 2583 salute
1569 2541 1666 2581 sua
1688 2524 1913 2580 sollicite

316 2621 584 2692 quaerenti
606 2622 719 2692 ipsa
749 2623 966 2681 Veritas
995 2622 1289 2691 respondit,
1320 2623 1505 2676 dicens
1532 2640 1546 2675 :
1593 2619 1652 2675 Si
1683 2621 1766 2676 vis
1789 2635 1911 2691 per-

314 2707 496 2764 fectus
523 2724 663 2775 esse,
716 2710 873 2776 vade,
908 2712 1082 2765 vende
1110 2710 1291 2765 omnia
1340 2725 1460 2780 quae
1507 2709 1677 2764 babes
1704 2749 1718 2775 ,
1760 2717 1815 2763 et
1845 2708 1911 2763 da

313 2805 671 2876 pauperibus,
705 2814 760 2861 et
786 2805 1013 2863 habebis
1044 2802 1360 2879 thesaurum
1388 2808 1440 2877 in
1463 2807 1600 2864 caelo
1624 2848 1639 2875 ,
1671 2814 1727 2863 et
1764 2807 1909 2875 veni,

312 2910 546 2968 sequere
586 2914 692 2954 me.
733 2919 752 2953 ›
808 2898 946 2954 Hinc
975 2908 1028 2954 et
1055 2901 1122 2955 ad
1161 2900 1435 2971 apostolos
1474 2901 1550 2955 ait
1583 2916 1595 2952 :
1651 2918 1671 2951 ‹
1723 2900 1912 2956 Estote

310 2993 545 3064 perfecti
586 2994 727 3050 sicut
760 3003 813 3049 et
840 2994 1001 3051 Pater
1029 3003 1210 3050 vester
1243 2995 1481 3051 cmlestis
1505 2993 1779 3066 perfectus
1804 3001 1908 3055 est.

308 3084 493 3144 Nolite
520 3089 734 3145 solliciti
765 3106 885 3147 esse
937 3092 1216 3147 dicentes:
1261 3090 1398 3159 Quid
1439 3091 1908 3158 manducabimus,

308 3188 413 3235 aut
442 3180 571 3253 quid
600 3183 868 3254 bibemus,
906 3190 1001 3251 aut
1026 3198 1134 3257 quo
1164 3183 1516 3255 aperiemur?
1562 3184 1679 3239 haec
1723 3181 1908 3237 omnia

306 3281 504 3347 gentes
539 3272 838 3346 inquirunt.
893 3275 1009 3332 Scit
1040 3264 1186 3331 enim
1238 3270 1400 3329 Pater
1427 3279 1613 3333 vester
1640 3272 1767 3343 quia
1822 3271 1908 3337 his

2017 2058 2364 2131 possidebitis
2384 2058 2594 2113 animas
2626 2066 2855 2113 vestras.
2895 2076 2916 2112 ι
2960 2058 3027 2115 Ει
3057 2058 3186 2129 quia
3210 2060 3461 2117 monachi
3482 2074 3619 2132 opus

2016 2161 2104 2208 est
2125 2151 2302 2207 oratio
2335 2157 2390 2206 et
2401 2149 2686 2220 jejunium,
2719 2151 3066 2207 commendat
3112 2151 3217 2207 hoc
3238 2158 3402 2222 atque
3423 2167 3620 2224 appro-

2014 2250 2109 2306 bat
2135 2249 2278 2305 idem
2302 2248 2566 2304 Mediator
2589 2249 2685 2303 Dei
2706 2248 3121 2320 hominumque,
3152 2263 3277 2305 cum
3300 2245 3612 2319 suggillanti

2015 2342 2290 2414 apostolos
2309 2344 2376 2399 de
2404 2342 2735 2398 dstmoniaco
2762 2342 2832 2397 ab
2855 2344 2937 2398 eis
2965 2358 3074 2405 non
3101 2348 3292 2401 sanun
3312 2338 3613 2411 respondit,

2016 2440 2204 2495 dicens
2229 2450 2245 2494 τ
2313 2455 2333 2489 ι
2366 2437 2481 2493 Hoc
2508 2451 2678 2509 genus
2702 2451 2736 2491 ι
2756 2437 2905 2492 nullo
2951 2444 3134 2507 potest
3179 2435 3354 2501 exire,
3382 2433 3485 2489 nisi
3514 2447 3613 2504 per

2014 2532 2318 2588 orationem
2351 2541 2406 2586 et
2430 2530 2717 2603 jejunium.
2759 2548 2779 2583 ι
2841 2529 2983 2586 Ecce
3027 2527 3418 2587 monachorum
3462 2524 3613 2582 ordio

2014 2640 2140 2683 nem
2163 2640 2228 2681 ac
2246 2625 2439 2689 vitam,
2474 2640 2597 2687 cum
2640 2624 2756 2695 ipse
2793 2623 3055 2686 Dominus
3079 2623 3192 2679 suis
3221 2619 3506 2683 sententiis
3552 2629 3617 2671 ac

2011 2719 2399 2791 prephetarum
2451 2725 2612 2788 atque
2681 2717 3048 2788 apostolorum
3117 2730 3341 2773 suorum
3396 2711 3615 2782 scriptis

2012 2806 2349 2884 comprobet,
2383 2811 2504 2882 quis
2529 2818 2611 2867 est
2640 2811 2732 2885 qui
2788 2825 2905 2875 eam
2935 2808 3336 2889 reprehendere
3393 2806 3608 2867 audeat,

2011 2904 2128 2960 nisi
2148 2903 2241 2975 qui
2268 2903 2493 2958 insanus
2521 2917 2617 2957 ore
2642 2910 2697 2957 et
2747 2898 2912 2957 corde
2947 2908 3054 2966 est,
3080 2906 3137 2954 et
3159 2899 3230 2954 ob
3256 2898 3362 2953 hoc
3404 2894 3614 2967 legibus

2010 2997 2106 3054 Dei
2139 2997 2492 3055 contrarius?
2519 2994 2639 3055 Non
2667 3002 2752 3051 est
2778 3007 2910 3066 ergo
2942 2994 3058 3049 leve
3077 2992 3301 3055 crimen,
3326 2996 3490 3059 atque
3515 2986 3617 3040 mi-

2008 3090 2297 3146 nusculum
2324 3096 2638 3163 peccatum,
2670 3086 2810 3142 velle
2836 3086 3157 3141 mendacem
3190 3082 3373 3138 facere
3398 3077 3611 3164 verita—

2009 3192 2141 3253 tem,
2172 3190 2227 3237 et
2255 3181 2546 3239 Dominum
2581 3179 2826 3249 iniquum
2864 3177 3069 3248 tingere
3090 3215 3106 3242 ,
3153 3188 3279 3236 cum
3307 3174 3416 3233 hoc
3462 3168 3609 3243 quod

2008 3270 2126 3346 ipse
2152 3270 2458 3329 laudatiste
2486 3271 2679 3331 nititur
2709 3267 3037 3347 improbare.
3069 3264 3177 3324 Sed
3215 3264 3260 3321 si
3286 3263 3391 3323 iste
3420 3256 3615 3323 adver-

306 3341 567 3423 omnibus
612 3341 890 3439 indigetis.
936 3366 1173 3435 Qurerite
1211 3366 1451 3436 primum
1500 3341 1727 3435 regnum
1782 3364 1904 3432 Dei,
1934 3341 1981 3406 (δ
2012 3341 2187 3423 sarius
2236 3374 2423 3422 noster
2459 3366 2638 3420 adhuc
2685 3341 2988 3436 perstiterit
3034 3361 3091 3416 in
3143 3356 3387 3428 nequitia
3442 3350 3612 3410 semel

304 3466 373 3513 et
393 3458 658 3530 justitiam
684 3458 828 3528 ejus,
884 3466 939 3514 et
975 3460 1093 3515 haec
1140 3458 1324 3514 omnia
1378 3455 1704 3527 adiicientur
1730 3458 1906 3515 vobis.

286 3549 546 3619 'Vigiiate
581 3552 763 3622 itaque
804 3551 952 3608 omni
979 3559 1223 3621 tempore
1247 3558 1492 3615 orantes,
1538 3556 1600 3603 ut
1632 3548 1776 3620 digni
1808 3548 1907 3602 ha-

302 3644 550 3701 beamini
573 3643 760 3715 fugere
780 3645 885 3699 ista
910 3644 1091 3698 omnia
1113 3658 1233 3713 quze
1252 3651 1480 3711 ventura
1507 3648 1650 3709 sunt,
1681 3648 1736 3695 et
1764 3648 1909 3695 stare

303 3743 442 3792 ante
470 3735 666 3790 Filium
688 3735 943 3791 hominis.
970 3734 1141 3789 Amen
1167 3735 1288 3790 dico
1308 3730 1459 3787 vobis
1483 3731 1608 3803 quia
1626 3730 1909 3801 plorabitis

302 3836 371 3883 et
415 3823 614 3879 ﬂebitis
647 3840 764 3892 vos,
798 3826 1031 3880 mundus
1060 3832 1241 3879 autem
1278 3822 1553 3895 gaudebit,
1601 3838 1700 3878 vos
1727 3830 1909 3877 autem

305 3917 794 3985 contristabimini.
845 3917 940 3979 scd
963 3916 1186 3977 tristitia
1214 3923 1394 3975 Vestra
1418 3922 1664 3975 vertetur
1691 3914 1746 3969 in
1778 3930 1909 3985 gau-

306 4011 487 4068 dium.
522 4009 675 4065 Beati
701 4011 793 4080 qui
817 4009 1000 4082 lugent
1024 4018 1187 4075 nunc,
1221 4008 1477 4080 quoniam
1511 4007 1613 4077 ipsi
1657 4006 1908 4071 consola-

304 4102 536 4160 buntur.
570 4122 589 4155 I
631 4100 893 4173 Sequenti
920 4115 1052 4174 ergo
1071 4116 1240 4172 opera
1260 4101 1439 4158 danda
1471 4100 1639 4159 lsaias
1670 4099 1910 4155 ostendit

309 4195 544 4250 dicens:
583 4211 603 4246 ι
640 4193 759 4250 Erit
779 4191 1197 4264 opusjustitias,
1243 4208 1348 4264 pax
1377 4201 1435 4249 et
1460 4189 1903 4260 eultusjustitize,

309 4285 593 4342 silentium
617 4296 674 4342 et
700 4287 970 4344 securitas
996 4302 1168 4358 usque
1188 4287 1246 4346 in
1266 4286 1675 4359 sempiternum.
1713 4305 1732 4339 ι
1772 4284 1907 4341 Item

308 4397 416 4454 per
441 4379 733 4438 Jersmiam
757 4382 992 4438 dicitur:
1031 4400 1050 4435 ι
1080 4383 1290 4439 Bonum
1325 4389 1411 4439 est
1432 4379 1736 4452 praestolari
1783 4394 1906 4434 cum

311 4474 533 4531 silentio
559 4475 797 4532 salutare
819 4476 1035 4532 Domini
1060 4495 1074 4531 :
1104 4477 1307 4531 bonum
1336 4482 1422 4532 est
1449 4474 1588 4540 viro,
1618 4488 1743 4533 eum
1782 4487 1907 4542 por-

312 4566 518 4620 taverit
536 4565 727 4638 iugum
751 4568 820 4622 ab
840 4566 1203 4623 adolescentia
1225 4581 1343 4623 sua.
1390 4564 1615 4623 Sedebit
1637 4564 1908 4621 solitarius

312 4665 375 4713 et
402 4659 620 4726 tacebit,
651 4660 779 4731 quia
802 4659 1001 4715 levabit
1028 4675 1087 4715 se
1106 4675 1270 4731 super
1293 4674 1390 4725 se;
1418 4666 1584 4728 ponet
1604 4658 1657 4718 iu
1686 4656 1905 4729 pulvere

310 4766 383 4809 os
412 4769 592 4821 suum,
624 4754 670 4809 si
698 4752 838 4809 forte
872 4754 944 4809 sit
972 4767 1134 4825 spes,
1183 4752 1334 4808 dabit
1360 4750 1683 4823 percutienti
1716 4748 1909 4809 maxilv

313 4848 450 4912 lam,
480 4846 813 4903 saturabitur
838 4846 1187 4918 opprobriis,
1240 4845 1368 4917 quia
1421 4861 1529 4901 non
1579 4842 1803 4913 repellet
1855 4842 1909 4903 in

314 4941 711 5011 sempiternum
746 4940 1026 4996 Dominus.
1084 4939 1190 5007 Qui
1239 4939 1428 4995 dilexit
1477 4952 1698 4995 movere
1744 4936 1911 5007 pedes

316 5051 470 5102 suos,
506 5044 561 5090 et
597 5050 704 5091 non
730 5035 955 5107 quievit,
984 5044 1040 5091 et
1065 5035 1295 5096 Domino
1323 5051 1432 5091 non
1457 5033 1680 5105 placuit.
1720 5052 1739 5085 ›
1776 5032 1912 5090 Hinc

314 5138 379 5185 et
404 5127 605 5184 Paulus
642 5128 710 5183 ad
750 5126 1262 5185 Thessalonicenses
1304 5127 1415 5181 ait:
1453 5143 1473 5178 ι
1505 5125 1780 5194 Rogamus
1812 5140 1911 5180 au-

315 5232 435 5279 tem
466 5238 583 5289 vos,
615 5221 835 5289 fratres,
872 5233 932 5277 ut
961 5222 1247 5278 abundetis
1271 5220 1445 5294 magis
1467 5230 1522 5276 et
1560 5234 1782 5292 operam
1810 5218 1908 5274 de-

320 5316 419 5381 tis,
448 5324 508 5371 ut
530 5317 695 5388 quieti
719 5316 860 5383 sitis,
896 5324 950 5370 et
979 5323 1041 5371 ut
1064 5322 1305 5370 vestrum
1328 5313 1603 5385 negotium
1631 5312 1821 5382 agatis,
1857 5317 1912 5365 et

319 5407 657 5480 operamini,
706 5406 850 5463 sicut
881 5407 1235 5477 praecepimus
1270 5405 1447 5467 vobis,
1496 5410 1553 5458 et
1584 5411 1644 5457 ut
1686 5402 1913 5459 honeste

321 5500 618 5557 ambuletis
641 5500 710 5556 ad
731 5513 844 5565 eos,
873 5498 965 5568 qui
997 5498 1128 5554 foris
1154 5504 1304 5563 sunt,
1325 5495 1524 5551 nullius
1546 5494 1749 5563 aliquid
1771 5492 1913 5549 desi-

303 5590 552 5651 ‘deretis.
583 5611 603 5646 ι
661 5592 739 5648 De
791 5588 1094 5646 humilitate
1131 5597 1344 5654 autem,
1399 5597 1454 5644 et
1499 5584 1913 5642 mansuetudine

324 5696 493 5758 atque
515 5684 821 5742 obedientia
852 5683 966 5755 ipse
994 5681 1244 5738 Salvator
1271 5681 1325 5736 in
1363 5678 1656 5750 Evangelio
1698 5691 1798 5733 nos
1827 5676 1913 5730 in-

324 5778 490 5836 struit
528 5779 713 5836 dicens
745 5792 761 5832 :
819 5794 838 5830 t
879 5776 1079 5832 Discite
1117 5790 1148 5829 a
1184 5789 1273 5829 me
1302 5814 1315 5839 ,
1353 5774 1480 5845 quia
1517 5772 1667 5827 mitis
1714 5785 1835 5826 sum
1861 5775 1916 5822 et

306 5875 550 5932 ‘humilis
582 5873 764 5929 corde.
816 5871 1006 5928 Omnis
1046 5884 1175 5941 ergo
1208 5868 1388 5939 quise
1424 5868 1628 5923 exaltat
1667 5864 1919 5920 humilia-

309 5966 502 6047 Lbitur,
532 5970 587 6025 et
613 5966 705 6041 qui
726 5980 785 6023 se
805 5964 1072 6031 bumiliat,
1099 5960 1444 6018 exaltabitur.
1471 5957 1625 6016 Beati
1652 5970 1919 6031 pauperes

2010 3467 2295 3529 concepta,
2325 3466 2381 3519 et
2402 3457 2600 3520 dixerit
2620 3456 2737 3511 sine
2763 3452 3016 3510 monachi
3035 3458 3162 3507 voto
3184 3447 3434 3505 homines
3452 3456 3613 3516 posse

2009 3553 2207 3610 salvari
2249 3571 2263 3608 :
2295 3568 2403 3608 non
2429 3552 2535 3607 hoc
2562 3564 2845 3623 negamus,
2885 3546 2981 3605 sed
3021 3541 3376 3617 perfectionis
3403 3535 3611 3597 tramiti

2010 3647 2297 3713 detrahere
2334 3660 2439 3713 non
2468 3643 2749 3698 audemus.

2081 3738 2208 3794 Ilzec
2236 3752 2388 3807 ergo,
2417 3743 2581 3807 prout
2618 3733 2915 3804 potuimus,
2955 3745 3025 3785 ex
3051 3726 3238 3783 multis
3264 3737 3439 3796 pauca
3470 3718 3608 3777 liba-

1982 3832 2223 3896 ‘vimus;
2256 3830 2350 3885 sed
2382 3830 2426 3884 si
2477 3835 2661 3882 nostra
2693 3824 2897 3894 scripta
2943 3818 3163 3875 fastidio
3192 3815 3373 3881 ducit,
3424 3809 3612 3867 audiat

2009 3924 2138 3996 quid
2190 3921 2382 3979 beatus
2431 3917 2829 3988 Hieronymus,
2890 3912 2946 3981 in
2984 3911 3124 3979 libro
3180 3919 3346 3977 quem
3386 3900 3608 3996 scripsit

2009 3993 2268 4071 adversus
2305 4010 2695 4083 Vigilantium,
2747 4005 3042 4069 monachos
3066 3998 3229 4069 simili
3266 3993 3606 4068 blasphemia

2008 4107 2369 4171 lacerantem,
2399 4101 2653 4159 senserit.
2687 4118 2705 4151 ι
2738 4098 2891 4166 Quod
2922 4103 3104 4152 autem
3150 4090 3371 4157 asseris,
3403 4085 3603 4165 inquit,

2008 4201 2202 4256 melius
2239 4198 2424 4258 facere
2459 4212 2555 4259 eos
2592 4194 2684 4266 qui
2709 4200 2931 4255 utantur
2951 4191 3114 4255 rebus
3144 4188 3279 4253 suis,
3321 4191 3376 4241 et
3418 4180 3606 4257 paula-

2007 4294 2108 4349 tim
2128 4292 2338 4349 fructus
2366 4287 2767 4360 possessionum
2795 4284 3121 4358 pauperibus
3152 4280 3415 4345 dividant,
3440 4291 3601 4349 quam

2008 4384 2129 4441 illos
2158 4384 2252 4454 qui
2276 4421 2292 4449 ,
2335 4378 2771 4453 possessionibus
2821 4373 3145 4443 venundatis
3173 4412 3189 4441 ,
3222 4369 3391 4429 semel
3417 4367 3599 4424 omnia

2007 4476 2312 4548 largiuntur
2343 4493 2357 4529 :
2409 4490 2517 4533 non
2553 4488 2585 4533 a
2610 4487 2697 4526 me
2722 4470 2823 4537 eis,
2857 4468 2953 4528 sed
2988 4481 3019 4523 a
3047 4465 3276 4525 Domino
3310 4461 3607 4539 responde-

2006 4570 2155 4625 bitur
2180 4584 2196 4623 :
2229 4586 2248 4622 ε
2277 4568 2431 4625 Sivis
2456 4579 2576 4622 esse
2595 4555 3258 4635 perfectus,vade,vende
3278 4552 3461 4619 omnia
3488 4564 3609 4622 quae

2014 4679 2035 4714 ι
2067 4662 2254 4726 babes,
2287 4669 2341 4715 et
2373 4659 2441 4714 da
2461 4655 2814 4729 pauperibus,
2835 4660 2890 4715 ot
2915 4650 3060 4715 veni,
3083 4660 3311 4718 sequere
3336 4658 3442 4713 me.
3473 4662 3493 4695 ι
3521 4640 3604 4702 Ad

2008 4768 2134 4811 eum
2169 4752 2409 4821 loquitur
2435 4750 2529 4819 qui
2558 4747 2675 4807 vult
2702 4761 2825 4802 esse
2850 4740 3126 4815 perfectus
3153 4757 3166 4793 :
3199 4737 3292 4810 qui
3327 4751 3450 4797 cum
3479 4749 3606 4806 apo-

2010 4846 2164 4903 stolis
2190 4853 2425 4915 patrem,
2449 4839 2777 4905 naviculam,
2802 4844 2859 4892 et
2884 4845 3002 4905 rete
3023 4832 3264 4891 dimittit.
3287 4829 3415 4899 Iste,
3443 4840 3608 4901 quem

2010 4948 2069 4994 tu
2099 4935 2308 5000 laudas,
2351 4933 2641 4998 secundus,
2673 4930 2757 4989 vel
2784 4930 2978 4997 tertius
3002 4927 3199 4998 gradus
3228 4933 3333 4990 est,
3365 4933 3525 4991 quem
3550 4926 3607 4972 et

2011 5046 2113 5087 nos
2148 5028 2460 5100 recipimus,
2494 5023 2786 5085 dummodo
2808 5021 3045 5079 sciamus
3069 5016 3245 5089 prima
3276 5007 3529 5071 secundis
3554 5014 3611 5100 et

2012 5124 2191 5182 tertiis
2226 5119 2581 5194 przeferenda.
2624 5115 2736 5171 Nec
2759 5122 2879 5171 astu
2929 5120 3024 5168 tuo
3050 5124 3115 5173 ac
3150 5106 3329 5167 studio
3354 5099 3606 5161 monachi

2010 5212 2321 5273 deterrendi
2367 5217 2516 5277 sunt,
2567 5214 2686 5265 arte
2719 5206 2917 5276 linguas
2939 5202 3172 5271 vipereas
3197 5205 3253 5253 et
3278 5208 3465 5255 morsu
3506 5205 3607 5249 sae-

2010 5308 2271 5373 vissimo;
2305 5305 2371 5363 de
2398 5302 2596 5375 quibus
2622 5294 3023 5372 argumentaris
3042 5300 3099 5348 et
3121 5289 3257 5354 dicis
3284 5305 3298 5357 ς
3333 5285 3393 5344 Si
3417 5298 3606 5342 omnes

2011 5416 2073 5459 se
2093 5396 2430 5460 recluserint,
2469 5400 2526 5450 et
2551 5391 2752 5449 fuerint
2781 5390 2838 5444 in
2866 5383 3179 5450 solitudine,
3220 5381 3343 5455 quis
3367 5376 3608 5445 celebra-

2012 5492 2095 5548 bit
2113 5488 2392 5554 ecclesias,
2416 5485 2541 5556 quis
2562 5479 2849 5549 szeculares
2868 5475 3116 5537 homines
3131 5468 3458 5551 lucrifaciet,
3481 5466 3604 5539 quis

2013 5589 2330 5653 peccatores
2367 5578 2437 5639 ad
2460 5577 2689 5639 virtutes
2725 5570 2928 5644 poterit
2955 5562 3275 5631 coarctare?
3325 5564 3432 5620 hoc
3457 5559 3606 5653 enim

2016 5650 2210 5737 modo,
2242 5671 2288 5726 si
2314 5682 2505 5729 omnes
2533 5674 2716 5731 tecum
2740 5660 2876 5735 fatui
2905 5664 3053 5733 sunt,
3090 5655 3309 5727 sapiens
3334 5667 3454 5712 esse
3483 5650 3606 5739 quis

2015 5765 2255 5841 poterit?
2296 5763 2366 5819 Et
2405 5760 2692 5832 virginitas
2733 5772 2842 5817 non
2873 5761 2958 5812 est
2981 5750 3328 5825 approbanda
3354 5746 3461 5841 :usi
3488 5759 3606 5841 om-

2016 5836 2117 5917 nes
2145 5857 2382 5929 virgines
2405 5852 2630 5918 fuerint,
2670 5857 2852 5922 nuptas
2873 5864 2985 5906 non
3012 5852 3193 5914 erunt,
3223 5838 3467 5898 interibit
3508 5836 3606 5892 hu-

2018 5966 2242 6011 manum
2265 5964 2456 6025 genus.
2494 5944 2730 6005 infantes
2766 5945 2825 6009 in
2848 5942 3006 6009 crinis
3032 5954 3141 6013 non
3166 5935 3407 6011 vagient,
3430 5930 3606 6005 obste-
