3974 6458
457 441 568 499 159

1102 442 1163 499 Β.
1205 443 1464 502 RABANI
1497 442 1719 501 MAURI
1756 440 2077 500 ARCHIEP.
2121 439 2428 499 MOGUNT.
2471 440 2757 502 OPERUM
2794 444 2976 503 PARS
3007 446 3054 502 l.

3620 450 3731 508 uo

453 561 618 615 trices
648 561 852 632 absque
893 557 1231 616 mercedibus
1270 560 1657 615 mendicabunt
1685 576 1698 612 :
1737 566 1792 614 et
1815 557 2036 612 validis-
2063 557 2118 618 Α
2141 555 2375 612 devitavi
2403 574 2416 623 ;
2447 557 2492 612 si
2517 565 2696 613 autem
2723 566 2941 626 stetero,
2982 567 3076 613 aut
3100 560 3420 616 vincendum
3452 563 3591 618 mihi
3621 577 3730 636 est,

452 654 593 708 simo
625 650 828 724 frigore
880 651 1026 708 solus
1071 659 1236 722 atque
1283 658 1596 706 contractus
1641 648 2033 704 Dormitantius

449 742 693 814 vigilabit
726 742 780 796 in
811 742 968 798 lecto.
1015 741 1172 798 Clara
1217 751 1300 798 est
1336 741 1528 808 virtus,
1579 755 1679 797 nec
1713 755 1745 794 a
1787 739 2033 812 pluribus

448 835 720 906 appetitur
742 875 758 899 ,
819 843 979 903 atque
1022 834 1230 889 utinam
1272 849 1463 890 omnes
1514 833 1617 902 hoc
1663 840 1844 888 essent
1887 831 2032 901 quod

445 925 601 994 pauci
628 933 774 990 sunt,
813 926 880 981 de
909 927 1102 996 quibus
1127 925 1358 981 dicitur:
1407 943 1424 976 ‹
1457 923 1608 979 Multi
1637 924 1844 991 vocati,
1873 921 2032 994 pauci

443 1025 624 1072 autem
672 1016 869 1084 electi;
908 1037 928 1070 ι
978 1018 1133 1074 vacui
1184 1025 1365 1074 essent
1405 1032 1675 1073 carceres.
1735 1016 2029 1072 Monachus

441 1121 624 1168 autem
652 1127 760 1166 non
812 1113 1047 1168 doctoris
1085 1112 1264 1183 hujus,
1323 1112 1418 1167 se'd
1439 1111 1746 1182 plangentis
1769 1109 2026 1177 ofﬁcium,

439 1205 533 1274 qui
560 1204 645 1259 vel
690 1219 770 1270 se,
801 1203 886 1259 vel
913 1204 1172 1258 mundum
1192 1203 1395 1274 lugeat,
1447 1210 1501 1258 et
1545 1202 1758 1257 Domini
1803 1201 2027 1271 pavidus

437 1297 783 1366 praestoletur
842 1297 1172 1361 adventum;
1229 1296 1321 1366 qui
1369 1295 1544 1351 sciens
1604 1293 2024 1350 imbecillitatem

438 1407 616 1456 suam.
667 1400 722 1446 et
750 1406 846 1446 vas
873 1389 1060 1461 fragile
1095 1388 1238 1459 quod
1283 1397 1504 1460 portat,
1537 1389 1691 1443 timet
1727 1385 2022 1451 offendere,

435 1500 507 1540 ne
550 1485 811 1555 impingat
861 1491 916 1537 et
953 1491 1170 1538 corruat
1216 1491 1275 1536 ut
1301 1467 1598 1553 frangatur.
1644 1479 1797 1535 Unde
1825 1485 1881 1533 et
1907 1494 2024 1532 mu-

435 1579 650 1646 lierum,
704 1579 1043 1648 maximeque
1092 1575 1636 1640 adolescentularum,
1687 1575 1824 1629 vitat
1863 1587 2019 1642 aspe-

434 1679 604 1736 ctum,
638 1679 698 1725 .et
720 1670 773 1724 in
811 1680 1022 1725 tantum
1045 1671 1342 1741 castigator
1375 1670 1458 1724 sui
1480 1677 1582 1735 est,
1608 1675 1669 1722 ut
1707 1667 1869 1722 etiam
1899 1681 2020 1735 quae

431 1768 546 1814 tuta
577 1769 701 1815 sunt
730 1762 1099 1831 pertimescat.
1154 1761 1282 1827 Cur,
1336 1761 1568 1831 inquies,
1601 1760 1782 1831 pergis
1812 1759 1878 1814 ad
1901 1774 2018 1813 ere-

428 1851 623 1905 mum?
658 1849 919 1906 Videlicet
963 1861 1021 1905 ut
1048 1861 1099 1907 te
1123 1868 1229 1906 non
1265 1853 1504 1916 audiam,
1531 1867 1639 1905 non
1670 1846 1902 1916 videam,
1958 1859 2018 1904 ut

2139 660 2231 704 aut
2258 651 2576 706 cadendum.
2607 651 2747 720 Quid
2778 662 2960 709 autem
2987 669 3207 710 necesse
3244 664 3392 710 certa
3422 657 3724 729 dimittere,

2135 750 2191 796 et
2218 743 2426 797 incerta
2455 745 2696 798 sectari?
2751 751 2846 800 aut
2890 755 3062 812 scuto,
3097 753 3191 800 aut
3224 748 3454 817 pedibus
3485 752 3627 806 meis
3654 755 3729 806 vi-

2135 838 2298 892 tanda
2321 847 2436 893 est.-
2475 839 2555 893 Tu
2580 839 2671 909 qui
2701 856 2925 911 pugnas,
2968 849 3021 895 et
3052 843 3294 910 superari
3325 853 3482 912 potes
3520 855 3584 899 et
3603 849 3726 900 vin-

2134 944 2275 984 cere.
2314 931 2426 1000 Ego
2453 946 2575 985 cum
2610 931 2774 1003 fugio,
2826 948 2933 987 non
2963 933 3150 989 vincor
3175 933 3231 988 in
3262 950 3328 990 eo
3354 937 3500 1006 quod
3552 937 3721 1008 fugio,

2133 1020 2227 1074 sed
2256 1020 2376 1076 ideo
2405 1022 2550 1092 fugio
2597 1039 2665 1078 ne
2715 1023 2917 1078 vincar.
2985 1023 3142 1079 Nulla
3186 1027 3452 1083 securitas
3488 1039 3574 1085 est
3607 1047 3722 1085 ser-

2131 1120 2292 1180 pente
2320 1113 2498 1169 vicino
2528 1115 2781 1171 dormire.
2836 1115 3022 1172 Potest
3065 1117 3182 1174 fieri
3224 1129 3284 1174 ut
3311 1137 3402 1176 me
3433 1139 3546 1178 non
3577 1141 3723 1180 mor-

2131 1205 2274 1269 deat,
2309 1214 2487 1260 tamen
2523 1213 2699 1275 potest
2726 1207 2840 1262 fieri
2867 1215 2925 1261 ut
2951 1208 3241 1278 aliquando
3265 1213 3535 1267 mordeat.
3570 1235 3590 1266 ι

2201 1297 2340 1354 Sunt
2383 1306 2643 1369 praeterea
2690 1307 2746 1353 et
2785 1299 2876 1354 alii
2923 1302 3098 1356 sancti
3151 1302 3341 1359 Patres
3401 1307 3719 1374 orthodoxi,

2127 1406 2356 1462 quorum
2379 1406 2539 1460 super
2566 1390 2670 1445 hac
2695 1407 2754 1446 re
2790 1408 2888 1462 par
2929 1409 3120 1449 sensus
3144 1404 3198 1449 et
3226 1395 3418 1451 similis
3445 1401 3720 1454 sententia

2127 1491 2245 1547 est,
2291 1482 2668 1537 atiirmantium
2694 1498 2940 1538 normam
2970 1485 3232 1556 regularis
3277 1487 3587 1558 disciplina:
3614 1490 3718 1544 Deo

2127 1582 2348 1629 auctore
2375 1589 2474 1645 per
2510 1573 2859 1644 apostolicam
2888 1574 3191 1629 doctrinam
3215 1575 3528 1631 institutam
3558 1586 3718 1648 atque

2125 1663 2401 1718 fundatam
2431 1678 2570 1720 esse.
2605 1662 2710 1718 Sed
2736 1663 2862 1733 quia
2891 1663 3015 1718 libri
3054 1682 3362 1722 mensuram
3405 1668 3715 1731 excederet,

2125 1757 2170 1812 si
2193 1772 2380 1813 eorum
2407 1757 2637 1828 plurima
2676 1757 2817 1812 dicta
2846 1756 2901 1811 in
2936 1758 3037 1812 hoc
3067 1759 3387 1827 opusculum
3420 1760 3585 1814 velim
3636 1778 3717 1814 cn-

2124 1867 2400 1918 acervare,
2418 1851 2688 1906 sufficiant
2705 1850 2820 1905 haec
2842 1849 3022 1905 sobrio
3044 1851 3229 1905 lectori
3254 1869 3375 1922 quze
3397 1853 3542 1908 dicta
3565 1862 3711 1906 sunt.

427 1948 520 1995 tuo
551 1941 733 1998 furore
762 1958 866 1997 non
897 1958 1134 2005 movear,
1171 1952 1229 1997 ut
1264 1952 1349 1997 tua
1390 1943 1527 1997 bella
1562 1958 1666 1996 non
1698 1943 1895 2011 patiar,
1947 1956 2015 1995 ne
2045 1934 2092 1994 B
2120 1946 2407 2011 Czeterum,
2438 1946 2530 2016 qui
2555 1945 2710 2014 plura
2760 1959 2824 1999 ac
2854 1944 3059 2012 majora
3093 1947 3394 2014 quasierit,
3434 1957 3493 2001 et
3521 1958 3708 2001 nostra

425 2049 511 2087 me
542 2035 720 2103 capiat
745 2035 932 2089 oculus
969 2035 1273 2089 meretricis
1298 2075 1312 2100 ,
1350 2051 1414 2087 ne
1448 2033 1621 2088 forma
1652 2032 2010 2103 pulcherrima

423 2125 488 2177 ad
519 2125 732 2179 illicitos
761 2126 921 2180 ducat
969 2125 1266 2195 amplexus.
1314 2125 1720 2195 Respondebis:
1767 2122 1878 2177 Hoc
1904 2139 2010 2176 non

421 2223 506 2271 est
548 2232 827 2288 pugnare,
874 2217 969 2272 sed
1001 2216 1222 2286 fugere;
1280 2223 1360 2271 sta
1405 2217 1458 2270 in
1501 2217 1657 2271 acie:
1702 2213 2010 2269 adversario

420 2315 660 2362 armatus
683 2308 906 2374 obsiste,
938 2317 1000 2362 ut
1021 2318 1306 2380 postquam
1332 2308 1551 2373 viceris,
1575 2306 1874 2363 coroneris.
1908 2304 2012 2358 Fa-

421 2407 536 2454 teor
556 2399 980 2455 imbecillitatem
1014 2417 1190 2457 meam
1224 2419 1236 2455 :
1281 2401 1404 2458 nolo
1433 2417 1526 2471 spe
1567 2416 1799 2471 pugnam
1841 2399 2014 2454 victo-

421 2488 536 2555 ria,
573 2504 642 2544 ne
670 2489 893 2561 perdam
914 2492 1076 2548 aliam
1106 2494 1388 2549 victoriam
1413 2511 1429 2560 ;
1463 2495 1508 2548 si
1533 2492 1742 2564 fugere,
1775 2492 2011 2564 gladium

2117 2039 2320 2108 scripta
2371 2037 2584 2092 fastidio
2623 2037 2859 2101 duxerit,
2913 2037 3055 2120 legat
3093 2039 3493 2093 catholicorum
3523 2042 3712 2096 docto-

2116 2146 2236 2185 rum
2288 2129 2602 2199 multiplicia
2653 2128 2947 2192 volumina,
2984 2137 3060 2194 et,
3104 2137 3164 2182 ut
3215 2130 3401 2194 credo,
3456 2148 3489 2186 a
3523 2143 3710 2186 nostro

2114 2223 2365 2293 praesenti
2399 2222 2503 2276 hoc
2535 2221 2795 2290 opusculo
2848 2236 3039 2276 eorum
3087 2235 3306 2278 sensum
3338 2238 3452 2278 non
3498 2223 3710 2280 discre-

2113 2329 2243 2385 pare
2270 2310 2518 2368 videbit.~

2777 2403 3029 2475 Explicit.

425 2630 3709 2657 MM.
3239 2649 3706 2657 __________

1001 2760 1572 2873 BEATI
1649 2758 2392 2871 BABANI
2466 2759 3097 2872 MAURI

1138 2973 1524 3032 FULDENSIS
1563 2972 1855 3030 ABBATIS
1895 2973 1984 3028 ET
2023 2971 2412 3030 MOGUNTINI
2447 2971 2970 3030 ARCHIEPISCOPI

519 3158 2324 3320 COMMENTARIORUM
2435 3160 2638 3313 IN
2747 3151 3593 3314 GENESIM

1471 3432 1687 3494 LIBRI
1740 3430 2149 3507 QUATUOR.
2190 3431 2434 3513 (ANNO
2467 3433 2634 3514 819.)

1323 3673 1784 3733 FRECULPHUS
1821 3674 2200 3733 EPISCOPUS
2241 3674 2486 3734 MAURO
2518 3675 2786 3733 ABBATI.

1871 3823 2226 3840 ἡ

476 3902 834 3959 Ρκεουιρπυε
879 3901 1256 3972 episcoporum
1286 3900 1527 3966 intimus,
1561 3898 1860 3955 venerabili
1893 3900 1992 3954 ab-
2028 3900 2074 3964 C
2110 3899 2552 3971 compendiosum
2600 3901 2718 3956 ﬁeri
2761 3901 3089 3974 ﬂagitamus,
3134 3909 3196 3957 ut
3230 3902 3469 3974 primum
3508 3917 3701 3958 sensus

408 3994 522 4048 bati
557 3993 752 4048 Manno
787 4001 842 4049 et
872 3991 1270 4056 consacerdoti,
1319 3991 1374 4045 iu
1424 3989 1641 4046 Christo
1692 3989 1789 4045 Dei
1841 3989 1998 4056 Filio,

412 4087 662 4146 salutem.

483 4176 668 4245 Novit,
708 4179 785 4232 mi
826 4177 1195 4240 dilectissime,
1226 4185 1334 4231 tute
1363 4177 1651 4232 charitatis
1681 4176 2004 4232 benevolen-

412 4271 486 4326 tia
518 4271 574 4324 in
599 4269 828 4325 occiduo
870 4270 1055 4324 littore
1091 4269 1315 4334 Oceani,
1348 4267 1595 4338 quamvis
1619 4267 1780 4323 nullis
1808 4267 2004 4324 suffra-

412 4363 664 4433 gantibus
702 4362 932 4427 meritis,
966 4360 1296 4432 pastoralem
1325 4375 1413 4416 me
1439 4358 1748 4429 suscepisse
1773 4374 1961 4414 curam
1985 4373 2001 4413 :

416 4455 508 4508 ubi
538 4453 794 4524 populum
829 4452 1030 4508 famem
1064 4467 1287 4528 passum
1328 4451 1477 4506 verbi
1523 4450 1778 4506 salutaris
1804 4451 2003 4520 reperi,

416 4549 512 4604 sed
560 4548 784 4603 minime
826 4563 980 4602 suam
1023 4546 1350 4603 sentientem
1401 4544 1655 4600 inediam.
1702 4543 1820 4598 Non
1859 4541 2006 4596 enim

418 4639 732 4711 spirituales
784 4638 1074 4694 esuriendo
1127 4636 1470 4692 desiderabat
1522 4637 1718 4706 dapes,
1773 4647 2005 4704 quarum

411 4734 697 4791 suavitatis
728 4742 944 4804 gustum
975 4732 1205 4787 necdum
1235 4737 1490 4800 expertus
1516 4736 1673 4795 erat;
1707 4742 1869 4799 quem
1895 4727 2006 4796 pri-

414 4840 566 4881 mum
597 4824 738 4880 lacte
765 4823 1038 4888 alendum,
1073 4837 1180 4877 non
1220 4821 1390 4878 solido
1420 4821 1606 4876 censui
1639 4819 1780 4875 cibo.
1815 4819 2000 4889 Igitur,

413 4926 690 4973 annuente
746 4916 997 4982 Domino,
1048 4931 1228 4971 escam
1250 4914 1363 4984 jam
1394 4915 1640 4970 ambiunt
1667 4915 2003 4985 contingere,

414 5020 471 5066 et
503 5011 754 5080 quamvis
804 5009 982 5063 adhuc
1020 5007 1253 5078 parvuli,
1303 5022 1497 5078 panem
1539 5007 1640 5062 sibi
1680 5006 1796 5060 dari
1835 5004 2002 5074 depo-

418 5113 619 5160 scunt:
653 5104 749 5160 sed
790 5110 853 5157 ut
881 5102 962 5158 eis
1008 5100 1311 5171 frangatur,
1359 5108 1414 5156 et
1455 5102 1510 5155 in
1555 5101 1765 5154 viscera
1815 5111 2004 5152 eorum

416 5195 714 5251 salubriter
743 5193 1051 5265 trajiciatur
1077 5192 1284 5262 absque
1329 5191 1648 5246 discrimine
1691 5190 1999 5261 strangula-

2107 3993 2304 4048 litterae
2351 4008 2416 4048 ac
2457 3993 2650 4049 deinde
2691 3992 2989 4063 spiritualis
3032 3992 3407 4062 intelligentia:
3448 4003 3704 4048 accurate

2109 4085 2318 4139 succisa
2356 4083 2666 4154 prolixitate
2692 4082 2961 4154 pandatur
2986 4101 2998 4136 :
3025 4091 3080 4138 et
3108 4083 3445 4154 singulorum
3483 4084 3703 4139 nomina

2109 4187 2394 4233 auctorum
2442 4178 2495 4231 in
2548 4177 2724 4232 fronte
2772 4183 3029 4232 notentur
3079 4175 3334 4246 pagellae,
3385 4192 3455 4231 ex
3503 4176 3701 4245 quibus

2105 4281 2400 4345 praesentes
2448 4270 2830 4342 decerpseritis
2872 4269 3193 4326 sententias.
3241 4269 3467 4339 Insuper
3503 4283 3698 4338 prera-

2108 4382 2230 4421 mur
2257 4365 2456 4421 obnixe
2485 4374 2546 4419 ut
2567 4363 2827 4435 quidquid
2860 4362 3098 4434 Spiritus
3128 4369 3372 4427 sanctus,
3397 4362 3490 4432 qui
3521 4361 3702 4432 loque-

2108 4460 2269 4513 batur
2296 4457 2427 4512 olim
2474 4457 2529 4512 in
2572 4457 2706 4512 viris
2750 4455 2860 4511 Deo
2907 4455 3129 4522 deditis,
3159 4462 3214 4509 et
3242 4454 3421 4509 adhuc
3459 4453 3701 4523 loquitur

2107 4561 2162 4608 et
2194 4551 2468 4622 loquetur,
2501 4559 2686 4605 vestro
2714 4547 2979 4604 benevolo
3019 4554 3078 4601 et
3118 4545 3311 4601 devoto
3349 4544 3700 4614 inspirat-erit

2109 4645 2322 4710 animo,
2374 4643 2476 4699 sub
2517 4641 2664 4697 nullo
2705 4640 2980 4696 reticeatis
3026 4639 3244 4695 silentio
3271 4657 3283 4692 :
3309 4636 3404 4693 sed
3457 4637 3695 4691 litteram

2105 4733 2455 4805 praenominis
2501 4732 2669 4788 vestri
2710 4732 2944 4802 primam
2998 4745 3245 4786 seorsum
3298 4729 3593 4792 adnotetis,
3640 4736 3699 4782 ut

2106 4824 2434 4880 eminentius
2463 4824 2629 4879 etiam
2660 4823 2725 4878 de
2751 4822 2972 4892 proprio
3011 4821 3247 4891 gaudere
3285 4817 3569 4874 valeamus
3602 4833 3694 4888 pa-

2106 4920 2242 4975 riter
2272 4919 2433 4974 dono.
2469 4917 2566 4972 His
2596 4930 2809 4986 quoque
2834 4915 3152 4986 praelibatis,
3185 4922 3246 4968 ut
3275 4912 3541 4967 fuerimus
3563 4911 3694 4965 odo-

2106 5012 2258 5067 ribus
2299 5011 2538 5081 respersi
2573 5009 2909 5078 dapibusque
2948 5006 3162 5071 refecti,
3198 5012 3443 5060 vertetur
3473 5018 3696 5058 occasus

2107 5110 2292 5157 noster
2337 5102 2392 5155 in
2426 5100 2732 5156 orientem:
2764 5106 2820 5153 et
2864 5098 3012 5170 regio
3057 5097 3310 5166 contigua
3350 5095 3438 5150 axi
3471 5095 3696 5149 occiduo

2110 5193 2202 5247 fiet
2215 5176 2417 5257 Judtea,
2435 5191 2721 5261 nostrique
2733 5190 3014 5246 Britonum
3037 5189 3199 5245 vicini
3229 5199 3390 5244 erunt
3413 5187 3692 5242 Israelitai.

420 5289 608 5355 tionis,
644 5297 826 5344 vestro
865 5289 1170 5360 indigemus
1209 5287 1425 5352 solatio,
1468 5287 1703 5342 maxime
1733 5294 1914 5340 autem
1946 5287 2003 5341 in
2029 5271 2082 5330 D
2109 5285 2253 5354 Ergo
2291 5286 2336 5340 si
2373 5285 2583 5355 aliquas
2625 5283 2994 5340 excusationis
3034 5281 3370 5352 praetendere
3400 5279 3696 5335 tentaveris

420 5380 814 5437 Pentateucho.
851 5379 952 5447 Qui
982 5380 1190 5435 scilicet
1218 5377 1542 5450 legislatoris
1573 5377 1698 5432 libri
1729 5376 2008 5432 humiliter

420 5470 763 5540 deposcimus
790 5478 852 5523 ut
879 5470 953 5524 ita
971 5479 1155 5524 vestro
1185 5468 1460 5524 succincte
1487 5468 1850 5522 dilucidentur
1895 5476 2008 5522 stu-

422 5567 548 5631 dio;
587 5573 649 5620 ut
691 5565 934 5636 priorum
971 5563 1364 5636 perscrutando
1409 5559 1704 5617 conferatis
1754 5568 2011 5616 tractato-

418 5654 810 5722 rum'iabores;
846 5663 901 5709 et
925 5654 1074 5709 velut
1101 5668 1168 5707 ex
1191 5651 1364 5722 pratis
1381 5649 1736 5704 vernantibus
1764 5649 2013 5704 amomis-

420 5763 528 5816 que
556 5745 717 5802 flores
750 5744 1036 5801 mellilluos
1061 5742 1351 5813 carpendo,
1380 5756 1541 5811 apum
1569 5756 1720 5796 more
1749 5741 1804 5796 in
1833 5741 2010 5796 alvea-

424 5854 577 5893 rcum
630 5846 937 5910 congestos,
977 5835 1134 5890 nobis
1173 5835 1353 5889 favum
1391 5850 1512 5890 cum
1551 5835 1712 5891 melle
1741 5835 2013 5892 odorifero

420 5930 700 5998 porrigere
722 5944 829 5983 non
851 5925 1154 5996 negligatis.
1181 5924 1323 5996 Ergo
1351 5927 1532 5996 itaque
1556 5929 1715 5985 modo
1738 5943 1872 5998 opus
1897 5927 2000 5984 hoc

2105 5378 2442 5443 occasiones,
2476 5392 2554 5434 ne
2575 5383 2739 5430 tanta}
2767 5375 2925 5430 molis
2958 5389 3094 5445 opus
3123 5372 3464 5444 ingentisque
3495 5370 3692 5426 laboris

2108 5469 2325 5535 subeas,
2373 5477 2428 5524 et
2471 5469 2797 5538 respondere
2827 5468 2976 5524 nisus
3011 5467 3180 5523 fueris
3202 5481 3302 5521 cur
3329 5481 3438 5520 non
3471 5465 3690 5537 proprio

2108 5560 2306 5615 sudore
2335 5576 2430 5615 eos
2465 5560 2692 5631 legendo
2727 5560 2996 5629 perlustro
3040 5558 3207 5614 libros
3241 5574 3308 5614 ex
3343 5558 3544 5629 quibus
3579 5559 3688 5612 haec

2110 5651 2228 5706 fieri
2269 5651 2486 5716 mando,
2517 5659 2829 5721 etquaeque
2872 5651 3124 5706 libuerint
3161 5649 3504 5720 decet-pendo
3546 5648 3688 5702 colli-

2109 5760 2255 5813 gam,
2285 5743 2352 5798 ad
2384 5744 2499 5798 hare
2526 5750 2726 5797 vestrae
2771 5743 3056 5798 charitatis
3093 5741 3375 5812 vigilantia
3419 5738 3683 5801 intendat,

2117 5836 2373 5905 quoniam
2422 5833 2567 5888 nulla
2610 5833 2765 5887 nobis
2808 5833 3067 5888 librorum
3094 5833 3251 5904 copia
3277 5839 3339 5886 ut
3366 5831 3482 5886 haec
3511 5829 3684 5885 facere

2108 5926 2396 5996 possimus,
2427 5925 2754 5995 suppeditat,
2785 5924 2996 5979 etiamsi
3021 5923 3261 5993 parvitas
3285 5922 3464 5990 obtusi
3491 5932 3682 5976 sensus
