3974 6478
1142 431 1205 489 Β.
1244 427 1501 486 RABANI
1536 424 1757 497 MAURI
1791 424 2114 493 ARCHIEP.
2156 426 2467 489 MOGUNT.
2504 426 2791 486 OPERUM
2812 425 2994 483 PARS
3026 426 3072 482 Ι.

1847 656 1857 669 “
1885 652 2290 755 INCIPIUNT

1062 882 2108 1015 COMMENTARIA
2192 882 2339 1000 IN
2426 877 3090 1003 GENESIM.

1710 1248 2014 1333 LIBER
2082 1248 2501 1341 PRIMUS.

840 1574 845 1579 ·
939 1549 1167 1608 CAPUT
1230 1543 1522 1604 PRIMUM.

841 1642 923 1699 De
956 1644 1217 1698 creatione
1243 1641 1356 1696 caeli
1378 1651 1425 1695 et
1453 1648 1623 1694 terrre.

518 1740 670 1813 (CAP.
697 1737 767 1810 I.)
792 1737 859 1792 In
877 1735 1132 1808 principio
1153 1734 1343 1788 creavit
1366 1731 1507 1786 Deus
1530 1729 1714 1785 caelum
1739 1740 1789 1785 et
1812 1738 2026 1787 terram.

445 1826 659 1906 (Beda.)
686 1824 918 1883 Plurima
940 1834 1101 1897 super
1127 1832 1309 1880 rerum
1330 1828 1524 1877 natura
1552 1822 1854 1894 philosophi
1881 1822 2032 1877 Grat-

441 1936 633 1983 corum
674 1922 1118 1994 disputarerunt;
1166 1916 1260 1971 sed
1305 1914 1483 1970 nullus
1525 1915 1665 1985 apud
1712 1928 1806 1970 eos
1851 1926 2031 1969 sermo

447 2015 592 2072 ﬁxus
648 2012 990 2070 habeturaet
1055 2006 1305 2075 stabilis,
1359 2008 1541 2079 priore
1602 2020 1817 2077 semper
1861 2021 1892 2060 a
1940 2020 2030 2061 se-

442 2115 643 2180 Quente
696 2106 925 2177 deiecto.
976 2102 998 2175 (
1014 2100 1290 2173 Ambros.)
1358 2100 1538 2170 Aliqui
1585 2101 1731 2155 enim
1786 2098 2032 2155 homines

447 2200 549 2256 tria
584 2198 851 2271 principia
872 2194 1135 2261 omnium,
1178 2194 1347 2249 Deum
1372 2200 1426 2247 et
1446 2188 1721 2263 exemplar
1756 2200 1812 2246 et
1855 2199 2030 2247 mate-

440 2288 598 2356 riam,
627 2290 770 2346 sicut
787 2284 943 2343 Plato
964 2285 1320 2358 discipulique
1347 2284 1497 2355 ejus;
1529 2292 1585 2339 et
1604 2299 1668 2339 ea
1697 2283 2026 2355 incorrupta,

439 2376 495 2439 et
546 2382 783 2439 increata
813 2424 827 2448 ,
881 2389 937 2436 et
981 2381 1099 2435 sine
1152 2378 1305 2433 initio
1354 2390 1475 2432 esse
1524 2384 2024 2431 asseveraveram:

438 2475 719 2545 Deumque
754 2488 860 2528 non
888 2480 1147 2541 tanquam
1172 2477 1475 2525 creatorem
1509 2469 1770 2535 materiae,
1797 2469 1891 2524 sed
1913 2477 2031 2524 tan-

438 2580 603 2637 quam
629 2563 913 2619 artiiicem.
944 2562 1267 2617 Aristoteles
1292 2575 1424 2617 vero
1453 2562 1558 2616 duo
1579 2560 1846 2631 principia
1873 2566 2031 2630 putaa

435 2653 537 2721 vit,
583 2656 866 2710 materiam
898 2660 953 2709 et
980 2654 1235 2724 speciem,
1263 2660 1319 2709 et
1347 2653 1568 2708 tertium
1598 2669 1721 2708 eum
1751 2654 1857 2719 his,
1886 2652 2031 2725 quod

435 2744 808 2817 operatcrium
832 2745 1053 2813 dicitur,
1083 2746 1169 2803 cui
1195 2752 1509 2817 suppeteret
1527 2751 1896 2815 competenter
1923 2744 2031 2801 emo

435 2848 559 2894 cere
591 2838 735 2910 quod
766 2837 1119 2895 adoriendum
1155 2845 1420 2910 putasset.
1450 2839 1530 2893 Ex
1554 2852 1663 2908 quo
1690 2838 1891 2894 factum
1918 2844 2024 2905 est,

2048 1538 2105 1614 Α
2125 1560 2276 1601 cens:
2295 1542 2421 1615 quia
2433 1542 2573 1598 Deus
2585 1542 2705 1613 fecit
2717 1539 2902 1596 caelum
2914 1546 2964 1596 et
2974 1548 3188 1596 terram;
3204 1539 3413 1599 Audisti
3425 1551 3728 1614 auctorem,

2129 1639 2379 1694 dubitare
2393 1654 2498 1693 non
2518 1637 2700 1694 debes.
2717 1638 2849 1707 Quis
2863 1638 3071 1693 dubitet
3082 1639 3208 1709 quia
3222 1641 3365 1697 Deus
3377 1642 3499 1698 haec
3516 1643 3733 1701 fecer-io

2130 1718 2222 1801 qui
2244 1747 2338 1801 per
2358 1730 2683 1801 Pmphetam
2704 1728 2914 1786 locutus
2934 1731 3012 1785 ait
3036 1749 3048 1784 :
3080 1728 3210 1796 Quis
3231 1748 3444 1787 mensus
3470 1744 3547 1789 est
3572 1754 3733 1791 manu

2132 1837 2352 1895 aquam,
2386 1832 2433 1877 et
2461 1820 2646 1877 coalitus
2679 1821 2875 1894 patum,
2903 1829 2953 1878 et
2982 1824 3277 1879 universam
3305 1833 3507 1881 terram
3546 1827 3731 1884 dum

2130 1931 2291 1969 manu
2308 1913 2332 1969 ?
2357 1913 2486 1980 Quis
2505 1913 2686 1968 statuit
2716 1922 2917 1969 montes
2933 1914 2989 1969 in
3016 1912 3150 1970 libra
3165 1924 3217 1969 et
3237 1932 3392 1986 rupes
3410 1917 3469 1971 its
3492 1920 3732 1974 statera!

2133 2006 2268 2079 (Isa.
2294 2004 2464 2078 XLVI.)
2483 2005 2558 2059 De
2583 2021 2689 2075 quo
2710 2006 2873 2059 etiam
2900 2005 3025 2060 alibi
3048 2004 3272 2077 legimus
3297 2024 3309 2059 :
3331 2005 3439 2072 Qui
3461 2017 3604 2063 tenet
3629 2010 3732 2064 eir-

2133 2101 2331 2154 cuitum
2366 2108 2538 2163 terrm,
2566 2106 2616 2153 et
2640 2109 2835 2152 terram
2878 2098 3012 2153 velut
3046 2098 3265 2153 nihilum
3297 2100 3421 2169 fecit
3448 2099 3593 2172 (lea.
3617 2102 3725 2174 ιι).

2132 2193 2201 2248 Et
2228 2191 2491 2248 Jeremias
2505 2192 2610 2247 ait:
2633 2192 2740 2259 Dii,
2763 2193 2968 2260 quinott
2983 2192 3217 2262 fecerunt
3241 2192 3430 2249 civium
3444 2205 3729 2263 ειυς-ται,

2132 2293 2343 2356 pereant
2369 2300 2402 2338 α
2431 2293 2590 2348 terra,
2615 2292 2664 2338 et
2691 2283 2755 2338 de
2779 2283 2862 2338 Itis
2882 2298 3001 2355 quae
3024 2293 3146 2338 sunt
3170 2284 3266 2339 sub
3292 2286 3438 2340 coelo.
3473 2286 3730 2341 Dominus

2132 2378 2222 2449 qui
2245 2377 2364 2447 fecit
2387 2385 2582 2431 terram
2603 2378 2660 2431 in
2681 2376 2869 2431 uirtute
2890 2392 3011 2443 sua,
3035 2386 3083 2431 et
3105 2378 3329 2431 correxit
3355 2378 3540 2434 orbem
3566 2380 3628 2435 in
3648 2397 3733 2435 ss-

2131 2470 2328 2541 pietstia
2354 2478 2472 2533 sua,
2512 2477 2563 2522 et
2602 2468 2657 2522 in
2697 2484 2797 2523 suo
2833 2469 3114 2539 prudentia
3160 2470 3393 2524 extendit
3433 2469 3649 2535 omium,
3685 2481 3732 2527 et

2132 2561 2521 2617 multitudinem
2570 2578 2721 2635 aqua:
2756 2564 2812 2616 in
2858 2562 2985 2618 creto
3036 2561 3253 2635 (lerant.
3278 2564 3357 2635 χ).
3391 2564 3731 2637 Principium

2135 2659 2316 2709 autem
2343 2652 2580 2709 reibrtur
2605 2654 2671 2708 ad
2708 2662 2938 2723 tempus,
2970 2662 3065 2708 aut
3093 2654 3161 2709 ad
3192 2669 3504 2721 numerum,
3544 2666 3642 2712 aut
3666 2656 3730 2712 ad

2132 2746 2567 2802 fundamentum.
2610 2746 2693 2801 Ad
2743 2753 2957 2816 tempus
3000 2744 3257 2813 refertur,
3286 2746 3332 2802 si
3352 2747 3493 2803 velis
3523 2748 3726 2812 dicere,

2132 2837 2188 2893 in
2224 2852 2333 2909 quo
2366 2847 2609 2909 tempore
2647 2836 2777 2895 fecit
2809 2837 2951 2893 Deus
2976 2836 3175 2893 caelum
3200 2846 3256 2894 et
3279 2848 3507 2906 terram,
3538 2840 3593 2895 id
3613 2850 3729 2905 est,

433 2934 496 2984 ut
544 2928 727 3001 partes
772 2930 960 2987 mundi
1014 2930 1145 2988 deos
1173 2946 1294 2988 esse
1322 2932 1628 3000 crederent,
1676 2933 1925 3004 quamvis
1960 2933 2029 2990 de
2055 2931 2104 2992 B
2133 2929 2187 2985 in
2209 2924 2437 2989 exordio
2462 2930 2648 2986 mundi
2674 2930 2892 3001 quando
2931 2929 3051 2986 ﬁeri
3097 2932 3283 3003 capit.
3324 2932 3408 2988 Ad
3438 2946 3731 2988 numerum

433 3019 554 3095 ipso
596 3021 799 3076 mundo
842 3030 948 3076 non
999 3023 1288 3079 mediocris
1342 3023 1489 3079 inter
1531 3038 1625 3079 eos
1675 3024 1902 3094 quaestio
1934 3025 2025 3081 sit.

434 3112 571 3170 Nam
601 3112 940 3188 Pythagoras
968 3132 1135 3171 unum
1174 3118 1436 3172 mundum
1481 3117 1677 3172 asserit
1706 3135 1718 3171 :
1761 3116 1849 3171 alii
1876 3117 2031 3173 innue

433 3209 727 3266 merahiles
760 3222 882 3267 eSse
914 3209 1101 3266 dicunt
1128 3210 1378 3279 mundos,
1421 3216 1482 3266 ut
1521 3211 1712 3267 scribit
1746 3209 2027 3267 Democria

430 3310 540 3370 tus,
588 3305 676 3361 cui
717 3304 1017 3377 plurimum
1046 3306 1112 3362 de
1146 3305 1384 3379 physicis
1416 3306 1760 3363 auctoritatis
1785 3315 2029 3363 vetustas

431 3394 643 3452 detulit.
691 3395 981 3470 Ipsumque
1030 3399 1292 3455 mundum
1337 3413 1554 3470 semper
1602 3399 1772 3455 fuisse
1812 3408 1867 3456 et
1910 3400 2029 3456 fore

433 3484 759 3544 Aristoteles
800 3496 1030 3561 usurpat
1062 3488 1241 3546 dicere
1266 3502 1280 3544 :
1310 3497 1499 3546 contra
1526 3498 1708 3546 autem
1737 3490 1891 3548 Plato
1920 3508 2027 3549 non

433 3589 651 3650 semper
697 3576 865 3635 misse
906 3590 960 3636 et
1004 3594 1219 3652 semper
1264 3576 1382 3638 fore
1432 3584 1713 3654 prtesumit
1760 3592 2024 3641 astruere.

432 3666 663 3725 Plurimi
710 3680 841 3726 vero
886 3684 992 3728 non
1037 3668 1203 3729 fuisse
1232 3688 1468 3745 semper,
1519 3686 1620 3731 nec
1663 3691 1879 3746 semper
1912 3675 2027 3732 fore

432 3764 649 3837 scriptis
680 3766 792 3822 suis
818 3767 1193 3823 testiilcantur.
1217 3768 1368 3826 Unde
1392 3769 1575 3825 divino
1599 3768 1806 3840 Spiritu
1832 3771 2027 3841 proavi-

430 3857 566 3913 deus
610 3866 830 3915 sanctus
879 3856 1092 3933 Moyses
1144 3862 1244 3917 hos
1295 3862 1576 3917 hominum
1622 3878 1837 3919 errores
1884 3863 2023 3933 fore,

431 3951 597 4006 etiam
625 3950 764 4009 forte
792 3956 1043 4024 coepisse,
1077 3954 1130 4009 in
1160 3955 1385 4011 exordio
1408 3956 1677 4011 sermonis
1703 3958 1785 4011 sui
1808 3956 1884 4013 sic
1908 3958 2020 4013 ait:

431 4038 499 4095 In
525 4041 782 4113 principio
813 4042 935 4113 fecit
958 4042 1122 4110 Deus,
1153 4053 1259 4100 etc.
1292 4044 1509 4101 Initium
1536 4060 1721 4101 rerum
1746 4052 2023 4102 auctorem

429 4131 640 4198 mundi,
664 4134 992 4190 creationem
1015 4138 1254 4191 materia:
1275 4138 1758 4209 comprehenderis,
1773 4147 1831 4193 ut
1853 4139 2022 4195 Deum

432 4240 788 4297 cognosceres
809 4236 934 4283 ante
963 4228 1175 4283 initium
1210 4230 1395 4285 mundi
1420 4245 1556 4297 esse,
1586 4230 1672 4286 vel
1702 4231 1877 4300 ipsum
1898 4246 2021 4288 esse

2132 3030 2315 3079 autem
2343 3023 2389 3080 si
2418 3023 2643 3090 referas,
2672 3024 2749 3079 ita
2773 3023 3030 3081 convenit
3056 3033 3117 3079 ut
3144 3025 3190 3080 si
3210 3026 3368 3081 .dicas
3396 3041 3410 3079 :
3445 3023 3506 3080 in
3538 3027 3730 3097 primis

2131 3115 2259 3172 fecit
2281 3116 2479 3172 omium
2502 3122 2558 3171 et
2586 3122 2811 3181 terram,
2842 3117 3037 3172 deinde
3072 3117 3254 3182 colles,
3287 3118 3563 3188 regiones,
3594 3117 3731 3171 lines

2131 3208 2534 3275 inhabitabiles,
2587 3208 2731 3278 ligna
2771 3207 3075 3275 fructifera,
3120 3208 3284 3274 diem,
3324 3218 3573 3274 noctem,
3612 3210 3731 3264 ani-

2130 3301 2396 3356 mantium
2427 3312 2645 3370 genera.
2681 3298 2898 3372 (Beda.)
2932 3300 2990 3355 Si
3029 3300 3098 3356 ad
3134 3298 3554 3356 fundamentum
3581 3301 3727 3357 refe-

2129 3400 2222 3449 ras
2264 3391 2615 3463 principium,
2664 3391 2936 3461 quomodc
2965 3392 3019 3446 in
3047 3390 3361 3449 aedificanda
3393 3393 3577 3457 domo,
3624 3392 3728 3447 ini-

2129 3485 2263 3541 tium
2311 3484 2727 3541 fundamentum
2775 3493 2891 3551 est,
2934 3484 3262 3554 principium
3306 3482 3724 3539 fundamentum

2126 3592 2249 3637 esse
2276 3586 2438 3636 terra;
2470 3578 2674 3651 legisti,
2695 3576 2911 3635 dicente
2943 3576 3261 3648 Sapientia:
3290 3575 3525 3644 Quando
3562 3577 3722 3647 fortia

2129 3671 2251 3741 fecit
2279 3671 2622 3741 fundamenta
2650 3678 2824 3735 teme,
2855 3684 2998 3723 eram
3037 3684 3189 3740 penes
3238 3666 3390 3725 iitum
3413 3669 3719 3740 disponens.

2129 3760 2433 3834 (Sopmn).
2465 3760 2729 3816 Voluntas
2751 3774 2880 3831 ergo
2905 3759 3021 3825 Dei,
3056 3758 3466 3816 fundamentum
3493 3768 3581 3816 est
3603 3761 3724 3815 uni-

2127 3864 2433 3910 versorum.
2475 3851 2535 3907 in
2573 3852 2840 3923 principio
2882 3851 3065 3921 itaque
3108 3840 3387 3922 temporis,
3437 3851 3637 3908 caelum
3664 3859 3721 3907 et

2126 3951 2330 4001 terram
2359 3942 2500 4000 Deus
2526 3944 2674 4000 fecit.
2705 3944 2941 4014 Tempus
2961 3944 3107 3998 enim
3134 3945 3204 3999 ab
3224 3945 3329 4005 hoc
3350 3943 3575 4011 mundo,
3611 3958 3722 4001 non

2126 4049 2254 4096 ante
2284 4039 2543 4094 mundum
2575 4057 2589 4093 :
2617 4038 2735 4094 dies
2759 4047 2938 4092 autem
2975 4038 3236 4108 temporis
3265 4046 3348 4092 est
3374 4038 3580 4107 portio,
3611 4052 3719 4093 non

2123 4134 2472 4205 principium.
2523 4133 2668 4190 Deus
2714 4140 2917 4199 autem,
2959 4132 3112 4203 cujus
3150 4132 3496 4203 omnipotens
3524 4148 3719 4190 manus

2126 4233 2227 4293 est,
2258 4226 2325 4280 ad
2353 4220 2676 4297 explendum
2707 4240 2842 4297 opus
2872 4243 3032 4283 suum
3086 4242 3194 4283 non
3226 4230 3374 4300 eguit
3403 4245 3559 4286 mora
3586 4242 3720 4287 tem-

429 4312 648 4370 initium
697 4317 1073 4374 universorum
1103 4335 1117 4374 :
1156 4315 1220 4374 in
1259 4322 1517 4393 principio
1538 4363 1552 4387 ,
1602 4322 1796 4393 inquit.
1848 4323 2021 4390 Quam
2050 4313 2095 4376 C
2125 4332 2316 4389 purum
2348 4336 2361 4372 :
2391 4318 2541 4388 quia.
2570 4319 2712 4374 sicut
2739 4320 3002 4390 scriptum
3036 4327 3140 4385 est.
3168 4319 3362 4375 Omnia
3395 4338 3719 4395 quacunque

429 4405 606 4463 bonus
637 4407 770 4465 crdo
808 4418 869 4467 ut
907 4408 1036 4467 illud
1069 4411 1302 4483 primum
1336 4422 1625 4477 assereret,
1658 4415 1801 4485 quod
1828 4428 2026 4486 negare

434 4509 870 4566 consueverant,
947 4509 1003 4557 et
1065 4510 1457 4573 cognoscerent
1514 4502 1843 4574 principium
1904 4519 2026 4561 esse

430 4590 638 4659 mundi,
670 4608 736 4650 ne
765 4594 882 4650 sine
920 4594 1190 4667 principio
1226 4597 1487 4651 mundum
1517 4610 1637 4651 esse
1667 4594 1913 4651 homines
1938 4611 2025 4651 ar-

428 4680 719 4739 bitrentur.
769 4685 835 4741 Et
872 4687 1100 4757 pulchre
1144 4686 1370 4753 addidit,
1399 4686 1545 4757 fecit,
1577 4702 1645 4743 ne
1673 4703 1825 4743 mora
1856 4689 1911 4743 in
1941 4686 2022 4743 fa-

428 4776 621 4831 ciendo
664 4776 829 4833 fuisse
869 4779 1251 4843 :cstimaretur,
1294 4786 1354 4834 ut
1394 4779 1480 4834 vel
1531 4781 1611 4836 sic
1660 4781 2025 4851 intelligerent

428 4869 677 4927 homines
696 4912 710 4936 ,
757 4870 884 4941 quia
915 4872 1268 4942 incorporalis
1295 4882 1550 4944 operator
1578 4881 1744 4939 esset,
1773 4874 1865 4943 qui
1895 4882 2022 4927 tan-

428 4967 545 5016 tum
585 4977 721 5032 opus
748 4961 899 5017 brevi
948 4964 1251 5035 exiguoque
1302 4975 1578 5021 momento
1610 4982 1721 5021 sum
1748 4965 2022 5035 operatio-

428 5052 514 5107 nis
536 5052 863 5119 absolveret,
894 5063 954 5109 ut
982 5056 1277 5112 voluntatis
1305 5058 1529 5113 eil‘ectus
1564 5073 1781 5113 sensum
1810 5065 2018 5125 tempo-

429 5147 504 5201 ris
544 5149 886 5217 praeveniret.
930 5148 1100 5205 Nemc
1146 5161 1460 5221 operantem
1490 5152 1645 5216 vidit,
1678 5152 1771 5205 sed
1804 5150 2023 5219 agnovit

429 5247 731 5307 cperatum.
776 5240 879 5296 Ubi
926 5241 1091 5313 igitur
1131 5258 1303 5308 mora,
1346 5259 1469 5298 eum
1502 5242 1735 5314 legatur,
1759 5242 1883 5313 quia
1914 5243 2021 5313 ipse

429 5331 583 5395 dixit,
612 5342 659 5386 et
700 5334 842 5403 facta
871 5336 1030 5389 sunt?
1059 5334 1169 5390 Nec
1197 5336 1332 5390 artis
1364 5336 1528 5405 igitur
1560 5350 1741 5399 usum,
1780 5350 1880 5387 nec
1912 5335 2022 5387 vir-

433 5423 562 5477 tutis
589 5424 842 5479 auxilium
883 5427 1126 5496 expetiit,
1174 5428 1299 5497 quia
1332 5443 1442 5481 sum
1468 5435 1743 5481 momento
1775 5426 2021 5479 volunta-

432 5516 500 5569 tis
529 5514 861 5585 majestatem
886 5526 1050 5573 tantm
1074 5519 1406 5591 operationis
1430 5518 1702 5588 implevit;
1734 5528 1794 5573 ut
1817 5534 1878 5574 ea
1901 5532 2021 5588 qua:

428 5624 537 5663 non
555 5619 728 5677 erant,
752 5628 872 5668 esse
897 5612 1100 5667 faceret
1124 5621 1233 5665 tam
1255 5612 1533 5677 velociter,
1549 5621 1609 5666 ut
1628 5629 1803 5684 neque
1825 5611 2016 5666 velun-

2124 4408 2283 4464 voluit
2315 4409 2436 4480 fecit
2464 4408 2636 4482 (Pani.
2662 4410 2840 4483 cxm).
2869 4411 3022 4467 Unde
3044 4412 3181 4467 bene
3205 4412 3411 4468 dictum
3440 4424 3526 4470 est
3550 4435 3565 4470 :
3590 4416 3713 4486 quia

2122 4503 2180 4557 in
2204 4503 2462 4575 principio
2503 4505 2696 4559 creavit
2726 4504 2871 4559 Deus
2900 4504 3087 4560 civium
3110 4514 3159 4560 et
3184 4513 3418 4561 terrent:
3445 4516 3506 4562 ut
3532 4516 3713 4580 aperte

2123 4596 2282 4651 detur
2326 4595 2575 4666 intelligi,
2623 4596 2752 4666 quin
2798 4604 3091 4667 utrumque
3121 4596 3282 4654 simul
3310 4599 3379 4655 ab
3412 4614 3477 4655 eo
3513 4600 3713 4657 factum

2123 4694 2228 4753 est,
2276 4688 2525 4759 quamvis
2567 4695 2861 4759 utrumque
2908 4689 3069 4745 simul
3117 4689 3185 4745 ab
3224 4690 3443 4746 homine
3471 4690 3576 4746 dici
3609 4705 3713 4746 non

2120 4780 2312 4851 possit.
2349 4768 2588 4851 Denique
2614 4782 2745 4837 dicit
2770 4781 3038 4852 Propheta
3068 4798 3083 4835 t
3112 4780 3277 4835 Initio
3304 4793 3500 4837 terram
3522 4792 3579 4836 tu
3602 4783 3717 4851 fun-

2121 4869 2283 4935 dasti,
2338 4870 2561 4927 Domine
2610 4870 2785 4944 (Ρωι.
2820 4872 2933 4944 Cl):
2968 4872 3057 4927 hic
3114 4881 3296 4927 autem
3348 4875 3612 4929 Dominus
3659 4875 3713 4927 in

2120 4962 2388 5032 principio
2416 4962 2614 5017 ccelum
2647 4970 2701 5017 et
2727 4971 2932 5017 terram
2974 4978 3193 5020 creasse
3233 4975 3508 5021 narratur.
3561 4965 3713 5021 Unde

2122 5053 2328 5124 liquido
2361 5053 2655 5125 colligitur,
2692 5054 2821 5125 quia
2865 5054 3078 5111 factura
3112 5064 3198 5111 eSt
3222 5057 3477 5112 elementi
3508 5058 3713 5112 utrius-

2121 5160 2227 5217 que
2266 5148 2472 5216 pariter
2498 5148 2731 5217 expleta,
2775 5155 2831 5202 et
2871 5149 2975 5204 hoc
2997 5157 3153 5211 tanta
3189 5150 3477 5211 velocitate
3516 5151 3710 5206 divina:

2122 5239 2363 5305 virtutis,
2411 5248 2471 5294 ut
2515 5242 2746 5295 necdum
2777 5242 3010 5312 primum
3047 5243 3236 5298 mundi
3279 5245 3554 5299 nascentis
3592 5259 3709 5298 mo-

2120 5342 2362 5389 mentum
2383 5343 2527 5389 esset
2551 5344 2947 5391 transeensum.
2971 5336 3156 5391 Potest
3175 5346 3358 5392 autem
3375 5353 3483 5392 non
3506 5339 3703 5409 imprc-

2120 5427 2371 5483 babiliter
2412 5428 2658 5497 intelligi,
2699 5430 2757 5483 in
2792 5430 3048 5502 principio
3078 5429 3275 5487 fecisse
3312 5432 3478 5486 Deum
3510 5432 3703 5486 corium

2120 5530 2175 5575 et
2200 5531 2401 5575 terram
2434 5521 2487 5575 in
2518 5520 2799 5591 unigenito
2821 5520 2958 5576 Filio
2983 5537 3104 5588 suo,
3130 5523 3221 5593 qui
3250 5523 3708 5594 interrogantibus

2119 5628 2180 5668 se
2214 5611 2416 5667 Judteis
2459 5612 2588 5681 quid
2635 5628 2758 5667 eum
2794 5613 3016 5669 credere
3061 5614 3341 5680 deberent,
3391 5615 3701 5685 respondit:

429 5713 511 5761 tas
531 5707 826 5776 operationi
849 5714 1223 5777 praecurreret,
1238 5722 1339 5761 nec
1357 5708 1603 5777 operatio
1619 5706 2019 5763 vcluntati.Mi-
2043 5687 2097 5747 D
2126 5704 2454 5776 Principium
2481 5705 2568 5777 qui
2598 5715 2646 5759 et
2676 5705 2863 5777 loquor
2888 5707 3027 5761 vobis
3072 5706 3255 5777 (Joan.
3296 5707 3450 5777 vui);
3489 5708 3615 5777 quia
3655 5707 3705 5759 in

427 5799 567 5853 raris
585 5815 740 5870 cpus,
764 5799 963 5868 quaeris
986 5807 1345 5867 operatorem,
1366 5802 1489 5873 quis
1514 5801 1837 5872 principium
1862 5808 2011 5854 tanto

425 5892 576 5973 Operi
598 5892 826 5958 dederit,
843 5891 964 5965 quis
985 5899 1095 5947 tam
1114 5893 1223 5951 cito
1243 5893 1468 5955 fecerit?
1483 5894 1725 5966 Subiecit
1737 5895 1920 5954 statim
1934 5894 2016 5953 di-

2119 5801 2250 5872 ipso,
2281 5809 2340 5853 ut
2372 5799 2445 5853 ait
2481 5798 2792 5870 Apostolus,
2835 5801 3046 5855 condita
3082 5810 3203 5856 sunt
3245 5801 3424 5855 omnia
3467 5818 3524 5855 ιη
3570 5799 3704 5855 catis

2122 5903 2168 5957 et
2189 5903 2332 5950 terra
2363 5892 2588 5970 (Coloss.
2617 5894 2679 5968 ι).
2719 5892 2828 5952 Sed
2860 5894 3144 5968 diligenter
3173 5894 3515 5962 intuendum,
3544 5901 3600 5949 ut
3633 5892 3704 5951 ita
