3974 6482
320 498 423 563 445

320 723 480 774 tenus
507 726 753 790 apertam
796 716 1035 774 historiae
1073 717 1235 775 ﬁdem
1264 716 1634 792 allegoriando
1666 736 1775 777 non
1801 721 1898 778 de-

320 806 613 881 relinquat.
641 805 797 878 Quod
821 818 1001 865 autem
1024 806 1109 865 vel
1138 808 1295 881 quale
1317 811 1389 867 sit
1428 812 1644 879 ctelum,
1676 811 1819 883 quod
1844 812 1902 881 iu

319 900 585 975 principio
607 915 731 956 cum
768 907 912 956 terra
939 900 1139 957 factum
1170 910 1289 972 est,
1328 904 1680 977 sequentibus
1721 903 1901 962 verbis

318 992 645 1058 insinuatur,
683 1008 806 1047 eum
827 991 1053 1061 dicitur;

396 1084 561 1140 Terra
602 1095 776 1140 autem
800 1095 912 1140 erat
930 1085 1105 1142 inanis
1127 1094 1173 1143 et
1195 1102 1381 1157 vacua,
1415 1098 1461 1144 et
1497 1092 1721 1148 tenebrae
1754 1103 1900 1150 erant

319 1195 477 1250 super
521 1176 710 1248 faciem
755 1176 947 1249 abyssi.
1004 1176 1075 1246 Ut
1123 1181 1251 1251 quid
1297 1182 1441 1239 enim
1491 1186 1609 1241 iure
1648 1188 1715 1243 de
1758 1198 1901 1245 terra

320 1266 690 1340 praetermisso
720 1268 860 1323 coelo
894 1266 1092 1337 intulit,
1130 1272 1234 1327 nisi
1274 1272 1399 1343 quia
1434 1275 1510 1329 nil
1546 1276 1651 1334 tale
1673 1278 1739 1334 de
1765 1281 1904 1339 caalo

322 1363 550 1438 intelligi
596 1362 801 1453 voluit}l
850 1362 1029 1439 Ipsum
1080 1374 1163 1424 est
1201 1370 1345 1424 enim
1387 1371 1585 1439 caelum
1633 1376 1900 1446 superius,

322 1456 466 1529 quod
492 1457 561 1513 ab
585 1454 733 1512 omni
763 1452 923 1526 hujus
953 1458 1140 1514 mundi
1169 1460 1419 1519 volubilis
1454 1471 1602 1525 statu
1632 1474 1903 1522 secretum

323 1536 520 1605 divinm
572 1546 745 1621 gloria
792 1551 1094 1620 przesentiaz
1148 1564 1330 1611 manet
1381 1571 1593 1627 semper
1637 1558 1899 1629 quietum.

322 1637 460 1695 Nam
499 1637 565 1696 de
605 1649 792 1697 nostro
836 1642 997 1710 coelo,
1035 1643 1088 1699 in
1125 1650 1232 1716 quo
1262 1656 1387 1702 sunt
1411 1650 1587 1727 posita
1617 1649 1902 1707 luminaria

320 1730 448 1791 huic
499 1734 696 1791 smculo
744 1737 1072 1805 necessaria,
1124 1740 1176 1794 in
1229 1743 1579 1811 sequentibus
1625 1742 1903 1815 Scriptura

321 1828 590 1905 quomodo
632 1826 718 1895 vel
765 1827 1080 1901 quando’sit
1101 1831 1303 1889 factum
1334 1835 1592 1901 declarat,
1628 1836 1743 1893 Non
1774 1853 1903 1910 ergo

322 1924 574 1994 superius
605 1924 737 1991 illud
778 1925 999 1995 cmlum.
1043 1929 1186 1996 Quod
1221 1930 1527 1998 mortalium
1550 1940 1633 1988 est
1660 1932 1900 1991 omnium

1355 502 1704 568 COMMENT.
1740 507 1811 567 IN
1846 505 2168 570 GENESIM.
2209 534 2280 553 -—-
2314 506 2443 571 LlB.
2472 498 2517 574 ιζ

219 649 223 655 -
319 623 549 697 quisque
572 622 823 681 sensibus
852 621 1153 697 allegoricis
1183 625 1420 683 studium
1452 626 1745 700 impendat,
1770 645 1895 700 qua-
1918 626 1976 696 Α
1997 638 2128 687 cunt
2157 628 2409 690 tenebras
2444 649 2568 691 eum
2614 642 2740 692 ante
2774 628 2949 693 lucem
3000 650 3238 706 creasse,
3288 630 3415 709 quia
3470 656 3580 698 non

3474 523 3580 583 446

2006 725 2149 782 Deus
2169 722 2421 783 tenebras
2476 722 2532 782 in
2557 742 2695 801 aqua
2730 726 2814 786 vel
2841 744 2968 787 aere
2997 726 3123 785 fecit
3166 726 3324 797 ullas,
3354 730 3451 788 sed
3491 747 3586 789 or-

2004 818 2127 875 dine
2154 818 2423 891 .distiucto
2463 820 2816 893 providentia:
2867 838 2980 878 sua:
3028 823 3181 895 prius
3233 838 3403 896 aquas
3458 840 3584 885 cum

2002 909 2143 969 coelo
2194 915 2402 971 creavit
2447 922 2709 982 ae'terra,
2741 922 2798 971 et
2844 916 2944 971 has
2973 915 3315 985 postmodum
3340 928 3463 972 cum
3493 932 3589 972 vo-

2003 1005 2102 1076 luit
2132 1009 2269 1080 ipse,
2302 1009 2440 1065 lucis
2470 1010 2644 1082 gratia
2694 1010 3020 1069 venustavit.
3056 1010 3210 1077 Quod
3239 1025 3363 1065 eum
3410 1025 3587 1083 usque

2003 1103 2186 1170 modo,
2213 1112 2269 1158 et
2297 1103 2353 1158 in
2379 1119 2519 1175 aqua
2549 1104 2686 1174 ipsa,
2738 1112 2793 1160 et
2823 1104 2879 1159 in
2915 1118 3038 1159 aere
3084 1118 3184 1176 per
3211 1102 3586 1173 quotidianum

2005 1194 2134 1251 solis
2162 1209 2441 1250 accessum
2480 1211 2544 1251 ac
2577 1195 2875 1251 discessum
2903 1193 3084 1253 facere
3114 1194 3376 1251 videmus.
3402 1193 3589 1264 Neque

2004 1288 2147 1351 enim
2178 1302 2347 1357 aquas
2372 1287 2475 1342 nisi
2511 1303 2544 1341 a
2570 1287 2680 1342 Deo
2710 1284 2883 1345 factas
2923 1287 3149 1343 credere
3180 1286 3263 1343 fas
3308 1297 3409 1342 est.
3435 1283 3589 1352 Quod

2004 1386 2060 1435 et
2089 1379 2134 1434 si
2163 1378 2252 1434 hic
2274 1378 2557 1450 Scriptura
2584 1379 2759 1450 palam
2786 1394 2895 1433 non
2931 1377 3081 1444 dicit,
3109 1378 3287 1449 palam
3317 1378 3590 1446 signiﬁcat

2006 1478 2207 1537 tamen,
2254 1487 2377 1526 cum
2407 1471 2555 1526 hasa
2592 1471 2700 1526 Deo
2726 1470 3025 1526 illustratas
3066 1478 3231 1540 atque
3273 1469 3341 1524 ad
3377 1468 3590 1537 iussum

2004 1564 2121 1637 ejus
2150 1563 2429 1619 ordinatas
2460 1563 2720 1619 insinuat.
2764 1561 2872 1618 Sed
2916 1560 3157 1633 psalmus
3196 1561 3327 1615 dicit
3356 1566 3542 1630 aperte
3573 1575 3588 1612 :

2005 1655 2073 1710 Et
2102 1672 2250 1731 aqua?
2276 1672 2392 1728 qua:
2429 1672 2584 1727 super
2620 1654 2773 1711 ca’los
2803 1663 2944 1720 sunt,
2999 1652 3214 1709 laudent
3260 1669 3445 1706 nomen
3482 1650 3592 1705 Do-

2005 1748 2154 1814 mini,
2193 1749 2317 1820 quia
2363 1749 2469 1820 ipse
2511 1748 2667 1814 dixit,
2700 1758 2746 1802 et
2775 1748 2918 1817 facta
2962 1755 3084 1803 sunt
3138 1743 3311 1815 (Psal.
3341 1743 3585 1814 CXLVIII).

2008 1840 2108 1896 Ubi
2141 1841 2456 1906 notandum,
2511 1834 2653 1915 quod
2707 1855 2832 1896 cum
2884 1838 3024 1894 cmlo
3077 1838 3130 1893 in
3169 1834 3437 1908 principio
3483 1835 3592 1890 duo

2007 1932 2192 1989 mundi
2221 1930 2382 2002 hujus
2404 1932 2692 1997 elementa,
2730 1945 2870 2001 aqua
2927 1926 3179 1987 videlicet
3210 1937 3265 1985 et
3293 1937 3462 1993 terra,
3496 1942 3592 1982 no-

321 2016 698 2075 inaccessibile
751 2020 1166 2095 conspectibus,
1217 2020 1376 2078 inane
1422 2034 1665 2080 creatum
1720 2033 1805 2082 est
1853 2034 1907 2081 et
1934 2003 1980 2064 Β
2010 2023 2255 2079 minatim
2281 2022 2422 2079 facta
2450 2030 2842 2087 memorantur,
2891 2021 3089 2092 quibus
3119 2030 3298 2076 tamen
3330 2021 3435 2074 duo
3467 2018 3593 2073 reli-

322 2128 573 2183 vacnum,
608 2122 667 2169 ut
710 2120 875 2181 terra,
920 2131 1039 2186 quae
1070 2117 1145 2172 nil
1182 2117 1235 2171 in
1265 2118 1439 2191 prima
1485 2134 1583 2175 sua
1630 2120 1906 2179 creatione

321 2201 613 2261 virentium
665 2206 992 2279 germinum,
1044 2209 1120 2263 nil
1164 2209 1460 2267 viventium
1503 2210 1755 2281 produxit
1790 2211 1905 2267 ani~

317 2296 601 2363 mentium,
634 2300 761 2371 quia
793 2300 1051 2367 nimirum
1095 2303 1209 2359 suis
1255 2303 1446 2361 incolis
1483 2321 1608 2367 mox
1637 2313 1902 2372 creatum,

317 2386 423 2443 hoc
449 2396 533 2455 est
558 2391 890 2451 beatissimis
930 2395 1247 2467 angelorum
1276 2397 1582 2469 agminibus
1618 2398 1902 2470 impletum

315 2486 422 2546 est,
453 2495 590 2551 quos
622 2481 677 2541 in
704 2484 970 2556 principio
992 2503 1117 2549 eum
1146 2487 1288 2547 etelo
1314 2498 1372 2545 et
1397 2498 1541 2545 terra
1565 2506 1686 2546 esse
1721 2492 1906 2547 condi-

317 2578 427 2638 tos,
457 2588 523 2629 ac
546 2590 672 2635 mox
704 2578 1069 2641 conditionem
1105 2595 1260 2637 suam
1290 2581 1451 2637 simul
1478 2590 1532 2645 et
1557 2582 1722 2639 totius
1746 2598 1903 2639 crea-

319 2671 455 2727 tura:
496 2668 866 2737 primordialis
921 2672 989 2735 ad
1042 2671 1256 2739 laudem
1290 2674 1600 2741 Conditoris
1654 2675 1905 2735 retulisse

317 2764 551 2812 testatur
572 2759 686 2829 ipse
701 2759 982 2829 Conditor,
1006 2764 1096 2833 qui
1119 2764 1346 2834 loquens
1367 2768 1434 2820 ad
1460 2777 1705 2821 sanctum
1732 2766 1907 2822 famu-

316 2849 430 2917 lum
459 2868 616 2908 suum
643 2852 744 2909 Job
771 2854 903 2921 dicit
930 2870 944 2909 :
980 2854 1079 2911 Ubi
1107 2873 1225 2911 eras
1244 2858 1456 2928 quando
1488 2859 1743 2929 ponebam
1776 2858 1903 2928 fun-

314 2943 564 3003 damenta
592 2954 747 3009 terra
780 2945 925 3021 (Job,
970 2947 1240 3020 xxxvm)?
1275 2948 1343 3007 Et
1377 2949 1537 3019 paulo
1578 2958 1744 3023 post:
1772 2947 1905 3004 Cum

315 3050 399 3091 me
439 3034 720 3099 laudarent
764 3036 925 3097 simul
973 3048 1119 3095 astra
1170 3040 1469 3107 matutina,
1517 3054 1565 3106 et
1610 3039 1904 3111 jubilarcnt

315 3144 494 3195 omnes
528 3128 630 3198 ﬁlii
652 3128 751 3185 Dei
780 3130 1002 3205 (llud);
1035 3141 1181 3195 astra
1204 3132 1454 3189 videlicet
1486 3134 1750 3193 matutina
1778 3150 1903 3190 eos-

316 3222 439 3279 dem
465 3222 704 3295 angelos,
729 3240 863 3295 quos
886 3237 941 3283 et
963 3226 1100 3282 ﬁlios
1125 3226 1220 3285 Dei
1241 3243 1579 3298 nuncupans,
1612 3229 1680 3291 ad
1709 3228 1901 3285 distin-

316 3313 555 3371 ctionem
583 3314 841 3373 nimirum
868 3316 1149 3373 hominum
1178 3327 1517 3384 sanctorum,
1549 3320 1641 3389 qui
1669 3329 1905 3391 postmo-

317 3406 448 3465 dum
478 3410 716 3477 creandi,
755 3426 821 3467 ac
846 3410 993 3469 velut
1022 3419 1171 3469 astra
1197 3414 1508 3483 vespertina
1543 3420 1667 3484 post
1690 3413 1903 3471 confes-

312 3500 528 3561 sionem
554 3504 748 3563 divina:
782 3505 1104 3571 laudationis
1136 3522 1235 3578 per
1265 3517 1498 3565 mortem
1534 3517 1693 3571 erant
1724 3511 1904 3575 carnis

314 3594 587 3648 occasuri.
633 3595 677 3649 E
721 3596 917 3664 quibus
951 3597 1201 3653 videlicet
1222 3600 1381 3654 astris
1408 3601 1709 3667 matutinis.
1736 3617 1903 3665 unum

315 3684 387 3745 ob
415 3685 735 3756 despectum
768 3690 932 3753 socia:
972 3690 1079 3753 Dei.
1102 3690 1429 3753 laudationis
1451 3694 1641 3760 audire
1661 3694 1860 3759 meruit
1886 3712 1898 3748 :

316 3777 594 3843 Quomodo
613 3780 846 3846 cecidisti
869 3782 934 3845 de
959 3782 1110 3851 caelo,
1142 3782 1373 3856 Lucifer,
1404 3786 1495 3857 qui
1521 3803 1673 3845 mane
1693 3787 1904 3845 orieba-

314 3868 433 3923 ris?
477 3867 735 3929 Corruisti
765 3872 821 3938 in
857 3882 1054 3941 terram
1098 3876 1190 3947 qui
1234 3877 1545 3933 vulnerabas
1581 3889 1775 3950 gentes,
1813 3881 1906 3952 qui

222 4024 225 4025 ν
313 3960 528 4019 dicebas
564 3963 619 4027 in
657 3964 812 4025 corde
845 3976 936 4029 tua
958 3981 978 4020 .'
1003 3966 1073 4022 In
1101 3968 1286 4025 calum
1308 3970 1611 4037 ascendam,
1640 3988 1798 4042 super
1825 3974 1902 4027 si-

313 4050 442 4109 dera
469 4050 584 4109 εωιὶ
615 4052 858 4113 excitabo
899 4056 1089 4113 solium
1128 4075 1300 4135 meum
1326 4059 1463 4128 (Isa.
1498 4061 1631 4132 xxv).
1664 4062 1723 4119 In
1750 4060 1903 4135 cujus

313 4144 653 4214 expositione
691 4150 975 4204 sententiae
1017 4160 1237 4207 sanctus
1271 4151 1632 4225 Hieronymus
1656 4157 1904 4219 meminit

313 4236 479 4291 etiam
506 4239 805 4310 superioris
837 4243 985 4307 coni,
1018 4243 1092 4298 ita
1120 4244 1366 4302 scribens
1397 4265 1410 4301 :
1446 4269 1464 4301 ί
1491 4248 1586 4304 Vel
1612 4257 1901 4321 antequam

312 4328 379 4383 de
424 4329 561 4385 coelo
606 4342 890 4393 corruerat
928 4334 1033 4393 ista
1066 4336 1315 4406 dicebat;
1366 4339 1454 4397 vel
1503 4349 1791 4412 postquam
1836 4342 1905 4407 de

312 4418 451 4474 caelo
475 4424 698 4479 corruit.
748 4423 807 4481 Si
854 4426 1032 4487 adhuc
1079 4428 1133 4487 in
1179 4430 1319 4487 coelo
1361 4432 1592 4504 positus,
1631 4434 1903 4506 quomodo

312 4508 462 4575 dicit,
501 4510 792 4573 Ascendam
821 4516 876 4572 in
899 4516 1127 4579 cazlum?
1166 4518 1272 4579 Sed
1316 4522 1444 4596 quia
1482 4523 1738 4595 legimus,
1787 4525 1903 4587 (ἔφη

311 4602 421 4659 lum
461 4606 574 4663 cali
602 4607 827 4671 Domino
874 4608 1046 4682 (Psal.
1100 4612 1278 4686 exrn),
1308 4629 1429 4671 cum
1475 4624 1621 4679 esset
1654 4617 1708 4675 in
1737 4617 1898 4693 caelo,

309 4696 367 4757 id
396 4706 496 4763 est,
531 4698 897 4768 ﬁrmamento,
946 4702 1001 4767 in
1048 4703 1247 4765 uelum
1297 4706 1390 4771 ubi
1440 4707 1634 4765 solium
1683 4708 1900 4775 Domini

310 4798 398 4844 est
441 4791 696 4861 cupiebat
742 4794 1063 4861 ascendere,
1099 4811 1207 4853 non
1241 4796 1293 4855 in
1319 4796 1645 4866 humilitate,
1684 4801 1779 4863 sed
1805 4818 1900 4861 su.-

308 4882 519 4953 perbia.
545 4884 640 4941 Sin
670 4894 850 4951 autem
879 4896 1165 4960 postquam
1195 4891 1402 4947 corruit
1423 4891 1492 4947 de
1522 4893 1661 4949 ctelo
1689 4894 1791 4950 ista
1818 4894 1898 4950 lo-

309 4973 517 5045 quitur,
568 4977 734 5039 verba
784 4979 1113 5050 arrogantiae
1157 4981 1415 5039 debemus
1457 4984 1777 5057 intelligere,
1808 4987 1900 5057 qui

310 5082 415 5122 nec
460 5068 832 5143 praecipitatus
868 5071 1131 5145 quiescat,
1187 5075 1285 5131 sed
1323 5075 1500 5137 adhuc
1543 5077 1645 5137 sibi
1676 5078 1901 5150 grandia

310 5162 681 5233 repromittit,
730 5178 840 5228 non
885 5172 944 5227 ut
992 5166 1133 5223 inter
1187 5176 1338 5229 astra
1364 5209 1381 5234 ,
1426 5170 1520 5235 sed
1564 5186 1728 5243 super
1753 5182 1899 5229 astra

309 5252 410 5309 Dei
432 5254 523 5311 sit.
549 5275 568 5311 ι
598 5252 792 5319 Merito
815 5257 1001 5330 itaque
1023 5258 1219 5323 orelutn
1251 5260 1375 5327 lei
1401 5276 1508 5321 non
1530 5262 1688 5321 inane
1710 5263 1793 5325 vel
1816 5280 1899 5318 va»

310 5359 476 5398 cuum
507 5359 628 5400 esse
651 5355 983 5402 memoratur
1006 5348 1228 5415 factum,
1253 5351 1350 5406 sed
1372 5367 1473 5407 nec
1495 5354 1733 5411 tenebris
1752 5355 1807 5412 in
1833 5369 1900 5411 eo

308 5434 398 5495 vel
426 5434 624 5508 abysso
677 5437 829 5502 locus
860 5453 1139 5506 remanere
1193 5440 1334 5501 ullus
1361 5442 1700 5512 perhibetur,
1754 5445 1899 5517 quod

309 5528 576 5591 Dominus
610 5529 754 5589 Deus
774 5529 1063 5599 illuminat,
1087 5540 1141 5589 et
1166 5532 1322 5603 cujus
1344 5532 1564 5595 lucerna
1600 5542 1683 5589 est
1706 5551 1895 5607 agnus.

311 5620 381 5681 Et
417 5621 612 5677 merito
666 5621 842 5683 inanis
892 5630 1003 5683 erat
1037 5639 1099 5677 ac
1155 5639 1318 5685 vacua
1357 5634 1516 5690 terra,
1551 5641 1675 5682 cum
1722 5626 1898 5685 adhuc

317 5719 429 5767 tota
459 5714 678 5785 abysso,
710 5713 764 5769 id
785 5722 891 5780 est,
938 5715 1202 5777 immensa
1230 5714 1601 5788 profunditate
1619 5719 1900 5792 tegebatur

313 5819 602 5873 aquarum.
638 5804 829 5863 Merito
858 5806 1092 5869 tenebra:
1119 5824 1275 5885 super
1300 5808 1489 5879 [aciem
1516 5819 1667 5867 erant
1697 5809 1896 5880 abyssi,

315 5914 444 5957 cum
474 5899 705 5967 necdum
738 5900 851 5968 lux,
894 5916 1014 5974 quae
1033 5900 1133 5968 has
1155 5900 1386 5974 fugaret,
1432 5910 1616 5967 creata
1642 5912 1745 5961 est.
1779 5902 1897 5973 Non

318 6000 504 6055 autem
529 5994 777 6055 audiendi
806 6004 948 6065 sunt,
989 5995 1081 6071 qui
1102 5992 1556 6070 reprehendentes
1578 5996 1771 6070 Deum,
1816 5996 1873 6058 di

2006 2132 2113 2189 qua
2143 2115 2311 2172 fuisse
2340 2124 2554 2173 constat
2585 2116 2775 2180 indita,
2805 2114 2986 2186 ignem
3024 2112 3275 2168 videlicet
3299 2113 3353 2167 in
3381 2111 3524 2165 ferro
3540 2119 3596 2166 et

2007 2205 2291 2280 lapidibus,
2327 2220 2448 2276 qua:
2490 2212 2651 2260 terrae
2687 2205 2897 2259 viscere
2919 2204 3035 2275 jam
3068 2210 3182 2257 tum
3213 2202 3430 2257 condita
3457 2199 3595 2256 late—

2004 2298 2159 2365 bant,
2215 2313 2397 2353 aerem
2421 2313 2550 2353 vero
2579 2297 2631 2351 in
2666 2296 2782 2368 ipsa
2833 2304 2998 2359 terra,
3036 2292 3123 2349 cui
3154 2308 3275 2348 esse
3300 2291 3595 2364 permistus

2004 2403 2073 2446 ex
2121 2404 2187 2445 eo
2213 2389 2582 2461 cognoscitur,
2631 2388 2758 2457 quia
2813 2403 2935 2443 cum
2964 2383 3127 2442 fuerit
3161 2384 3493 2451 humectato,
3539 2390 3596 2439 et

2008 2480 2322 2550 temperiem
2349 2478 2479 2533 solis
2509 2478 2803 2549 acceperit,
2834 2492 2959 2533 mox
2989 2490 3219 2557 vapores
3242 2474 3461 2530 exhalat
3491 2472 3594 2527 lar-

2005 2570 2278 2643 gissimus,
2312 2570 2492 2641 ignem
2535 2584 2749 2643 quoque
2776 2568 3079 2633 ardentem,
3136 2575 3297 2621 terra:
3325 2562 3596 2619 interiori-

2004 2662 2108 2719 bus
2152 2661 2394 2727 insitum,
2448 2659 2607 2716 calidi
2654 2675 2918 2731 aquarum
2968 2658 3144 2714 fontes
3176 2659 3431 2730 produnt.
3465 2650 3633 2724 ρων

2007 2773 2131 2823 cum
2151 2772 2250 2833 per
2276 2766 2427 2814 certa
2472 2758 2717 2829 quadam
2744 2757 2961 2821 metalla
3006 2756 3060 2811 in
3106 2755 3376 2827 profundo
3424 2769 3593 2825 aqua-

2008 2866 2130 2907 rum
2175 2856 2573 2916 transcurrunt,
2603 2864 2711 2907 non
2738 2848 2910 2904 solum
2938 2846 3125 2903 calida:
3160 2847 3254 2901 sed
3294 2854 3349 2900 et
3379 2844 3595 2899 ferven-

2008 2949 2093 2996 tes
2114 2940 2169 2995 in
2202 2938 2544 3012 superﬁciem
2574 2948 2733 2994 terra:
2759 2945 3033 2994 emanant.
3061 2932 3181 2992 Non
3201 2934 3347 2991 enim
3372 2935 3506 2998 lucc,
3534 2940 3596 2987 ut

2007 3031 2229 3102 quidam
2299 3030 2597 3101 disputant,
2643 3028 2948 3085 informiter
2988 3029 3219 3086 invicem
3259 3027 3441 3093 mista,
3495 3024 3593 3081 sed

2008 3121 2160 3194 ipsis,
2209 3121 2406 3192 quibus
2438 3130 2494 3178 et
2542 3138 2689 3178 nunc
2739 3132 2824 3178 est
2865 3118 3063 3178 ﬁnibus
3104 3120 3344 3192 undique
3376 3134 3596 3177 versum

2009 3214 2453 3286 circumscripta,
2515 3212 2638 3271 talis
2683 3224 2812 3270 tunc
2851 3223 2969 3270 erat
3016 3224 3150 3282 tota,
3190 3212 3367 3286 qualis
3420 3211 3597 3268 adhuc

2008 3310 2108 3363 sub
2138 3308 2246 3364 imo
2295 3307 2462 3363 maris
2496 3304 2764 3379 profundo
2818 3325 2885 3364 ex
2915 3318 3070 3380 parte
3115 3317 3379 3364 remanet.
3429 3306 3598 3379 Aquae

1931 3371 1975 3437 α
2006 3406 2186 3453 autem
2214 3396 2523 3455 universam
2569 3398 2686 3470 ejus
2734 3398 3076 3471 superﬁciem
3116 3396 3171 3454 in
3212 3407 3418 3454 tantam
3451 3408 3598 3470 tege-

2002 3493 2136 3548 bant
2164 3491 2526 3557 altitudinem,
2560 3500 2621 3547 ut
2649 3488 2718 3547 ad
2764 3493 2884 3549 illos
2916 3509 3086 3564 usque
3118 3493 3266 3557 locos
3316 3496 3598 3566 pertinge-

2004 3590 2145 3650 rent,
2196 3581 2461 3639 ubinunc
2499 3599 2670 3655 usque
2707 3600 2873 3655 super
2908 3584 3319 3642 fundamentum
3362 3585 3486 3642 cteli
3530 3602 3600 3642 ex

2004 3685 2160 3757 parte
2188 3677 2509 3745 residentes,
2528 3694 2725 3734 nomen
2747 3678 2845 3739 Dei
2865 3682 3128 3737 creatoris
3155 3697 3280 3738 cum
3308 3682 3461 3738 cmlis
3487 3695 3600 3738 caa-

2005 3769 2180 3825 lorum
2212 3770 2432 3826 laudare
2467 3787 2573 3827 non
2600 3773 2870 3831 desinunt.
2899 3773 2982 3829 Ad
3009 3775 3144 3840 haec,
3180 3783 3387 3830 tantum
3412 3782 3495 3831 est
3519 3774 3602 3830 in-

2007 3856 2199 3917 formis
2230 3860 2315 3916 illa
2357 3863 2635 3930 materies,
2680 3863 2745 3918 de
2783 3880 2889 3935 qua
2940 3867 3201 3925 mundum
3228 3866 3432 3922 factum
3478 3880 3602 3923 esse

2006 3963 2238 4011 testatur
2265 3953 2574 4026 Scriptura,
2604 3971 2726 4028 qum
2776 3958 2832 4013 in
2876 3958 2973 4015 Dei
2994 3958 3241 4015 laudibus
3278 3958 3412 4014 dicit
3446 3978 3459 4014 :
3493 3958 3600 4027 Qui

2005 4048 2174 4122 fecisti
2206 4049 2459 4107 mundum
2485 4053 2549 4109 de
2597 4055 2817 4109 materia
2861 4054 3078 4126 informi
3099 4055 3251 4128 (Sap.
3303 4054 3404 4126 XI).
3453 4055 3594 4111 Nam

2006 4151 2202 4198 cuncta
2253 4158 2373 4214 quae
2395 4158 2517 4200 cum
2561 4144 2719 4217 aquis
2762 4155 2817 4211 et
2865 4156 3010 4207 terra
3051 4148 3237 4204 videre
3274 4148 3509 4204 solemus
3538 4147 3595 4202 in

2004 4236 2225 4302 mundo,
2261 4235 2344 4299 vel
2389 4235 2455 4292 de
2477 4236 2608 4309 ipsis
2630 4238 2913 4295 exordium
2936 4247 3166 4306 naturm,
3193 4239 3279 4295 vel
3316 4254 3599 4310 sumpsere

2006 4326 2073 4383 de
2098 4328 2287 4384 nihilo.
2322 4330 2441 4399 Ipsa
2472 4339 2652 4385 autem
2680 4339 2826 4386 terra
2852 4340 2908 4387 et
2950 4333 3082 4402 ipsae
3110 4347 3265 4402 aquae
3302 4342 3595 4404 propterea

2005 4436 2203 4476 nomen
2240 4423 2445 4478 sortita:
2491 4431 2618 4478 sunt
2671 4424 2912 4485 materiae
2950 4424 3219 4488 informis,
3257 4425 3381 4496 quia
3422 4426 3599 4495 prius-

2005 4528 2167 4583 quam
2203 4514 2258 4569 in
2287 4515 2462 4570 lucem
2509 4516 2778 4582 venirent,
2838 4516 2980 4571 unde
3006 4516 3400 4577 formositatem
3428 4516 3594 4571 habe-

2004 4615 2127 4663 rent
2151 4623 2259 4663 non
2287 4615 2424 4664 erat.
2458 4606 2597 4676 Quid
2627 4618 2809 4663 autem
2834 4606 3222 4663 inconveniens
3262 4608 3308 4662 si
3361 4608 3594 4662 munda-

2005 4716 2090 4754 nae
2136 4696 2379 4761 materiae
2400 4696 2623 4755 fuerant
2664 4697 2945 4753 tenebrosa
2970 4696 3304 4769 primordia?
3338 4705 3398 4753 ut
3433 4714 3591 4754 acce-

2005 4790 2168 4849 dente
2207 4790 2327 4847 luce
2366 4788 2558 4847 melius
2604 4789 2749 4861 quod
2779 4787 2982 4847 factum
3020 4800 3105 4846 est
3154 4786 3490 4854 redderetur,
3541 4797 3599 4846 et

2008 4891 2264 4955 tanquam
2286 4881 2619 4953 proﬁcientis
2640 4878 2892 4948 hominis,
2946 4878 3091 4954 quod
3121 4890 3309 4959 postea
3353 4881 3595 4939 futurum

2006 4985 2145 5043 erat,
2205 4977 2309 5031 hoc
2348 4975 2508 5030 modo
2559 4974 2959 5047 signiﬁcaretur
3010 4975 3241 5041 aﬁ'ectio,
3290 4983 3595 5045 exponente

2004 5066 2279 5140 Apostolo,
2331 5084 2395 5124 ac
2423 5064 2680 5124 dicente:
2719 5068 2981 5136 Quoniam
3018 5066 3175 5132 Deus,
3220 5064 3309 5139 qui
3352 5065 3486 5120 dixit
3530 5064 3595 5121 de

2006 5162 2230 5218 tenebris
2281 5161 2457 5223 lumen
2510 5158 2885 5234 splendescere,
2921 5159 3012 5233 qui
3058 5154 3232 5215 illuxit
3263 5159 3317 5214 in
3348 5158 3592 5215 cordibus

2003 5255 2198 5311 nostris
2223 5251 2304 5329 (11
2331 5252 2453 5310 Cor.
2477 5254 2575 5326 tv).
2595 5252 2748 5310 Unde
2775 5252 2898 5308 alibi
2913 5251 3044 5307 dicit
3061 5267 3074 5306 :
3091 5249 3294 5305 Fuistis
3308 5250 3592 5323 aliquando

2003 5346 2250 5412 tenebrw,
2300 5363 2438 5401 nunc
2460 5355 2634 5405 autem
2655 5344 2749 5399 (ua:
2772 5347 2827 5399 in
2867 5343 3092 5399 Domino
3135 5342 3353 5417 (Ephes.
3384 5343 3461 5417 v),
3502 5346 3593 5403 illo
3675 5383 3690 5396 .

2002 5439 2251 5495 videlicet
2277 5438 2391 5513 qui,
2414 5454 2535 5493 cum
2555 5437 2790 5494 tenebrae
2814 5444 3000 5493 essent
3019 5452 3182 5519 super
3203 5434 3398 5494 faciem
3429 5438 3592 5512 abys-

2002 5532 2069 5601 si,
2099 5531 2265 5587 dicit:
2296 5528 2420 5593 Fiat
2443 5530 2557 5597 lux,
2583 5540 2631 5586 et
2657 5531 2798 5601 facta
2819 5542 2893 5584 est
2922 5530 3037 5587 lux.

2077 5621 2148 5677 Et
2200 5621 2429 5693 Spiritus
2474 5620 2573 5676 Dei
2626 5619 2892 5694 ferebatur
2924 5638 3082 5693 super
3128 5640 3316 5696 aquas.
3358 5622 3476 5680 Non
3510 5632 3595 5681 est

2004 5715 2333 5789 opinandum
2363 5713 2645 5787 pueriliter
2668 5715 2813 5789 quod
2848 5714 3087 5790 Spiritus
3116 5727 3347 5782 creator,
3386 5720 3455 5774 de
3483 5734 3592 5791 quo

2005 5809 2261 5881 scriptum
2289 5815 2401 5863 est:
2429 5806 2567 5874 Quia
2592 5805 2819 5874 Spiritus
2837 5808 3051 5871 Domini
3067 5808 3274 5891 replevit
3301 5809 3594 5864 orbcmter-

2004 5920 2184 5958 rarum
2213 5900 2363 5975 (Sap.
2388 5896 2455 5974 ι),
2477 5898 2743 5972 positione
2782 5900 2884 5959 loci
2926 5902 3010 5960 his
3031 5920 3151 5976 quze
3171 5910 3327 5958 erant
3355 5900 3591 5959 creanda

2003 5994 2421 6075 superferretur.
2456 5991 2565 6053 Sed
2588 5993 2995 6073 intelligendum
3019 5994 3201 6073 potius
3237 5992 3591 6077 quia‘virtute
