3974 6462
380 424 483 499 ﬁt

1053 420 1119 492 B.
1156 432 1415 492 MBAN!
1450 432 1671 492 MAURI
1707 423 2028 494 ARCHIEP.
2065 378 2374 492 MDGUNT.
2413 429 2699 490 OPERUM
2734 430 2918 490 PARS
2950 432 2995 491 Ι.

3553 422 3665 496 ita

380 551 566 609 divina
604 549 1254 624 pracellebat'creaturis,
1308 527 1514 605 habens
1540 549 1596 603 in
1624 549 1841 620 propria
1862 562 1961 619 po-
1990 544 2046 607 Α
2068 552 2179 597 erat
2229 543 2472 601 Verbum.
2526 542 2643 597 Hoc
2697 552 2810 598 erat
2852 545 2909 600 in
2963 545 3222 617 principio
3244 555 3395 619 apud
3442 549 3615 610 Deum
3640 565 3663 611 ;

381 651 577 701 testate
595 644 816 716 quando
856 656 1120 712 aquarum
1152 641 1449 698 illustraret
1488 642 1764 715 abyssum,
1795 657 1965 712 quan-

379 734 448 792 do
476 736 532 791 in
562 734 744 790 locum
768 748 863 791 eas
900 741 1212 789 secerneret
1240 749 1429 801 unum,
1456 741 1513 789 ut
1546 744 1831 806 appareret
1856 733 1963 789 ari-

378 824 468 893 da,
504 826 718 897 quando
753 833 808 881 et
833 824 1104 896 quomodo
1143 832 1422 880 creaturas
1467 835 1691 882 caeteras
1737 842 1836 896 pro
1865 840 1963 881 suo

379 926 511 972 nutu
551 918 885 988 disponeret,
928 917 984 971 in
1033 915 1445 971 similitudinem
1494 916 1743 972 videlicet
1799 916 1959 984 fabri,

377 1006 532 1077 cujus
572 1006 818 1061 voluntas
852 1006 939 1061 his
977 1020 1096 1076 quae
1120 1004 1448 1062 fabricandae
1476 1014 1601 1062 sunt
1644 1007 1804 1062 rebus
1827 1007 1963 1063 solet

375 1097 691 1169 superferri.
738 1096 894 1165 Quod
965 1097 1033 1151 ad
1073 1097 1245 1168 ipsam
1284 1089 1508 1167 'quoque
1560 1097 1961 1153 distinctionem

376 1192 672 1263 superioris
700 1191 822 1246 coeli
849 1190 1107 1261 pertinet,
1139 1191 1195 1245 in
1228 1205 1337 1261 quo
1364 1205 1486 1245 mox
1518 1188 1756 1259 perfecte
1779 1189 1960 1244 omnia

375 1282 631 1352 disposita
661 1281 896 1350 Spiritus
927 1281 1098 1336 sancti
1126 1281 1416 1350 praesentia
1466 1278 1789 1333 illustrabat.
1842 1278 1963 1333 Non

376 1372 506 1445 [Al.,
543 1372 682 1444 haec]
729 1380 910 1427 autem
937 1372 1074 1426 utin
1101 1370 1470 1435 inferioribus,
1524 1370 1625 1423 hoc
1651 1378 1754 1435 est,
1802 1368 1963 1437 hujus

374 1463 561 1518 mundi
581 1464 865 1528 creaturis,
887 1464 1042 1517 bona;
1065 1462 1363 1532 primordia
1390 1461 1714 1516 conditionis
1744 1476 1806 1515 ex
1826 1469 1963 1516 tem-

371 1572 506 1628 pore
526 1558 591 1612 ad
617 1556 917 1627 perfectum
944 1554 1211 1611 deducere
1237 1555 1567 1609 intendebat.
1601 1552 1737 1608 Nam
1762 1561 1819 1609 et
1841 1553 1961 1609 ideo

374 1649 583 1722 Moyses
613 1660 721 1704 tam
748 1650 988 1706 breviter
1015 1649 1311 1719 superioris
1341 1648 1525 1702 mundi
1563 1646 1693 1703 fecit
1732 1650 1965 1704 mentio-

369 1752 515 1806 nem,
564 1740 690 1809 quia
711 1739 778 1795 de
805 1740 1004 1795 mundo
1035 1740 1154 1804 hoc,
1209 1739 1264 1794 in
1310 1753 1417 1815 quo
1446 1738 1608 1793 homo
1637 1738 1813 1795 factus
1852 1747 1958 1806 est,

373 1833 440 1887 ad
492 1833 907 1889 instructionem
967 1832 1182 1904 generis
1225 1832 1449 1886 humani
1512 1846 1821 1886 sermonem
1872 1831 1959 1886 fa-

2063 635 2240 690 omnia
2259 650 2352 705 per
2388 638 2557 707 ipsum
2594 637 2739 709 facta
2756 643 2880 693 sunt
2913 638 3093 711 (Joan.
3120 641 3182 713 ι).
3216 641 3371 710 Quod
3401 660 3537 715 ergo
3561 646 3662 714 ait,

2061 726 2245 782 omnia
2272 725 2414 781 facta
2434 741 2532 796 per
2560 726 2798 783 Verbum
2827 729 2925 784 Dei
2959 726 3217 798 Joannes,
3247 733 3349 789 hoc
3373 745 3478 802 est,
3510 738 3662 807 quod

2063 814 2272 886 Moyses
2305 816 2400 882 ait,
2430 815 2558 886 quia
2599 816 2734 872 dixit
2783 817 2945 886 Deus,
2982 818 3108 876 Fiat
3156 821 3283 889 lux;
3338 825 3500 892 dixit,
3533 825 3665 884 Fiat

2061 904 2491 973 ﬁrmamentum;
2517 907 2672 974 dixit,
2695 908 2818 964 Fiat
2844 917 3044 966 caetera
3076 922 3347 969 creatura.
3375 915 3492 972 Hoc
3516 920 3665 989 quod

2062 996 2302 1066 psalmus
2358 996 2609 1067 adjuncta
2649 1009 2704 1056 et
2734 1001 2972 1074 Spiritus
3003 1008 3173 1061 sancti
3208 1024 3444 1080 persona
3476 1013 3615 1069 dicit
3645 1033 3661 1069 :

2072 1086 2237 1143 Verbo
2258 1089 2477 1145 Domini
2506 1092 2621 1146 cwli
2675 1096 2874 1164 ﬁrmati
2915 1109 3054 1163 sunt,
3085 1109 3135 1153 et
3171 1099 3376 1173 Spiritu
3411 1105 3523 1157 oris
3547 1106 3664 1175 ejus

2063 1181 2228 1233 omnis
2270 1180 2429 1235 virtus
2472 1199 2651 1237 eorum
2682 1183 2854 1255 (Psal.
2913 1188 3110 1263 xxx").
3148 1190 3205 1245 Si
3238 1200 3423 1249 autem
3455 1197 3665 1264 quaeri-

2063 1276 2153 1322 tur
2198 1271 2393 1340 quibus
2420 1273 2475 1328 in
2503 1273 2638 1331 locis
2658 1276 2884 1346 jubente
2942 1280 3055 1336 Deo
3089 1283 3232 1339 facta
3266 1285 3340 1340 sit
3389 1286 3506 1351 lux,
3539 1304 3670 1345 cum

2065 1363 2241 1418 adhuc
2266 1365 2493 1438 abyssus
2523 1383 2740 1423 omnem
2772 1377 2933 1426 terrae
2962 1373 3373 1444 amplitudinem
3402 1389 3668 1451 contege-

2064 1464 2166 1521 ret,
2218 1465 2369 1527 patet
2421 1460 2665 1530 profecto
2713 1463 2841 1532 quia
2900 1464 2954 1519 in
3006 1468 3375 1537 superioribus
3416 1470 3670 1540 ejusdem

2064 1555 2223 1603 terrae
2252 1550 2519 1620 partibus,
2560 1568 2697 1623 quas
2731 1565 2786 1608 et
2813 1570 2958 1611 nunc
2988 1556 3172 1613 divina
3228 1558 3321 1613 lux
3365 1560 3502 1615 solis
3538 1562 3669 1616 illu-

2064 1647 2237 1694 strare
2266 1643 2565 1709 consuevit,
2616 1654 2743 1701 tunc
2772 1647 3089 1718 principalis
3118 1650 3209 1704 illa
3261 1651 3353 1705 lux
3410 1654 3665 1719 emicuit,

2064 1732 2175 1788 Nec
2224 1736 2527 1791 mirandum
2578 1739 2735 1794 nobis
2788 1740 2969 1795 divina
3015 1745 3334 1812 operatione
3372 1746 3560 1802 lucem
3612 1748 3671 1802 in

2064 1823 2219 1894 aquis
2268 1840 2428 1893 posse
2462 1828 2920 1898 resplendescere,
2952 1848 3076 1887 cum
3102 1842 3169 1905 'et
3212 1835 3499 1891 hominum
3538 1853 3673 1907 ope-

371 1944 495 1984 cere
540 1929 888 1984 instituerat:
914 1926 1159 1983 sufficere
1195 1927 1441 1993 credens,
1489 1927 1535 1981 si
1556 1940 1775 1982 omnem
1804 1940 1961 1981 crea-
1987 1912 2035 1973 Β
2066 1915 2275 1971 ratione
2296 1926 2509 1973 constet
2558 1933 2653 1974 eas
2684 1920 2880 1989 sacpius
2927 1921 3187 1978 illustrari
3213 1942 3226 1977 :
3260 1936 3559 1983 nautarum
3586 1929 3672 1983 vi-

370 2028 505 2075 turae
560 2020 819 2090 spiritalis
849 2028 905 2075 et
935 2020 1223 2075 invisibilis
1279 2028 1482 2074 statum
1519 2026 1682 2089 atque
1710 2027 1961 2073 ornatum

367 2128 476 2168 uno
504 2113 627 2167 coeli
660 2114 895 2180 nomine,
946 2114 1088 2183 quod
1142 2112 1199 2167 in
1241 2113 1507 2183 principio
1552 2111 1755 2166 factum
1804 2112 1960 2179 dixit,

365 2206 864 2274 comprehenderet.
915 2205 1266 2275 Corporalem
1290 2219 1420 2259 vero
1464 2199 1730 2259 visibilem
1761 2211 1816 2259 et
1841 2219 1964 2259 cor-

365 2297 675 2367 ruptibilem
707 2305 1016 2354 creaturam
1070 2297 1231 2352 latius
1276 2312 1343 2351 ex
1388 2296 1578 2351 ordine
1611 2296 1959 2363 describeret,

367 2385 421 2440 id
449 2394 552 2452 est,
602 2386 784 2442 tacitis
829 2388 910 2442 eis
951 2401 1071 2457 quae
1109 2386 1303 2441 altiora
1351 2384 1582 2454 quaesitu
1634 2392 1689 2440 et
1735 2386 1964 2441 fortiora

366 2487 613 2533 scrutatu
638 2487 764 2534 sunt
789 2479 1092 2545 hominum,
1122 2478 1210 2532 illa
1232 2477 1413 2547 potius
1435 2491 1557 2546 quae
1582 2483 1762 2531 essent
1791 2491 1823 2529 a
1852 2475 1965 2532 Deo

365 2578 661 2640 praecepta,
690 2570 804 2625 sive
834 2568 1450 2641 promissa,hominibus
1476 2569 1760 2638 cogitanda
1770 2584 1966 2639 propo-

368 2669 541 2715 neret.
592 2661 744 2717 Unde
772 2661 938 2716 etiam
967 2661 1213 2717 consulte
1244 2661 1312 2716 de
1340 2676 1469 2716 casu
1500 2662 1965 2731 praevaricationis

365 2751 546 2822 angeli
593 2759 648 2806 et
685 2752 959 2809 sociorum
1009 2750 1126 2821 ejus
1160 2752 1378 2823 penitus
1432 2752 1670 2819 reticuit,
1702 2753 1830 2821 quia
1860 2753 1966 2808 hoc

366 2844 622 2900 nimirum
662 2846 730 2901 ad
779 2852 982 2901 statum
1024 2846 1312 2902 invisibilis
1362 2845 1507 2902 illius
1574 2862 1639 2901 ac
1698 2846 1961 2917 spiritalis

365 2946 630 2993 creatura:
679 2940 935 3010 pertinet.
984 2939 1150 3011 Cujus
1211 2940 1510 3010 superioris
1556 2949 1612 2996 et
1671 2939 1959 2996 invisibilis

364 3037 630 3086 creatura:
684 3040 906 3088 sanctus
960 3032 1279 3090 Ambrosius
1341 3035 1397 3089 in
1428 3034 1567 3090 libro
1617 3028 1963 3089 Hexameron

364 3122 602 3177 secundo
631 3122 707 3177 ita
736 3124 986 3179 meminit
1010 3142 1022 3179 :
1052 3125 1396 3181 Arbitramur
1441 3128 1588 3182 enim
1614 3128 1741 3197 quia
1774 3128 1820 3183 si
1860 3126 1963 3182 fuit

361 3214 638 3286 quidpiam
679 3224 806 3273 ante
830 3218 1227 3275 institutionem
1253 3220 1527 3276 sensibilis
1554 3219 1720 3289 hujus
1750 3227 1809 3275 et
1837 3235 1959 3275 cor-

2066 2010 2280 2077 delicet,
2319 2012 2493 2081 quiin
2546 2012 2812 2083 profundo
2863 2015 3032 2070 maris
3082 2017 3327 2084 dimersi,
3365 2022 3575 2075 emisso
3601 2036 3673 2077 ex

2064 2119 2161 2159 ore
2191 2103 2331 2171 oleo,
2384 2106 2727 2174 perspicuum
2769 2107 2873 2161 sibi
2898 2107 3002 2164 hoc
3029 2124 3093 2163 ac
3123 2109 3362 2167 lucidum
3407 2100 3679 2169 reddunt.

2067 2194 2124 2249 Si
2184 2197 2329 2250 enim
2385 2197 2547 2252 homo
2598 2197 2721 2252 talia
2767 2210 2882 2269 per'
2913 2200 3093 2255 oleum
3140 2203 3225 2257 sui
3280 2205 3396 2259 oris
3454 2214 3666 2275 potest,

2066 2298 2325 2360 quantam
2376 2291 2520 2347 Deus
2548 2307 2646 2362 per
2696 2294 2944 2363 spiritum
2992 2296 3105 2351 oris
3135 2298 3218 2352 sui
3262 2297 3444 2355 lucem
3478 2316 3675 2357 creare

2064 2397 2225 2453 posse
2276 2384 2575 2440 credendus
2631 2385 2752 2441 est?
2813 2388 3120 2456 praesertim
3170 2405 3294 2445 cum
3334 2392 3524 2447 multo
3576 2408 3673 2448 ra-

2066 2474 2238 2530 riores
2264 2490 2428 2544 quam
2460 2476 2621 2531 modo
2652 2476 2705 2530 in
2752 2478 2915 2532 terris
2938 2478 3126 2534 videre
3155 2480 3398 2536 solemus
3427 2497 3591 2552 aquae
3615 2485 3673 2538 in

2065 2567 2331 2637 principio
2356 2567 2523 2622 fuisse
2577 2566 2736 2623 facta:
2772 2566 3057 2625 credenda:
3109 2580 3257 2638 sunt,
3311 2573 3469 2643 prius
3498 2589 3672 2643 quam

2065 2658 2120 2711 in
2147 2658 2325 2713 locum
2354 2665 2536 2713 essent
2577 2674 2765 2717 unum.
2812 2668 2872 2716 ut
2919 2671 3207 2732 appareret
3229 2663 3403 2731 arida,
3443 2680 3676 2738 congre-

2066 2758 2224 2821 gatae.
2848 2780 2853 2783 -

2136 2844 2206 2897 Et
2231 2844 2361 2899 vidit
2409 2846 2553 2900 Deus
2600 2845 2789 2915 lucem,
2821 2848 2962 2919 quod
2988 2859 3122 2903 esset
3144 2848 3302 2904 bona.
3342 2848 3466 2905 Non
3521 2851 3675 2907 velut

2066 2939 2395 3009 incognitam
2416 2947 2544 2995 ante
2565 2950 2790 3012 repente
2811 2940 2989 2998 lucem
3012 2943 3206 2999 videns
3237 2942 3501 3010 laudavit,
3534 2947 3663 3015 quia

2064 3031 2263 3085 bonam
2298 3031 2508 3098 didicit,
2557 3033 2652 3088 sed
2676 3048 2797 3088 eam
2834 3049 3000 3104 quam
3039 3034 3365 3090 laudabilem
3410 3053 3470 3093 se
3494 3038 3674 3093 factu-

2067 3140 2187 3179 rum
2216 3134 2462 3191 noverat,
2490 3124 2604 3195 jam
2636 3126 2840 3182 factam
2894 3128 3204 3184 hominibus
3246 3128 3405 3185 laude
3445 3130 3674 3202 dignam

2066 3233 2130 3275 ac
2150 3219 2455 3274 mirandam
2483 3235 2605 3276 esse
2632 3221 2945 3277 declaravit.
2978 3218 3335 3293 Verum‘quia
3365 3238 3477 3278 non
3528 3233 3675 3281 totas

366 3280 637 3376 ruptibilis
688 3310 895 3374 mundi,
924 3310 1170 3381 profecto
1194 3313 1249 3367 in
1283 3311 1404 3368 luce
1426 3310 1547 3367 fuit.
1588 3280 1775 3382 Neque
1810 3313 1958 3367 enim
1988 3280 2034 3344 Ο
2067 3311 2249 3373 mundi
2273 3310 2529 3366 tenebras
2541 3310 2661 3387 luce
2682 3311 2859 3367 infusa
2877 3312 3098 3380 dispulit
3126 3280 3255 3371 (hoc
3274 3314 3423 3368 enim
3445 3315 3673 3384 superni

364 3397 599 3469 dignitas
629 3401 970 3473 angelorum,
1001 3418 1103 3458 nec
1127 3403 1371 3458 omnium
1402 3404 1707 3459 cmleslium
1729 3403 1957 3471 militiae,

360 3490 447 3545 vel
500 3490 545 3545 si
574 3491 703 3560 quid
731 3500 816 3548 est
834 3493 1196 3561 nominatum,
1226 3504 1320 3550 aut
1387 3494 1835 3565 incompellabile,
1869 3502 1961 3549 aut

365 3583 546 3653 aliqua
590 3585 931 3642 rationabilis
958 3588 1154 3655 virtus,
1188 3588 1275 3644 vel
1323 3589 1661 3644 ministrator
1707 3589 1956 3659 spiritus,

365 3676 562 3746 degere
601 3687 785 3747 posset
813 3678 870 3733 in
911 3680 1177 3748 tenebris,
1208 3682 1304 3736 sed
1335 3682 1392 3737 in
1415 3681 1535 3738 luce
1562 3690 1617 3738 et
1644 3682 1832 3737 laetitia
1861 3684 1958 3738 de-

362 3770 574 3825 ocntem
602 3771 706 3827 sibi
762 3772 1010 3828 habitum
1050 3773 1381 3845 possidebat.
1411 3775 1559 3831 Bene
1606 3783 1789 3832 autem
1834 3792 1960 3832 cum

361 3862 416 3917 in
459 3863 725 3936 principio
776 3865 968 3933 Deum,
1022 3867 1077 3922 id
1126 3875 1245 3936 est,
1308 3868 1365 3923 in
1409 3866 1547 3924 Filio
1604 3868 1821 3924 Patrem
1874 3867 1960 3924 fe-

360 3956 501 4011 cisse
543 3957 742 4012 cmlum
801 3967 856 4014 et
913 3968 1116 4015 terram
1168 3962 1520 4032 praediceret,
1562 3963 1730 4017 etiam
1782 3964 1959 4019 sancti

363 4046 597 4118 Spiritus
627 4051 810 4106 intulit
827 4054 1182 4122 mentionem,
1208 4056 1454 4111 addendo
1480 4072 1495 4111 :
1527 4056 1597 4110 Et
1620 4057 1837 4126 spiritus
1861 4056 1960 4111 Dei

368 4141 638 4212 ferebatur
659 4161 817 4215 super
843 4162 1029 4217 aquas,
1072 4154 1134 4202 ut
1155 4148 1407 4203 videlicet
1444 4148 1610 4203 totius
1648 4149 1808 4203 simul
1838 4148 1960 4204 Tri-

363 4232 550 4289 nitatis
573 4234 628 4289 in
654 4236 928 4291 creatione
952 4239 1139 4293 mundi
1159 4238 1438 4310 ,virtutem
1459 4248 1809 4310 cooperatam
1837 4255 1960 4297 esse

365 4326 623 4398 signaret.

993 4425 1222 4483 CAPUT
1259 4424 1321 4481 Π.

720 4514 819 4572 Ubi
843 4517 938 4574 lure
964 4521 1194 4592 primum
1214 4520 1333 4592 ﬁeri
1345 4520 1588 4593 jubetur.

426 4606 503 4685 _Et
524 4610 658 4665 dixit
683 4611 826 4667 Deus
858 4612 1024 4668 :Fiat
1051 4614 1168 4683 lum,
1192 4624 1242 4671 et
1273 4616 1418 4687 facta
1450 4625 1526 4672 est
1550 4616 1662 4673 lux.
1697 4615 1960 4692 Congruit

2065 3408 2148 3455 est
2172 3398 2353 3455 saeculi
2366 3400 2475 3455 ﬁsa
2497 3415 2563 3456 ac
2580 3409 2841 3471 perpetua
2860 3400 2981 3457 luce
2992 3400 3248 3475 perfrui),
3269 3403 3366 3459 sed
3382 3404 3454 3459 ab
3474 3420 3581 3459 una
3605 3406 3673 3459 il-

2062 3489 2173 3544 lum
2201 3497 2356 3561 parte
2382 3489 2681 3558 illustrans,
2706 3489 2872 3545 aliam
2910 3489 3130 3561 reliquit
3176 3492 3492 3559 obscuram,
3519 3502 3672 3551 recte

2063 3582 2315 3638 subditur
2352 3599 2366 3638 :

2134 3677 2204 3733 Et
2260 3680 2437 3734 divisit
2492 3679 2662 3736 lucem
2713 3677 2777 3735 ac
2851 3680 3113 3736 tenebras.
3170 3679 3369 3737 Divisit
3424 3697 3665 3753 namque

2062 3787 2155 3828 eas
2180 3812 2195 3839 ,
2250 3786 2360 3827 non
2435 3772 2612 3828 solum
2671 3773 2967 3843 qualitatis,
3036 3774 3130 3829 sed
3186 3773 3535 3830 et'locorum
3579 3776 3663 3831 di-

2063 3865 2261 3920 stantia
2298 3864 2517 3920 :lucem
2565 3864 2817 3920 videlicet
2877 3865 2932 3920 in
2986 3866 3267 3935 superiore
3314 3866 3465 3922 orbis
3511 3870 3697 3937 parte

2064 3954 2431 4020 ditl‘undendo,
2458 3955 2513 4009 in
2537 3971 2642 4026 qua
2670 3956 2907 4010 humana
2933 3964 3053 4011 erat
3072 3957 3414 4012 conversatio
3440 3956 3658 4024 futura;

2064 4050 2325 4106 inferiora
2355 4063 2486 4104 vero
2517 4048 2636 4118 ejus
2663 4048 2860 4119 priscis
2889 4047 2946 4102 in
2994 4048 3233 4103 tenebris
3262 4063 3549 4104 remanere
3588 4049 3663 4104 si-

2062 4146 2240 4203 nendo

2134 4235 2525 4309 Appellavitque
2550 4233 2717 4290 lucem
2746 4234 2905 4300 diem,
2935 4242 2985 4289 et
3018 4234 3259 4289 tenebras
3293 4243 3520 4290 noctem.
3554 4234 3663 4306 Ap-

2060 4326 2282 4400 pellavit
2319 4335 2500 4382 autem
2541 4325 2745 4382 dictum
2768 4332 2870 4391 est,
2903 4325 3032 4396 quia
3061 4324 3141 4380 sic
3164 4323 3415 4380 distinxit
3452 4328 3658 4390 omnia,

2062 4430 2120 4478 et
2147 4420 2438 4487 ordinavit,
2474 4427 2535 4473 ut
2583 4428 2640 4474 et
2679 4417 2933 4474 discerni.
2962 4427 3204 4489 possent,
3226 4426 3282 4473 et
3311 4419 3534 4473 nomina
3564 4434 3658 4473 ac-

2062 4512 2264 4583 cipere.
2307 4511 2401 4567 Sic
2435 4511 2581 4567 enim
2608 4510 2838 4565 dicimus
2867 4528 2881 4564 :
2917 4508 3007 4564 ille
3043 4508 3439 4580 paterfamilias
3490 4511 3658 4565 aediﬁ-

2064 4607 2210 4663 cavit
2236 4606 2398 4661 istam
2425 4604 2667 4669 domum,
2704 4602 2758 4658 id
2788 4610 2894 4670 est,
2940 4601 3200 4685 aedificari
3230 4600 3377 4667 fecit,
3410 4610 3468 4657 et
3488 4601 3657 4656 multa

361 4680 617 4772 operibus
638 4702 734 4760 Dei
760 4714 821 4759 ut
842 4706 1030 4762 mundi
1059 4668 1311 4763 ornatum
1338 4723 1370 4763 a
1412 4708 1534 4765 luce
1556 4668 1957 4780 incipiat,°cum
1982 4668 2037 4729 Β
2065 4700 2196 4757 talia
2246 4714 2346 4768 De?
2409 4712 2600 4754 omnes
2648 4696 2819 4752 Ῑίιποε
2870 4677 3176 4751 δίνίηδίυω
3252 4693 3657 4765 script“?an

362 4791 479 4863 ipse
526 4795 597 4850 sit
638 4794 733 4851 lux
788 4812 938 4864 vera,
999 4797 1268 4872 lucemque
1316 4800 1513 4856 habitet
1547 4803 1958 4859 inaccessibilem

366 4885 417 4963 (I
474 4887 610 4944 Tim.
642 4889 751 4965 v1);
801 4891 957 4963 cujus
1000 4893 1317 4949 beatissima
1360 4896 1569 4952 visione
1617 4913 1744 4953 mox
1789 4898 1957 4953 creati

364 4980 419 5035 in
441 4980 594 5037 caelis
624 4982 887 5038 caelorum
909 4984 1085 5055 angeli
1113 4984 1227 5057 jam
1247 4985 1457 5056 perfrui
1483 4995 1786 5059 cmperant.
1817 4990 1956 5060 Apte

364 5074 492 5131 huic
539 5090 755 5147 quoque
806 5076 1004 5133 smculo
1078 5078 1321 5134 ornando
1375 5079 1610 5150 primam
1657 5079 1956 5135 materialis

363 5166 594 5240 gratiam
649 5167 785 5224 lucis
838 5168 1078 5236 donavit,
1120 5176 1179 5224 ut
1223 5177 1369 5226 esset
1414 5171 1556 5226 unde
1595 5180 1794 5226 caetera
1836 5187 1956 5241 qua:

364 5265 573 5312 crearet
629 5268 972 5329 apparerent.
1018 5259 1174 5329 Quod
1198 5270 1377 5317 autem
1406 5263 1610 5318 dixisse
1645 5262 1808 5328 Deus,
1841 5262 1955 5319 sive

363 5362 423 5408 ut
463 5353 555 5407 lux
585 5352 759 5419 fieret,
790 5354 905 5410 sive
937 5354 1042 5410 alia
1074 5370 1302 5427 quaeque
1321 5356 1659 5428 perhibetur,
1709 5371 1818 5411 non
1855 5370 1956 5411 no-

363 5458 481 5505 stro
512 5460 664 5501 more
689 5460 788 5516 per
817 5462 1011 5502 sonum
1051 5449 1203 5505 vocis
1247 5463 1570 5519 corporeum
1600 5446 1795 5502 fecisse
1829 5463 1955 5503 cre-

364 5541 574 5601 dendus
603 5547 708 5606 est,
739 5540 835 5596 sed
877 5540 1038 5597 altius
1082 5542 1490 5615 intelligendum
1534 5540 1737 5596 dixisse
1782 5540 1951 5596 Deum

363 5643 425 5692 ut
463 5634 621 5690 ﬁeret
642 5643 912 5700 creatura,
968 5634 1096 5705 quia
1146 5648 1245 5707 per
1263 5632 1501 5689 Verbum
1557 5647 1716 5688 suum
1747 5632 1948 5702 omnia,

364 5727 422 5786 id
459 5735 565 5793 est,
608 5741 706 5800 per
761 5727 1099 5800 unigenitum
1139 5725 1337 5781 Filium
1384 5723 1532 5780 fecit.
1579 5724 1657 5780 De
1703 5739 1810 5796 quo
1841 5740 1954 5780 ma-

365 5822 614 5881 nifestius
640 5821 969 5894 evangelista
996 5820 1234 5877 Joannes
1277 5837 1291 5874 :
1325 5817 1396 5875 In
1430 5819 1707 5890 principio,
1755 5808 1953 5889 inquit,

363 5926 480 5977 erat
538 5916 788 5985 Verbum,
815 5926 866 5976 et
901 5915 1129 5972 Verbum
1174 5922 1288 5971 erat
1330 5913 1470 5986 apud
1511 5913 1700 5981 Deum,
1743 5923 1790 5969 et
1810 5912 1954 5969 Deus

2064 4794 2432 4851 inveniuntur.
2492 4790 2607 4846 Hoc
2659 4788 2727 4844 ad
2762 4788 3095 4845 intellectum
3148 4794 3393 4844 nostrum
3453 4787 3657 4842 dictum

2061 4897 2165 4946 est.
2213 4887 2331 4955 Qua
2359 4886 2504 4942 enim
2535 4885 2716 4955 lingua
2760 4883 3050 4955 appellavit
3073 4882 3217 4938 Deus
3265 4881 3446 4938 lucem
3492 4882 3653 4945 diem,

2062 4992 2119 5037 et
2169 4979 2422 5035 tenebras
2450 4984 2682 5040 noctem,
2715 4981 2901 5030 utrum
2950 4974 3196 5040 Hebraea,
3229 4990 3298 5029 an
3321 4973 3537 5040 (ἔπεα,
3586 4989 3654 5028 an

2062 5071 2277 5137 Latina,
2326 5084 2396 5123 an
2434 5067 2540 5123 alia
2585 5066 2789 5138 aliqua,
2828 5074 2885 5121 et
2911 5067 2991 5122 sic
3029 5067 3212 5122 omnia
3263 5081 3385 5137 quae
3418 5066 3650 5133 vocavit,

2062 5165 2232 5238 quaeri
2265 5170 2447 5235 potest
2490 5175 2599 5231 qua
2622 5159 2803 5232 lingua
2824 5161 3122 5216 vocaverit.
3169 5157 3280 5214 Sed
3306 5158 3450 5229 apud
3483 5158 3653 5214 Deum

2062 5271 2231 5328 purus
2253 5252 2557 5310 intellectus
2604 5258 2709 5314 est,
2734 5251 2853 5307 sine
2881 5251 3110 5323 strepitu
3129 5258 3186 5307 et
3213 5248 3531 5306 diversitate
3550 5248 3651 5304 lin.

2061 5362 2310 5423 guarum.

2132 5437 2465 5511 Factumque
2493 5445 2571 5494 est
2590 5452 2799 5509 vespere
2825 5443 2876 5492 et
2896 5452 3049 5492 mane
3071 5436 3183 5493 dies
3228 5453 3388 5492 unus.
3417 5436 3649 5494 Factum

2060 5542 2144 5591 est
2180 5548 2424 5604 vespere,
2448 5532 2503 5588 id
2533 5540 2638 5599 est,
2664 5531 2946 5587 occidente
2969 5530 3230 5602 paulatim
3272 5529 3393 5587 luce
3410 5537 3535 5602 post
3560 5544 3651 5583 ex-

2059 5627 2262 5698 pletum
2293 5624 2527 5696 spatium
2554 5624 2761 5679 diurna:
2781 5622 3151 5694 longitudinis,
3180 5630 3341 5692 atque
3362 5622 3648 5677 inferiores

2059 5717 2246 5775 mundi
2269 5724 2452 5786 partes
2488 5714 2775 5781 subeunte,
2800 5714 2945 5784 quod
2970 5729 3115 5769 nunc
3146 5715 3348 5769 usitato
3377 5712 3510 5768 solis
3537 5711 3642 5767 cir-

2061 5810 2209 5867 cuitu
2232 5807 2483 5863 noctibus
2527 5805 2615 5878 agi
2643 5804 2819 5873 solet;
2877 5804 3080 5861 factum
3125 5812 3182 5861 et
3201 5818 3361 5859 mane
3384 5803 3647 5860 redeunte

2060 5901 2252 5961 eadem
2295 5897 2557 5971 paulatim
2616 5912 2781 5969 supra
2819 5906 3011 5967 terras,
3069 5904 3231 5968 atque
3279 5896 3448 5953 alium
3500 5895 3645 5953 diem
