3974 6500
346 440 447 507 481

990 428 1054 488 s.
1090 424 1351 487 uanam
1387 409 1610 487 iiAiiill
1644 416 1967 483 iactitat.
2003 408 2320 483 meum:
2357 408 2645 479 neuneu
2682 410 2864 472 rans
2898 408 2942 471 ι.

340 565 585 619 mentum
621 551 824 612 omium
859 547 1105 607 conditor
1133 542 1447 617 appellavit,
1492 536 1815 609 antiquioris
1856 533 1923 597 ἣν
1948 534 2004 603 Α
2025 534 2220 595 delicat
2242 540 2464 606 propter
2489 532 2785 597 multiﬁdos
2811 540 3001 589 earum
3049 530 3219 597 sinus,
3264 532 3361 603 qui
3402 528 3620 590 diversa

339 651 446 707 lius
465 644 725 704 vocabulo
748 645 1133 709 nuncupatum.
1175 635 1244 694 Et
1273 636 1348 695 ita
1378 633 1543 689 totius
1568 628 1753 687 mundi
1804 642 1919 685 nta-

341 740 581 804 cltinam,
610 751 733 810 cum
755 748 862 791 una
896 732 1087 787 domus
1107 735 1271 792 esset,
1306 726 1360 782 in
1383 726 1518 782 duas
1536 722 1718 783 divisit
1740 719 1920 792 regio-

341 847 461 889 nes.
508 825 796 885 Divisionis
848 831 1030 881 autem
1062 822 1181 879 haec
1209 818 1311 877 fuit
1344 832 1532 884 causa,
1580 822 1642 871 ut
1682 827 1921 885 superna

343 926 492 996 regio
533 921 741 994 angelis
792 916 1180 982 habitaculum,
1217 912 1443 970 inferior
1494 924 1627 966 vero
1654 907 1924 980 praeberet

341 1015 670 1072 hominibus.
708 1011 835 1070 limo
855 1017 1043 1067 nostro
1062 1007 1213 1079 operi
1245 1005 1435 1077 paucis
1473 1003 1715 1059 inserere
1742 998 1921 1066 libuit,

341 1115 403 1164 ut
437 1113 698 1178 quantum
760 1104 867 1165 hoc
906 1101 1131 1160 Patrum
1183 1097 1367 1156 sensui
1401 1092 1715 1161 concordet,
1751 1090 1926 1149 lector

342 1206 617 1272 agnoscat.

902 1358 905 1359 ν
995 1281 1221 1341 CAPUT
1255 1282 1347 1339 1v.

343 1377 443 1437 Ubi
471 1394 622 1452 aqua:
645 1395 679 1435 s
698 1385 843 1437 terra
883 1375 1286 1452 separatioﬁeri
1307 1373 1546 1452 iubetur,
1573 1379 1622 1427 et
1649 1374 1790 1428 terra
1807 1385 1924 1442 ger-

870 1448 1074 1507 minare
1104 1446 1189 1503 die
1216 1447 1392 1507 tertia.

410 1566 561 1627 Dixit
618 1580 742 1625 vero
800 1565 946 1622 Deus
973 1580 993 1621 :
1016 1561 1408 1636 ϐοηθήσειαν
1451 1577 1626 1634 aqum,
1665 1574 1782 1633 qua
1827 1557 1923 1614 sub

340 1659 465 1715 caelo
487 1667 625 1725 sunt,
655 1659 711 1717 in
731 1657 905 1714 locum
927 1673 1114 1723 unum,
1145 1664 1194 1710 et
1229 1662 1479 1727 appareat
1500 1652 1676 1709 arida.
1710 1648 1925 1707 Subdua

2018 641 2118 699 pre
2139 626 2420 698 regionum
2456 625 2733 686 vocabulis
2752 633 2811 683 et
2829 625 2933 696 ipsi
2961 623 3183 689 nomina
3213 626 3547 681 sortiuntur.

2089 718 2160 775 Et
2190 719 2317 779 vidit
2348 717 2491 777 Dm
2536 717 2677 789 quod
2706 726 2839 775 esset
2868 717 3098 773 essent.
3150 715 3262 772 Nec
3296 717 3429 772 dum
3476 725 3621 773 terra

2019 810 2375 883 genuinabat,
2406 807 2634 872 necdum
2655 808 2742 869 vci
2766 810 2881 880 ipsa
2897 808 2984 864 vel
3003 824 3156 879 aqua:
3177 811 3475 870 animantia
3499 810 3624 865 viva

2019 908 2403 981 produxerant,
2428 916 2485 965 et
2508 912 2690 964 tamen
2718 907 2904 963 videre
2929 906 3127 962 dicitur
3144 905 3287 961 Deus
3306 903 3453 977 quod
3478 910 3628 960 esset

2021 1002 2223 1060 bonum
2247 1002 2563 1059 cedentibus
2589 1001 2748 1073 aquis
2773 1000 3092 1073 apparuisse
3119 999 3351 1066 aridam,
3392 999 3524 1069 quia
3550 999 3628 1053 vi-

2024 1094 2218 1152 delicet
2254 1110 2407 1165 reque
2433 1094 2733 1151 aestimator
2768 1092 3141 1149 universitatis
3171 1091 3480 1163 praevidens
3505 1098 3629 1159 qva;

2023 1184 2205 1243 futura
2239 1194 2388 1253 sunt,
2437 1186 2592 1257 quasi
2616 1183 2858 1256 perfecta
2901 1185 3016 1257 jam
3052 1183 3252 1251 laudat;
3284 1192 3410 1254 quas
3448 1182 3631 1239 adhuc

2021 1278 2184 1351 primi
2205 1279 2388 1350 operis
2420 1278 2642 1336 exordia
2671 1283 2816 1333 sunt.
2864 1276 2978 1339 Nec
3021 1277 3241 1343 mirum,
3285 1274 3433 1346 apud
3462 1282 3629 1345 quem

2022 1378 2205 1427 rerum
2253 1370 2535 1441 perfectio,
2565 1384 2673 1425 non
2715 1368 2771 1424 in
2804 1368 3272 1431 consummatione
3296 1367 3509 1440 operis,
3536 1366 3633 1426 sed

2022 1461 2081 1520 in
2109 1477 2221 1519 suae
2246 1470 2331 1521 est
2351 1461 2828 1532 prmdestinstiane
2847 1461 3158 1519 voluntatis;

2094 1553 2165 1613 Et
2195 1556 2269 1613 ait
2292 1572 2310 1610 :
2337 1551 2602 1612 Gemina
2631 1562 2773 1615 terra
2798 1554 3010 1609 herbam
3050 1556 3321 1621 visentem,
3350 1562 3402 1611 et
3437 1554 3631 1625 facere

2022 1662 2128 1710 teut
2174 1660 2370 1712 umero,
2427 1653 2476 1700 et
2521 1644 2724 1715 tignum
2773 1645 3090 1716 pestiferum
3144 1646 3345 1717 tisicus
3394 1645 3629 1716 fructum

343 1762 538 1809 cuntur
567 1766 720 1821 aqua;
770 1766 892 1822 quas
927 1750 1068 1806 inter
1112 1748 1309 1805 caelum
1356 1757 1410 1802 et
1438 1755 1642 1801 terram
1671 1744 1921 1799 universa
2015 1736 2178 1807 justo
2201 1753 2364 1808 genus
2392 1753 2570 1804 suum;
2600 1737 2756 1808 cujus
2782 1753 2958 1793 semen
2982 1737 3039 1793 is
3075 1737 3349 1808 semetipso
3375 1736 3446 1795 sit
3476 1748 3633 1806 super

339 1845 758 1916 compleverant,
805 1848 860 1899 ct
909 1858 1073 1899 unum
1102 1847 1503 1914 congregantur
1532 1839 1588 1894 in
1614 1838 1813 1901 locum,
1860 1843 1923 1891 ut
1949 1905 1994 1916 __
2027 1837 2243 1889 terram.
2290 1829 2359 1887 Et
2395 1829 2596 1900 [suum
2639 1838 2715 1886 est
2759 1830 2857 1885 ita.
2888 1828 2957 1884 Et
2999 1828 3221 1902 protulit
3247 1838 3387 1883 terra
3418 1827 3629 1882 Aet-bent

337 1943 390 1992 et
431 1905 519 1993 lux
561 1951 682 2007 qua:
708 1905 985 2007 praeterito
1023 1935 1187 1991 biduo
1210 1905 1400 2005 “aquas
1433 1933 1579 1989 clara
1625 1926 1918 1998 lustrabat,

2042 1921 2292 1987 tireutettt,
2325 1931 2374 1979 et
2414 1922 2720 1992 απογραπηα
2773 1932 2948 1977 semen
2993 1920 3157 1991 justo
3217 1930 3385 1992 gentis
3441 1934 3628 1984 suum,

337 2026 534 2082 clarior
572 2042 709 2096 puro
757 2027 811 2082 in
857 2040 985 2081 aere
1041 2024 1462 2095 splendesceret,
1508 2028 1565 2079 et
1622 2031 1767 2078 terra
1801 2034 1923 2091 qum

337 2120 536 2175 latebat
577 2126 898 2193 appareret;
956 2132 1183 2188 quisque
1236 2123 1486 2172 contecta
1530 2114 1687 2185 aquis
1730 2113 1923 2168 limosa

337 2208 589 2266 manebat
654 2216 710 2265 et
747 2208 1003 2276 invalida,
1052 2209 1246 2263 barum
1290 2208 1545 2265 abscessu
1600 2206 1920 2261 redderetur

338 2300 508 2364 arida,
535 2307 591 2355 et
618 2299 973 2369 suscipiendis
999 2308 1125 2370 apta
1152 2299 1509 2371 germinibus.
1554 2298 1613 2353 Si
1634 2300 1758 2368 quis
1792 2310 1924 2354 vero

338 2391 609 2463 quaesierit
635 2392 729 2447 ubi
754 2400 1094 2463 congregata)
1117 2400 1248 2447 sunt
1271 2404 1429 2463 aqutc
1447 2407 1569 2463 quae
1597 2406 1787 2448 omnes
1816 2399 1927 2447 ter-

339 2501 411 2541 rae
444 2493 629 2555 partes
654 2485 724 2541 ad
749 2484 947 2540 caelum
970 2499 1144 2555 usque
1173 2491 1587 2555 cooperuerant,
1639 2485 1778 2541 sciat
1830 2499 1927 2555 po-

339 2578 507 2634 tuisse
551 2586 615 2634 ut
642 2580 790 2634 terra
835 2579 954 2650 ipsa
987 2579 1148 2649 longe
1184 2578 1401 2649 lateque
1440 2576 1597 2647 jussu
1646 2576 1926 2633 Creatoris

230 2644 303 2739 ζ
336 2668 623 2726 subsidens
676 2669 813 2727 alias
844 2644 1025 2743 partes
1058 2644 1331 2743 praeberet
1377 2644 1670 2737 concavas,
1705 2668 1923 2739 quibus

334 2762 675 2822 Conﬂuentes
719 2778 873 2836 aqua
902 2766 1295 2837 reciperentur,
1347 2773 1409 2820 ut
1449 2770 1737 2835 appareret
1774 2762 1926 2817 arida

343 2870 406 2915 ex
431 2856 516 2913 his
544 2857 791 2927 partibus
827 2856 969 2913 unde
997 2858 1195 2914 humor
1224 2857 1514 2914 excederet
1538 2863 1601 2912 ut
1635 2856 1786 2911 arida
1832 2854 1928 2909 ile-

341 2959 439 3007 ret.
469 2950 656 3011 Potest
682 2952 846 3009 etiam
890 2967 999 3008 non
1037 2952 1275 3009 absurde
1297 2952 1444 3008 credi
1472 2951 1714 3006 rariores
1766 2948 1929 3021 (sicut

341 3049 393 3097 et
422 3051 587 3112 supra
620 3044 1185 3116 commemoravimus)
1216 3044 1509 3115 primariae
1532 3042 1702 3098 fuisse
1731 3055 1924 3111 aquas,

342 3148 463 3204 quae
488 3132 637 3191 velut
662 3135 859 3190 nebula
887 3144 1063 3191 terras
1090 3144 1356 3208 tegerent,
1386 3134 1805 3207 congregatione
1840 3144 1931 3188 au-

344 3231 453 3279 tem
481 3240 603 3281 esse
630 3225 915 3297 spissatas,
944 3238 1066 3297 quae
1091 3227 1234 3283 datis
1253 3226 1357 3283 sibi
1377 3227 1513 3283 locis
1534 3227 1655 3299 capi
1687 3230 1926 3298 possent,

2023 2012 2324 2086 lignumque
2367 2012 2567 2083 faciens
2615 2012 2866 2083 fructum,
2922 2020 2976 2068 et
3002 2012 3198 2068 trudens
3222 2011 3632 2082 unumquodque

2023 2117 2305 2165 sementem
2346 2108 2634 2163 secundum
2679 2109 2903 2180 speciem
2955 2116 3131 2165 suam;
3188 2107 3261 2163 Et
3311 2108 3446 2163 vidit
3493 2106 3633 2162 Deus

2022 2200 2163 2272 quod
2188 2210 2318 2257 esset
2352 2200 2565 2265 bonum,
2594 2200 2898 2272 faciuntque
2925 2208 3001 2255 est
3027 2206 3236 2272 vespere
3261 2205 3312 2256 et
3341 2210 3501 2255 multa
3525 2199 3634 2254 dies

2026 2297 2235 2355 tertius.
2262 2295 2420 2353 Patet
2452 2311 2520 2351 ex
2547 2295 2631 2351 his
2660 2295 2757 2351 Dei
2784 2295 2966 2351 verbis
3003 2295 3129 2366 quia
3175 2298 3346 2350 verno
3389 2302 3636 2364 tempore

2024 2392 2213 2450 mundi
2241 2400 2326 2447 est
2346 2389 2623 2461 perfectus
2642 2398 2892 2445 ornatus.
2928 2389 2985 2444 in
3012 2390 3116 2445 hoc
3140 2390 3286 2444 enim
3312 2388 3494 2444 solent
3514 2386 3637 2442 ber-

2024 2486 2111 2543 ba:
2154 2485 2395 2541 virentes
2444 2500 2707 2556 apparere
2743 2484 2799 2539 in
2847 2491 3014 2548 terra,
3059 2491 3116 2539 et
3172 2483 3318 2553 ligna
3368 2480 3637 2552 pomifera

2025 2588 2191 2639 stare.
2240 2579 2523 2651 Simulque
2555 2577 2852 2635 notandum
2881 2577 3027 2649 quod
3074 2592 3184 2632 non
3224 2576 3405 2648 prima
3437 2575 3637 2631 herba-

2030 2688 2154 2729 rum
2183 2673 2550 2741 arborumque
2578 2672 2823 2743 germina
2871 2671 2938 2726 de
2966 2671 3194 2735 semine,
3241 2664 3338 2724 sed
3388 2667 3642 2738 prodiere

2029 2764 2095 2821 de
2120 2772 2288 2818 terra.
2319 2762 2454 2818 Nam
2479 2761 2547 2817 ad
2573 2778 2738 2818 unam
2778 2760 3435 2833 Conditorisjussioncm,
3471 2770 3639 2826 terra,

2028 2872 2150 2929 quas
2173 2857 2325 2914 arida
2347 2857 2661 2928 apparebat,
2680 2864 2901 2927 repente
2919 2855 3105 2911 herbis
3125 2858 3358 2925 compta,
3378 2859 3435 2908 et
3457 2858 3643 2908 nemo-

2030 2950 2183 3007 ribus
2206 2958 2293 3007 est
2312 2949 2508 3005 vestita
2539 2948 2879 3015 ﬂorentibus,
2913 2952 3077 3019 atque
3100 2948 3218 3003 haec
3245 2945 3533 3011 continuo,
3558 2944 3644 3000 sui

2030 3057 2259 3115 quisque
2284 3041 2545 3114 germinis
2584 3051 2746 3113 poma
2776 3054 2844 3096 ex
2869 3050 2991 3096 sese
3014 3054 3080 3096 ac
3116 3037 3327 3095 stamina
3367 3035 3642 3107 produxe-

2030 3143 2180 3192 runt.
2229 3134 2530 3206 Oportebat
2577 3134 2725 3190 enim
2754 3140 2816 3189 ut
2862 3133 3038 3188 turma
3090 3144 3318 3203 quaeque
3345 3136 3535 3184 rorem
3576 3125 3646 3181 ad

2033 3208 2320 3303 imperium
2349 3230 2563 3286 Domini
2608 3230 2789 3301 primo
2819 3228 3063 3299 perfecta
3111 3222 3457 3297 procederet,
3508 3236 3643 3294 quo-

345 3326 642 3386 apparcntc
678 3318 831 3375 arida
852 3319 907 3374 in
928 3318 1172 3390 reliquis.
1205 3319 1353 3376 Bene
1380 3328 1583 3384 autem,
1615 3332 1739 3376 cum
1760 3318 1930 3373 multa
1958 3314 2003 3338 υ
2036 3326 2200 3387 modo
2228 3330 2283 3381 et
2307 3325 2475 3380 homo
2501 3324 2638 3395 ipse,
2683 3328 2906 3394 propter
2932 3326 3095 3392 quem
3122 3315 3307 3375 omnia
3345 3314 3490 3372 facta
3523 3318 3651 3370 sunt

347 3416 559 3465 constet
586 3424 708 3466 esse
746 3411 944 3479 maria,
980 3412 1037 3467 ln
1064 3411 1243 3469 locum
1289 3422 1460 3468 unum
1489 3418 1672 3468 tamen
1700 3418 1933 3483 congre-

280 3508 289 3514 ‘
343 3507 499 3572 gaias
543 3500 677 3557 dicit
723 3517 916 3572 aquas,
955 3504 1085 3574 quia
1122 3502 1380 3560 videlicet
1427 3512 1626 3561 cuncta
1674 3504 1793 3559 hmc
1819 3502 1937 3573 jugl

345 3594 492 3649 unda
526 3601 687 3663 atque
728 3597 1005 3662 continua,
1074 3596 1289 3653 Oceano
1337 3611 1403 3653 ac
1449 3596 1590 3651 mari
1637 3595 1940 3666 junguntur

352 3694 569 3754 magno.
596 3684 704 3740 Sed
739 3686 785 3741 si
813 3686 908 3756 qui
929 3686 1080 3742 lacus
1105 3687 1161 3741 in
1191 3687 1511 3757 semetipsos
1538 3686 1793 3741 videntur
1818 3700 1940 3742 esse

348 3774 769 3847 circumscripti,
796 3785 852 3832 et
879 3779 978 3833 hos
998 3776 1184 3832 ferunt
1207 3777 1441 3835 occultis
1468 3775 1793 3847 Quibusdam
1820 3788 1941 3846 pcr-

351 3865 556 3926 i‘oratos
578 3868 828 3924 cavernis
850 3869 906 3924 iu
927 3882 1080 3924 mare
1106 3884 1235 3926 suos
1273 3868 1523 3925 evolvere
1548 3876 1775 3924 meatus.
1803 3867 1939 3923 Nam

349 3968 405 4014 et
433 3959 667 4017 iussuros
692 3962 796 4017 hoc
816 3968 1100 4031 puteorum
1128 3962 1383 4032 probant,
1412 3961 1540 4031 quia
1575 3960 1734 4017 tellus
1763 3960 1943 4016 Omnis

348 4067 443 4122 per
474 4052 772 4109 invisibiles
806 4068 972 4109 venas
999 4054 1154 4124 aquis
1181 4053 1266 4109 est
1307 4053 1515 4124 repleta
1567 4053 1940 4120 manantibus,

350 4158 470 4213 qum
502 4145 724 4201 trahunt
750 4161 818 4200 ex
846 4147 981 4201 mari
1011 4147 1358 4217 principium.

419 4233 490 4287 Et
520 4236 715 4289 vocavit
756 4235 899 4293 Deus
937 4236 1144 4291 aridam
1172 4247 1390 4304 terram,
1420 4238 1944 4310 congregationesque

349 4339 609 4397 aquarum
651 4325 927 4395 appellavit
955 4330 1145 4383 maria.
1192 4327 1351 4385 Prius
1382 4330 1601 4400 quidem
1637 4330 1707 4385 ad
1745 4329 1941 4385 distiu-

350 4418 587 4473 ctionem
640 4433 924 4487 aquarum,
984 4428 1151 4476 totam
1198 4421 1341 4477 hanc
1385 4422 1696 4478 solidiorcm
1758 4422 1945 4478 mundi

350 4516 561 4581 partem
586 4509 875 4580 appellavit
904 4521 1127 4580 terram,
1160 4530 1284 4570 cum
1321 4516 1563 4570 diceret:
1598 4514 1666 4569 In
1688 4514 1945 4585 principia

353 4602 545 4656 creavit
576 4600 720 4657 Deus
744 4602 927 4658 emittm
951 4613 1000 4659 et
1022 4615 1215 4661 terram
1237 4622 1256 4671 ,°
1279 4614 1421 4660 terra
1446 4614 1619 4659 autem
1645 4616 1757 4659 erat
1771 4606 1945 4659 inanis

351 4696 401 4743 et
438 4704 621 4742 vacua.
673 4687 743 4742 At
792 4702 938 4744 nunc
981 4701 1267 4762 postquam
1314 4689 1539 4745 formari
1563 4690 1676 4760 jam
1711 4690 1947 4745 mundus

355 4776 563 4847 incipit,
590 4785 666 4845 et,
691 4780 846 4849 aquis
879 4795 1038 4837 suum
1074 4783 1128 4839 in
1158 4783 1334 4838 locum
1359 4780 1757 4848 recedentibus,
1786 4790 1948 4837 teme

355 4865 524 4924 facies
551 4879 795 4941 apparet,
824 4872 893 4927 ad
920 4872 1322 4929 distinctionem
1353 4875 1523 4944 partis
1550 4871 1668 4942 ejus
1696 4886 1817 4944 quae
1847 4874 1945 4930 ad—

355 4959 464 5017 huc
488 4962 645 5032 aquis
669 4963 1035 5033 premebatur,
1075 4972 1274 5019 caetera
1300 4965 1496 5033 portio,
1540 4981 1702 5036 quam
1738 4966 1949 5020 aridam

357 5067 476 5108 csse
501 5053 715 5121 licebat,
754 5064 911 5111 terrte
952 5071 1147 5117 neuneu
1191 5056 1418 5126 accepit.
1467 5056 1597 5111 lude
1643 5058 1845 5112 dictum
1870 5065 1953 5112 est

359 5143 571 5217 Latine,
601 5149 745 5218 quod
792 5148 1149 5207 animantium
1191 5148 1420 5217 pedibus
1457 5158 1682 5205 teratur.
1713 5150 1951 5222 Congre-

361 5239 604 5307 gaiioncs
644 5252 908 5308 aquarum
947 5239 1283 5309 appellantur
1322 5245 1513 5309 maria,
1552 5243 1799 5300 videlicet
1822 5254 1949 5317 pro-

362 5327 508 5381 xima
538 5325 670 5398 [Αι.,
703 5342 801 5397 pro
830 5329 1091 5403 maxime]
1123 5332 1204 5386 sui
1228 5341 1401 5401 parte.
1432 5333 1569 5387 Nam
1595 5342 1651 5389 et
1676 5335 1821 5404 apud
1846 5334 1952 5391 He-

362 5415 538 5472 braeos
559 5426 767 5473 cunctre
794 5432 1058 5490 aquarum
1107 5424 1579 5495 congregationes,
1609 5425 1726 5481 sive
1775 5427 1952 5493 salsis,

364 5509 478 5565 sive
509 5510 619 5566 sint
664 5510 869 5578 dulces,
896 5514 1154 5584 appellari
1207 5517 1463 5573 dicuntur
1507 5520 1698 5574 maria.
1735 5520 1802 5575 Et
1829 5528 1955 5593 apte

365 5600 456 5671 qui
502 5600 653 5672 prius
698 5612 921 5675 propter
968 5606 1430 5665 continuationem
1476 5612 1715 5667 omnium
1742 5626 1862 5683 qua:
1895 5613 1952 5668 in

363 5693 528 5749 terris
551 5702 677 5753 sunt
716 5711 1002 5768 aquarum,
1038 5699 1097 5755 in
1134 5700 1311 5756 locum
1353 5716 1521 5761 unum
1544 5720 1639 5761 ess
1662 5706 1800 5761 dixit
1822 5708 1954 5761 cen-

363 5794 636 5857 gregatas,
688 5806 835 5847 nunc
858 5798 916 5848 et
961 5796 1149 5848 carum
1192 5798 1634 5869 eongregationcs
1674 5796 1955 5869 pluraliter

367 5878 632 5950 nominat.
657 5889 714 5949 et
740 5883 859 5949 haec
890 5884 1150 5956 appellari
1179 5888 1350 5944 maria
1375 5888 1660 5960 pluraler
1688 5889 1839 5959 dicit,
1865 5891 1949 5948 vi-

2037 3419 2095 3477 in
2124 3424 2290 3484 terra,
2319 3415 2591 3491 perfectis,
2615 3416 2721 3474 hoc
2740 3423 2824 3475 est
2842 3411 3121 3488 juvenilis,
3143 3410 3323 3470 atatis
3347 3403 3651 3481 plasmatus

2041 3522 2167 3568 esse
2189 3509 2494 3567 credendus
2517 3512 2622 3567 est.

2685 3608 2916 3678 CAPUT
2950 3615 2999 3675 ν
3111 3605 3116 3610 ’

2046 3713 2145 3771 Ubi
2182 3713 2908 3839 luminariajubentur,
2939 3720 2989 3767 et
3024 3710 3164 3781 facta
3186 3714 3309 3763 sunt
3330 3705 3417 3762 die
3434 3715 3645 3779 quarto,

2078 3785 2232 3839 Dixit
2261 3795 2437 3839 autent
2515 3802 2607 3839 eus
2630 3799 2649 3837 :
2679 3782 2843 3839 Fiant
2871 3780 3161 3837 luminaria
3188 3779 3243 3835 in
3278 3779 3617 3839 ﬁnitamento

2078 3785 2232 3843 Dixit
2261 3795 2437 3840 autent
2463 3779 2649 3840 Deus}
2679 3782 2843 3839 Fiant
2871 3779 3161 3837 luminaria
3188 3779 3243 3835 in
3276 3779 3617 3849 ﬁrmmnento

2043 3878 2179 3934 creti.
2238 3876 2463 3934 Decenti
2521 3877 2657 3932 satis
2694 3875 2887 3931 ordine
2930 3873 3162 3929 mundus
3210 3880 3278 3928 ex
3309 3869 3542 3926 materia
3569 3868 3650 3923 in-

2043 3972 2204 4028 formi
2256 3987 2555 4043 congruam
2604 3968 2851 4042 procedit
2914 3970 2982 4024 ad
3034 3969 3283 4024 formam.
3349 3966 3647 4035 Postquam

2045 4064 2190 4120 enim
2220 4070 2345 4117 ante
2367 4070 2584 4117 omnem
2614 4062 2777 4134 hujus
2806 4060 2990 4118 saeculi
3021 4060 3188 4126 diem,
3228 4056 3426 4114 malum
3452 4066 3505 4111 et
3543 4064 3651 4112 ter-

2045 4166 2163 4210 ram
2195 4161 2249 4210 et
2274 4166 2468 4223 aquam
2515 4153 2660 4209 Deus
2687 4153 2914 4219 creavit,
2952 4153 3057 4207 hoc
3105 4158 3187 4207 est
3221 4149 3557 4221 snpcrlorem
3586 4146 3650 4202 ll-

2045 4247 2158 4302 lum
2188 4254 2243 4301 et
2267 4244 2603 4317 spiritualem
2626 4260 2749 4301 cum
2789 4245 2902 4301 suis
2941 4230 3131 4299 incolis
3173 4242 3455 4306 mundum,
3486 4249 3543 4297 et
3574 4242 3652 4296 in-

2046 4338 2276 4394 formem
2324 4337 2612 4394 inatcriam
2659 4336 2825 4392 totius
2869 4334 3030 4406 hujus
3060 4333 3269 4399 mundi,
3312 4333 3469 4403 juxta
3507 4331 3651 4412 quod

2048 4429 2311 4500 scriptum
2342 4437 2460 4484 est:
2495 4428 2601 4495 Qui
2636 4429 2757 4483 vivit
2782 4430 2837 4483 in
2859 4437 3115 4483 veternum
3139 4427 3333 4481 creavit
3376 4427 3555 4480 omnia
3578 4425 3650 4478 si-

2048 4519 2160 4576 mul
2189 4519 2377 4593 (Eccli.
2402 4518 2523 4592 χιιι)
2551 4538 2567 4588 ;
2601 4521 2777 4591 primo
2806 4508 2967 4588 hujus
2994 4518 3176 4575 sazcull
3197 4519 3284 4573 die
3304 4516 3482 4573 lucem
3504 4515 3648 4582 fecit,

1970 4638 2026 4703 Β
2051 4624 2170 4682 quae
2195 4620 2420 4667 caeteras
2440 4620 2716 4666 creaturas
2747 4611 2948 4681 speciei
2992 4625 3223 4681 capaces
3250 4610 3521 4665 redderet.
3554 4606 3653 4662 Se-

2054 4702 2231 4759 cundo
2256 4702 2657 4757 ﬁrmamentum
2685 4700 2828 4766 coeli,
2860 4700 3192 4770 superiorem
3224 4696 3475 4755 videlicet
3495 4692 3650 4765 hujus

2055 4793 2243 4850 mundi
2276 4800 2490 4864 partem
2518 4792 2573 4845 ln
2623 4804 2887 4861 aquarum
2923 4790 3103 4845 medio
3147 4788 3417 4845 solidavit.
3469 4786 3649 4842 Tertio

2057 4884 2112 4940 iu
2141 4882 2491 4938 inferioribus
2516 4896 2666 4936 mare
2694 4888 2981 4950 terrasque
3010 4880 3122 4935 suis
3148 4878 3392 4935 decrevit
3433 4877 3646 4941 linihus,

2058 4984 2349 5041 acremque
2376 4972 2489 5026 suis
2517 4972 2573 5026 in
2613 4969 2745 5027 locis
2776 4971 3002 5027 cedente
3029 4986 3168 5041 aqua
3213 4968 3445 5025 dlii‘udit.
3485 4968 3650 5038 Opor-

2057 5066 2160 5122 tult
2195 5078 2326 5136 ergo
2347 5072 2408 5121 ut
2433 5064 2621 5119 eodem
2647 5070 2755 5135 quo
2775 5072 2963 5119 creata
2986 5070 3113 5118 sunt
3139 5062 3328 5118 ordine
3350 5060 3649 5132 prolbctum

2057 5163 2317 5229 caperent
2354 5157 2623 5213 elementa
2653 5157 2931 5228 amplioris
2960 5164 3207 5222 Ornatus,
3240 5155 3294 5210 id
3325 5162 3429 5223 est,
3458 5163 3649 5226 quarto

2059 5250 2146 5307 die
2185 5249 2383 5307 cmliim
2435 5249 2788 5305 luniinaribus
2812 5249 3189 5320 insigniretur,
3243 5248 3433 5318 quinto
3481 5263 3576 5303 scr
3599 5254 3650 5300 et

2059 5354 2235 5409 mare,
2266 5352 2421 5397 scito
2444 5348 2590 5396 terra
2616 5340 2730 5396 suis
2756 5340 3076 5410 impleretur
3098 5332 3487 5395 animantibus.
3518 5338 3651 5394 Nam

2060 5434 2204 5504 quod
2224 5433 2312 5488 die
2334 5433 2493 5488 tertia
2526 5440 2669 5487 terra
2695 5431 2881 5489 herbis
2906 5440 2990 5489 est
3013 5431 3406 5503 arboribusque
3434 5432 3650 5496 vestita,

2059 5534 2169 5584 non
2191 5529 2259 5583 ad
2300 5534 2553 5584 ornatum
2598 5527 2735 5601 ejus,
2765 5524 2858 5584 sed
2886 5526 2951 5583 ad
2979 5529 3177 5601 ipsam,
3198 5535 3259 5584 ut
3288 5527 3364 5585 ita
3398 5528 3647 5593 (literis),

2059 5619 2250 5694 figurae
2275 5619 2392 5690 ejus
2413 5618 2758 5692 superﬁciem
2799 5620 3052 5692 pertinet.

2128 5709 2276 5767 Dixit
2295 5719 2471 5767 autem
2506 5711 2651 5768 Deus
2671 5724 2692 5765 :
2727 5708 2891 5769 Fiant
2917 5708 3202 5768 luminaria
3244 5712 3300 5768 in
3320 5713 3651 5783 [irritamento

2057 5802 2193 5873 mli,
2213 5812 2263 5860 et
2284 5802 2521 5859 dividant
2537 5802 2677 5860 diem
2698 5821 2761 5860 ac
2782 5813 3002 5861 noctem.
3026 5803 3103 5860 Ea
3121 5802 3370 5861 videlicet
3390 5802 3652 5859 divisione

2058 5909 2180 5967 qua:
2204 5895 2261 5955 in
2289 5895 2641 5968 sequentibus
2670 5895 2974 5969 explicem
3012 5896 3271 5969 apertius,
3314 5904 3373 5953 ut
3411 5895 3495 5953 soi
3527 5893 3648 5966 qui-
