3974 6470
249 426 363 492 438

1284 425 1642 498 COMMENT.
1680 436 1751 496 1N
1787 424 2112 498 GENESIM.
2147 458 2220 483 ιω
2419 432 2464 497 ι.

3426 442 3533 506 ΔΜ

250 542 378 610 dem
396 540 563 619 diem,
589 558 715 608 mna
741 552 873 611 vero
895 554 952 609 et
977 550 1147 610 stertat
1166 537 1382 612 noctem
1408 555 1701 612 iilustrent.
1728 548 1842 612 Hoc
1869 557 1921 621 Α
1945 571 2047 628 gna
2078 566 2365 628 possumus
2395 557 2657 629 accipere,
2694 562 2802 615 non
2845 558 2959 616 tam
3004 559 3546 634 aliorum'compara-

248 646 395 702 enim
426 642 587 700 factis
615 642 882 701 sideribus
919 642 984 701 ad
1034 654 1376 719 attgmentum
1412 648 1686 721 primariae
1713 648 1873 737 lucis‘

249 738 503 805 accessit,
538 737 779 793 utetiam
812 738 1077 795 luminosa
1101 750 1205 796 nox
1230 741 1569 814 procederet,
1601 740 1687 797 vel
1707 740 1848 797 lunas

247 830 438 902 utique
486 828 796 902 splendore,
832 831 919 887 vel
963 831 1261 901 stellarum,
1304 834 1391 891 vel
1439 842 1670 906 utroque
1705 834 1847 889 irra-

246 921 417 989 diata,
450 938 571 993 quae
595 926 819 979 eatenus
846 918 922 979 nil
949 932 1146 995 praeter
1166 927 1419 983 tenebras
1453 933 1684 982 noverat
1711 926 1850 981 antis

249 1030 407 1086 quas.
436 1010 571 1070 Nam
599 1019 656 1071 et
680 1014 725 1071 si
754 1014 911 1071 nobis
954 1017 1246 1093 saepissime
1274 1033 1383 1073 nox
1431 1016 1724 1074 tenebrosa
1771 1016 1852 1070 vi-

246 1105 445 1160 deatur
472 1113 525 1161 et
548 1120 714 1173 eatea,
746 1107 1035 1163 obscurato
1059 1100 1312 1165 videlicet
1359 1104 1641 1167 nebulosis
1679 1106 1850 1162 turbi-

245 1198 409 1253 nibus
443 1213 570 1254 aere
596 1200 687 1269 qui
720 1204 880 1254 terrm
915 1201 1192 1275 proximus
1217 1208 1323 1271 est,
1355 1204 1633 1274 superiora
1651 1206 1849 1255 \tamen

247 1290 337 1346 illa
359 1293 553 1363 spatia,
586 1309 707 1369 quas
732 1294 950 1351 aetheris
993 1286 1211 1352 nomine
1256 1302 1570 1366 censentur,
1600 1304 1654 1354 et
1675 1310 1705 1353 a
1729 1300 1853 1355 lur-

246 1383 469 1440 bulento
510 1384 615 1440 hoc
642 1396 769 1441 aere
795 1401 967 1459 usque
1001 1388 1068 1443 ad
1095 1386 1367 1445 sidereum
1395 1392 1703 1463 pertingant
1730 1402 1848 1448 cte-

243 1480 380 1544 lum,
432 1495 649 1551 semper
691 1480 761 1535 ob
804 1478 1040 1539 siderum
1086 1483 1531 1539 circumeuntium
1580 1483 1845 1556 fulgorem

246 1568 548 1623 reddunmr
576 1564 773 1625 lucida.
809 1570 916 1626 Sed
958 1580 1013 1627 et
1041 1568 1146 1628 hoc
1189 1574 1357 1629 divini
1389 1575 1631 1630 muneris
1657 1582 1846 1632 exorta

245 1662 429 1719 sidera
458 1680 581 1719 cum
610 1656 981 1721 additamento
1016 1667 1155 1723 lucis
1184 1669 1386 1725 mundo
1424 1664 1745 1737 attulerunt,
1787 1676 1847 1724 ut

245 1755 526 1812 distinctio
563 1773 780 1828 quoque
802 1767 1102 1837 temporum
1124 1760 1416 1843 labentium
1439 1777 1537 1835 per
1571 1779 1635 1819 ea
1661 1769 1846 1834 posset

245 1844 511 1918 dignosci.
541 1846 689 1902 Unde
725 1849 1005 1919 sequitur:

1953 648 2116 715 tione,
2142 660 2305 719 quam
2331 662 2431 706 suo
2456 662 2702 719 munere,
2731 656 2791 707 ut
2832 657 2915 709 est
2939 652 3139 709 cretum
3173 664 3453 727 magnum,
3490 662 3545 711 et

1950 752 2101 796 mare
2146 752 2417 812 magnum.
2468 741 2604 798 Nam
2654 751 2711 798 et
2755 750 2981 817 magtttts
3028 745 3131 813 soi,
3173 746 3264 817 qui
3314 745 3549 815 complet

1949 831 2134 888 orbem
2179 843 2450 889 terrarum
2493 848 2592 890 suo
2621 834 2824 903 calore,
2873 838 2958 891 rei
3008 824 3136 897 lima
3181 854 3279 895 suo
3302 839 3541 896 lumine:

1950 938 2069 997 quae
2107 929 2160 982 in
2206 942 2529 1000 quacunque
2586 940 2741 1001 parte
2787 930 2993 988 iuerint
3041 930 3188 1001 cteli,
3242 933 3547 989 illuminant

1950 1019 2153 1086 omnia,
2211 1026 2265 1075 et
2306 1032 2460 1092 aeque
2511 1026 2828 1092 spectantur
2875 1036 2906 1079 a
2935 1026 3164 1081 cunctis.
3227 1023 3545 1095 Exemplum

1950 1108 2333 1180 magnitudinis
2359 1114 2546 1167 eorum
2571 1113 2814 1180 evidens,
2849 1114 2994 1185 quod
3022 1115 3273 1171 omnibus
3313 1114 3547 1171 homini-

1949 1198 2050 1256 bus
2068 1201 2215 1257 orbis
2242 1202 2481 1272 ipsorum
2504 1203 2644 1260 idem
2670 1206 2903 1261 videtur.
2936 1202 3071 1261 Nam
3096 1208 3141 1262 si
3170 1205 3328 1278 longe
3354 1207 3546 1278 pusitis

1950 1295 2130 1351 minor
2158 1295 2452 1364 videretur,
2485 1305 2540 1353 et
2569 1300 2792 1370 propius
2820 1296 3131 1357 constitutis
3159 1298 3336 1370 major
3378 1300 3547 1356 retul-

1951 1393 2120 1460 geret,
2150 1388 2400 1458 proderet
2423 1389 2737 1461 exiguitatis
2767 1390 3046 1446 indicium.

2022 1474 2306 1534 Luminare
2324 1481 2498 1551 majus
2519 1490 2575 1535 ut
2598 1492 2840 1553 prwesset
2859 1483 2985 1549 diei,
3002 1491 3050 1537 et
3073 1479 3332 1537 luminare
3350 1482 3544 1550 minus,

1944 1585 2008 1633 att
2033 1584 2273 1645 prwesset
2304 1577 2476 1641 nacti;
2504 1581 2552 1631 et
2600 1574 2796 1642 stellas,
2829 1587 2879 1632 et
2918 1579 3090 1649 posuit
3141 1594 3231 1633 eas
3276 1578 3331 1632 in
3364 1579 3549 1647 ﬁrma-

1945 1677 2120 1726 mento
2147 1665 2279 1721 creti.
2311 1664 2599 1723 Luminare
2637 1668 2810 1740 majtls
2840 1676 2922 1724 est
2961 1669 3063 1736 sol,
3093 1684 3198 1724 non
3225 1669 3398 1724 solum
3430 1669 3546 1724 lbr-

1943 1774 2033 1817 ma
2065 1758 2151 1818 sui
2180 1757 2568 1833 qualiscunque
2594 1766 2676 1816 est
2699 1762 2963 1832 corporis,
2999 1757 3091 1817 sed
3138 1762 3303 1816 etiam
3335 1761 3546 1833 magni-

1876 1922 1885 1929 ν
1947 1857 2132 1913 tudine
2178 1852 2419 1921 luminis,
2467 1856 2593 1926 quia
2624 1862 2679 1911 et
2726 1856 2901 1926 ipsum
2950 1854 3218 1911 luminare
3271 1856 3450 1910 minus
3493 1862 3550 1911 et

321 1958 392 2012 Et
419 1958 522 2013 sint
544 1960 600 2013 in
621 1960 792 2031 signa,
816 1969 863 2015 ει
892 1966 1147 2041 tempora,
1188 1968 1238 2018 ετ
1261 1961 1372 2018 die,
1409 1971 1459 2018 ει
1496 1976 1685 2031 annos,
1716 1962 1843 2033 quia
1870 1935 1919 1994 Β
1947 1951 2132 2006 stellas
2163 1940 2442 2006 illustrare
2486 1949 2745 2004 creditur.
2795 1950 2965 2022 Malus
2995 1958 3079 2006 est
3125 1958 3178 2006 et
3206 1952 3409 2006 virtute
3452 1960 3545 2006 ar-

244 2049 509 2107 nimirum
556 2051 871 2123 priusquam
909 2052 1086 2108 sidera
1132 2052 1343 2121 tierent,
1372 2071 1477 2115 non
1501 2044 1618 2111 erat
1645 2056 1842 2128 quibus

245 2140 389 2198 ordo
419 2149 719 2213 temporum
757 2152 1113 2201 annotaretur
1143 2144 1375 2203 indiciis.
1406 2145 1524 2203 Non
1558 2154 1679 2205 erat
1702 2147 1842 2204 unde

247 2232 555 2293 meridiana
582 2234 717 2299 hora
737 2236 1166 2311 dignosceretur,
1193 2247 1483 2312 antequam

375 2366 459 2419 Sol
481 2368 701 2421 medium
718 2370 833 2422 ιωιι
855 2373 1218 2426 conscenderet
1235 2374 1612 2438 igneusjorhem
1633 2386 1653 2438 ι

242 2509 357 2550 non
388 2486 532 2551 unde
576 2497 790 2554 uetera“:
827 2498 935 2555 diei
987 2500 1272 2572 noetisque
1321 2501 1628 2574 signaretur
1669 2494 1837 2569 horas,

239 2584 419 2645 donec
439 2598 589 2646 astra
616 2591 799 2672 polum
823 2593 1017 2670 aequali
1039 2595 1183 2651 intra
1205 2612 1263 2653 se
1290 2609 1438 2654 sorte
1458 2598 1545 2654 die
1570 2604 1841 2669 noctuque

239 2676 567 2736 dividerent.
611 2680 751 2738 Sunt
782 2698 911 2755 ergo
965 2683 1250 2741 luminaria
1276 2686 1330 2741 in
1379 2688 1552 2760 signa,
1601 2688 1657 2743 et
1706 2696 1841 2743 tem-

233 2785 399 2843 pora,
426 2770 484 2827 et
508 2771 645 2840 dies,
669 2781 725 2830 et
750 2790 941 2842 annos,
969 2792 1079 2832 non
1099 2777 1241 2848 quod
1264 2794 1295 2832 a
1319 2779 1628 2835 conditione
1652 2793 1842 2834 eorum

236 2869 491 2939 tempora
518 2874 826 2937 cmperunt,
853 2882 974 2939 qua:
1017 2878 1232 2925 constat
1256 2870 1485 2940 cmpisse
1515 2887 1546 2926 a
1573 2871 1842 2948 principio

235 2970 352 3027 quo
370 2950 671 3014 fecitDeus
697 2958 895 3015 coelum
935 2966 990 3016 et
1042 2971 1265 3029 terram,
1312 2961 1399 3017 vel
1448 2960 1561 3018 dies
1587 2971 1643 3017 et
1692 2963 1838 3029 anni,

234 3047 334 3118 qui
356 3048 627 3121 originem
649 3051 948 3122 sumpsisse
970 3059 1271 3109 noscuntur
1292 3069 1359 3109 ex
1378 3070 1486 3124 quo
1508 3054 1643 3109 dixit
1665 3053 1838 3110 Deus:

231 3137 370 3195 Fiat
392 3140 507 3211 lux,
542 3150 591 3197 et
616 3142 758 3216 facta
789 3155 863 3200 est
894 3144 1022 3213 lux;
1047 3145 1143 3203 sed
1168 3147 1294 3218 quia
1320 3163 1420 3218 per
1448 3154 1604 3204 ortus
1627 3163 1837 3214 eorum,

229 3232 355 3288 sive
385 3234 662 3303 transitus,
700 3242 1003 3308 temporum
1037 3236 1172 3296 ordo
1202 3240 1520 3311 dierumque
1548 3248 1839 3296 annorum-

1946 2038 2111 2110 dOrls,
2139 2045 2264 2114 quia
2292 2042 2553 2098 mundum
2584 2041 2826 2097 calefacit
2855 2051 3126 2108 exortum,
3156 2054 3279 2098 cum
3315 2051 3545 2113 prseter-

1943 2135 2033 2191 itis
2057 2144 2182 2191 ante
2210 2135 2325 2206 ejus
2364 2135 2698 2192 Creationem'
2729 2134 2919 2192 diebus
2943 2128 3078 2191 nihil
3103 2136 3325 2191 omnino
3348 2135 3547 2193 caloris

1940 2226 2237 2307 habuisset.
2272 2224 2426 2296 Quod
2461 2234 2641 2283 autem
2686 2227 2910 2299 aequalis
2957 2228 3227 2298 uniusque
3276 2227 3546 2300 magnitu-

1941 2318 2080 2375 dinis
2102 2319 2227 2374 luna
2255 2336 2379 2375 cum
2410 2310 2522 2376 sole
2542 2320 2804 2387 cernitur,
2837 2332 2905 2375 ex
2930 2335 2994 2377 eo
3025 2319 3142 2375 ﬂeri
3167 2319 3377 2386 dicunt,
3400 2318 3546 2392 quod

1940 2407 2030 2465 ille
2074 2404 2247 2465 multo
2297 2409 2641 2482 longinquior
2686 2425 2718 2464 a
2772 2410 2934 2465 terris
2968 2418 3131 2481 atque
3178 2410 3338 2467 altior
3383 2420 3546 2482 quam

1939 2494 2065 2558 luna
2094 2492 2331 2569 incedat,
2364 2490 2595 2577 ideoque
2623 2502 2937 2576 magnitudo
2962 2502 3078 2572 ejus
3105 2506 3308 2575 quanta
3331 2504 3423 2567 sil,
3455 2514 3549 2558 ne-

1941 2607 2212 2663 quaquam
2234 2588 2405 2659 nobis,
2426 2582 2518 2665 qul
2543 2596 2597 2650 in
2618 2595 2780 2651 terris
2800 2594 3064 2665 (legimus,
3084 2590 3259 2649 valeat
3281 2593 3543 2665 dignosci.

1941 2682 2135 2741 Omnia
2158 2686 2304 2741 enim
2339 2674 2549 2758 longius
2583 2688 2761 2759 posita
2795 2686 2965 2744 solent
2996 2686 3249 2742 breviora
3279 2684 3472 2741 Videri.

1970 2782 1975 2787 '
2011 2774 2081 2829 Et
2097 2775 2379 2843 luminare,
2398 2778 2594 2848 inquit,
2617 2779 2790 2833 minus
2810 2789 2865 2833 ut
2885 2788 3127 2849 prwesset
3150 2778 3325 2844 nocti;
3348 2786 3398 2832 et
3419 2774 3547 2832 stel-

1942 2866 2042 2935 las,
2067 2876 2115 2922 et
2136 2869 2308 2938 posuit
2330 2885 2419 2923 eas
2438 2871 2494 2923 in
2515 2866 2850 2939 ﬁrmamento
2876 2869 3014 2923 caeli.
3045 2869 3179 2937 Quia
3209 2868 3263 2923 et
3293 2868 3338 2922 si
3361 2866 3546 2922 lunam

1941 2960 2089 3016 omni
2116 2972 2321 3028 mense,
2347 2962 2391 3017 si
2416 2960 2702 3034 aliquoties
2729 2968 2785 3017 et
2813 2956 2994 3017 stellas
3018 2959 3252 3029 majores
3276 2959 3331 3014 in
3353 2958 3440 3014 die
3466 2958 3547 3013 vi-

1942 3050 2057 3107 deri
2087 3053 2386 3124 contingat,
2419 3056 2763 3123 nequaquam
2800 3068 2894 3108 eas
2948 3052 3077 3119 diei,
3129 3051 3225 3107 sed
3269 3051 3414 3106 nocti
3461 3066 3549 3106 so-

1941 3142 2217 3201 lummodo
2277 3145 2414 3202 lucis
2465 3146 2720 3203 solatium
2789 3145 3008 3219 aliquod
3058 3145 3253 3202 ati‘erre
3305 3144 3549 3201 certissi-

1942 3248 2093 3290 mum
2113 3244 2195 3292 est

228 3338 345 3395 que
374 3299 1006 3399 signaturaNam-totum
1033 3331 1164 3387 illud
1208 3299 1448 3395 triduani
1475 3334 1724 3404 superius
1750 3334 1836 3388 in-
1864 3299 1911 3363 Ο
2016 3326 2082 3382 Ut
2106 3327 2335 3384 lacerent
2356 3336 2515 3402 super
2549 3338 2745 3386 terram
2768 3340 2815 3385 et
2854 3336 3133 3402 praestent
3162 3330 3270 3384 άίεὶ
3291 3347 3354 3394 ac
3381 3338 3542 3398 ποειτ’

226 3415 478 3471 discreto
507 3412 698 3475 cursus
724 3420 807 3475 sui
851 3438 1112 3492 processu
1159 3424 1470 3491 transierat,
1503 3423 1707 3479 nullam
1744 3441 1839 3496 pe-

224 3507 389 3563 nitus
433 3509 825 3567 dimensionem
870 3512 1079 3570 habens
1130 3515 1424 3582 horarum,
1477 3524 1661 3587 utpote
1708 3517 1837 3587 quia

222 3596 441 3656 lumine
484 3603 747 3672 primario
792 3602 968 3659 adhuc
1011 3604 1337 3675 generaliter
1361 3605 1543 3660 omnia
1572 3605 1836 3677 replente,

222 3690 557 3762 nullumque
586 3701 751 3765 caput
778 3694 1034 3762 habente,
1065 3690 1208 3767 quod
1253 3713 1399 3753 nunc
1436 3698 1504 3754 de
1552 3698 1667 3754 sole
1695 3700 1839 3755 acci-

217 3781 334 3854 pit,
366 3793 635 3853 nusquam
678 3776 814 3839 radll
843 3784 1177 3844 ardentiores
1202 3788 1509 3856 illuxerant,
1555 3789 1699 3844 nulla
1737 3790 1838 3845 sub

220 3881 421 3939 caute,
475 3873 557 3928 vel
607 3876 826 3945 arbore,
879 3878 1139 3934 remotior
1182 3882 1372 3936 umbra
1418 3880 1666 3953 frigebat.
1727 3879 1839 3937 Sed

222 3964 465 4036 excepta
520 3969 871 4024 annotatione
924 3971 1201 4042 temporis,
1260 3979 1387 4027 sunt
1440 3972 1730 4028 luminaria
1780 3974 1837 4029 in

224 4062 391 4130 signa
429 4058 586 4133 hujus
634 4063 758 4118 vitae
788 4062 973 4125 usibus
1008 4068 1338 4133 necessaria,
1371 4084 1491 4138 quze
1527 4067 1606 4126 vel
1655 4076 1835 4125 nauta:

227 4157 293 4211 in
323 4156 692 4225 gubernando,
742 4157 827 4213 vel
867 4160 920 4213 in
967 4160 1199 4217 desertis
1250 4156 1545 4233 {Ethiopiae
1587 4163 1835 4219 arenosis

226 4248 437 4320 quique
466 4248 678 4304 viantes
718 4250 1029 4318 observant,
1075 4252 1168 4309 ubi
1218 4252 1491 4308 levissimo
1541 4253 1689 4308 venti
1735 4253 1835 4308 im-

227 4340 414 4412 pulsu,
442 4354 636 4399 cuncta
657 4330 803 4411 mox,
828 4361 951 4399 cum
972 4345 1191 4400 inventa
1212 4342 1433 4412 fuerint,
1460 4346 1833 4401 itinerantium

228 4433 466 4504 Vestigia
514 4437 945 4508 complanantur.
978 4438 1209 4513 ideoque
1258 4453 1365 4492 non
1401 4437 1581 4492 minus
1626 4436 1733 4492 illis
1780 4437 1835 4492 in

228 4525 547 4596 regionibus
572 4536 764 4583 euntes
788 4543 948 4603 quam
978 4518 1069 4597 qui
1097 4528 1151 4581 in
1190 4527 1327 4582 mari
1356 4527 1630 4598 navigant,
1674 4535 1834 4583 nocte

229 4618 431 4688 dieque
473 4618 641 4690 signis
683 4624 843 4691 egent
885 4618 1145 4674 siderum.
1199 4618 1336 4674 Sunt
1378 4620 1507 4674 item
1554 4620 1611 4674 in
1657 4620 1832 4691 signa,

231 4710 359 4780 quia
416 4725 802 4783 nonnunquam
862 4712 1002 4766 aeris
1030 4727 1243 4783 quoque
1289 4712 1546 4783 qualitas,
1609 4727 1730 4781 quae
1764 4714 1836 4767 sit

230 4810 494 4870 ventura,
546 4798 742 4859 horum
794 4794 1248 4883 contemplatione
1302 4802 1668 4875 providemus.
1731 4802 1832 4859 Se-

232 4892 421 4965 quitur
447 4912 459 4949 :

310 4983 377 5041 Ut
402 4985 609 5041 luceant
630 4986 686 5042 in
704 4987 1034 5057 ﬁrmamento
1057 4986 1193 5056 caeli,
1221 4997 1269 5043 et
1294 4987 1589 5043 illuminent
1615 4997 1829 5042 terram.

235 5078 304 5133 Et
333 5079 534 5150 factum
559 5091 633 5135 est
657 5081 751 5134 ita.
779 5080 1005 5151 Semper
1025 5082 1241 5151 quidem
1270 5080 1553 5135 luminaria
1576 5079 1630 5134 in
1654 5079 1837 5133 ﬁrma-

235 5183 421 5229 mento
450 5175 573 5230 cmli
600 5175 800 5243 lucent,
844 5185 905 5232 ut
932 5176 1189 5242 diximus,
1228 5185 1282 5231 et
1322 5177 1566 5246 proxima
1600 5175 1679 5229 eis
1718 5175 1835 5233 loca

237 5263 387 5318 claro
418 5264 619 5320 lumine
647 5264 998 5337 perfundunt,
1032 5267 1125 5321 sed
1159 5266 1489 5335 temporibus
1516 5265 1838 5335 opportunis

236 5350 545 5409 illuminant
575 5363 794 5410 terram.
825 5354 1067 5427 Namque
1106 5355 1388 5426 aliquoties
1414 5355 1705 5410 nebulosus
1740 5355 1838 5410 ob-

237 5444 381 5502 sistit
417 5461 512 5501 aer
537 5462 606 5502 ne
637 5446 721 5501 vel
757 5436 915 5512 lunae,
952 5462 1075 5503 cum
1105 5463 1270 5517 parva
1303 5456 1408 5515 est,
1439 5446 1523 5501 vel
1553 5447 1834 5511 stellarum

236 5532 421 5592 lumen
450 5536 608 5594 terris
637 5546 931 5609 appareat;
982 5536 1073 5593 sed
1103 5549 1158 5593 et
1196 5549 1349 5595 ortus
1377 5538 1455 5592 sol
1488 5538 1672 5594 lunam
1702 5538 1833 5601 stel-

237 5622 429 5700 lasque
484 5629 688 5701 majore
737 5626 939 5683 lumine
988 5645 1058 5684 ne
1111 5638 1309 5685 terram
1368 5629 1671 5687 illuminent
1731 5630 1834 5686 im-

238 5720 425 5793 pedit:
456 5721 599 5777 unde
643 5729 700 5778 et
749 5736 943 5777 nomen
990 5718 1182 5776 Latine
1233 5723 1460 5795 accepit,
1497 5722 1641 5793 quod
1669 5721 1834 5789 solus,

242 5813 452 5872 obtusis
476 5814 644 5877 stellis
668 5831 773 5871 una
801 5831 924 5871 cum
946 5813 1093 5881 luna,
1131 5830 1228 5885 per
1257 5815 1399 5871 diem
1429 5816 1592 5872 terris
1616 5813 1837 5888 fulgeat.

244 5943 266 5973 ι
300 5902 465 5974 ,Επίι
490 5906 630 5967 Deus
658 5909 761 5966 duo
799 5924 991 5979 ntugna
1030 5904 1335 5967 luminaria.
1367 5905 1683 5968 Luminaria
1717 5920 1839 5966 ma-

1940 3424 1988 3476 et
2011 3420 2297 3476 dividerent
2327 3420 2495 3478 lucem
2522 3440 2584 3477 ac
2631 3424 2889 3479 tenebras.
2935 3423 3060 3479 Haec
3090 3428 3145 3479 et
3197 3424 3264 3479 de
3313 3418 3548 3479 lumina'

1940 3515 2092 3570 ribus
2116 3516 2328 3587 magnis
2356 3516 2410 3572 et
2446 3515 2615 3571 stellis
2646 3515 2874 3588 intelligi
2916 3524 3181 3587 possunt:
3220 3531 3286 3571 ea
3338 3522 3548 3573 tantum

1941 3609 2313 3676 distinctione,
2348 3616 2407 3664 ut
2446 3609 2588 3680 quod
2614 3608 2815 3665 dictum
2844 3619 2948 3676 est,
2989 3609 3060 3664 Et
3090 3606 3369 3684 prwessenl
3417 3607 3543 3675 diei,

1943 3699 2010 3755 ad
2037 3699 2207 3756 solem
2244 3702 2586 3773 specialiter;
2619 3702 2762 3773 quod
2787 3702 3154 3774 subjunctum,
3196 3711 3245 3756 et
3276 3701 3435 3768 nocti,
3478 3699 3547 3759 ad

1940 3788 2125 3847 lunam
2149 3800 2203 3848 et
2233 3792 2416 3850 stellas
2444 3794 2732 3865 pertineat.
2762 3793 2914 3862 Quod
2944 3810 3074 3850 vero
3099 3784 3433 3851 subinfertur
3458 3812 3470 3847 :

2014 3884 2082 3939 Et
2135 3885 2427 3940 dividerent
2473 3885 2643 3940 lucem
2694 3902 2756 3939 ac
2784 3884 3043 3950 tenebras,
3094 3883 3348 3940 omnibus
3393 3897 3546 3954 teque

1940 3972 2210 4030 sideribus
2238 3974 2567 4030 conveniat:
2615 3990 2734 4045 qua:
2782 3975 3089 4044 ubicunque
3136 3972 3410 4038 incedunt,
3464 3969 3546 4027 lu-

1940 4084 2056 4124 cem
2086 4084 2268 4124 secum
2316 4068 2739 4138 eireumfcrunt;
2774 4068 2866 4124 ubi
2911 4077 3092 4135 autem
3132 4060 3349 4134 absunt,
3395 4074 3547 4121 tene-

1937 4160 2099 4217 brosa
2123 4169 2319 4217 cuneta
2350 4162 2681 4234 relinquunt.
2733 4159 2828 4215 Sin
2861 4172 3042 4215 autem
3089 4167 3298 4232 quaerat
3342 4158 3540 4231 aliquis

1941 4252 2099 4322 quale
2124 4253 2364 4324 potuerit
2393 4270 2514 4309 esse
2542 4248 2722 4310 lumen
2759 4253 3011 4307 diurnum
3042 4261 3171 4307 ante
3210 4251 3565 4307 creationem.

1939 4344 2199 4410 siderum,
2225 4360 2331 4399 non
2363 4345 2431 4399 ab
2480 4360 2538 4409 re
2567 4353 2652 4400 est
2686 4344 2833 4399 credi
2861 4342 3005 4417 quod
3037 4342 3141 4399 tale
3194 4342 3357 4397 fuerit
3386 4339 3546 4415 quale

1938 4437 2186 4493 videmus
2211 4438 2469 4511 quotidie,
2522 4454 2678 4497 mane
2722 4438 3128 4510 approximante
3157 4437 3365 4493 scilicet
3408 4436 3541 4493 solis

1940 4536 2086 4595 ortu,
2139 4530 2233 4583 sed
2283 4522 2512 4587 necdum
2570 4530 2728 4583 terris
2780 4536 3094 4599 apparente,
3145 4528 3361 4603 quando
3396 4528 3541 4584 lucet

1942 4619 2159 4689 quidem
2214 4619 2422 4675 obtusis
2476 4618 2754 4675 stellarum
2800 4616 2967 4672 radiis
3027 4617 3159 4681 dies,
3194 4616 3288 4672 sed
3320 4618 3543 4674 minime

1943 4711 2120 4763 adhuc
2140 4709 2218 4763 sol
2240 4718 2395 4764 ortus
2417 4707 2662 4778 refulget.
2704 4708 2856 4764 Unde
2882 4707 3025 4762 nulla
3049 4716 3176 4763 tunc
3195 4722 3316 4765 esse
3337 4708 3544 4766 discree

1943 4800 2020 4854 tio
2049 4800 2373 4871 temporum,
2404 4806 2599 4869 praeter
2639 4799 2745 4855 diei
2776 4799 2948 4855 solum
2979 4807 3034 4855 et
3067 4800 3262 4865 noctis,
3291 4808 3540 4871 poterat;

1942 4891 2247 4963 meritoque
2292 4891 2451 4946 factis
2497 4891 2768 4947 sideribus
2816 4892 3017 4947 dictum
3061 4900 3181 4947 est:
3238 4890 3303 4949 Ut
3335 4893 3439 4946 sint
3486 4892 3545 4946 in

1944 4982 2119 5051 signa,
2150 4991 2196 5036 et
2219 4991 2475 5053 tempora,
2505 4992 2552 5039 et
2579 4983 2710 5050 dies,
2745 4994 2792 5038 et
2832 5001 3017 5038 annos.
3048 4982 3344 5052 Cmperunt
3385 4998 3541 5039 nam-

1944 5087 2050 5141 que
2082 5071 2316 5126 discerni
2344 5080 2650 5145 temporum
2697 5073 2844 5129 vices
2888 5090 2952 5127 ex
2984 5089 3090 5145 quo
3122 5072 3202 5128 sol
3232 5073 3317 5131 die
3348 5080 3542 5143 quarto
3637 5140 3643 5151 ε

1942 5160 2125 5220 mundi
2158 5166 2450 5230 nascentis,
2484 5180 2515 5217 a
2551 5165 2729 5220 medio
2756 5165 3054 5234 procedens
3082 5163 3337 5228 Orientis,
3377 5164 3544 5234 tequi-

1943 5258 2188 5312 noetium
2220 5257 2438 5312 vernale
2487 5273 2585 5312 suo
2631 5256 2973 5311 consecravit
3020 5263 3231 5310 exortu.
3270 5255 3335 5310 Et
3366 5255 3543 5327 quoti-

1946 5349 2125 5407 dianis
2167 5348 2499 5420 profectibus
2545 5349 2609 5403 ad
2646 5349 2753 5403 alta
2784 5348 2907 5402 coeli
2949 5347 3181 5403 culmina
3210 5344 3541 5415 scandendo,

1946 5457 2271 5515 rursumque
2312 5458 2342 5496 a
2369 5441 2637 5497 solstitiali
2685 5440 2887 5495 vertice
2935 5430 3003 5494 ad
3048 5430 3234 5494 inﬁma
3282 5438 3543 5512 paulatim

1945 5536 2343 5602 descendendo,
2374 5552 2477 5591 nec
2502 5551 2653 5589 mora
2694 5534 2761 5588 ab
2804 5532 3004 5588 inlimis
3029 5534 3382 5611 hibernisque
3405 5533 3542 5599 locis

1947 5628 2348 5699 aequinoctiales
2374 5643 2537 5701 gyros
2566 5625 2884 5698 repetendo,
2915 5627 3167 5685 discretis
3208 5628 3545 5701 temporibus

1942 5733 2178 5795 quatuor
2197 5720 2517 5791 notissimis,
2559 5724 2858 5796 diebusque
2885 5723 3190 5795 praefinitis.
3238 5723 3368 5786 anni
3421 5734 3544 5795 spa-

1943 5817 2079 5885 tium
2101 5817 2410 5901 complevit.
2441 5815 2550 5877 Sed
2573 5822 2629 5871 et
2659 5815 2789 5883 luna
2812 5829 3037 5887 vespere
3057 5814 3213 5895 plena
3250 5826 3540 5887 apparens,

1943 5924 2010 5966 ea
2054 5924 2177 5982 qua:
2226 5909 2286 5967 in
2342 5907 2764 5987 celebrationem
2811 5906 3035 5967 Pascha:
3090 5904 3357 5964 servanda
3383 5909 3543 5967 erant
