3974 6444
434 381 544 441 455

1105 375 1171 432 Β.
1209 370 1469 432 RABANI
1503 369 1727 429 MAURI
1756 367 2075 428 ARCHIEP.
2114 368 2427 429 MOGUNT.
2467 366 2755 428 OPERUM
2789 367 2973 427 PARS
3007 368 3053 426 Ι.

3611 369 3729 428 456

437 508 703 569 tempora,
740 492 919 565 primo
942 504 1041 548 suo
1065 489 1300 561 prailxit
1327 503 1573 545 ascensu.
1602 485 1724 557 Ipsa
1763 492 1848 541 est
1871 500 2027 540 nam-
2051 488 2105 551 Α
2126 487 2339 559 pascha
2386 487 2574 558 legalis
2631 493 2992 553 sacramenta,
3052 481 3317 541 Dominus
3361 490 3553 541 noster
3595 496 3732 557 post

440 607 546 664 que
572 590 726 653 hora,
749 599 911 656 quam
942 596 1050 638 non
1070 581 1245 637 solum
1268 580 1522 651 antiquus
1546 577 1636 634 ille
1659 577 1891 650 populus
1907 576 2025 643 Dei,

438 682 538 739 seu
558 690 614 737 et
632 694 731 734 nos
748 676 910 734 hodie
932 675 1170 747 primum
1190 675 1246 729 in
1269 673 1475 745 agendo
1495 671 1706 727 Pascha
1726 685 2026 738 servamus,

440 789 563 830 cum
594 768 905 842 mninoctii
935 768 1022 824 die
1062 775 1399 831 transcenso,
1438 764 1597 836 plena
1625 779 1850 834 vespere
1880 763 2025 830 luna,

438 868 542 923 hoc
567 872 671 931 est,
694 860 1120 934 quartadecima,
1149 859 1204 914 in
1225 858 1420 915 faciem
1442 856 1566 913 cali
1596 856 1872 929 prodierit.
1894 855 2029 912 Nam

437 970 564 1011 mox
604 961 747 1024 post,
778 960 839 1007 ut
878 950 1191 1006 Dominicus
1231 949 1348 1004 dies
1376 948 1676 1016 advenerit,
1705 954 1890 1016 aptum
1927 945 2032 1001 hoc

437 1045 775 1103 celebranda
815 1041 1230 1098 resurrectionis
1266 1040 1559 1097 Dominica
1603 1046 1817 1109 tempus
1855 1038 2028 1093 insta-

436 1135 541 1203 bit,
569 1134 839 1204 completo
882 1133 949 1188 ad
989 1132 1227 1187 litteram
1261 1146 1478 1202 quoque
1518 1128 1803 1199 Propheta
1839 1129 2027 1195 verbo,

438 1228 531 1301 qui
554 1227 729 1282 dixit:
771 1223 917 1279 Fecit
966 1224 1145 1279 lunam
1189 1224 1246 1279 in
1279 1231 1533 1293 tempora,
1572 1220 1911 1291 sol-cognovit
1938 1236 2029 1276 oc-

439 1335 620 1372 casum
644 1334 799 1372 suum
853 1315 1024 1391 (Psal.
1063 1315 1201 1386 cm).
1231 1314 1412 1370 Stella
1437 1328 1672 1385 quoque,
1720 1322 1945 1383 excepto
1966 1326 2031 1368 eo

439 1413 586 1483 quod
630 1425 790 1481 supra
842 1410 1096 1475 diximus,
1146 1408 1273 1478 quia
1325 1407 1412 1462 vel
1441 1422 1537 1463 sua
1584 1406 1784 1477 specie,
1817 1420 1937 1477 qua
1962 1405 2034 1461 sit

436 1506 620 1561 futura
650 1505 882 1576 qualitas
909 1506 1074 1571 aeris,
1101 1504 1187 1560 vel
1215 1519 1313 1560 suo
1356 1518 1520 1560 cursu
1545 1511 1709 1574 quota
1738 1504 1811 1558 sit
1850 1502 2032 1575 vigilia

439 1598 615 1654 noctis
643 1597 969 1664 ostenditur,
998 1604 1124 1651 sunt
1151 1597 1208 1651 in
1236 1596 1390 1667 signa
1419 1604 1474 1651 et
1499 1604 1763 1667 tempora,
1792 1595 1917 1665 quia
1950 1595 2033 1649 ba

437 1690 492 1743 in
528 1686 727 1745 calum
753 1688 1050 1754 venientes,
1081 1687 1271 1742 astiva
1299 1695 1564 1756 tempora,
1621 1684 1725 1740 illa
1749 1685 2037 1757 designant

433 1779 684 1834 hiberna.
726 1778 865 1833 Sunt
894 1786 950 1833 et
995 1779 1051 1833 in
1080 1779 1219 1845 dies,
1270 1779 1399 1848 quia
1452 1779 1572 1833 ista
1618 1778 1803 1833 vernis
1845 1778 2034 1834 diebus

2130 594 2283 635 esum
2311 580 2436 649 agni
2470 578 2647 650 typice
2677 578 2933 650 mysteria
2961 577 3118 634 nobis
3141 579 3225 633 sui
3251 578 3496 649 corporis
3523 587 3581 634 et
3601 594 3735 634 san-

2128 670 2305 741 guinis
2353 670 2673 726 celebranda
2714 670 2982 736 initiavit;
3037 684 3146 739 quo
3199 668 3511 726 lucescente
3541 686 3730 736 mane,

2128 764 2284 834 quasi
2304 764 2488 835 Agnus
2508 763 2881 819 immaculatus
2905 777 3003 819 suo
3022 777 3123 818 nos
3141 762 3407 833 sanguine
3428 762 3731 828 redimens,

2129 870 2162 909 a
2184 856 2528 912 damoniaca
2572 854 2956 911 dominationis
2996 854 3257 910 servitute
3299 853 3576 909 liberavit.
3602 852 3736 920 Quae

2128 946 2378 1002 videlicet
2405 946 2546 1002 luna
2572 946 2901 1017 plenissima
2925 945 3040 1002 dies
3090 945 3146 1001 in
3193 945 3472 1001 creatione
3508 946 3734 1015 quidem

2128 1036 2314 1091 mundi
2357 1044 2548 1106 quarta
2588 1037 2870 1106 processit.
2918 1036 2993 1091 At
3025 1036 3081 1092 in
3136 1046 3378 1106 tempore
3431 1034 3735 1092 Dominicz

2129 1126 2415 1198 passionis,
2475 1126 2684 1182 altioris
2732 1128 2906 1198 gratia
2959 1128 3310 1192 sacramenti,
3368 1126 3427 1181 in
3480 1127 3735 1197 quintam

2132 1218 2344 1275 sabbati
2386 1218 2610 1274 incidit:
2651 1227 2711 1273 ut
2736 1218 2987 1274 videlicet
3013 1219 3274 1274 Dominus
3320 1230 3474 1274 sexta
3521 1218 3739 1273 sabbati

2131 1309 2442 1377 crucifixus,
2492 1294 2718 1365 sabbato
2753 1310 2869 1381 ipso
2925 1310 2982 1364 in
3013 1310 3263 1379 sepulcro
3306 1310 3647 1381 quiesceret,
3676 1324 3742 1364 ac

2131 1406 2362 1477 primam
2409 1402 2621 1458 sabbati
2669 1419 2767 1459 sua
2820 1405 3218 1461 resurrectione
3262 1413 3643 1467 consecraret,
3687 1413 3744 1458 et

2133 1498 2289 1553 nobis
2312 1512 2527 1572 quoque
2560 1498 2615 1552 in
2662 1513 2749 1565 ea,
2781 1498 2839 1552 in
2883 1514 2989 1570 qua
3013 1506 3069 1554 et
3111 1498 3203 1554 lux
3247 1497 3388 1555 facta
3413 1507 3522 1564 est,
3560 1513 3744 1554 resur-

2134 1592 2294 1661 gendt
2323 1604 2356 1643 a
2377 1589 2603 1645 mortuis
2637 1606 2704 1646 ac
2740 1589 2918 1647 lucem
2957 1599 3276 1663 perpetuam
3300 1591 3548 1649 intrandi
3578 1590 3741 1648 ﬁdem

2137 1699 2394 1755 spemque
2422 1685 2665 1741 donaret.

2719 1775 2949 1835 CAPUT
2998 1776 3086 1834 Vl.

432 1870 625 1937 solem,
658 1871 762 1926 illa
790 1871 1120 1927 comitantur
1152 1870 1574 1926 autumnalibus.
1605 1869 1745 1926 Sunt
1771 1878 1826 1926 et
1851 1870 1907 1925 in
1934 1886 2031 1925 an-

2140 1888 2239 1946 Ubi
2266 1908 2331 1947 ea;
2365 1892 2537 1965 aquis
2563 1892 2818 1947 animalia
2836 1894 3092 1965 jubentur
3119 1892 3273 1947 educi
3312 1892 3400 1948 die
3439 1894 3653 1965 quinto,
3689 1901 3744 1947 et

431 1977 553 2028 nos,
579 1962 705 2031 quia
731 1977 852 2033 qua
870 1978 1015 2019 nunc
1035 1963 1208 2034 (verbi
1228 1964 1424 2034 gratia)
1447 1965 1502 2018 in
1521 1964 1847 2033 aquinoctio
1864 1978 2033 2020 verno

432 2055 711 2110 matutina
760 2056 1034 2120 oriuntur,
1098 2055 1227 2125 ipsa
1273 2054 1526 2110 omnibus
1573 2054 1729 2110 annis
1758 2055 1812 2109 in
1842 2056 2032 2111 eodem

431 2145 755 2214 aquinoctio
781 2146 837 2199 in
863 2145 988 2200 coeli
1013 2143 1206 2199 faciem
1233 2145 1489 2210 veniunt;
1519 2160 1641 2215 qua
1663 2161 1809 2200 nunc
1832 2147 1887 2200 in
1923 2146 2031 2201 sol-

430 2237 582 2293 stitio
611 2250 836 2306 vespere
882 2236 969 2291 vel
1017 2251 1196 2301 mane,
1231 2236 1315 2291 ha
1343 2251 1560 2306 semper
1594 2237 1650 2292 in
1706 2236 1801 2291 illo
1828 2217 2033 2292 eisdem

431 2329 583 2385 horis
606 2330 878 2385 oriuntur.
907 2328 1015 2384 Sed
1043 2337 1100 2384 et
1138 2329 1386 2398 quadam
1415 2336 1541 2384 sunt
1565 2327 1733 2384 stella
1761 2345 1898 2399 quas
1921 2330 2035 2398 pla-

430 2429 609 2485 netas,
633 2420 814 2485 id~est,
839 2429 1089 2475 errantes
1117 2428 1315 2475 vocant
1347 2419 1627 2491 astrologi,
1659 2435 1780 2489 qua
1800 2421 2036 2491 majores

433 2524 605 2566 annos
631 2524 731 2566 suo
778 2510 1010 2566 circuitu
1068 2509 1293 2576 faciunt,
1343 2526 1463 2582 qua
1489 2511 1558 2565 ad
1608 2512 1860 2566 eumdem
1911 2511 2034 2568 cali

429 2602 610 2659 locum
640 2604 883 2659 redeant.
915 2604 1052 2660 Nam
1099 2604 1255 2659 stella
1292 2620 1412 2674 qua
1443 2603 1665 2660 Saturni
1694 2605 1909 2671 dicitur,
1938 2605 2035 2659 tri-

428 2696 580 2765 ginta
608 2697 787 2763 annis,
815 2713 935 2767 qua
962 2696 1110 2753 Jovis
1140 2698 1422 2753 duodecim
1452 2699 1627 2765 annis,
1682 2714 1804 2769 qua
1847 2697 2036 2753 Martis

427 2785 639 2843 duobus
664 2786 837 2842 fertur
867 2790 1023 2844 annis
1051 2788 1319 2845 solaribus
1345 2790 1577 2845 circuitu
1623 2790 1746 2846 cali
1789 2790 2029 2860 expleto,

427 2877 497 2932 ad
518 2878 708 2933 eadem
734 2879 854 2935 loca
882 2881 1144 2947 siderum,
1169 2882 1369 2951 quibus
1395 2881 1618 2937 fuerant
1648 2890 1811 2937 antea
1833 2883 2028 2938 redire.

425 2967 581 3024 Luna
602 2986 818 3042 quoque
843 2988 967 3028 cum
998 2974 1288 3029 duodecies
1330 2976 1505 3045 spatia
1547 2976 1632 3031 sui
1673 2991 1869 3032 cursus
1910 2993 2034 3047 per—

429 3060 623 3130 egerit,
660 3077 863 3117 annum
889 3062 1018 3119 facit
1045 3079 1408 3132 communem,
1451 3066 1508 3121 id
1538 3076 1643 3133 est,
1691 3068 1899 3123 dierum
1927 3077 2035 3124 tre-

432 3158 720 3207 centorum
768 3154 1159 3226 quinquaginta
1194 3164 1445 3226 quatuor.
1497 3158 1564 3214 Et
1594 3167 1654 3213 ut
1696 3174 1838 3215 anno
1870 3160 2033 3215 solari

2521 1964 2635 2034 ipsa
2662 1964 2917 2018 animalia
2952 1964 3347 2019 benedicuntur.

2206 2053 2350 2108 Dixit
2389 2054 2544 2109 etiam
2572 2053 2751 2109 Deus:
2800 2053 3105 2108 Producant
3153 2070 3304 2125 aqua:
3333 2054 3521 2125 reptile
3549 2056 3747 2109 anima

2135 2144 2375 2211 viventis,
2401 2154 2449 2199 et
2476 2143 2686 2198 volatile
2705 2161 2861 2216 super
2884 2154 3078 2198 terram
3104 2144 3199 2199 sub
3246 2144 3588 2212 ﬁrmamento
3608 2144 3747 2199 cali.

2206 2236 2337 2293 Post
2361 2246 2610 2293 ornatam
2635 2247 2833 2308 quarta
2860 2238 2947 2294 die
2984 2238 3107 2294 cali
3132 2237 3326 2293 faciem
3350 2237 3747 2301 luminaribus,

2137 2341 2392 2389 ornantur
2425 2341 2825 2401 consequenter
2859 2332 3049 2403 quinta
3075 2331 3365 2387 inferiores
3393 2331 3587 2387 mundi
3618 2346 3749 2401 par-

2136 2431 2239 2487 tes,
2269 2436 2409 2490 aqua
2436 2420 2689 2476 videlicet
2726 2429 2782 2474 et
2809 2434 2925 2486 aer,
2953 2420 3038 2475 his
3075 2435 3196 2490 qua
3233 2420 3428 2489 spiritu
3459 2420 3593 2474 vita
3633 2434 3761 2491 mo:

2137 2522 2350 2569 ventur.
2382 2512 2519 2579 Quia
2556 2521 2612 2568 et
2639 2513 2755 2567 hac
2784 2511 3050 2567 elementa
3072 2511 3322 2582 quadam
3354 2511 3512 2581 quasi
3535 2526 3750 2581 cogna-

2136 2605 2285 2659 tione
2311 2612 2367 2658 et
2398 2604 2502 2659 sibi
2548 2604 2619 2658 ad
2663 2598 2896 2658 invicem
2944 2611 3000 2657 et
3047 2603 3184 2658 coelo
3230 2602 3576 2673 copulantur.
3636 2599 3751 2654 Sibi

2136 2696 2375 2764 quidem,
2406 2696 2532 2765 quia
2580 2706 2780 2749 natura
2817 2710 3083 2765 aquarum
3126 2695 3270 2750 aeris
3314 2695 3569 2765 qualitati
3618 2711 3752 2765 pro-

2134 2785 2281 2840 xima
2311 2794 2414 2841 est.
2468 2786 2620 2841 Unde
2663 2785 3097 2841 exhalationibus
3138 2802 3327 2840 earum
3376 2788 3752 2857 pinguescere

2135 2879 2417 2950 probatur,
2443 2878 2516 2933 ita
2539 2890 2599 2933 ut
2618 2885 2673 2933 et
2699 2878 2882 2933 nubila
2902 2878 3208 2943 contrahat,
3234 2886 3289 2933 et
3324 2878 3502 2949 possit
3529 2878 3752 2935 volatus

2136 2971 2316 3026 avium
2352 2971 2644 3037 sustinere,
2696 2978 2992 3027 attestante
3044 2968 3367 3041 Scriptura:
3407 2970 3540 3040 quia
3570 2973 3752 3024 subito

2137 3083 2229 3120 aer
2259 3077 2471 3137 cogetur
2495 3067 2552 3120 in
2586 3066 2765 3130 nubes,
2813 3076 2862 3122 et
2902 3075 3080 3121 ventus
3124 3067 3385 3120 transiens
3421 3065 3636 3135 fugabit
3662 3083 3751 3119 eas

2058 3182 2105 3231 ι.
2140 3158 2282 3231 (Job.
2307 3158 2540 3231 xxxv").
2560 3160 2803 3230 Denique
2822 3175 2922 3230 per
2941 3167 3130 3215 noctes
3142 3159 3305 3215 etiam
3320 3173 3547 3214 serenas
3566 3166 3751 3224 rorat,

424 3239 594 3309 possit
643 3241 758 3310 ejus
800 3246 1134 3301 concordare
1164 3246 1443 3314 circuitus,
1501 3251 1662 3306 tertio
1689 3267 1906 3323 quoque
1944 3252 2031 3308 vel
2061 3220 2105 3286 Ο
2137 3253 2291 3323 cujus
2327 3254 2467 3308 roris
2497 3262 2663 3326 gutta
2696 3270 2857 3309 mane
2895 3254 2950 3309 in
2976 3254 3159 3309 herbis
3187 3253 3557 3308 inveniuntur.
3593 3251 3752 3307 (Icelo

424 3333 665 3388 secundo
690 3349 855 3401 anno,
905 3337 1127 3392 tertium
1180 3340 1448 3396 decimum
1506 3343 1710 3398 addidit
1758 3359 2028 3412 mensem,

424 3436 587 3492 quem
610 3424 989 3481 embolismum
1028 3438 1223 3485 vocant
1256 3446 1457 3487 annum
1480 3433 1857 3503 calculatores,
1889 3444 1946 3491 et
1968 3436 2032 3491 ﬁt

426 3512 635 3567 dierum
666 3522 1035 3571 trecentorum
1063 3521 1339 3591 octoginta
1364 3532 1619 3593 quatuor.

418 3644 423 3657 ,
505 3599 565 3653 Et
595 3601 721 3654 vidit
748 3602 889 3658 Deus
913 3606 1051 3675 quod
1080 3616 1230 3662 esset’
1250 3610 1458 3665 bonum.
1492 3611 1809 3670 Necessario
1843 3624 2031 3672 sancta

2137 3353 2319 3399 autem
2339 3344 2443 3401 hoc
2474 3346 2635 3402 modo
2659 3346 3038 3418 iniunguntur,
3070 3347 3330 3417 quoniam
3363 3346 3503 3401 adeo
3528 3347 3751 3401 vicinus

2134 3446 2219 3495 est
2239 3440 2290 3493 ei
2316 3454 2410 3496 aer
2440 3439 2562 3505 istc,
2596 3450 2657 3495 ut
2695 3450 2750 3495 et
2794 3441 2910 3511 ipse
2939 3454 3138 3495 nomen
3185 3456 3580 3509 nonnunquam
3632 3440 3751 3509 ejus

2136 3533 2428 3603 acceperit,
2460 3533 2599 3588 sicut
2628 3532 2866 3587 volatilia
2895 3533 3018 3588 cali
3050 3533 3399 3604 cognominat
3428 3530 3746 3601 Scriptura,

2133 3640 2255 3694 qua:
2276 3624 2459 3679 volare
2484 3634 2700 3680 constat
2728 3625 2784 3679 in
2828 3639 2975 3680 aere.
3006 3624 3073 3679 Et
3109 3624 3371 3680 Dominus
3417 3626 3537 3694 ipse
3564 3624 3748 3679 turbis

426 3687 711 3786 scrip)?”
736 3695 1245 3786 mlllmufﬁfepeﬁl,
1268 3702 1413 3769 quod
1429 3702 1721 3759 viditDeus
1744 3705 1884 3761 bona
1909 3722 2030 3763 esse
2131 3687 2253 3784 qua
2299 3724 2513 3786 tempus
2562 3716 2647 3771 sui
2698 3716 2961 3772 adventus
2992 3718 3060 3773 de
3112 3718 3375 3773 virtutum
3422 3687 3747 3773 ostensione

423 3790 543 3879 qua
560 3774 928 3843 fecit,uthinc
949 3783 1786 3879 informareturpietasﬁdelium,
1807 3809 1913 3849 non
1927 3810 2027 3864 pro
2130 3774 2237 3860 ιῖοη
2273 3774 2639 3878 οοεηδνεηηι
2673 3807 2912 3879 loquitur
2937 3809 3158 3865 dicens;
3194 3807 3328 3864 cum
3366 3809 3606 3864 viderim
3636 3828 3745 3865 πα-

421 3866 659 3972 Ῑξξξωδηο
705 3886 886 3941 sensu»
919 3876 1012 3945 (Ιυί
1043 3892 1186 3947 εεεΡθ
1244 3879 1409 3972 etiam
1437 3880 1596 3936 bonis
1646 3883 1810 3939 rebus
1857 3884 2027 3941 οίΪειὶ-
2130 3896 2242 3950 bem
2265 3866 2516 3953 orientem
2544 3896 2610 3951 ab
2635 3866 2845 3966 occasu,
2873 3902 3053 3955 statim
3083 3901 3282 3967 dicitis,
3314 3900 3550 3956 Nimbus
3575 3903 3741 3957 venit.

424 3960 592 4027 diu",
885 3982 1078 4024 causas
1105 3979 1269 4039 διίιιιθ
1295 3971 1544 4027 ordinem
1565 3976 1762 4043 ηθεοίῑο
1790 3977 1859 4032 de
1878 3992 2026 4032 01⁸θᾶ-
2126 3986 2197 4041 Et
2235 3989 2308 4041 ita
2325 3987 2405 4056 ﬁt.
2454 3987 2525 4042 Et
2551 4006 2669 4043 cum
2689 3960 2928 4045 austrum
2950 3992 3189 4061 ﬂantem,
3230 3960 3427 4059 dicitis,
3451 3992 3591 4059 Quia
3614 4011 3744 4048 ven-

424 4060 551 4153 tura
578 4056 777 4153 visibili
826 4067 988 4153 atque
1018 4061 1276 4153 invisibili
1317 4061 1584 4132 judicare,
1640 4069 1733 4122 sed
1780 4069 2023 4126 laudanti
2127 4087 2211 4132 tus
2237 4078 2356 4134 erit.
2402 4078 2471 4133 Et
2514 4081 2591 4134 ita
2618 4080 2697 4150 ﬁt.
2740 4056 3066 4152 Hypociitw,
3115 4056 3306 4153 faciem
3355 4056 3548 4138 cali'et
3575 4094 3742 4139 terra:

560 4145 865 4247 (ξξθάθτθηθξ
882 4150 1094 4247 δείξετε·
1142 4150 1316 4247 Tam?
1342 4154 1487 4210 enim
1534 4158 1764 4228 quisque
1811 4159 2023 4217 Γίωὶὶίιιε
2126 4172 2290 4225 nostis
2319 4171 2563 4241 probare,
2602 4139 2700 4227 liae
2731 4139 2905 4228 autem
2945 4139 3147 4247 tempus
3186 4176 3450 4247 quomodo
3476 4193 3583 4231 non
3603 4195 3740 4247 pro-

424 4233 628 4336 aliquid
679 4236 1011 4304 proﬁciendo
1064 4243 1377 4336 cognoscit,
1430 4255 1640 4316 quanto
1693 4248 2018 4318 religiosius,
2124 4233 2330 4316 bustis};
2365 4260 2517 4333 (Luc.
2549 4233 2660 4335 ⁷ιιι)
2708 4262 2797 4317 ubi
2826 4233 3146 4322 ccrtum'est
3192 4233 3320 4336 quia
3352 4265 3553 4322 faciem
3582 4233 3737 4331 catli,

425 4334 715 4431 θηξθξίυθω
739 4339 1111 4431 (ξοξιιοδθθνθῑ,
1137 4331 1249 4431 1369
1268 4336 1517 4431 credidii-
1547 4336 1694 4393 Vidit
1720 4339 2020 4431 ετβοίυθιιε
2120 4370 2228 4409 non
2268 4331 2428 4408 aliam
2465 4331 2952 4424 quamivariantem
2976 4359 3120 4414 hunc
3143 4331 3345 4415 statum
3374 4361 3521 4416 aeris
3549 4361 3737 4431 appel-

424 4415 956 4521 ξίἓίξίξιθᾲδδξδηῖιδξηθ
996 4420 1290 4521 (ἰξιίεξθίξίιν
1324 4426 1579 4521 quoniam
1606 4443 1727 4497 quae
1768 4427 2017 4485 Γθείθυάἱι
2120 4441 2215 4498 lat.
2250 4442 2401 4498 Dixit
2428 4415 2549 4515 ergo
2575 4444 2717 4500 Deus
2741 4463 2760 4500 :
2782 4446 3093 4504 Producant
3128 4468 3280 4521 aqua:
3305 4451 3493 4521 reptile
3534 4415 3734 4507 animus

419 4501 707 4611 Ιξξξθῗὺξυξί
748 4513 808 4607 ιξί
858 4506 1071 4610 ﬁere?“
1112 4507 1564 4611 ,ἶὲθίέίηβιῆουθτθ
1608 4525 1668 4571 ιιι
1708 4527 2012 4611 φθηετεηί,
2040 4579 2094 4611 η
2122 4536 2357 4603 viventis,
2387 4546 2437 4590 et
2469 4501 2679 4592 vvolatile
2703 4556 2860 4609 super
2894 4501 3087 4595 terram

417 4601 681 4663 quantum
705 4595 904 4665 cuique
934 4599 1014 4653 rei
1040 4599 1330 4668 existendi,
1357 4603 1472 4659 sive
1499 4609 1774 4678 manendi,
1801 4625 1835 4665 a
1862 4619 2013 4667 tanto

419 4682 743 4705 t-l._2_-a___
776 4688 797 4705 ο
842 4703 853 4705 ,
930 4696 944 4705 .
1120 4692 1176 4705 ---
1312 4694 1326 4705 ι

2138 4579 2357 4603 ,..-..-.-,
2387 4579 2433 4590 ν.
2471 4579 2677 4592 mm..-
2703 4579 2846 4609 νην.
2894 4579 2959 4593 ...
2976 4579 3087 4595 ......
3108 4579 3200 4596 σι...
3223 4579 3565 4611 ,..........‹,...υ
3588 4579 3727 4599 ιω...

2138 4627 2189 4682 Et
2218 4643 2286 4683 ne
2312 4627 2471 4694 forte,
2519 4629 2646 4698 quia
2683 4639 2810 4684 sunt
2840 4646 3103 4701 aquarum
3136 4633 3435 4688 animantia
3465 4650 3589 4705 qua
3610 4652 3727 4691 non

418 4682 750 4793 fabtricatore
774 4688 951 4793 fuerat
984 4692 1362 4749 constituenda
1388 4712 1660 4793 mensura.
2116 4720 2401 4789 reptando,
2430 4682 2819 4785 sed-natando,
2844 4682 3730 4793 -ambulando“m_c;

486 4773 916 4886 {ec‘tuutquf‘m
946 4798 1149 4853 υεερενε
1184 4794 1233 4886 ef
1264 4802 1418 4886 "tunc
1455 4789 1565 4844 dies
1602 4802 1855 4886 quartus:
1888 4793 2017 4886 ῌὶἓϐ
2116 4773 2270 4877 du‘nt,
2302 4773 2431 4865 sunt
2464 4809 2604 4865 inter
2635 4811 2875 4868 volatilia
2916 4773 3035 4884 qua:
3062 4816 3137 4871 ita
3174 4830 3382 4886 pennas
3410 4819 3634 4883 habent,
3664 4831 3726 4875 ut

415 4873 751 4980 ei???”
780 4870 1269 4980 iu‘aimef‘omnda»
1307 4878 1363 4980 ίξι
1406 4894 1513 4948 qua
1552 4882 1924 4980 Populuspfv‘i
1953 4885 2010 4939 in
2117 4870 2268 4953 omni
2302 4915 2402 4955 usu
2429 4870 3158 4975 volandicareant,putaret

416 4958 650 5067 5”an
677 4963 1414 5067 iacerbratiwemvaschw
1441 4990 1640 5067 θεειιιω
1667 4977 1883 5043 omum.
1907 4980 2010 5035 ιιοο
2119 5003 2289 5059 εεηυε
2342 4990 2660 5058 malum,
2714 4958 2828 5050 si...
2876 4958 3721 5067 sum:;;.;,;.;I;.;.;;;‘;;

415 5065 577 5153 mane
600 5055 744 5123 quod
766 5057 999 5164 primum
1029 5070 1153 5158 post
1192 5076 1481 5119 excussum
1519 5065 1695 5138 longa
1734 5070 2009 5127 servitutis
2115 5055 2220 5133 hoc
2273 5078 2486 5136 Domini
2536 5055 2702 5139 verbo
2748 5098 2868 5141 esse
2915 5055 3362 5158 pratermissum,
3422 5055 3722 5164 vigilante;

409 5150 1163 5244 jugumncaspto‘libertatis
1198 5156 1392 5212 itinere
1433 5159 1584 5214 vidit.
1623 5159 1896 5231 Scriptum
1924 5174 2008 5220 est
2114 5169 2461 5243 adiungitur:

411 5236 578 5339 enim,
605 5236 814 5340 dicente
851 5240 1079 5301 Domino
1123 5246 1190 5301 ad
1220 5246 1439 5318 Moysen
1466 5268 1478 5303 :
1522 5250 1719 5306 Mensis
1743 5254 1840 5307 iste
1864 5256 2005 5310 vobis
2175 5236 2484 5336 Creavitque
2511 5265 2652 5322 Deus
2672 5264 2786 5324 'cete
2806 5272 3050 5341 grandia,
3072 5283 3122 5328 et
3147 5291 3352 5330 omnem
3377 5277 3616 5332 animum
3644 5279 3716 5333 ui-

768 5337 1046 5436 mensi-um,
1091 5339 1439 5436 primus-erit
1484 5344 1540 5397 in
1568 5345 1829 5436 mensibus
1855 5347 2000 5401 anni.
2103 5361 2301 5407 ventem
2352 5329 2508 5425 atque
2561 5329 2858 5415 motabilein
2889 5402 2905 5428 ,
2955 5329 3114 5433 quam
3159 5329 3497 5436 producturo!
3528 5329 3710 5423 “Qa—ii:

411 5414 740 5530 Decima
776 5427 969 5530 mensis
1009 5427 1188 5498 hujus,
1236 5429 1388 5485 tollat
1428 5435 1783 5530 unusquisque
1811 5453 2005 5507 agnum
2104 5459 2255 5515 aqua:
2281 5446 2336 5499 in
2359 5414 2553 5518 species
2576 5465 2723 5516 suas,
2757 5460 2804 5505 et
2829 5414 3209 5510 omne
3227 5414 3519 5512 secundum

407 5522 503 5617 per
523 5508 754 5617 familias
780 5522 831 5616 et
852 5514 1033 5617 domos
1057 5535 1201 5586 suas,
1230 5529 1280 5575 et
1293 5521 1572 5617 servabitis
1609 5541 1728 5617 eum
1753 5542 1917 5617 usque
1931 5528 2000 5583 ad
2106 5508 2280 5591 suum.
2313 5508 2530 5593 Nullu’m
2584 5508 2749 5611 igitur
2774 5559 2945 5613 genus
2972 5508 3707 5617 exceptum'

676 5603 1110 5708 duimuﬁﬂien’"
1137 5613 1330 5708 ξ’ξξηείε
1370 5612 1574 5708 ltiti”;
1609 5614 2001 5708 immdabilque
2106 5626 2243 5682 cetis
2268 5629 2561 5699 grandibus
2582 5603 2868 5690 creataest
2886 5637 3062 5693 omnis
3080 5603 3258 5693 anima
3275 5603 3486 5706 vivens,
3509 5603 3704 5695 eorum

546 5706 799 5804 γχξξηα
820 5694 1359 5804 ’ξινίξίικάίίβιίοηιπι
1396 5702 1570 5804 Ῑσναεξι
1611 5705 1681 5760 ad
1715 5723 1999 5779 υεδρεναηπ,
2109 5735 2230 5790 qua
2265 5722 2634 5791 produxerant
2678 5743 2851 5798 aqua,
2900 5730 2955 5784 in
3005 5731 3211 5801 species
3255 5747 3384 5789 suas
3430 5694 3696 5799 diversas,

404 5788 512 5838 etc.
543 5780 741 5855 (Exod.
762 5787 881 5858 xu).
904 5788 1020 5858 Qua
1042 5792 1206 5851 etiam
1229 5810 1456 5868 vespera
1483 5799 1552 5858 ad
1578 5804 2004 5898 consummantia
2020 5886 2036 5895 ο
2110 5780 2217 5870 hoc
2243 5780 2351 5885 est,
2399 5824 2455 5874 et
2483 5780 2880 5891 reptiliumret
