3974 6478
291 435 398 492 45⁷

287 643 580 709 inhaerent,
609 651 668 698 ut
691 649 817 697 sunt
839 641 1068 712 plurima
1112 640 1441 696 concharum
1473 653 1689 710 genera.
1723 637 1878 704 Quod

287 743 470 790 autem
502 735 702 790 dictum
731 739 814 788 est
839 751 852 787 :
897 731 965 786 Et
1003 729 1214 786 volatile
1240 746 1396 803 super
1427 739 1622 785 terram
1649 728 1744 784 sub
1784 729 1878 798 ﬁr-

286 835 555 882 mamento
583 823 714 891 caeli,
744 824 822 880 nil
856 824 1052 879 rationi
1089 824 1336 879 veritatis
1361 823 1596 890 obsistit,
1625 822 1752 894 quia
1793 821 1878 876 ni-

287 921 487 976 mirum
510 921 630 976 etsi
651 920 917 975 immenso
940 919 1293 990 interjacente
1315 919 1513 990 spatio,
1537 919 1636 976 sub
1665 919 1877 976 sidereo

285 1019 472 1067 tamen
510 1011 652 1067 ctelo
682 1009 865 1067 volant
893 1025 1038 1078 aves,
1078 1026 1199 1080 quae
1225 1026 1390 1081 super
1429 1020 1628 1066 terram
1668 1011 1874 1078 volant,

285 1104 558 1176 quomodo
589 1111 847 1174 tanquam
881 1119 981 1160 nos
1005 1104 1252 1159 homines
1289 1104 1344 1159 in
1375 1111 1518 1158 terra
1563 1103 1743 1174 positi,
1776 1103 1876 1159 sub

285 1198 426 1254 cudo
455 1214 520 1253 ac
550 1197 650 1254 sub
681 1196 793 1253 sole
842 1198 1120 1253 constituti
1164 1213 1284 1253 esse
1331 1197 1600 1252 veraciter
1646 1204 1702 1252 et
1729 1203 1876 1251 recte

285 1292 542 1358 dicimur,
569 1299 863 1348 attestante
888 1291 1188 1361 Scriptura,
1234 1306 1354 1361 qua:
1381 1291 1494 1346 ait:
1544 1289 1682 1358 Quia
1726 1297 1875 1344 erant

281 1386 340 1441 in
369 1384 668 1440 Jerusalem
695 1386 987 1440 habitantes
1021 1384 1202 1442 Judaei
1225 1387 1320 1441 viri
1348 1385 1596 1458 religiosi,
1639 1400 1703 1440 ea:
1733 1385 1876 1440 omni

282 1481 497 1533 natione
534 1495 652 1550 qua:
681 1479 777 1534 sub
825 1478 951 1533 calo
996 1490 1069 1534 est
1110 1479 1248 1550 (Act.
1275 1478 1377 1552 lt);
1429 1486 1520 1533 et:
1557 1477 1696 1544 Quid
1722 1479 1874 1533 habet

282 1569 509 1641 amplius
539 1570 694 1625 homo
718 1570 781 1624 de
805 1570 1044 1624 universo
1072 1569 1250 1625 labore
1269 1587 1386 1636 suo,
1417 1587 1518 1642 quo
1544 1568 1747 1624 laborat
1780 1568 1874 1624 sub

279 1660 393 1716 sole
417 1660 586 1733 (Eccl.
611 1661 691 1736 1)?
713 1661 858 1718 Sane
880 1663 1034 1733 juxta
1057 1663 1218 1718 aliam
1243 1664 1672 1727 translationem,
1696 1669 1876 1717 movet

280 1752 572 1808 nonnullos
614 1753 760 1824 quod
789 1753 988 1808 dictum
1027 1762 1143 1808 est:
1193 1754 1262 1808 Et
1307 1752 1543 1808 volatilia
1584 1752 1874 1808 secundum

277 1843 686 1914 ﬁrmamentum,
733 1845 787 1901 id
831 1853 936 1911 est,
959 1845 1114 1915 juxta
1158 1846 1557 1903 ﬁrmamentum
1592 1844 1735 1902 caeli.
1767 1843 1876 1900 Sed

1331 425 1683 485 COMMENT.
1726 424 1793 481 1N
1832 423 2156 482 GENESIM.
2200 454 2266 466 —-
2303 423 2434 481 LIB.
2475 425 2519 481 l.

289 552 387 609 sed
415 560 472 607 et
492 565 679 608 eorum
705 563 844 620 quas,
874 547 1020 604 nullo
1052 555 1175 618 apta
1213 547 1470 612 incessui,
1499 546 1604 600 ﬁxa
1627 545 1875 601 cautibus
1902 543 1956 603 Α

3451 431 3557 494 458

2576 539 2802 597 CAPUT
2849 539 2956 597 Vll.

1981 649 2093 731 Ubi
2112 651 2176 706 de
2194 661 2344 731 _terra_
2369 651 2863 731 animaliaproduci
2901 654 3150 731 iubentur
3179 659 3264 714 die
3290 671 3466 731 sexto,
3508 674 3559 720 et

2049 722 2306 801 Dominus
2325 723 2730 801 bominem_ﬁe_ri
2747 725 2916 794 jubet,
2949 729 3041 797 qui
3067 731 3246 784 statim
3270 722 3470 801 factus;
3492 736 3559 792 ab

2048 795 2160 864 ipso
2188 793 2412 848 Domino
2446 793 2787 850 benedicitur.

2046 907 2194 962 Dixit
2212 924 2415 980 quoque
2440 907 2583 964 Deus
2607 923 2624 962 :
2665 907 2935 966 Producat
2958 921 3100 968 terra
3124 916 3358 972 animam
3390 919 3564 975 viven-

1977 1006 2079 1054 tem
2105 999 2160 1053 in
2187 1016 2372 1070 genere
2395 1016 2513 1064 suo,
2529 999 2772 1070 jumenta
2795 1011 2842 1055 et
2864 1004 3090 1073 reptilia,
3121 1016 3169 1060 et
3191 1007 3380 1064 bestias
3408 1019 3562 1066 terrae

1977 1088 2261 1144 secundum
2289 1089 2482 1160 species
2506 1105 2670 1154 suas;
2694 1090 2992 1162 factumque
3026 1103 3100 1148 est
3140 1097 3235 1150 ita.
3269 1095 3397 1152 Post
3426 1099 3565 1153 irra-

1977 1187 2182 1242 diatum
2216 1184 2485 1241 sideribus
2529 1184 2723 1240 coelum
2743 1228 2758 1252 ,
2789 1195 2912 1256 post
2951 1187 3229 1259 impletum
3258 1191 3566 1248 volatilibus

1978 1292 2181 1343 aerem,
2207 1276 2300 1346 qui
2325 1276 2395 1332 ob
2418 1276 2674 1331 viciniam
2699 1276 2781 1348 (ut
2804 1277 3061 1351 diximus)
3085 1280 3210 1335 cmli
3234 1297 3430 1337 nomen
3451 1298 3566 1338 me-

1977 1370 2105 1435 ruit,
2132 1375 2256 1440 post
2294 1367 2652 1438 locupletatus
2677 1369 2789 1424 suis
2817 1370 3184 1427 animantibus
3213 1388 3412 1443 aquas,
3445 1390 3567 1445 quae

1976 1461 2192 1531 et-ipsae
2207 1459 2320 1515 aeri
2342 1467 2466 1514 sunt
2493 1474 2684 1530 magna
2706 1467 2914 1514 naturae
2934 1460 3212 1516 vicinitate
3230 1462 3560 1532 conjuncta:

1977 1551 2119 1607 unde
2153 1558 2209 1606 et
2233 1550 2299 1606 de
2327 1549 2431 1605 illis
2455 1551 2686 1620 sumpsit
2706 1550 3024 1618 animantia,
3049 1562 3103 1607 et
3125 1551 3191 1608 de
3212 1552 3316 1608 illis
3341 1554 3564 1624 imbres,

1965 1637 2148 1711 ‘nives,
2183 1645 2508 1716 grandines,
2539 1653 2594 1698 et
2623 1653 2818 1700 ctetera
2859 1646 3023 1701 sumit
3053 1647 3396 1718 hujusmodi:
3433 1665 3566 1705 con-

1976 1754 2212 1810 sequens
2231 1747 2351 1794 erat
2379 1739 2544 1794 etiam
2577 1748 2778 1794 terram
2805 1739 2920 1795 suis
2947 1740 3332 1809 animantibus,
3360 1743 3463 1799 hoc
3483 1751 3570 1800 est

1977 1849 2042 1889 ex
2068 1848 2128 1888 se
2154 1832 2350 1904 genitis
2383 1832 2612 1902 impleri.
2644 1831 2780 1887 Nam
2811 1841 2868 1887 et
2905 1833 3019 1904 ipsa
3048 1836 3375 1906 praecipuam
3404 1837 3571 1894 habet

279 1937 689 2010 intelligendum
713 1945 817 2004 est,
849 1938 993 2009 quod
1032 1938 1152 1995 ideo
1177 1939 1380 1994 dictum
1425 1939 1498 1994 sit
1523 1936 1706 1994 volare
1743 1951 1874 1992 aves

1983 1928 2354 1998 cognationem
2377 1944 2500 1984 cum
2521 1929 2696 1999 aquis,
2712 1938 2896 1999 utpote
2916 1945 3036 2000 quae
3058 1930 3174 1985 sine
3191 1931 3384 1984 barum
3405 1944 3570 1986 succo

279 2033 582 2088 secundum
611 2032 1008 2088 ﬁrmamentum
1030 2031 1174 2096 caeli,
1199 2033 1324 2102 quia
1346 2033 1449 2087 hoc
1471 2030 1689 2086 nomine
1708 2029 1874 2084 etiam

277 2124 458 2179 aether
489 2122 774 2191 indicatur,
799 2125 903 2179 hoc
933 2131 1017 2180 est
1048 2124 1296 2195 superius
1319 2123 1448 2178 illud
1476 2123 1621 2179 aeris
1640 2122 1873 2192 spatium

274 2219 428 2290 quod
451 2234 484 2274 a
519 2219 826 2276 turbulento
856 2220 962 2276 hoc
991 2227 1048 2275 et
1071 2218 1364 2289 caliginoso
1387 2218 1507 2274 loco
1535 2217 1590 2272 in
1614 2231 1723 2288 quo
1745 2231 1874 2274 aves

273 2312 464 2368 volant
486 2312 659 2385 usque
683 2315 752 2369 ad
775 2323 922 2370 astra
954 2313 1233 2385 pertingit,
1265 2322 1321 2369 et
1367 2329 1488 2370 esse
1519 2312 1872 2385 tranquillum

273 2417 504 2475 prorsus
525 2419 589 2460 ac
611 2405 733 2462 luce
758 2406 1000 2475 plenum,
1021 2422 1130 2463 non
1154 2406 1429 2462 immerito
1451 2405 1711 2462 creditur.
1734 2405 1874 2462 Nam

269 2504 333 2552 et
353 2498 590 2554 errantia
613 2499 792 2555 sidera
828 2511 1055 2571 septem,
1085 2517 1208 2572 qua:
1238 2501 1293 2556 in
1320 2502 1424 2558 hoc
1446 2502 1665 2577 aetheris
1696 2503 1873 2574 spatio

273 2602 414 2658 vaga
441 2588 573 2645 ferri
618 2591 994 2662 perhibentur,
1041 2591 1325 2664 Scriptura
1377 2593 1720 2650 ﬁrmamento
1748 2596 1873 2652 caeli

272 2694 397 2736 esse
423 2682 598 2751 posita
632 2683 788 2738 dixit.
819 2684 1052 2755 Ideoque
1077 2701 1206 2742 aves
1247 2695 1395 2742 recte
1440 2688 1692 2744 dicuntur
1717 2705 1874 2746 secus

269 2768 682 2829 ﬁrmamentum
729 2775 854 2831 caali
893 2777 1097 2842 volare,
1139 2779 1266 2848 quia
1296 2779 1473 2834 vicina
1515 2789 1644 2836 sunt
1688 2781 1769 2853 (ut
1793 2782 1875 2838 di-

269 2865 474 2936 xerim)
500 2868 693 2924 aetheri
721 2870 1031 2925 turbulenta
1069 2873 1184 2928 haec
1207 2874 1353 2929 aeris
1397 2875 1591 2944 spatia,
1626 2892 1746 2946 quae
1771 2893 1872 2933 v0-

269 2955 420 3013 latus
451 2959 630 3016 avium
675 2962 965 3018 sustinent.
1003 2962 1114 3020 Nec
1155 2965 1468 3021 mirandum
1507 2967 1554 3022 si
1582 2968 1753 3023 aether
1780 2968 1874 3023 ﬁr-

271 3057 609 3105 mamentum
659 3051 783 3108 coeli
841 3055 1194 3123 nominetur,
1249 3072 1372 3112 eum
1434 3073 1531 3113 aer
1576 3059 1875 3130 appelletur

271 3141 494 3207 caalnm,
524 3151 585 3198 ut
606 3159 770 3216 supra
792 3147 1094 3204 docuimus.
1126 3148 1239 3205 Nec
1265 3152 1702 3221 praetereundum
1729 3152 1875 3222 quod

271 3253 402 3295 cum
423 3255 640 3297 creasse
663 3241 934 3300 diceretur
955 3245 1101 3300 Deus
1121 3261 1324 3300 omnem
1339 3246 1572 3301 animam
1591 3249 1870 3315 viventem,

269 3331 520 3387 additum
553 3342 636 3390 est
670 3343 824 3407 atque
871 3336 1190 3403 mutabilem,
1233 3339 1302 3393 ad
1349 3339 1754 3395 distinctionem
1787 3340 1871 3396 vi-

264 3421 471 3478 delicet
495 3425 748 3492 hominis,
773 3441 934 3497 quem
958 3427 1200 3484 facturus
1229 3437 1348 3484 erat
1376 3431 1445 3484 ad
1488 3431 1786 3502 imaginem
1819 3441 1877 3489 et

266 3515 686 3574 similitudinem
706 3535 859 3575 suam
879 3537 894 3587 ;
919 3520 996 3575 ita
1022 3528 1083 3575 ut
1107 3523 1152 3576 si
1173 3522 1292 3593 ejus
1311 3532 1580 3593 praecepta
1605 3536 1873 3596 servaret,

261 3616 536 3679 perpetua
553 3609 758 3666 viveret
783 3611 1329 3668 incommutabilitate
1351 3615 1562 3670 beatus.
1595 3614 1731 3670 Nam
1753 3616 1874 3672 ani-

263 3702 484 3757 mantia
512 3709 711 3759 caetera
737 3704 810 3759 ita
840 3713 966 3760 sunt
990 3705 1165 3776 prima
1209 3720 1336 3760 mox
1369 3705 1682 3762 conditione
1709 3707 1872 3778 facta,

259 3799 338 3847 ut
360 3790 448 3846 vel
480 3791 586 3847 alia
610 3792 732 3849 aliis
768 3792 824 3848 in
872 3795 1184 3852 alimoniam
1213 3795 1490 3866 cederent,
1521 3797 1606 3854 vel
1635 3797 1751 3870 ipsa
1775 3813 1877 3857 suo

257 3883 430 3942 senio
451 3884 756 3942 deﬁcientia
777 3888 1036 3959 perirent.

348 3997 420 4052 Et
444 3998 571 4053 vidit
594 3999 738 4056 Deus
777 3995 934 4074 quod~
961 4010 1091 4058 esset
1121 4003 1354 4071 bonum;
1395 4004 1756 4077 benedixitque
1799 4006 1876 4062 eis

264 4090 500 4146 dicens:
541 4091 772 4148 Crescite
810 4104 860 4149 et
902 4095 1360 4168 multiplicamini,
1402 4106 1449 4152 et
1496 4097 1684 4170 replete
1709 4116 1876 4171 aquas

267 4186 461 4241 maris.
495 4185 730 4259 Avesque
749 4187 1163 4260 multiplicentur
1185 4207 1342 4261 super
1367 4199 1583 4258 terram,
1606 4199 1653 4246 et
1677 4191 1875 4262 factum

267 4287 353 4333 est
381 4295 584 4349 vespere
611 4289 660 4334 et
685 4296 840 4336 mane
869 4281 978 4336 dies
1015 4283 1250 4353 quintus.
1281 4284 1436 4353 Quod
1468 4285 1628 4352 dixit,
1660 4287 1876 4341 crescite

269 4378 328 4424 et
357 4368 803 4439 multiplicamini,
820 4380 869 4426 et
892 4371 1082 4443 replete
1105 4390 1269 4445 aquas
1290 4377 1478 4442 maris,
1495 4376 1564 4431 ad
1584 4385 1876 4448 utrumque

270 4472 448 4530 genus
473 4460 833 4516 animantium
861 4461 927 4518 de
955 4463 1111 4534 aquis
1130 4462 1355 4532 factum,
1378 4467 1483 4521 hoc
1505 4467 1676 4522 estad
1695 4466 1874 4537 pisces

270 4549 515 4622 pertinet
542 4560 596 4607 et
619 4552 688 4607 ad
716 4568 864 4620 aves,
893 4555 1020 4624 quia
1046 4555 1187 4610 sicut
1209 4557 1385 4626 pisces
1416 4573 1606 4613 omnes
1633 4573 1740 4613 non
1771 4559 1875 4614 nisi

271 4642 336 4697 in
362 4643 519 4714 aquis
543 4644 727 4702 vivere
751 4655 997 4716 possunt,
1025 4647 1102 4702 ita
1125 4657 1251 4704 sunt
1278 4649 1551 4721 pleraeque
1573 4666 1722 4716 aves,
1751 4667 1872 4721 quae
1897 4677 1952 4738 Ι)

275 4735 405 4791 etsi
434 4736 491 4792 in
521 4737 682 4794 terris
727 4737 1022 4809 aliquando
1058 4741 1435 4811 requiescunt,
1472 4741 1718 4811 fetusque
1745 4758 1870 4812 pro-

273 4837 494 4900 pagant,
527 4844 636 4886 non
661 4838 842 4887 tamen
867 4833 934 4889 de
963 4841 1132 4902 terra,
1169 4836 1264 4892 sed
1290 4836 1356 4892 de
1383 4837 1520 4892 mari
1546 4846 1868 4907 vescuntur,

279 4921 614 4994 marinisque
639 4923 858 4981 sedibus
878 4925 1132 4983 libentius
1161 4936 1386 4984 utuntur
1405 4945 1566 5001 quam
1591 4932 1869 4988 terrestri-

275 5015 404 5072 bus.
451 5015 606 5085 Quod
651 5033 782 5075 vero
830 5021 1142 5094 subjungit:
1183 5021 1418 5095 Avesque
1459 5023 1873 5096 multiplicemur

278 5126 442 5180 super
464 5120 683 5179 terram,
716 5112 785 5169 ad
813 5121 1109 5186 utrumque
1138 5129 1308 5187 genus
1336 5117 1516 5171 avium
1536 5158 1549 5184 ,
1581 5118 1684 5173 hoc
1709 5128 1793 5174 est
1817 5128 1874 5174 et

280 5216 474 5258 earum
511 5217 631 5274 quae
662 5203 728 5259 de
771 5206 956 5275 aquis,
991 5215 1049 5263 et
1089 5222 1280 5264 earum
1323 5221 1444 5279 quae
1469 5218 1761 5264 vescuntur
1805 5211 1873 5268 de

281 5302 461 5363 terra,
511 5297 750 5369 respicit.
789 5298 925 5367 Quia
969 5301 1134 5356 etiam
1163 5300 1268 5357 illa:
1310 5301 1560 5358 videlicet
1606 5320 1725 5374 quae
1755 5303 1872 5360 sine

282 5389 662 5468 aquisjvivere
688 5391 938 5447 nesciunt
975 5408 1136 5460 aves,
1166 5395 1242 5450 ita
1269 5401 1332 5449 ut
1366 5395 1536 5450 multo
1565 5410 1708 5465 saepe
1748 5397 1876 5453 anni

283 5470 535 5551 tempore
558 5482 659 5538 sub
685 5482 950 5554 profundo
981 5500 1262 5556 aquarum,
1284 5488 1556 5558 quomodo
1574 5488 1774 5560 pisces,
1801 5489 1877 5545 la-

284 5585 462 5644 teant,
492 5592 880 5650 nonnunquam
912 5581 1095 5650 egredi
1125 5597 1288 5653 super
1314 5591 1491 5644 terras
1525 5582 1732 5656 solent,
1760 5579 1888 5652 mar

281 5667 434 5726 xime
458 5685 585 5728 cum
609 5670 787 5729 fetant
815 5680 872 5731 et
895 5673 1148 5731 nutriunt
1175 5675 1370 5749 pullos.

1236 5887 1482 5948 1‘33).
1563 5932 1570 5940 .
1611 5890 1630 5944 '.

1310 5936 1400 5956 .erl
1428 5936 1451 5960 θ.

1312 5961 1318 5970 ι
1333 5966 1338 5970 .
1367 5965 1393 5972 .-

619 6028 896 6094 ΡΔτιιοι..
939 6023 1129 6103 CVII,

1978 2029 2034 2076 et
2064 2019 2412 2091 irrigatione,
2463 2036 2571 2076 non
2601 2021 2774 2075 solum
2800 2020 3160 2088 fructiﬁcare,
3201 2022 3298 2077 sed
3327 2021 3442 2092 ipsa
3467 2035 3572 2077 nec

1980 2111 2279 2166 consistere
2324 2111 2516 2181 possit,
2570 2110 2732 2167 Petro
2766 2120 3089 2178 attestante,
3139 2112 3232 2181 qui
3278 2113 3390 2166 ait:
3429 2110 3572 2178 Quia

1979 2201 2093 2258 caeli
2121 2211 2271 2257 erant
2295 2205 2442 2274 prius
2470 2213 2518 2258 et
2545 2214 2686 2259 terra
2719 2205 2784 2260 de
2811 2223 2970 2277 aqua,
2998 2215 3045 2261 et
3068 2221 3161 2276 per
3185 2222 3379 2278 aquam
3399 2206 3573 2262 consi-

1978 2306 2118 2350 stens
2142 2294 2239 2350 Dei
2265 2295 2415 2350 verbo
2447 2295 2542 2369 (ΙΙ
2582 2296 2726 2352 Petr.
2773 2299 2890 2369 ιιι).
2922 2298 3084 2354 Jubet
3107 2314 3240 2370 ergo
3268 2300 3572 2371 producere

1979 2396 2182 2444 terram
2217 2389 2359 2444 Deus
2375 2389 2639 2460 jumenta,
2669 2398 2724 2444 ct
2759 2391 3001 2461 reptilia,
3045 2401 3103 2448 et
3143 2392 3348 2448 bestias
3377 2400 3570 2459 terrae,

1979 2480 2108 2552 quia
2135 2481 2355 2537 nomine
2380 2482 2682 2538 bestiarum
2720 2497 2881 2538 omne
2910 2483 3173 2553 quidquid
3197 2498 3324 2550 ore,
3355 2482 3441 2538 vel
3471 2498 3572 2538 un-

1977 2571 2172 2644 guibus
2199 2571 2352 2628 saevit
2375 2571 2639 2643 (exceptis
2657 2572 3022 2645 serpentibus)
3043 2582 3258 2630 constat
3280 2589 3403 2631 esse
3425 2589 3574 2630 com-

1976 2667 2325 2739 prehensum.
2357 2666 2586 2723 Nomine
2626 2677 2808 2722 autem
2847 2667 3123 2738 reptilium
3169 2676 3359 2735 terrze,
3405 2668 3573 2724 etiam

1977 2769 2258 2831 serpentes
2283 2762 2647 2817 continentur.
2684 2761 2911 2817 Nomine
2939 2778 3068 2819 vero
3095 2761 3472 2832 jumentorum
3505 2779 3574 2819 ea

1977 2869 2097 2924 qua:
2124 2854 2182 2908 in
2210 2870 2312 2910 usu
2335 2861 2460 2910 sunt
2486 2853 2766 2909 hominum
2794 2853 3048 2909 animalia
3071 2855 3442 2926 designantur.
3466 2852 3572 2909 Ubi
3646 2871 3662 2889 ο

1977 2961 2108 3020 ergo
2133 2949 2371 3005 conditio
2400 2949 2729 3006 describitur
2763 2939 3084 3006 creterorum
3124 2951 3531 3022 quadrupedum
3551 2991 3568 3019 ,

1977 3041 2130 3098 verbi
2157 3043 2365 3114 gratia,
2410 3058 2728 3110 cervorum,
2775 3059 3120 3114 caprearum,
3164 3043 3487 3099 bubalorum
3516 3051 3574 3099 et

1979 3150 2255 3207 aprorum,
2296 3146 2724 3209 czeterorumque
2746 3139 3054 3210 ejusmodi?
3086 3138 3201 3194 Nisi
3230 3139 3370 3195 forte
3395 3139 3464 3195 ob
3493 3138 3572 3194 fe-

1978 3227 2264 3282 rocitatem
2293 3229 2568 3284 indomitae
2595 3231 2794 3285 mentis
2836 3231 2976 3286 inter
3012 3231 3215 3286 bestias
3253 3244 3376 3286 esse
3401 3243 3574 3283 annu-

1978 3330 2186 3376 merata
2225 3322 2552 3389 dixerimus,
2576 3321 2734 3392 juxta
2776 3323 3054 3392 antiquam
3085 3336 3217 3378 sane
3257 3321 3574 3378 translatio-

1979 3427 2126 3477 nem,
2156 3412 2211 3467 in
2241 3429 2346 3482 qua
2372 3413 2635 3482 scriptum
2664 3423 2747 3468 est
2772 3432 2785 3466 :
2815 3413 3015 3484 Ejiciat
3049 3422 3189 3468 terra
3220 3429 3423 3468 omnem
3451 3414 3573 3468 ani-

1978 3519 2120 3560 mam
2149 3505 2314 3560 vivam
2340 3505 2627 3560 secundum
2667 3522 2829 3576 genus
2847 3547 2861 3571 ,
2897 3505 3263 3577 quadrupedia
3289 3514 3339 3561 et
3367 3507 3574 3576 reptilia

1979 3607 2029 3654 et
2054 3599 2244 3654 bestias
2272 3608 2444 3654 terrm.
2472 3599 2557 3654 Nil
2585 3598 2808 3655 omnino
2831 3599 3150 3669 quaestionis
3177 3606 3262 3655 est
3281 3639 3296 3664 ,
3342 3598 3468 3670 quia
3493 3598 3574 3654 vi-

1978 3692 2176 3748 delicet
2219 3692 2438 3748 nomine
2485 3691 2898 3762 quadrupedum
2943 3698 3138 3747 cuncta
3179 3691 3572 3760 comprehensa

1978 3791 2105 3839 sunt
2137 3798 2287 3854 quae,
2325 3782 2570 3854 exceptis
2598 3782 2787 3838 bestiis
2812 3789 2868 3837 et
2905 3782 3210 3853 reptilibus,
3249 3790 3396 3838 terra
3441 3797 3574 3853 pro-

1978 3875 2150 3941 duxit,
2169 3875 2284 3931 sive
2304 3889 2426 3946 quae
2452 3875 2553 3932 sub
2575 3888 2706 3930 cura
2736 3873 2992 3942 humana,
3027 3889 3122 3930 seu
3150 3888 3272 3945 qua:
3300 3881 3427 3930 sunt
3457 3873 3574 3932 fera

1977 3976 2036 4024 et
2062 3969 2320 4039 agrestia.

2049 4060 2118 4114 Et
2155 4061 2276 4131 fecit
2304 4059 2448 4117 Deus
2486 4061 2674 4117 bestias
2710 4071 2864 4117 terra:
2899 4061 3063 4132 juxta
3105 4063 3298 4133 species
3325 4078 3486 4128 suas,
3521 4068 3576 4116 et

1969 4158 2213 4229 jumenta
2233 4167 2281 4212 et
2309 4173 2461 4212 omne
2487 4156 2669 4228 reptile
2692 4165 2847 4212 teme
2871 4157 2925 4210 in
2957 4172 3142 4227 genere
3172 4172 3288 4211 suo.
3320 4153 3573 4211 Notanda

1977 4249 2361 4306 transmutatio
2387 4248 2698 4318 verborum,
2733 4249 2861 4321 quia
2899 4249 3270 4321 supradictum
3316 4259 3399 4305 est
3425 4248 3572 4319 quod

1975 4341 2276 4414 producere
2302 4341 2529 4413 jusserit
2557 4342 2701 4398 Deus
2741 4350 2944 4397 terram
2973 4341 3222 4410 iumenta
3265 4347 3320 4396 et
3358 4341 3573 4412 reptilia

1976 4443 2031 4490 et
2059 4436 2264 4492 bestias
2296 4444 2478 4502 terrm,
2503 4451 2646 4491 nunc
2681 4444 2864 4491 autem
2892 4443 3101 4491 mutato
3127 4437 3346 4500 ordine,
3378 4434 3574 4492 fecisse

1977 4525 2175 4581 dicitur
2198 4528 2340 4583 Deus
2368 4527 2572 4583 bestias
2615 4534 2807 4591 terrae,
2839 4534 2894 4580 et
2914 4526 3189 4597 jumenta,
3218 4535 3273 4583 et
3299 4542 3461 4583 onme
3490 4542 3574 4584 re-

1975 4618 2106 4690 ptile
2136 4627 2330 4684 teme;
2369 4626 2421 4674 et
2448 4617 2854 4688 intelligendum
2886 4617 3014 4686 quia
3049 4619 3196 4673 dicto
3221 4618 3382 4674 citius
3408 4634 3572 4674 omne

1978 4715 2122 4785 quod
2167 4714 2338 4770 voluit
2379 4713 2542 4780 fecit;
2591 4712 2772 4782 nilque
2813 4710 2998 4769 diﬁ'ert
3037 4711 3166 4783 quid
3205 4712 3420 4783 loquela
3469 4713 3572 4768 hu-

1978 4824 2138 4864 mana
2169 4808 2320 4878 prius
2359 4807 2413 4861 in
2455 4814 2832 4862 creaturarum
2882 4806 3075 4864 ordine
3113 4806 3388 4874 nominet,
3433 4822 3572 4878 quas

1979 4900 2160 4956 divina
2187 4899 2431 4970 potentia
2471 4898 2631 4954 simul
2655 4899 2896 4957 condidit
2932 4907 3174 4958 cunctas.
3217 4897 3353 4957 Cum
3387 4907 3571 4956 autem

1978 4995 2226 5066 sequitur
2249 5012 2264 5049 :

2053 5088 2120 5142 Et
2149 5087 2274 5142 vidit
2299 5086 2442 5166 Deus
2481 5088 2620 5159 quod
2651 5096 2780 5143 esset
2813 5089 3037 5154 bonum,
3076 5087 3339 5157 quaeritur
3373 5086 3570 5142 merito

1979 5194 2149 5251 quare
2173 5195 2281 5235 non
2318 5180 2482 5236 etiam
2519 5179 2610 5235 hic
2639 5181 2870 5236 addatur
2895 5180 3026 5236 illud
3061 5179 3205 5249 quod
3242 5179 3447 5236 dictum
3486 5189 3573 5238 est

1979 5271 2045 5327 de
2075 5273 2154 5328 eis
2182 5287 2302 5342 quae
2331 5287 2484 5342 aquae
2515 5273 2886 5342 produxerant
2911 5271 3311 5328 animantibus:
3339 5271 3569 5328 Benedi-

1978 5366 2156 5436 aritque
2187 5365 2262 5419 eis
2285 5364 2502 5419 dicens:
2525 5363 2751 5419 Crescite
2779 5371 2826 5418 et
2853 5362 3278 5434 multiplicamini
3304 5372 3351 5418 et
3383 5364 3572 5437 replete

1980 5467 2195 5512 terram.
2226 5458 2309 5511 An
2335 5455 2474 5511 forte
2504 5457 2650 5526 quod
2671 5455 2739 5511 de
2775 5456 2950 5526 prima
2992 5465 3244 5510 creatura
3271 5457 3467 5514 anima:
3490 5457 3574 5514 vi-

1979 5547 2157 5604 ventis
2191 5548 2396 5603 dictum
2421 5564 2452 5602 a
2481 5546 2594 5602 Deo
2632 5547 3123 5612 commendaverit,
3170 5548 3334 5602 etiam
3375 5549 3442 5604 de
3485 5564 3573 5606 se-

1981 5639 2156 5696 cunda
2178 5639 2334 5694 nobis
2359 5637 2866 5708 subintelligendum
2897 5638 3148 5709 reliquit?
3171 5638 3421 5705 Maxime,
3445 5640 3572 5709 quia

1983 5731 2037 5785 in
2064 5729 2223 5798 hujus
2248 5730 2355 5785 diei
2388 5730 2642 5800 operibus
2686 5729 2842 5800 plura
2876 5740 2996 5786 erat
3032 5730 3135 5786 alia
3164 5730 3567 5799 subjuncturus.

1983 5822 2155 5878 Porro
2178 5823 2244 5877 de
2270 5823 2488 5877 homine
2515 5821 2655 5878 facto
2679 5823 2783 5879 hoc
2811 5825 3117 5880 necessario
3141 5825 3338 5879 iterare
3361 5822 3576 5878 curavit

1986 5914 2168 5973 dicens
2193 5913 2620 5986 :‘Bencdixitque
2664 5914 2768 5974 illis
2806 5914 2981 5986 Deus,
3025 5928 3073 5974 et
3105 5918 3219 5972 ait:
3256 5913 3482 5973 Crescite
3521 5921 3573 5972 et

3063 6034 3139 6095 15
