3974 6460
430 407 543 468 “9

1078 401 1142 459 Β.
1180 401 1441 460 RABANI
1474 401 1700 463 MAURI
1734 399 2059 461 ARCHIEP.
2096 399 2411 463 MOGUNT.
2448 399 2743 461 OPERUM
2782 396 2960 456 PARS
2989 397 3034 454 l.

3614 393 3730 453 460

433 516 882 591 multiplicamini,
910 525 960 575 et
988 517 1179 591 replete
1208 527 1423 584 terram,
1458 531 1527 574 ne
1567 519 1690 589 quis
1715 516 2021 575 honorabili
2047 517 2103 580 Α
2125 516 2431 582 humiliter,
2482 521 2540 574 et
2585 517 2869 573 adhaesu
2890 512 3085 586 gratia
3128 510 3215 568 sui
3242 509 3590 577 Genitor-is,
3638 512 3737 584 qui

436 612 709 669 connubio
753 613 931 670 inesse
975 620 1293 684 peccatum,
1349 620 1634 681 torumque
1682 610 1918 666 fmditati
1962 624 2029 667 ac

435 702 785 761 fornicationi
823 712 1041 775 putaret
1077 719 1202 761 esse
1239 705 1682 776 comparandum.
1723 702 1890 758 Facta
1934 718 2032 758 au-

438 805 550 852 tem
592 803 753 868 atque
790 804 981 852 ornata
1024 795 1358 852 habitatione
1400 795 1710 863 mundana,
1747 799 2032 866 supererat

433 896 498 944 ut
528 888 645 959 ipse
668 887 835 944 etiam
860 896 1081 960 propter
1104 894 1268 958 quem
1295 888 1476 943 omnia
1500 880 1859 959 parabantur,
1880 884 2032 941 habi-

437 986 584 1036 tator
630 994 698 1037 ac
718 979 974 1037 dominus
1001 995 1210 1047 rerum,
1238 980 1402 1037 homo
1434 987 1732 1038 crearetur.
1772 978 2033 1050 Sequitur

435 1078 493 1128 et
521 1071 599 1127 ait
626 1090 641 1127 :

563 1167 799 1224 adamas
827 1166 1088 1222 hominem
1112 1165 1184 1221 ad
1218 1166 1502 1237 imaginem
1540 1173 1591 1220 et
1633 1162 2032 1220 similitudinem

438 1264 693 1311 nostram.
733 1255 885 1313 Nunc
928 1264 1154 1328 apparet
1180 1256 1481 1312 evidentius
1517 1268 1687 1325 quare
1729 1254 1796 1309 de
1833 1251 2034 1309 creatis

440 1348 629 1404 herbis
667 1357 724 1404 et
764 1349 1105 1425 arboribus,_
1128 1350 1373 1420 piscibus
1401 1356 1457 1403 et
1492 1346 1825 1412 volatilibus,
1853 1353 2032 1400 terre-

438 1441 647 1496 stribus
688 1456 905 1511 quoque
945 1442 1345 1506 animantibus,
1393 1441 1596 1495 dictum
1644 1441 1716 1496 sit
1739 1447 1801 1494 ut
1838 1438 2036 1495 ﬁerem

443 1532 654 1604 singula
677 1532 829 1602 juxta
862 1548 1033 1605 genus
1059 1543 1115 1589 et
1147 1534 1356 1605 species
1380 1548 1528 1590 suas.
1561 1532 1618 1588 In
1647 1532 1830 1588 futura
1853 1539 2035 1588 autem

444 1627 681 1685 hominis
708 1631 1008 1696 creatione,
1037 1632 1129 1702 qui
1169 1645 1277 1685 non
1306 1631 1481 1686 solum
1510 1643 1610 1685 suo
1632 1628 1817 1702 generi
1844 1626 2036 1684 simili-

443 1723 629 1778 tudine
660 1733 986 1795 congrueret
1006 1734 1064 1781 et
1092 1726 1273 1796 specie
1291 1766 1306 1790 ,
1332 1726 1429 1781 sed
1457 1725 1624 1781 etiam
1652 1724 1721 1780 ad
1744 1724 2036 1795 imaginem

443 1818 528 1872 sui
555 1819 823 1874 creatoris
860 1833 923 1875 ac
950 1819 1358 1875 similitudinem
1387 1818 1561 1885 ﬂeret,
1591 1825 1815 1889 propter
1842 1815 2037 1872 nobili-

2131 612 2465 668 sternaliter
2489 626 2554 667 ac
2572 608 2813 682 pericula
2832 607 3033 678 justus,
3056 614 3277 662 sanctus
3301 613 3360 662 et
3385 619 3581 670 verus,
3612 604 3735 660 exi-

2131 704 2249 761 stit.
2278 702 2383 773 Qui
2404 703 2664 774 quoniam
2688 702 2835 757 hanc
2868 698 3296 772 pulcherrimam
3319 696 3630 753 novitatem
3656 696 3741 751 di-

2130 799 2274 854 vine
2296 799 2354 854 in
2373 812 2434 854 se
2454 796 2705 869 imaginis
2724 794 3006 868 peccando
3022 792 3738 863 minuunturque

2130 906 2203 949 ex
2244 907 2305 949 se
2346 890 2657 965 prosapiam
2701 888 2917 963 generis
2956 885 3179 943 humani
3203 883 3559 955 procreavit,
3588 882 3739 938 venit

2128 983 2406 1042 secundus
2432 984 2627 1050 Adam,
2648 982 2706 1039 id
2724 990 2831 1050 est,
2852 981 3114 1039 Dominus
3131 979 3249 1051 ipse
3269 986 3330 1035 et
3344 976 3625 1034 Conditor
3643 990 3738 1032 uo-

2134 1087 2249 1137 ster
2274 1087 2436 1136 natus
2453 1093 2523 1134 ex
2546 1078 2789 1150 Virgine,
2812 1085 3030 1133 aestus
3055 1071 3558 1145 inenrruptibiliter
3574 1079 3740 1142 atque

2133 1169 2670 1237 ineomuntabiliter,
2690 1170 2763 1225 ad
2790 1169 3077 1241 imaginem
3104 1167 3224 1232 Dei,
3246 1167 3303 1221 id
3330 1173 3441 1230 est,
3473 1163 3741 1219 immunis

2134 1264 2316 1320 omnis
2339 1262 2543 1329 delicti,
2566 1269 2627 1317 et
2650 1261 2841 1333 plenus
2865 1261 3046 1318 omnis
3070 1259 3262 1332 gratia
3284 1266 3345 1313 et
3365 1256 3652 1320 veritatis,
3682 1263 3741 1310 ut

2135 1356 2429 1427 imaginem
2470 1354 2525 1410 in
2553 1354 2712 1410 nobis
2736 1367 2893 1410 suam
2932 1367 2999 1409 ac
3468 1348 3742 1418 exemplis

2132 1450 2250 1508 suis
2272 1455 2679 1506 restamaretet
2706 1447 2882 1503 donis.
2910 1446 3034 1518 Ipse
3055 1454 3142 1503 est
3172 1445 3321 1502 enim
3356 1458 3547 1500 novus
3578 1443 3741 1497 homo

2133 1544 2405 1601 veraciter
2451 1541 2745 1598 semiudum
2795 1541 2965 1596 Deum
3008 1546 3257 1604 creaurs,
3294 1538 3429 1608 quia
3473 1534 3740 1590 nimirum

2137 1635 2211 1692 ita
2238 1649 2425 1691 veram
2449 1633 2518 1690 de
2544 1630 2718 1687 Adam
2758 1631 2942 1687 carnis
2981 1628 3344 1685 substantiam
3387 1625 3653 1696 sumpsit,
3683 1631 3742 1678 ut

2136 1727 2215 1784 nil
2234 1728 2304 1783 de
2324 1727 2418 1782 illo
2445 1724 2564 1781 vitii
2587 1723 2861 1780 sordentis
2888 1717 3344 1789 traheret.-Cujus
3366 1717 3630 1788 exempla
3644 1730 3745 1787 pro

2138 1828 2301 1891 captu
2324 1829 2514 1875 nostro
2536 1817 2721 1887 sequi,
2752 1815 2907 1885 wjus
2933 1814 3213 1870 adhzesere
3232 1812 3432 1878 donis,
3459 1810 3628 1880 cuius
3648 1810 3747 1867 ob-

443 1918 610 1966 tatem
632 1912 927 1967 creationis
946 1912 1049 1967 hoc
1071 1912 1442 1967 testimonium
1462 1911 1575 1977 dat,
1598 1909 1744 1981 quod
1765 1924 1872 1965 non
1888 1908 2037 1964 sicut
2060 1909 2111 1971 B
2136 1921 2445 1984 temperare
2474 1909 2748 1967 incidatis
2776 1906 3177 1981 [Reformemus
3220 1920 3354 1977 ergo
3400 1906 3461 1960 in
3496 1904 3663 1960 nobis
3690 1903 3745 1957 in

441 2003 498 2058 in
522 2004 733 2059 caeteris
759 2004 1029 2061 creaturis
1052 2004 1191 2060 dixit
1213 2004 1357 2059 Deus
1381 2022 1393 2058 :
1437 2001 1562 2057 Fiat
1584 2002 1761 2068 homo,
1784 2011 1839 2058 et
1860 1999 2037 2056 factus

442 2102 527 2148 est
552 2094 753 2160 homo;
781 2093 868 2149 vel
893 2094 1148 2166 producat
1186 2103 1328 2149 terra
1355 2093 1650 2159 hominem,
1690 2100 1747 2148 et
1781 2091 2041 2163 produxit

440 2193 592 2242 terra
635 2187 952 2253 hominem;
989 2188 1087 2243 sed
1132 2187 1285 2258 prius
1330 2201 1495 2258 quam
1542 2186 1733 2253 ﬂeret,
1777 2186 2038 2257 faciamus

441 2276 661 2345 dicitur,
690 2287 749 2334 ut
772 2278 1058 2346 videlicet,
1094 2280 1222 2350 quia
1254 2278 1538 2335 rationalis
1564 2286 1815 2334 creatura
1842 2278 2040 2333 mde-

438 2368 600 2426 hatur
619 2409 636 2437 ,
676 2372 833 2441 quasi
858 2385 982 2426 cum
1007 2371 1237 2427 consilio
1262 2370 1405 2427 facta
1432 2372 1729 2437 videretur,
1760 2371 2040 2442 quasi'pcr

438 2465 683 2520 studium
708 2464 778 2520 de
802 2473 950 2520 terra
975 2465 1358 2537 plasmaretur,
1387 2476 1443 2522 et
1462 2466 1817 2538 inspiratione
1832 2465 2039 2523 Condi-

443 2558 583 2613 toris
611 2558 666 2613 in
698 2558 899 2614 virtute
928 2558 1156 2629 spiritus
1183 2558 1365 2615 vitalis
1387 2559 1719 2631 erigeretur,
1744 2567 1804 2614 ut
1830 2556 2041 2614 scilicet

445 2664 557 2706 non
592 2664 691 2721 per
711 2648 974 2719 jussiouis
994 2665 1183 2707 vocem
1201 2692 1214 2715 ,
1262 2651 1355 2707 sed
1391 2665 1491 2723 per
1510 2652 1827 2723 dignitatem
1849 2663 2041 2722 opera-

443 2741 610 2798 tionis
639 2741 923 2807 existeret,
946 2743 1076 2813 quia
1106 2743 1176 2798 ad
1198 2742 1510 2800 Conditoris
1530 2744 1822 2816 imaginem
1850 2742 2037 2800 fiebat.

322 2854 329 2863 '
443 2833 580 2892 Cum
611 2844 795 2891 autem
821 2836 1024 2892 dicitur
1047 2854 1061 2891 :
1101 2834 1390 2892 Faciamus
1418 2837 1489 2892 ad
1513 2839 1795 2909 imaginem
1818 2847 1867 2893 et
1890 2839 2041 2892 simi-

442 2925 717 2984 litudinem
757 2938 1024 2995 nostram,
1053 2930 1235 2985 unitas
1278 2939 1479 2987 sancta:
1524 2930 1807 2985 Trinitatis
1854 2939 2042 3001 aperte

440 3022 874 3077 commendatur.
905 3020 1183 3092 Siquidem
1214 3022 1403 3077 eadem
1428 3021 1704 3078 individua
1725 3021 1965 3078 Trinitas
1984 3022 2042 3077 in

442 3113 783 3183 praecedente
804 3128 985 3170 rerum
1008 3113 1332 3170 formatione
1352 3115 1582 3187 mystice
1603 3123 1722 3171 erat
1746 3115 2038 3181 insinuata,

444 3205 665 3276 quando
687 3206 970 3263 dicebatur
989 3223 1003 3262 :
1021 3207 1091 3262 Et
1114 3208 1248 3262 dixit
1277 3208 1439 3275 Deus,
1463 3206 1612 3263 Fiat.
1643 3208 1713 3263 Et
1733 3208 1853 3280 fecit
1874 3206 2036 3263 Deus.

446 3296 520 3352 Et
549 3298 676 3355 vidit
706 3299 848 3355 Deus
873 3302 1014 3373 quod
1039 3310 1171 3356 esset
1203 3302 1415 3355 bonum.
1457 3300 1611 3357 Nunc
1648 3309 1831 3358 autem
1869 3301 2044 3357 mani-
2066 3282 2117 3348 (ἶ

328 3427 342 3441 .
447 3388 646 3447 festius
670 3391 786 3447 haec
818 3392 933 3463 ipsa
963 3393 1290 3458 insinuatur,
1327 3408 1451 3446 cum
1480 3393 1718 3449 dicitur:
1755 3391 2046 3448 Faciamus

447 3479 714 3539 hominem
749 3483 819 3537 ad
847 3483 1130 3554 imaginem
1158 3492 1207 3538 et
1247 3482 1646 3539 similitudinem
1674 3493 1909 3540 nostram
1936 3500 1956 3551 ;
1990 3492 2049 3539 et

442 3578 597 3628 recte
623 3589 639 3637 ;
679 3573 803 3643 quia
829 3573 1003 3629 donec
1027 3574 1073 3628 is
1100 3574 1193 3644 qui
1218 3573 1510 3630 doceretur
1538 3590 1646 3630 non
1673 3582 1815 3639 erat,
1842 3574 1898 3629 in
1920 3588 2049 3645 plo-

444 3661 616 3721 fundo
642 3664 745 3721 fuit
782 3667 966 3722 abdita
1005 3667 1318 3737 praedicatio
1355 3667 1602 3723 Deitatis.
1648 3667 1752 3724 Ubi
1780 3683 1915 3724 vero
1942 3667 2047 3723 be—

348 3812 355 3818 ,
447 3755 615 3812 minis
642 3757 808 3827 cmpit
832 3759 1142 3829 exspectari
1162 3760 1390 3826 creatio,
1422 3759 1660 3815 revelata
1692 3768 1779 3815 est
1801 3759 1966 3826 ﬁdes,
1992 3767 2051 3815 et

446 3846 734 3903 evidenter
761 3849 956 3920 dogma
987 3850 1233 3906 veritatis
1266 3850 1507 3906 emicuit.
1551 3849 1608 3906 ln
1634 3865 1703 3907 eo
1727 3851 1874 3906 enim
1903 3850 2049 3922 quod

446 3940 584 3999 dicit
618 3940 1048 4007 Faciamus,una
1068 3943 1371 3999 ostenditur
1400 3945 1562 3999 trium
1597 3945 1841 4014 operatio
1860 3960 2049 4016 perso-

448 4049 667 4090 narum.
708 4033 767 4089 In
791 4048 859 4091 eo
885 4050 1018 4090 vero
1055 4035 1199 4107 quod
1230 4036 1510 4105 sequitur:
1558 4035 1638 4090 Ad.
1683 4037 1964 4107 imaginem
1998 4044 2048 4091 et

451 4124 852 4181 similitudinem
898 4136 1131 4181 nostram
1156 4167 1172 4193 ,
1222 4143 1329 4183 una
1376 4137 1435 4184 et
1477 4128 1701 4198 aequalis
1742 4128 2046 4185 substantia

451 4214 695 4286 ejusdem
724 4224 928 4272 sanctae
955 4217 1237 4274 Trinitatis
1264 4219 1553 4277 indicatur.
1594 4220 1877 4288 Quomodo
1900 4220 2046 4276 enim

449 4317 599 4365 esset
618 4324 725 4365 una
756 4309 938 4382 imago
971 4326 1036 4366 ac
1059 4311 1379 4379 similitudo,
1400 4314 1447 4370 si
1466 4315 1645 4370 minor
1670 4315 1835 4371 Patre
1854 4313 2041 4380 Filius,

450 4400 496 4457 si
524 4402 704 4458 minor
727 4410 872 4460 esset
896 4403 1036 4462 Filio
1070 4404 1305 4476 Spiritus
1338 4415 1581 4475 sanctus,
1608 4408 1656 4465 si
1679 4424 1788 4466 non
1812 4410 2048 4468 consub-

448 4494 723 4551 stantialis
756 4496 1002 4568 ejusdem
1036 4501 1322 4569 potestatis
1344 4509 1493 4557 esset
1528 4501 1703 4574 gloria
1730 4504 1898 4561 totius
1926 4503 2048 4560 Tri-

447 4585 667 4653 nitatis;
695 4597 790 4642 aut
820 4590 1093 4658 quomodo
1119 4591 1428 4648 diceretur:
1467 4590 1779 4660 Faciamus,
1806 4595 1853 4650 si
1880 4595 2045 4651 trium

448 4675 505 4733 in
546 4692 653 4732 una
684 4678 893 4733 Deitate
934 4695 1296 4750 personarum
1342 4686 1687 4756 cooperatrix
1723 4672 1898 4743 virius
1934 4703 2043 4744 non

446 4771 624 4827 esset?
642 4770 831 4842 Neque
850 4773 997 4828 enim
1018 4773 1227 4845 angelis
1250 4790 1281 4829 a
1304 4774 1416 4831 Deo
1436 4774 1543 4832 dici
1570 4785 1816 4848 poterat:
1846 4777 2043 4836 Facia-

446 4880 565 4919 mus
585 4865 655 4919 ad
681 4866 964 4936 imaginem
985 4866 1451 4925 etsimilitudinem
1477 4880 1731 4938 nostram,
1747 4872 1875 4944 quia
1896 4872 2044 4928 nulla

447 4972 673 5029 prorsus
699 4958 838 5013 ratio
868 4957 996 5013 sinit
1038 4966 1098 5013 ut
1135 4958 1234 5015 Dei
1273 4968 1327 5015 et
1372 4961 1685 5032 angelorum
1723 4978 1888 5018 unam
1920 4978 2044 5019 esse

450 5049 807 5120 eamdemque
836 5047 1125 5120 imaginem
1150 5050 1264 5106 sive
1292 5051 1701 5109 similitudinem
1730 5054 2036 5111 credamus.

448 5137 510 5195 In
538 5154 646 5210 quo
669 5147 848 5194 autem
878 5139 952 5194 sit
970 5139 1133 5195 homo
1160 5140 1336 5197 factus
1357 5144 1426 5199 ad
1454 5132 1746 5213 imaginem
1774 5151 1831 5199 et
1854 5143 2044 5202 simili-

451 5232 695 5289 tudinem
725 5231 854 5301 Dei,
883 5240 1114 5290 testatur
1137 5232 1457 5305 Apostolus,
1502 5250 1627 5292 cum
1674 5250 1775 5292 nos
1815 5236 2047 5294 solerter

450 5326 760 5396 admoneat,
792 5336 854 5384 ut
877 5326 1019 5385 hanc
1043 5342 1210 5401 quam
1250 5328 1307 5383 in
1347 5327 1524 5398 primo
1548 5337 1776 5399 parente
1808 5330 2046 5401 perdidi-

450 5436 605 5489 mus,
642 5437 742 5494 per
776 5423 1009 5495 gratiam
1051 5422 1295 5494 ejusdem
1325 5420 1633 5480 Conditoris
1659 5439 2046 5496 recuperanda

449 5512 510 5571 iu
537 5514 714 5571 nobis.
745 5513 1110 5579 Renouamini,
1132 5512 1329 5584 inquit,
1359 5514 1549 5585 spiritu
1576 5515 1763 5570 mentis
1791 5525 1972 5572 uestra
1993 5527 2045 5572 et

448 5605 655 5666 induite
682 5625 873 5665 nouam
893 5606 1177 5674 hominem,
1201 5608 1291 5681 qui
1316 5607 1605 5664 secundum
1627 5607 1797 5665 Deum
1835 5620 2042 5667 creatus

451 5706 533 5756 at
558 5699 614 5755 in
630 5700 846 5772 iustitia
878 5707 927 5754 et
952 5699 1229 5753 sanctitate
1252 5698 1483 5754 veritatis
1510 5697 1725 5771 (Ephes.
1757 5700 1854 5775 ιν).
1885 5701 2047 5759 Crea-

453 5794 549 5848 tus
581 5800 667 5849 est
703 5806 835 5865 ergo
859 5792 1034 5850 Adam
1062 5808 1231 5849 novus
1260 5795 1423 5851 homo
1465 5794 1534 5850 de
1571 5803 1717 5851 terra
1750 5798 2041 5854 secundum

453 5878 665 5956 Deum,
706 5892 769 5943 ut
809 5893 958 5946 esset
983 5885 1183 5961 justus,
1213 5892 1435 5945 sanctus
1474 5896 1530 5944 et
1569 5902 1763 5957 verus,
1794 5891 2043 5948 subditus

2136 2022 2278 2065 novo
2300 2005 2541 2070 homine,
2568 2018 2670 2073 pro
2694 2009 2858 2072 captu
2882 2007 3096 2064 nostro,
3108 1998 3407 2069 imaginem
3428 1996 3557 2061 Dei,
3579 2009 3746 2067 quam

2137 2102 2194 2159 in
2222 2099 2393 2157 veteri
2416 2096 2752 2170 perdidimus
2774 2093 3016 2158 homine,
3052 2090 3104 2146 id
3130 2098 3219 2145 est
3234 2089 3295 2144 in
3314 2095 3597 2159 quantum
3620 2099 3748 2157 pus.

2136 2207 2347 2259 suum,
2377 2188 2623 2259 esesnpla
2652 2185 2776 2256 ejus
2796 2199 3118 2256 sequamur:
3150 2182 3538 2239 adhaereamus
3564 2177 3748 2243 deuia,

2136 2285 2579 2356 οιιιθωρεωωιιδ
2612 2278 2905 2345 mandatis,
2940 2274 3074 2349 etc]
3096 2316 3111 2341 ,
3141 2276 3247 2332 hoc
3278 2282 3398 2342 est,
3440 2273 3751 2345 imaginem

2138 2378 2257 2444 Dei,
2286 2392 2454 2449 quam
2484 2375 2545 2431 in
2564 2373 2740 2430 veteri
2769 2372 2987 2428 homine
3010 2369 3381 2442 perdim'nus,
3412 2381 3752 2439 recuperare

2140 2471 2196 2527 in
2220 2483 2381 2526 novo.
2412 2466 2531 2524 Non
2553 2481 2692 2538 ergo
2719 2463 3021 2522 secundum
3056 2476 3282 2533 corpus,
3308 2461 3410 2517 sed
3445 2459 3755 2515 manu

2142 2560 2474 2617 intellectum
2512 2556 2745 2623 meritis,
2793 2554 2861 2612 ad
2904 2553 3197 2626 imaginem
3234 2551 3334 2607 Dei
3376 2550 3643 2607 conditus
3671 2555 3757 2604 at

2140 2652 2328 2718 homo,
2355 2664 2670 2723 quanquam
2710 2656 2768 2704 et
2814 2648 2871 2703 in
2909 2648 3027 2718 ipso
3052 2658 3285 2715 corpore
3313 2644 3519 2700 habeat
3558 2658 3757 2713 quan-

2140 2743 2267 2800 dam
2300 2743 2711 2814 proprietatem,
2739 2754 2860 2810 quae
2884 2741 2989 2795 hoc
3014 2738 3236 2804 indicet,
3262 2736 3627 2807 quoduecta
3648 2741 3758 2790 sla-

2144 2844 2259 2892 tuta
2289 2834 2464 2892 factus
2488 2844 2595 2899 est,
2618 2843 2679 2891 ut
2704 2835 2808 2891 hoc
2836 2834 2953 2904 ipso
2971 2832 3359 2888 admoneretur
3374 2843 3489 2886 nou
3512 2828 3630 2884 sibi
3650 2839 3760 2884 ter—

2142 2944 2278 2987 rena
2302 2943 2425 2985 esse
2460 2928 2720 2984 sectanda
2739 2968 2754 2994 ,
2797 2926 2946 2982 velut
2974 2940 3172 2997 pecora
3188 2965 3203 2990 ,
3230 2938 3470 2995 «om
3494 2922 3761 2994 robus

2140 3024 2322 3081 clunis
2351 3038 2419 3079 ex
2446 3030 2593 3078 terra
2612 3029 2719 3078 est.
2751 3020 2906 3077 Unde
2930 3020 2988 3076 in
3021 3019 3205 3075 alvum
3241 3024 3442 3074 cuncta
3464 3031 3654 3088 prona
3673 3024 3759 3072 at-

2144 3132 2250 3187 que
2272 3123 2546 3188 prostrata
2575 3123 2722 3179 sunt.
2743 3114 2899 3185 iusta
2914 3111 3062 3185 quod
3084 3112 3307 3183 quidam
3332 3116 3629 3181 poetarum
3648 3108 3763 3181 pul-

2140 3207 2417 3267 cherrime
2440 3222 2506 3263 ac
2531 3205 2812 3263 verissime
2846 3204 2984 3260 dixit
3008 3202 3224 3277 (0vid.,
3256 3201 3476 3257 letam.
3506 3200 3560 3273 ι)
3591 3219 3611 3255 :

2272 3322 2541 3385 Pronaque
2562 3332 2679 3385 curn
2692 3326 2921 3385 spectent
2940 3317 3163 3385 animata
3184 3320 3577 3385 ementem
3600 3351 3621 3378 ,

2279 3387 2348 3436 Os
2373 3380 2558 3436 homini
2576 3380 2785 3433 sublime
2810 3383 2947 3432 dedit
2967 3380 3245 3443 omlugnqne
3270 3380 3405 3443 tueri

2278 3447 2451 3508 iussit,
2478 3454 2530 3497 et
2556 3453 2754 3497 erectos
2778 3445 2839 3494 ad
2859 3442 3023 3494 sidera
3045 3440 3224 3494 tollere
3248 3440 3432 3492 vultus.

2148 3569 2416 3641 Cougruit
2436 3584 2568 3641 ergo
2595 3576 2649 3624 et
2689 3580 2885 3638 corpus
2927 3562 3046 3634 ejus
3081 3562 3277 3619 animae
3314 3556 3613 3624 rationﬂi.
3651 3571 3760 3613 non

2150 3664 2450 3723 secundum
2497 3663 2829 3719 lineamenta
2875 3659 3184 3731 ﬁgurasque
3214 3655 3628 3719 membrum,
3660 3652 3761 3709 sed

2148 3757 2332 3830 potius
2359 3754 2656 3812 sectmdum
2680 3752 2761 3820 id,
2784 3751 2929 3823 quod
2952 3749 3009 3806 in
3033 3748 3231 3806 cmlum
3252 3755 3498 3803 erectum
3532 3752 3623 3800 est
3642 3785 3658 3808 ,
3688 3743 3761 3799 ad

2150 3851 2423 3907 induenda
2449 3864 2569 3919 qum
2595 3847 2651 3902 in
2676 3860 2904 3917 corpore
2934 3844 3105 3915 ipsius
3122 3840 3310 3899 mundi
3340 3853 3577 3910 superna
3602 3845 3760 3902 sunt,

2140 3945 2290 4003 sicut
2333 3944 2514 3998 anima
2544 3940 2823 3997 rationalis
2848 3940 2907 3995 in
2932 3953 2996 3994 ea
3021 3937 3181 3993 debet
3206 3934 3376 4005 erigi,
3404 3949 3531 4005 qua:
3554 3933 3610 3987 in
3643 3931 3762 4002 spi-

2148 4037 2437 4096 ritualibus
2465 4044 2662 4092 natura
2694 4034 2927 4091 maxime
2956 4030 3265 4087 excellunt:
3309 4036 3369 4084 ut
3396 4043 3518 4100 qua:
3540 4041 3762 4080 sursum

2147 4141 2271 4188 sunt
2296 4129 2488 4201 sapiat,
2520 4144 2623 4182 non
2647 4142 2764 4198 qua:
2793 4140 2953 4197 super
2980 4132 3175 4179 terram
3206 4116 3434 4194 (Coloss.
3460 4116 3574 4191 ιιι).
3603 4116 3764 4173 Bene

2148 4231 2331 4279 autem
2362 4220 2581 4278 additur
2605 4237 2619 4274 :

2218 4309 2289 4367 Et
2315 4310 2495 4383 prtcsit
2526 4306 2754 4382 piscibus
2784 4307 2948 4364 maris
2976 4315 3026 4363 et
3056 4304 3357 4362 volatilibus
3385 4303 3504 4361 ntuli
3525 4344 3542 4371 ,
3578 4312 3633 4359 et
3664 4304 3757 4360 be-

2148 4407 2263 4464 stiis
2292 4406 2548 4460 universa:
2576 4413 2755 4470 teme,
2786 4401 3030 4472 omnique
3059 4399 3233 4472 νεριὶιὶ
3256 4398 3398 4471 quod
3427 4408 3677 4453 movetur
3702 4398 3759 4452 in

2145 4509 2308 4557 terra.
2346 4497 2482 4567 Quia
2505 4496 2764 4554 nimirum
2794 4496 2847 4550 in
2877 4496 2979 4551 hoc
3009 4494 3241 4549 maxime
3270 4492 3448 4549 factus
3468 4501 3557 4549 est
3585 4492 3756 4548 homo

2150 4594 2220 4650 ad
2248 4593 2541 4665 imaginem
2563 4590 2690 4656 Dei,
2719 4589 2773 4645 in
2800 4604 2907 4660 quo
2941 4585 3349 4644 irrationalibus
3375 4584 3756 4641 animantibus

2150 4689 2444 4752 antecellit,
2461 4702 2631 4758 capax
2653 4684 2905 4742 videlicet
2925 4683 3154 4740 rationis
3173 4680 3449 4747 conditus,
3464 4695 3568 4751 per
3584 4694 3755 4750 quam

2151 4791 2209 4839 et
2233 4788 2417 4838 creata
2442 4779 2496 4835 iu
2527 4778 2731 4835 mundo
2757 4791 2987 4849 quaeque
3024 4781 3172 4830 recte
3218 4772 3527 4846 gubernare
3554 4778 3610 4826 et
3630 4768 3758 4839 ejus

2150 4874 2244 4946 qui
2273 4880 2470 4930 cuncta
2510 4871 2718 4928 creavit
2753 4878 2938 4942 posset
2972 4867 3247 4940 agnitione
3272 4863 3502 4938 perfrui.
3547 4862 3608 4918 In
3638 4877 3757 4933 quo

2150 4969 2356 5028 honore
2379 4966 2589 5040 positus
2619 4966 2665 5022 si
2693 4980 2799 5020 non
2834 4961 3166 5020 intellexerit
3194 4968 3255 5016 ut
3280 4960 3420 5016 bene
3453 4966 3601 5031 agat,
3640 4957 3757 5012 eis-

2152 5061 2275 5117 dem
2297 5058 2430 5132 ipsis
2458 5056 2823 5114 animantibus
2849 5053 3142 5111 insensatis
3167 5051 3365 5123 quibus
3385 5048 3644 5123 praelatus
3664 5053 3755 5103 est

2150 5150 2574 5224 comparabitur,
2609 5148 2752 5206 sicut
2779 5155 2835 5205 et
2861 5145 3148 5204 Psalmista
3171 5152 3445 5201 testatur:

2221 5241 2290 5297 Et
2319 5241 2509 5297 creavit
2540 5238 2685 5297 Deus
2710 5239 2973 5295 hominem
2998 5237 3066 5294 ad
3092 5237 3377 5309 imaginem
3402 5249 3581 5299 suam,
3610 5239 3660 5287 et
3676 5229 3753 5286 ad

2148 5333 2427 5405 imaginem
2459 5331 2559 5389 Dei
2595 5332 2787 5388 creavit
2818 5329 2986 5387 illum.
3027 5328 3183 5399 Quod
3206 5329 3360 5402 prius
3386 5328 3637 5394 dixerat,
3673 5326 3751 5381 ad

2147 5424 2429 5498 imaginem
2456 5440 2629 5492 suam,
2661 5422 3090 5481 conﬁrmationis
3110 5422 3284 5495 gratia
3308 5418 3627 5493 geminavit,
3648 5416 3749 5474 ad-

2148 5516 2353 5575 dendo:
2381 5517 2465 5573 Ad
2494 5517 2774 5590 imaginem
2803 5515 2904 5572 Dei
2927 5516 3118 5572 creavit
3145 5514 3316 5582 illum,
3346 5522 3409 5569 ut
3430 5510 3748 5586 diligentius

2146 5610 2452 5667 insinuaret
2475 5609 2630 5666 nobis
2655 5609 2845 5683 quales
2871 5625 2901 5666 a
2920 5609 3032 5666 Deo
3058 5609 3184 5666 facti
3208 5609 3398 5676 simus,
3420 5613 3479 5664 et
3503 5602 3742 5677 speciem

2146 5700 2468 5773 recipiendze
2495 5701 2589 5757 Dei
2622 5698 2872 5773 imaginis
2902 5704 3104 5759 arctius
3134 5702 3336 5757 nostris
3357 5700 3633 5755 mentibus
3656 5696 3742 5751 in—

2146 5797 2336 5872 ﬁgeret
2366 5798 2737 5872 [inculcaret],
2769 5816 2835 5855 ne
2863 5802 2955 5870 qui
2984 5801 3219 5872 imagine
3240 5799 3338 5854 Dei
3372 5797 3739 5863 ambulamus,

2145 5906 2283 5950 vane
2312 5890 2699 5948 eonturbcmur
2722 5892 3156 5951 tbcsaurizantes
3186 5893 3241 5948 in
3274 5892 3484 5949 incerto
3520 5890 3740 5947 divitia-
