3974 6512
247 476 350 535 461

1281 470 1634 531 conamur.
1675 474 1745 533 1N
1782 448 2104 535 amussim.
2144 509 2215 523 -ρ
2250 474 2379 534 LIB.
2418 475 2462 534 ι.

3423 476 3535 536 462

451 590 549 653 sed
580 598 957 667 exspectemus
1003 590 1182 663 potius
1224 589 1546 664 Dominum,
1591 594 1838 652 sitientes
1867 603 1913 666 Α
1943 596 2079 654 alius
2102 604 2283 669 potest
2304 596 2356 655 ei
2384 601 2645 665 cantare,
2682 593 2971 653 desiderat.
3015 592 3160 651 Deus
3202 608 3436 667 namque
3462 611 3531 654 ae

240 688 464 763 quando
492 686 777 743 veniamus
796 691 851 740 et
871 698 1156 757 pareamus
1179 693 1305 741 ante
1325 683 1519 743 faciem
1540 687 1679 759 ejus,
1700 688 1838 745 certi

237 780 367 855 quia
397 796 515 835 cum
544 777 865 851 apparuerit,
897 774 1093 832 similes
1117 778 1166 832 ei
1190 778 1673 854 erimus,quoniam
1698 781 1838 837 vide-

238 864 416 928 bimus
450 886 568 926 eum
594 869 751 925 sicuti
772 868 867 926 est.
897 867 1052 937 Quod
1081 877 1262 927 autem
1290 887 1434 927 nunc
1467 871 1704 931 dicitur:
1751 872 1836 929 Ad

237 966 527 1038 imaginem
549 961 648 1017 Dei
676 963 869 1019 creavit
900 978 1041 1031 eum,
1071 978 1193 1018 cum
1220 962 1469 1034 superius
1497 965 1596 1033 sit,
1636 962 1837 1022 Facia-

236 1074 360 1113 mus
405 1056 475 1111 ad
522 1054 803 1127 imaginem
848 1064 1114 1123 nostram,
1146 1053 1414 1127 signiﬁcat
1449 1058 1592 1129 quod
1637 1073 1744 1115 non
1778 1056 1836 1115 id

235 1158 365 1222 agat
386 1147 476 1203 illa
503 1146 784 1219 pluralitas
812 1162 1203 1219 personarum,
1239 1158 1301 1203 ut
1334 1148 1520 1221 plures
1553 1151 1683 1207 deos
1716 1166 1836 1207 cre—

234 1242 452 1307 damus,
477 1239 570 1297 sed
594 1239 836 1307 Patrem,
857 1247 914 1295 et
934 1238 1157 1308 Filium,
1190 1247 1246 1296 et
1268 1240 1532 1313 Spiritum
1560 1251 1830 1314 sanctum,

231 1344 460 1409 propter
487 1350 649 1405 quam
680 1333 1003 1390 Trinitatem
1036 1335 1238 1391 dictum
1272 1346 1394 1393 est:
1435 1338 1518 1393 Ad
1547 1340 1832 1412 imaginem

231 1437 472 1483 nostram
495 1443 516 1492 ;
559 1441 725 1481 unum
754 1426 923 1481 Deum
958 1426 1290 1499 accipiamus
1316 1443 1539 1503 propter
1572 1431 1717 1502 quod
1744 1431 1830 1488 di-

229 1526 386 1574 ctum
411 1524 531 1573 est:
572 1517 654 1571 Ad
684 1516 963 1589 imaginem
1000 1518 1118 1574 Dei.

305 1607 607 1664 Masculum
638 1616 687 1663 et
728 1609 979 1678 feminam
1026 1611 1219 1666 creavit
1252 1628 1358 1667 eos.
1399 1610 1618 1671 Plenius
1646 1615 1701 1670 in
1745 1629 1831 1673 se-

224 1702 522 1774 quentibus
547 1701 689 1758 unde
711 1709 767 1757 et
793 1702 1063 1773 quomodo
1086 1704 1452 1777 protoplastos
1474 1704 1667 1765 fecerit
1686 1709 1829 1766 Deus

223 1793 541 1867 exponitur.
577 1792 685 1850 Sed
713 1809 860 1849 nunc
887 1794 1171 1853 brevitatis
1196 1814 1359 1855 causa
1390 1801 1560 1856 creati
1585 1801 1829 1859 referun-

226 1892 340 1954 tur,
370 1893 430 1941 ut
456 1886 597 1942 sexti
621 1885 727 1942 diei
752 1888 995 1958 operatio
1036 1903 1104 1945 ac
1153 1890 1371 1961 septimi
1404 1892 1671 1950 dedicatio
1702 1909 1825 1950 cum

1940 688 2201 747 Dominus
2245 698 2455 759 noster,
2499 691 2592 763 qui
2624 690 2679 746 in
2705 689 3005 764 primordio
3046 689 3232 746 mundi
3256 692 3531 750 nascentis

1937 780 2195 839 feminam
2230 798 2297 840 ex
2330 783 2434 840 viri
2472 783 2643 841 latere
2685 783 2968 852 formavit,
2998 792 3060 839 ut
3088 792 3275 841 mutua
3314 783 3530 844 illorum

1937 877 2320 950 conjunctione
2342 884 2541 934 terram
2570 892 2692 934 esse
2711 875 3040 948 implendam
3062 876 3305 945 doceret,
3335 877 3451 950 ipse
3471 877 3530 935 in

1935 964 2044 1027 ﬁne
2068 969 2250 1027 saeculi
2274 970 2565 1042 assumpsit
2591 970 2771 1026 virum
2799 969 2866 1027 de
2891 985 3058 1026 carne
3092 968 3330 1043 Virginis
3363 972 3529 1030 totius

1935 1066 2273 1139 contagionis
2318 1073 2645 1138 exspertem,
2693 1070 2807 1120 tota
2851 1061 3152 1121 divinitatis
3193 1063 3531 1135 plenitudine

1932 1158 2264 1232 perfectum,
2313 1168 2374 1215 ut
2416 1157 2742 1232 virginitatis
2786 1172 2845 1213 se
2880 1157 3112 1231 gloriam
3138 1157 3322 1232 potius
3361 1172 3528 1230 quam

1933 1250 2148 1323 nuptias
2172 1249 2395 1321 diligere
2416 1248 2692 1322 probaret.

2003 1341 2075 1398 Et
2104 1342 2449 1398 dominamini
2475 1328 2705 1414 piscibus
2736 1339 2900 1396 maris
2933 1339 2983 1396 et
3004 1337 3303 1396 volatilibus
3333 1338 3448 1396 coeli
3476 1350 3528 1396 et

1932 1416 2187 1490 universis
2221 1432 2576 1489 animantibus
2605 1448 2761 1503 super
2786 1440 2999 1487 terram.
3044 1431 3236 1489 Merito
3263 1433 3527 1504 qumritur

1932 1526 1989 1581 in
2017 1542 2122 1598 qua
2148 1526 2381 1583 utilitate
2406 1525 2568 1583 immo
2599 1524 2936 1581 dominatum
2974 1524 3030 1579 in
3057 1525 3259 1597 pisces,
3289 1536 3345 1582 et
3371 1525 3526 1582 volu-

1931 1634 2053 1676 cres
2074 1627 2131 1676 et
2158 1618 2453 1675 animantia
2483 1626 2645 1673 terra:
2670 1626 2867 1673 cuncta
2901 1618 3240 1690 perceperit,
3272 1617 3358 1675 vel
3386 1633 3524 1691 quos

1932 1713 2001 1768 ad
2025 1727 2156 1767 usus
2176 1726 2363 1782 quaeve
2382 1709 2576 1767 solatia
2599 1709 2707 1765 sint
2726 1710 2841 1764 haec
2860 1718 3046 1765 creata
3071 1710 3298 1777 homini,
3323 1709 3370 1767 si
3394 1727 3527 1767 nun-

1931 1819 2097 1877 quam
2119 1811 2391 1875 peccaret,
2423 1803 2507 1858 cui
2540 1801 2701 1875 (sicut
2730 1803 3013 1872 sequentia
3038 1799 3335 1873 scripturae
3365 1801 3526 1873 hujus

1930 1894 2228 1966 declarant)
2255 1910 2364 1950 non
2398 1893 2514 1950 haec
2557 1894 2626 1949 ad
2665 1908 2867 1961 escam,
2906 1894 3001 1949 sed
3026 1895 3321 1951 herbarum
3347 1895 3523 1952 solum

221 1981 445 2037 caeteris
470 1979 795 2052 explicetur,
826 1996 892 2036 ac
921 1980 1001 2038 sic
1024 1999 1091 2039 ex
1120 1991 1363 2056 tempore
1392 1985 1616 2042 liberius
1640 1988 1826 2046 ethoc
1850 1978 1901 2040 B
1927 1995 1984 2043 et
2023 1988 2280 2043 arborum
2315 1990 2442 2041 sunt
2482 1984 2694 2041 fructus
2736 1985 2790 2040 in
2825 1984 3003 2057 prima
3047 1986 3356 2044 conditione
3392 2003 3525 2044 eon-

214 2077 281 2126 ct
308 2069 415 2125 alia
440 2070 824 2144 praetermissa,
858 2087 980 2145 quae
1005 2082 1162 2131 erant
1188 2075 1361 2131 relatu
1398 2077 1592 2151 digna,
1636 2079 1825 2136 dican-

213 2170 337 2219 tur.
383 2162 679 2221 Masculum
715 2174 897 2223 autem
926 2183 1094 2224 unum
1136 2175 1192 2226 et
1234 2168 1495 2227 feminam
1536 2173 1593 2234 in
1631 2173 1825 2244 primis

213 2255 435 2312 creavit
456 2254 599 2314 Deus
628 2272 811 2325 unam,
838 2274 947 2315 nou
977 2270 1038 2314 ut
1066 2260 1363 2319 animantia
1391 2275 1588 2322 caetera
1613 2282 1734 2337 quae
1766 2268 1823 2325 in

212 2347 450 2423 singulis
476 2351 766 2424 generibus
791 2366 901 2407 non
930 2352 1163 2425 singula,
1185 2355 1283 2412 sed
1306 2357 1464 2428 plura
1493 2360 1701 2415 creavit
1717 2401 1732 2428 ,
1766 2369 1825 2416 ut

212 2459 320 2517 per
345 2444 452 2503 hoc
478 2444 777 2501 humanum
798 2460 972 2520 genus
1004 2447 1239 2505 arctiore
1274 2450 1340 2506 ad
1371 2450 1601 2510 invicem
1629 2454 1821 2526 copula

211 2536 505 2595 charitatis
532 2537 965 2610 constringeret,
999 2540 1141 2610 quod
1185 2556 1244 2597 se
1283 2557 1351 2597 ex
1389 2559 1497 2601 uno
1529 2553 1700 2602 totum
1726 2562 1823 2619 pa-

212 2635 374 2687 rente
407 2636 587 2707 ortum
633 2643 754 2687 esse
797 2630 1152 2688 meminisset.
1194 2630 1361 2702 Cujus
1399 2650 1565 2692 causa
1607 2638 1822 2695 uniouis

214 2718 504 2792 Scriptura
533 2736 711 2788 sacra,
736 2736 863 2777 cum
888 2721 1147 2779 dixisset:
1176 2722 1248 2780 Et
1269 2728 1463 2782 creavit
1487 2727 1631 2784 Deus
1651 2730 1824 2785 homi-

211 2828 341 2868 nem
372 2812 442 2867 ad
480 2813 760 2885 imaginem
787 2830 962 2882 suam,
990 2814 1059 2869 ad
1086 2814 1484 2873 similitudinem
1509 2817 1608 2874 Dei
1628 2821 1821 2876 creavit

211 2922 378 2973 eum,
420 2905 701 2977 statimque
734 2906 1114 2978 subjungeret:
1152 2906 1452 2963 Masculum
1483 2919 1534 2964 et
1571 2910 1823 2981 feminam

210 2990 415 3055 creavit
438 3015 548 3066 eos,
579 2997 753 3057 notuit
786 2998 1016 3067 addere,
1048 3001 1116 3059 ad
1145 3001 1438 3077 imaginem
1483 3001 1581 3058 Dei
1616 3001 1824 3058 creavit

210 3101 334 3145 eos.
360 3086 430 3144 Et
455 3089 659 3147 femina
689 3091 836 3147 enim
862 3090 931 3147 ad
951 3092 1245 3166 imaginem
1274 3091 1371 3149 Dei
1395 3105 1577 3151 creata
1602 3102 1707 3163 est,
1737 3112 1823 3153 se-

212 3178 460 3261 cundum
494 3181 549 3237 id
572 3180 715 3254 quod
751 3191 808 3238 et
833 3182 949 3254 ipsa
976 3183 1211 3241 habebat
1242 3194 1481 3241 mentem
1522 3186 1822 3245 rationabi-

204 3268 360 3340 lem;
385 3271 482 3328 sed
502 3272 808 3329 addendum
828 3272 895 3328 de
917 3274 1007 3329 illa
1028 3275 1132 3330 hoc
1158 3291 1265 3331 non
1284 3278 1495 3348 putavit
1515 3276 1820 3350 Scriptura,

216 3366 370 3443 quod
396 3376 617 3440 propter
640 3368 906 3424 unitatem
931 3372 1096 3425 etiam
1121 3369 1520 3439 conjunctionis
1546 3373 1602 3429 in
1628 3348 1718 3429 illa
1741 3374 1827 3430 in-
1853 3348 1899 3418 ε·
1928 3375 2171 3446 potuisse
2198 3383 2531 3449 serpentum.

203 3460 566 3534 telligendum
595 3461 837 3535 reliquit,
867 3462 978 3518 imo
1007 3462 1064 3518 in
1092 3465 1243 3519 omni
1271 3466 1415 3535 quod
1443 3466 1509 3521 de
1529 3468 1614 3523 his
1638 3478 1820 3529 ortum

204 3562 299 3611 est
319 3568 523 3625 genere
556 3554 797 3609 humano
823 3555 1229 3627 intelligendum
1253 3574 1377 3615 esse
1408 3558 1663 3630 signavit.
1694 3560 1823 3618 Om—

202 3649 300 3705 nis
323 3650 473 3705 enim
494 3650 657 3704 homo
678 3649 849 3706 etiam
868 3650 1088 3705 nuncin
1111 3658 1377 3721 quantum
1398 3652 1611 3710 ratione
1630 3655 1818 3721 utitur,

203 3742 512 3812 imaginem
540 3740 636 3796 Dei
665 3740 719 3796 iu
748 3756 807 3797 se
838 3740 1022 3798 habet.
1052 3740 1208 3798 Unde
1228 3743 1357 3799 dicit
1379 3742 1651 3802 Joannes:
1684 3744 1820 3801 Erat

202 3832 307 3891 lus
340 3849 463 3889 vera
490 3849 607 3906 qua?
643 3831 906 3888 illuminat
934 3848 1142 3889 omnem
1161 3835 1425 3895 hominem
1452 3838 1733 3895 venientem
1763 3838 1820 3892 in

204 3927 472 3985 cundum
502 3925 696 3999 (Joau.
733 3925 811 4001 ι).
850 3925 1037 3999 Ipsum
1070 3936 1154 3985 est
1193 3929 1342 3989 enim
1379 3930 1564 3989 lumen
1605 3932 1673 3989 de
1713 3947 1822 4004 qua

204 4020 508 4082 Psalmista
549 4019 816 4093 gloriatur
858 4020 1092 4079 Domino
1138 4022 1326 4080 dicens
1345 4037 1366 4077 :
1413 4022 1701 4097 Signatum
1739 4034 1819 4082 est

206 4132 373 4189 super
400 4130 496 4171 nos
535 4114 712 4171 lumen
752 4112 925 4170 vultus
969 4114 1080 4184 tui,
1124 4113 1351 4173 Domine
1396 4114 1584 4190 (Psal.
1613 4116 1721 4192 tv).
1750 4118 1822 4176 Et

207 4205 440 4281 quidem
478 4213 604 4277 apte
638 4204 694 4261 in
723 4204 853 4272 loco
880 4206 986 4263 hoc
1008 4206 1287 4264 masculus
1326 4216 1382 4264 et
1408 4206 1610 4264 femina
1650 4210 1820 4266 creati

211 4306 876 4368 saecommemorautur,
916 4299 1136 4356 tametsi
1162 4299 1359 4357 modus
1387 4299 1627 4373 ejusdem
1668 4317 1822 4360 crea-

214 4388 385 4451 tionis
410 4390 643 4449 necdum
680 4390 968 4459 referatur,
1007 4400 1068 4447 ut
1111 4392 1361 4449 videlicet
1404 4395 1604 4451 habeat
1638 4395 1824 4453 locum

215 4496 522 4553 congruum
562 4498 747 4541 sermo
794 4483 991 4540 divinae
1018 4483 1433 4543 benedictionis.
1476 4485 1555 4543 De
1597 4503 1706 4559 quo
1735 4504 1821 4546 se-

216 4574 408 4649 quitur
424 4592 443 4629 :

288 4667 670 4743 Benediazitque
695 4667 824 4736 illis,
844 4677 892 4724 et
918 4670 1024 4724 ait:
1048 4666 1276 4727 Crescite
1294 4679 1343 4725 et
1366 4669 1812 4743 multiplicamini,
1842 4722 1896 4785 Β

303 4759 491 4785 ..Α..1-ι-
521 4770 709 4785 ι----...
745 4769 785 4785 ,ι
821 4760 1055 4785 --.L.'.'-.'a-
1087 4778 1193 4785 λλ-..
1244 4759 1369 4785 IIM-
1396 4762 1592 4785 ηιηυιξ...
1627 4765 1781 4785 ..Α--.ιε

218 4770 271 4820 α
302 4759 491 4832 replete
514 4769 785 4819 terramet
814 4760 1057 4833 subjicite
1079 4778 1217 4816 eain.
1243 4759 1371 4818 llaec
1392 4762 1595 4819 etenim
1627 4765 1817 4820 multi-

182 4852 444 4938 ,plicatio
490 4853 792 4920 hominum,
832 4861 887 4908 et
932 4852 1156 4924 repletio
1200 4862 1377 4918 teme,
1431 4869 1539 4910 non
1587 4854 1695 4911 nisi
1722 4872 1821 4929 per

191 4944 661 5018 ;conjunctionem
690 4952 811 5002 erat
838 4944 1013 5001 maris
1042 4954 1097 5000 et
1125 4944 1342 5001 feminae
1377 4945 1729 5016 perﬁcienda.
1760 4946 1820 5004 Si

219 5047 410 5099 autem
426 5035 803 5095 benedictione
824 5036 923 5092 Dei
942 5037 1141 5093 crescit
1166 5045 1222 5093 et
1241 5037 1633 5109 multiplicatur
1650 5055 1821 5112 genus

219 5131 544 5199 humanum,
570 5136 774 5201 quanta
799 5136 930 5185 sunt
965 5128 1114 5201 digni
1154 5128 1535 5187 maledictionc
1565 5132 1660 5203 qui
1688 5122 1845 5204 pro?

220 5226 417 5285 harent
454 5224 665 5294 nubere
687 5264 704 5292 ,
748 5232 810 5279 et
848 5222 1260 5295 dispositionem
1309 5224 1549 5282 cmlestis
1590 5227 1824 5298 decreti,

221 5319 384 5395 quasi
407 5334 441 5375 a
459 5316 672 5379 diabolo
690 5323 961 5387 repertam
980 5318 1362 5374 condemnant.
1378 5316 1497 5373 Non
1522 5333 1651 5390 ergo
1671 5321 1822 5377 dam-

224 5414 424 5474 num
442 5420 576 5473 sunt
602 5410 804 5485 nuptiae
819 5451 836 5479 ,
863 5426 1003 5482 quas
1028 5410 1098 5467 ad
1134 5412 1579 5484 propagationem
1609 5415 1821 5484 generis

224 5505 457 5571 humani
504 5492 812 5575 terramque
841 5501 1155 5573 replendam
1184 5517 1435 5575 supernae
1462 5503 1637 5575 gratia
1661 5504 1823 5562 bene-

506 5595 765 5656 instituit.
798 5594 907 5653 Sed
929 5596 1103 5668 magis
1132 5596 1445 5653 honoranda
1466 5637 1481 5664 ,
1517 5597 1710 5669 majori
1738 5606 1823 5655 est

222 5690 610 5750 benedictione
635 5690 796 5762 digna
818 5688 1121 5759 virginitas,
1147 5703 1267 5758 quae
1290 5696 1576 5760 postquam
1599 5690 1820 5762 impleta

224 5793 315 5843 est
346 5792 493 5843 terra
523 5782 863 5849 hominibus,
894 5789 1044 5838 casta
1086 5788 1267 5836 mente
1306 5780 1468 5836 simul
1503 5789 1555 5837 et
1594 5796 1821 5855 corpore

204 5885 445 5949 Agunt
468 5894 794 5951 quocunque
810 5877 972 5942 ierit,
1021 5874 1075 5932 id
1116 5883 1201 5931 est
1241 5874 1523 5931 Dominum
1550 5874 1734 5933 Jesum
1764 5878 1821 5934 in

229 5976 547 6036 cmlcstibus
590 5977 767 6046 sequi,
813 5984 868 6034 et
914 5974 1184 6034 canticum
1223 5990 1421 6031 novum
1469 5974 1615 6043 quod
1664 5988 1822 6032 nemo
1876 6046 1879 6049 ν

1929 2094 2104 2136 cessa.
2134 2076 2252 2134 Nisi
2282 2077 2421 2135 forte
2445 2077 2735 2134 dicendum
2757 2087 2843 2135 est
2859 2078 2985 2149 quia
3009 2087 3360 2151 peccaturum
3384 2098 3529 2154 prae--

1927 2170 2135 2228 sciebat
2166 2170 2309 2228 Deus
2342 2171 2641 2239 hominem,
2671 2179 2727 2228 et
2753 2171 3040 2227 mortalem
3074 2173 3350 2244 peccando
3377 2173 3527 2231 futu-

1926 2278 2072 2332 rum,
2100 2278 2262 2334 quem
2290 2262 2655 2319 immortalem
2686 2262 2803 2334 ipse
2839 2264 3065 2320 creavit.
3097 2265 3331 2338 ideoque
3357 2281 3422 2324 ea
3447 2267 3525 2323 illi

1926 2353 2120 2411 solatia
2142 2354 2567 2426 primordialiter
2599 2354 2855 2423 instituit,
2886 2356 3083 2427 quibus
3124 2373 3279 2414 suam
3317 2356 3525 2432 fragili-

1927 2457 2096 2505 tatem
2120 2447 2364 2505 mortalis
2397 2456 2584 2519 posset
2610 2448 2782 2518 tueri,
2814 2448 2899 2506 vel
2928 2448 3247 2508 alimentum
3270 2453 3525 2511 videlicet

1925 2555 1996 2596 ex
2026 2539 2133 2606 his,
2166 2539 2251 2594 vel
2281 2539 2656 2595 indumentum
2677 2580 2693 2606 ,
2731 2539 2817 2597 vel
2862 2539 3110 2598 laborum
3154 2542 3269 2597 sive
3312 2542 3527 2601 itineris

1926 2631 2136 2689 habens
2194 2630 2583 2700 adjumcntum.
2639 2623 2748 2688 Nec
2806 2633 3037 2703 quatsitu
3100 2632 3382 2706 indignum
3440 2643 3524 2691 est

1926 2740 2096 2797 quare
2125 2740 2235 2781 non
2264 2725 2428 2780 etiam
2456 2741 2602 2782 nunc
2627 2725 2840 2781 cunctis
2878 2726 3041 2782 homo
3071 2726 3380 2783 dominetur
3406 2728 3523 2783 aui-

1926 2820 2221 2887 mantibus,
2254 2826 2539 2891 postquam
2571 2819 2716 2874 enim
2748 2818 2863 2891 ip‘se
2903 2835 3002 2877 suo
3030 2820 3298 2877 conditori
3339 2818 3521 2891 subje-

1926 2918 2047 2966 ctus
2072 2924 2193 2966 esse
2229 2910 2402 2966 noluit
2419 2951 2433 2977 ,
2474 2899 2709 2981 perdidit
2738 2911 3036 2966 dominium
3063 2926 3255 2968 eorum
3277 2927 3398 2983 quae
3423 2927 3524 2969 suo
3584 2959 3589 2963 .

1926 3002 2176 3059 conditor
2217 3002 2330 3074 juri
2380 3001 2703 3072 subiecerat.
2755 3001 2999 3074 Denique
3047 3003 3103 3059 in
3154 3004 3523 3062 testimonium

1924 3096 2116 3173 prima:
2144 3097 2460 3164 creationis,
2492 3096 2723 3169 legimus
2745 3097 2876 3154 viris
2907 3097 3113 3154 sanctis
3148 3105 3313 3169 atque
3345 3099 3527 3155 humi-

1925 3186 2052 3245 liter
2079 3189 2191 3245 Deo
2215 3189 2575 3246 servientibus
2603 3198 2659 3245 et
2677 3205 2806 3247 aves
2842 3186 3522 3262 obsequium'praebuisse,

1928 3289 1984 3339 et
2008 3282 2179 3338 rictus
2206 3282 2437 3339 cessisse
2460 3282 2781 3351 bestiarum,
2813 3290 2869 3338 et
2896 3297 3169 3340 venenum
3196 3298 3396 3341 nocere
3415 3299 3522 3339 non

2519 3464 2748 3523 CAPUT
2787 3466 2921 3523 Vill.

2156 3557 2258 3615 Ubi
2282 3557 2454 3612 Adam
2484 3573 2725 3612 escarum
2749 3557 2944 3629 accepit
2969 3565 3295 3630 potestatem.

1995 3651 2143 3707 Dixit
2173 3650 2358 3705 Deus:
2400 3649 2537 3704 Ecce
2567 3648 2689 3703 dedi
2724 3650 2865 3704 vobis
2903 3666 3109 3704 omnem
3147 3650 3362 3704 herbam
3390 3650 3524 3721 a/I‘e—

1925 3756 2125 3801 rentem
2150 3761 2331 3801 semen
2361 3759 2519 3815 super
2544 3752 2758 3806 terram,
2778 3752 2827 3796 et
2846 3743 3091 3797 universa
3112 3741 3258 3813 ligna
3286 3758 3403 3815 qua:
3426 3744 3527 3797 Ita-

1926 3837 2042 3892 bent
2064 3839 2119 3892 in
2146 3837 2433 3908 semetipsis
2454 3845 2734 3890 sementem
2764 3835 2967 3905 generis
2988 3835 3092 3901 sui,
3111 3844 3163 3888 ut
3181 3835 3282 3889 sint
3304 3833 3443 3890 vobis
3467 3836 3524 3890 in

1924 3944 2120 3995 escam,
2148 3937 2195 3982 et
2217 3927 2417 3980 cunctis
2441 3926 2796 3981 animantibus
2825 3936 3000 3993 terrw,
3031 3930 3275 3998 omnique
3304 3926 3519 3995 volucri,

1925 4032 1974 4080 et
2028 4021 2284 4077 universis
2317 4014 2436 4092 qua:
2466 4028 2740 4074 moventur
2766 4020 2823 4073 in
2854 4028 3023 4084 terra,
3063 4027 3113 4073 et
3147 4019 3203 4074 in
3230 4018 3417 4092 quibus
3446 4028 3522 4074 est

1925 4115 2106 4169 anima
2133 4114 2329 4180 vivens,
2354 4112 2422 4166 ad
2448 4109 2777 4166 vescendum.
2801 4107 2923 4171 Jam
2945 4109 3035 4166 hic
3052 4102 3210 4181 patet
3229 4110 3374 4182 quod
3395 4118 3521 4168 ante

1925 4217 2140 4265 reatum
2178 4204 2417 4263 hominis
2455 4204 2532 4260 nil
2570 4204 2793 4261 noxium
2834 4202 3060 4285 protulit
3106 4212 3286 4272 terra,
3315 4203 3522 4263 nullam

1923 4299 2152 4357 herbam
2180 4305 2522 4364 venenatam,
2550 4296 2755 4377 nullam
2782 4298 3035 4377 arborem
3081 4296 3354 4365 sterilem,
3395 4311 3521 4357 cum

1922 4392 2211 4450 manifeste
2239 4392 2441 4448 dictum
2481 4391 2553 4446 sit
2590 4376 2741 4462 quod
2767 4375 2945 4447 Omnis
2982 4375 3149 4446 herba
3182 4399 3240 4447 et
3269 4389 3519 4447 universa

1921 4483 2069 4559 ligna
2101 4484 2220 4540 data
2251 4484 2361 4539 sint
2385 4481 2697 4540 hominibus
2731 4496 2797 4538 ac
2824 4481 3166 4549 volatilibus,
3197 4488 3363 4539 terra:
3385 4497 3522 4554 quo-

1922 4592 2031 4649 que
2061 4576 2426 4633 animantibus
2458 4576 2668 4630 cunctis
2707 4574 2763 4628 in
2805 4587 3028 4641 escam;
3063 4582 3217 4645 patet
3250 4574 3380 4645 quia
3420 4588 3519 4650 nec

1922 4667 2055 4741 ipsae
2102 4682 2229 4723 aves
2275 4677 2435 4736 raptu
2479 4664 2840 4721 infirmiorum
2877 4663 3067 4719 alitum
3099 4662 3386 4731 vivebant,
3416 4679 3519 4721 nec

1921 4761 2081 4834 lupus
2104 4759 2333 4815 insidias
2362 4756 2681 4828 explorabat
2706 4754 2870 4811 ovilia
2896 4754 3125 4825 circum,
3151 4768 3255 4811 nec
3275 4754 3515 4826 serpenti

1921 4854 2098 4928 pulvis
2116 4853 2273 4924 panis
2297 4859 2438 4919 erat,
2459 4851 2555 4909 sed
2579 4849 2832 4905 universa
2855 4849 3198 4907 concorditer
3222 4849 3409 4906 herbis
3433 4848 3515 4904 vi-

1923 4946 2172 5004 rentibus
2198 4960 2264 5001 ac
2286 4942 2553 5000 fructibus
2574 4941 2932 4999 vescebantur
2954 4942 3232 4998 arborum.
3262 4939 3404 4996 Sane
3429 4941 3515 4997 in-

1924 5047 2010 5096 ter
2033 5038 2151 5095 hmo
2166 5052 2273 5092 non
2296 5027 2672 5108 praetereunda
2693 5035 2938 5091 nascitur
2958 5035 3186 5108 quaestio
3206 5052 3220 5088 :
3243 5034 3518 5105 quomodo

1925 5140 1981 5189 et
2006 5130 2329 5188 immortalis
2354 5129 2533 5186 factus
2567 5129 2639 5187 sit
2670 5128 2836 5186 homo
2869 5144 2985 5201 pra:
3008 5128 3131 5185 aliis
3158 5128 3513 5197 animalibus.

1924 5233 1982 5282 et
2007 5224 2358 5281 nihilominus
2382 5222 2656 5293 acceperit
2684 5220 3046 5278 communiter
3078 5227 3352 5278 terrenam
3388 5235 3518 5278 cum

2060 5317 2393 5374 alimoniam.
2415 5316 2475 5372 In
2501 5330 2611 5388 quo
2636 5314 2957 5372 intuendum
2979 5313 3137 5371 nobis
3156 5322 3242 5371 est
3258 5314 3386 5387 quia
3405 5313 3519 5373 alia

1923 5419 2008 5467 est
2037 5409 2414 5466 immortalitas
2440 5408 2654 5474 carnis,
2682 5422 2851 5478 quam
2888 5406 2945 5462 in
2982 5407 3159 5477 prima
3202 5407 3520 5467 conditione
3578 5444 3589 5449 -

1924 5502 1982 5559 in
1998 5500 2173 5558 Adam
2201 5500 2533 5572 accepimus,
2558 5499 2663 5554 alia
2690 5513 2853 5569 quam
2886 5513 2989 5555 nos
3020 5499 3079 5555 in
3112 5500 3518 5559 resurrectione

1925 5608 2023 5666 per
2056 5593 2331 5651 Christum
2360 5600 2678 5663 accepturos
2700 5605 2823 5647 esse
2857 5606 3157 5662 speramus.
3203 5592 3283 5649 tta
3316 5592 3519 5664 quippe

1928 5684 2248 5741 immortalis
2274 5683 2451 5741 factus
2476 5692 2561 5740 est
2588 5683 2697 5750 ille,
2725 5695 2784 5739 ut
2805 5692 2992 5754 posset
3017 5699 3124 5741 non
3154 5685 3312 5752 mori,
3334 5684 3385 5743 si
3403 5698 3516 5741 non

1925 5788 2197 5853 peccaret,
2231 5781 2315 5837 sin
2357 5788 2537 5834 autem
2580 5785 2854 5848 peccaret,
2893 5785 3232 5844 moreretur,
3262 5777 3342 5834 ita
3382 5788 3519 5832 vero

1907 5872 2262 5930 immortales
2281 5880 2439 5928 erunt
2459 5869 2552 5926 ﬁlii
2573 5869 3007 5938 resurrectionis,
3023 5885 3146 5927 cum
3158 5877 3320 5927 erunt
3337 5880 3517 5940 mqua-

1928 5970 2007 6030 les
2032 5966 2236 6038 angelis
2254 5966 2375 6033 Dei,
2398 5971 2456 6023 ut
2478 5977 2581 6022 nec
2601 5961 2739 6019 mori
2757 5960 2897 6020 ultra
2917 5976 3019 6020 nec
3039 5973 3266 6036 peccare
3281 5956 3513 6033 possint.

3501 3392 3693 3410 \—
