3974 6484
437 414 548 475 ιθδ

1117 410 1182 467 Β.
1226 406 1483 467 RABANI
1520 404 1745 465 MAURl
1780 402 2104 463 ARCHIEP.
2144 400 2459 462 MOGUNT.
2496 394 2785 458 OPERUM
2819 389 3002 452 PARS
3038 391 3082 449 l.

3623 389 3737 448 ηδ

434 530 670 602 Ideoque
694 541 823 586 caro
851 537 1035 584 nostra
1058 532 1183 596 post
1225 522 1681 581 resurrectionem
1722 521 1870 577 nulla
1907 527 2031 592 eget
2054 520 2110 583 Α
2132 534 2251 591 quae
2279 526 2406 576 sunt
2432 517 2558 573 tria.
2588 515 2769 573 Unum
2796 513 2974 580 enim,
3003 519 3060 569 et
3081 511 3222 577 duo,
3259 518 3319 567 et
3350 510 3495 578 tria,
3522 524 3627 568 sex
3656 509 3741 566 fa-

438 622 740 680 refectione
762 620 1030 683 ciborum,
1052 616 1179 688 quia
1203 616 1348 672 nulla
1370 615 1423 672 ei
1447 614 1681 688 suppetit
1703 628 1733 668 a
1758 612 1923 679 fame,
1943 609 2032 668 vel

437 713 794 779 lassitudine,
841 710 927 768 vel
969 710 1075 767 alia
1123 709 1361 782 qualibet
1405 708 1724 765 infirmitate
1776 705 2028 764 defectio.

436 803 581 862 Caro
608 813 791 859 autem
823 801 953 859 Adae
992 809 1117 858 ante
1161 809 1444 873 peccatum
1472 801 1547 856 ita
1581 808 1667 856 est
1710 796 2032 855 immortalis

439 903 644 963 creata,
676 901 737 951 ut
764 892 1105 950 adminiculis
1144 892 1331 965 adjuta
1379 892 1692 965 temporalis
1731 891 2028 956 alimoniae,

444 988 637 1044 mortis
665 1001 890 1058 exspers
924 1001 989 1042 ac
1018 985 1220 1043 doloris
1259 986 1541 1053 existeret,
1568 986 1741 1043 donec
1779 999 2035 1057 corpora-

438 1077 586 1134 libus
609 1078 963 1135 incrementis
987 1077 1054 1132 ad
1082 1076 1230 1135 illam
1256 1093 1430 1151 usque
1466 1078 1762 1150 perductus
1787 1084 1997 1134 aetatem
2013 1116 2031 1144 ,

434 1174 559 1242 quae
582 1169 863 1226 Conditori
890 1168 1150 1242 placeret,
1187 1178 1322 1237 tum,
1361 1178 1544 1227 creata
1569 1170 1824 1245 progenie
1865 1171 2034 1226 multa

438 1262 772 1334 huiusmodi,
797 1261 911 1334 jam
935 1262 1156 1333 iubente
1179 1263 1297 1335 ipso
1323 1271 1567 1319 sumeret
1593 1264 1761 1320 etiam
1795 1265 1862 1320 de
1888 1263 2033 1335 ligno

438 1354 587 1419 vitae,
617 1368 684 1409 ex
706 1368 815 1425 quo
844 1351 1083 1424 perfecte
1119 1352 1445 1409 immortalis
1481 1350 1733 1420 effectus,
1762 1361 2036 1409 sustenta-

441 1446 563 1503 cula
591 1446 697 1501 cibi
734 1446 1032 1517 corporalis
1058 1445 1204 1501 nulla
1226 1446 1545 1516 requireret.
1578 1443 1671 1501 Sic
1696 1460 1826 1517 ergo
1851 1452 1907 1501 et
1934 1444 2037 1500 im~

441 1537 691 1593 mortalis
710 1547 766 1592 et
793 1536 1221 1608 incorruptibilis
1242 1543 1328 1592 est
1347 1536 1565 1593 condita
1586 1552 1716 1593 caro
1735 1537 2035 1609 primorum

445 1629 749 1695 hominum,
779 1637 838 1683 ut
879 1628 1125 1685 eamdem
1157 1642 1315 1684 suam
1359 1627 1824 1684 immortalitatem
1872 1634 2037 1699 atque

444 1717 1035 1790 incorruptibilitatem,
1075 1734 1175 1790 per
1217 1720 1621 1775 observantiam
1657 1720 2036 1775 mandatorum

442 1812 538 1868 Dei
565 1811 921 1867 custodirent.
951 1810 1010 1866 In
1037 1811 1233 1882 quibus
1258 1812 1526 1868 mandatis
1555 1820 1756 1867 eratut
1785 1812 1853 1868 de
1878 1810 2037 1882 lignis

2134 611 2316 677 ciunt,
2365 608 2526 682 quale
2568 608 2624 665 in
2658 606 2980 664 monadibus
3007 605 3249 661 numeris
3277 617 3554 675 nusquam
3585 618 3736 676 pr:-

2131 711 2382 777 terquam
2415 703 2505 761 hic
2536 702 2820 759 invenies:
2853 700 2951 758 sed
2973 714 3150 771 neque
3174 700 3230 755 in
3260 698 3563 756 deeadibus
3591 712 3739 770 prat-

2136 803 2222 852 ter
2241 796 2560 853 vicesimum
2576 803 2631 852 et
2651 802 2903 852 octavum
2923 805 3227 849 numerum.
3253 788 3365 847 Sex
3386 803 3525 865 ergo
3545 789 3741 847 diem

2132 889 2362 962 perfecit
2390 890 2531 946 Deus
2558 903 2773 944 omnem
2802 893 3053 945 ornatum
3078 882 3203 941 cteli
3224 889 3282 939 et
3305 890 3498 949 terra,
3525 889 3593 936 ut
3610 880 3741 951 quia

2134 982 2318 1039 omnia
2344 982 2402 1037 in
2429 995 2708 1046 mensura,
2736 986 2793 1036 et
2815 992 3065 1044 numero,
3090 984 3145 1031 et
3164 974 3408 1047 pondere
3426 972 3735 1038 constituit.

2136 1073 2256 1146 ipso
2299 1074 2466 1130 etiam
2505 1086 2753 1140 numero,
2802 1070 2860 1127 in
2903 1084 3012 1142 quo
3055 1074 3396 1142 operaretur,
3437 1079 3545 1126 sua
3572 1079 3742 1139 opera

2135 1168 2358 1226 doceret
2380 1182 2503 1226 esse
2523 1166 2784 1239 perfecta.

2757 1257 2988 1317 CAPUT
3024 1257 3119 1314 IX.

2456 1351 2614 1410 Orbis
2646 1351 3027 1408 consummatio
3057 1350 3142 1405 die
3178 1349 3418 1421 septimo.

2208 1446 2594 1519 Complevitque
2621 1446 2762 1501 Deus
2788 1444 2874 1499 die
2893 1443 3112 1515 septimo
3141 1459 3271 1514 opus
3304 1456 3464 1496 suum
3492 1440 3646 1513 quod
3671 1439 3748 1511 fe-

2137 1548 2298 1596 cerat.
2326 1539 2385 1596 In
2408 1539 2514 1594 alia
2537 1537 2891 1594 translatione
2917 1534 3115 1591 dicitur
3143 1553 3156 1589 :
3189 1533 3331 1601 Quia
3351 1534 3747 1588 consumit

2135 1631 2280 1687 Deus
2303 1630 2359 1686 in
2383 1631 2468 1685 die
2494 1639 2639 1685 sexto
2667 1645 2826 1699 opera
2852 1644 2951 1684 sua
2972 1643 3092 1700 qua:
3118 1625 3239 1697 fecit
3252 1644 3273 1693 ;
3296 1626 3447 1698 quod
3465 1624 3612 1680 nihil
3629 1640 3747 1680 on-

2138 1722 2269 1778 nino
2299 1720 2612 1793 qumstionis
2643 1718 2821 1786 atl‘ert,
2865 1718 2996 1790 quia
3029 1716 3321 1774 manifesta
3367 1717 3750 1788 descriptione

2139 1831 2260 1887 quae
2300 1816 2354 1870 in
2385 1830 2450 1871 eo
2491 1822 2619 1870 sunt
2653 1813 2794 1869 facta
2825 1811 3192 1868 declarantur.
3226 1809 3334 1867 Sed
3370 1810 3582 1865 merito
3602 1824 3752 1880 qu-

444 1901 682 1974 paradisi
712 1902 989 1959 concessis
1013 1910 1363 1959 vescerentur
1394 1910 1450 1957 et
1485 1911 1548 1958 ut
1576 1902 1849 1959 interdicti
1880 1917 1940 1959 se
1968 1903 2037 1958 ab
2064 1894 2114 1955 B
2144 1906 2283 1961 ritur
2310 1905 2581 1977 quomodo
2609 1913 2795 1961 nostra
2829 1902 2997 1960 editio
3027 1905 3160 1974 quae'
3174 1902 3241 1958 de
3280 1899 3579 1958 Hebraicae
3599 1899 3748 1956 veri-

442 2009 538 2049 esu
571 2001 957 2065 temperarent,
980 2008 1076 2064 per
1096 1994 1291 2050 horum
1325 1992 1566 2049 edulium
1595 1994 1781 2049 inditae
1810 1993 1913 2049 sibi
1941 1993 2042 2048 im-

443 2085 794 2143 mortalitatis
823 2086 961 2142 dona
995 2093 1315 2153 servarent,
1366 2102 1436 2143 ne
1474 2087 1616 2142 illius
1652 2094 1803 2144 tactu
1829 2087 2041 2141 ruinam

444 2179 639 2235 mortis
664 2176 988 2235 invenirent.
1023 2176 1115 2232 Sic
1140 2193 1269 2232 vero
1291 2177 1722 2248 incorruptibilis
1744 2185 1799 2233 et
1822 2178 2043 2232 immor-

449 2270 574 2326 talis
604 2270 659 2325 in
690 2270 798 2325 fine
826 2270 935 2325 erit
962 2284 1095 2324 caro
1130 2276 1316 2324 nostra
1348 2268 1414 2323 ad
1447 2268 1856 2325 similitudinem
1880 2282 2046 2340 ange-

446 2364 565 2421 licze
591 2365 960 2431 sublimitatis,
998 2374 1057 2419 ut
1082 2364 1135 2420 in
1159 2365 1351 2420 eodem
1387 2372 1531 2420 statu
1566 2371 1917 2435 permaneat,
1944 2378 2041 2419 ne-

447 2471 556 2526 que
586 2457 723 2511 cibis
749 2454 1125 2526 corporalibus
1148 2463 1330 2527 egeat,
1371 2456 1570 2527 quippe
1601 2454 1657 2510 in
1678 2455 1790 2510 vita
1816 2453 2044 2525 spiritali

452 2546 583 2601 nulli
612 2554 773 2602 erunt
790 2547 884 2616 qui
913 2561 1071 2617 cgere
1096 2546 1327 2617 possint.
1362 2546 1500 2602 Nam
1529 2546 1673 2618 quod
1706 2547 1882 2619 angeli
1919 2562 2045 2602 cum

452 2637 782 2709 patriarchis
835 2639 1192 2694 manducasse
1241 2637 1527 2710 leguntur,
1580 2654 1688 2695 non
1739 2638 2047 2710 indigentiae

452 2744 653 2795 causa,
697 2729 795 2785 sed
838 2729 1187 2799 benignitatis
1226 2729 1490 2801 agebant,
1536 2737 1597 2785 ut
1631 2730 1886 2787 videlicet
1930 2731 2048 2787 haec

452 2824 664 2895 agendo
710 2822 921 2878 dulcius
950 2823 1263 2880 hominibus
1303 2823 1499 2896 quibus
1545 2825 1881 2895 apparebant
1919 2839 2048 2880 con-

449 2924 728 2990 gruerent.
758 2918 1019 2974 Dominus
1038 2934 1253 2991 quoque
1275 2908 1397 2990 post
1418 2919 1872 2976 resurrectionem
1896 2935 2049 2974 man-

448 3010 668 3064 ducavit
694 3025 820 3064 cum
848 3010 1164 3081 discipulis,
1205 3026 1307 3066 nec
1350 3009 1659 3066 refectionis
1699 3009 2044 3078 necessitate,

454 3097 549 3153 sed
576 3106 637 3152 ut
667 3112 852 3152 veram
879 3106 1004 3169 post
1034 3109 1266 3155 mortem
1307 3100 1579 3170 recepisse
1621 3112 1842 3156 carnem
1885 3115 2046 3156 mon-

454 3196 675 3243 straret.

2143 1998 2272 2054 tatis
2298 1999 2448 2054 fonte
2471 1996 2767 2063 descendit,
2797 1995 3152 2067 complevisse
3178 1993 3351 2050 Deum
3375 1993 3437 2048 in
3466 1993 3562 2050 die
3583 1992 3751 2063 septi-

2141 2107 2232 2149 mo
2262 2090 2407 2148 dicat
2431 2106 2568 2162 opus
2597 2106 2755 2146 suum
2775 2089 2921 2160 quod
2940 2087 3167 2154 fecerat,
3195 2087 3252 2142 in
3272 2101 3381 2157 quo
3419 2084 3501 2141 nil
3538 2099 3743 2140 novum

2144 2198 2361 2240 creasse
2388 2189 2870 2249 commemoratur,
2901 2180 3008 2237 nisi
3032 2179 3175 2236 forte
3206 2180 3383 2251 ipsum
3411 2177 3567 2234 diem
3588 2177 3757 2248 septi-

2143 2289 2292 2332 mum
2324 2283 2439 2330 tum
2481 2290 2608 2330 eum
2652 2273 2849 2330 fecisse
2896 2280 3058 2344 atque
3091 2271 3146 2327 in
3186 2268 3304 2340 ejus
3347 2269 3572 2326 factura
3619 2282 3757 2338 opus

2145 2382 2303 2424 suum
2335 2366 2692 2438 complevisse
2724 2366 3052 2431 dixerimus,
3082 2363 3228 2436 quod
3254 2377 3322 2418 eo
3355 2360 3507 2418 facto
3537 2374 3760 2417 mensu-

2146 2475 2265 2515 ram
2296 2473 2695 2529 numerumque
2735 2454 3198 2514 consummaverit
3228 2453 3467 2519 dierum,
3515 2466 3758 2524 quorum

2145 2550 2380 2609 circuitu
2426 2551 2612 2607 omnia
2648 2549 2848 2607 dehinc
2875 2547 3072 2605 saecula
3100 2546 3169 2603 ad
3208 2544 3375 2601 ﬁnem
3412 2557 3602 2615 usque
3626 2558 3757 2615 pro-

2148 2651 2453 2700 currerent.
2500 2642 2639 2699 Nam
2676 2642 2735 2697 in
2780 2640 3116 2699 revolutione
3157 2645 3489 2709 temporum,
3521 2644 3760 2692 oetam

2149 2737 2290 2793 idem
2317 2736 2410 2806 qui
2433 2744 2489 2792 et
2508 2735 2720 2806 primus
2741 2741 3087 2807 computatur
3106 2731 3243 2788 dies.
3267 2729 3565 2802 Corripiet-it
3591 2730 3760 2801 igitur

2147 2828 2234 2886 die
2260 2831 2477 2901 septimo
2509 2828 2652 2883 Deus
2685 2845 2815 2900 opus
2838 2843 2996 2883 suum
3023 2824 3165 2899 quod
3203 2825 3431 2897 fecerat,
3467 2823 3606 2895 quia
3638 2823 3756 2879 die-

2151 2938 2272 2978 rum
2298 2937 2436 2993 quos
2471 2921 2679 2977 fecerat
2708 2934 2978 2977 summam
3009 2918 3065 2975 in
3091 2932 3159 2975 eo
3192 2916 3542 2982 terminavit,
3574 2915 3760 2971 adtito

2149 3014 2268 3085 ipso
2297 3012 2554 3084 septimo,
2584 3027 2747 3084 quem
2781 3012 3070 3069 sabbatum
3097 3010 3204 3066 dici
3233 3008 3407 3064 voluit
3434 3016 3670 3079 etaesse,
3691 3021 3759 3063 eo

2149 3104 2295 3176 quod
2324 3120 2444 3160 eam
2481 3103 2713 3176 mystica
2750 3118 2865 3174 prae
2897 3101 3110 3159 caeteris
3137 3101 3526 3157 benedictione
3549 3108 3612 3156 et
3635 3117 3762 3157 san-

2157 3196 2493 3253 ctificatione
2548 3196 2807 3262 donaret,
2875 3202 2938 3250 ut
2988 3192 3271 3264 sequentia
3319 3191 3543 3248 docent.
3606 3190 3763 3249 Unde

526 3280 597 3335 Et
644 3282 844 3352 factum
881 3291 956 3336 est
994 3283 1089 3348 ita,
1134 3281 1188 3336 id
1226 3290 1341 3348 est,
1382 3290 1442 3337 ut
1476 3282 1845 3339 dominaretur
1886 3283 2049 3339 homo
2075 3262 2121 3329 Ο
2155 3291 2322 3348 etiam
2367 3290 2485 3345 dies
2526 3288 2720 3359 judicii
2765 3295 2821 3344 et
2854 3262 3341 3344 consummationis
3369 3285 3557 3342 saeculi
3583 3326 3603 3354 ,
3635 3286 3761 3357 quia

456 3373 668 3430 cunctis
699 3389 819 3444 qum
854 3374 906 3428 in
944 3384 1082 3428 terra
1113 3373 1196 3429 vel
1226 3375 1383 3444 aquis
1411 3383 1596 3431 creata
1618 3382 1773 3440 sunt,
1811 3381 1869 3430 et
1891 3383 1949 3429 ut
1970 3374 2052 3429 fa-

455 3466 714 3522 cultatem
753 3474 1187 3537 potestatemque
1228 3467 1422 3522 edendi
1466 3468 1533 3523 de
1575 3465 1838 3524 fructibus
1888 3477 2051 3525 terrm

456 3570 582 3610 eum
633 3556 946 3613 volatilibus
981 3557 1104 3613 caeli
1167 3566 1221 3613 et
1264 3557 1631 3615 animantibus
1673 3568 1832 3615 terrae
1870 3559 2049 3630 perci-

456 3658 632 3719 peret.

542 3738 780 3812 Vidilque
804 3740 943 3797 Deus
965 3752 1152 3798 cuncta
1169 3760 1286 3816 qua:
1304 3744 1447 3814 fecit,
1470 3753 1517 3799 et
1539 3753 1689 3800 erant
1714 3743 1869 3799 valde
1889 3744 2047 3800 bona.

455 3833 595 3903 Quia
618 3836 684 3891 de
706 3835 932 3908 singulis
954 3835 1051 3893 Dei
1071 3838 1325 3908 operibus
1343 3838 1619 3911 sigillatim
1645 3836 1822 3893 fuerat
1847 3837 2052 3894 dictum

455 3929 601 3999 quod
629 3929 836 3985 videret
859 3945 922 3984 ea
947 3946 1068 3986 esse
1095 3931 1260 3997 bona,
1284 3940 1432 3988 recte
1460 3932 1515 3987 in
1538 3931 1903 3997 conclusione,
1933 3946 2054 4002 per-

459 4018 615 4075 fectis
656 4021 938 4089 omnibds,
970 4023 1205 4091 positum
1250 4032 1333 4078 est
1367 4038 1491 4078 cum
1531 4023 1900 4078 additamento
1928 4022 2054 4094 quia

459 4108 589 4161 vidit
618 4120 808 4164 cuncta
839 4128 957 4181 qua:
979 4112 1121 4181 fecit,
1149 4123 1197 4168 et
1231 4123 1382 4168 erant
1406 4113 1554 4169 valde
1583 4113 1741 4170 bona.
1771 4113 1879 4170 Sed
1907 4129 2054 4185 qute-

460 4194 601 4250 ritur
629 4197 823 4254 merito
842 4240 856 4264 ,
896 4215 1069 4270 quare
1098 4202 1166 4256 de
1203 4192 1421 4258 homine
1451 4202 1595 4259 facto
1621 4218 1730 4260 non
1766 4204 1837 4259 sit
1868 4204 2056 4276 adjun-

460 4294 610 4343 ctum
627 4288 937 4361 singillatim
958 4309 971 4345 :
988 4292 1056 4347 Et
1074 4292 1208 4348 vidit
1228 4292 1372 4350 Deus
1385 4295 1529 4364 quod
1546 4302 1693 4351 esset
1717 4296 1941 4363 bonum,
1958 4297 2055 4353 sed

461 4375 632 4448 ipsius
665 4381 842 4452 magis
875 4380 1090 4439 factura
1127 4383 1271 4441 inter
1292 4396 1488 4442 caetera
1522 4386 1904 4445 universaliter
1936 4388 2057 4446 lau-

460 4470 637 4527 danda
668 4482 1013 4542 reservetur;
1041 4492 1114 4532 an
1140 4476 1231 4547 qui
1261 4478 1579 4548 prmsciebat
1600 4480 1744 4538 Deus
1776 4481 2054 4537 hominem

460 4570 843 4632 peccaturum,
876 4582 977 4622 nec
1008 4566 1061 4622 in
1085 4578 1213 4634 suae
1249 4569 1500 4641 imaginis
1539 4570 1868 4643 perfectione
1897 4587 2054 4628 man-

460 4670 675 4723 surum,
702 4672 812 4713 non
844 4659 1179 4732 singulatim,
1204 4663 1298 4719 sed
1332 4679 1455 4719 cum
1480 4665 1695 4721 caeteris
1721 4681 1845 4722 eum
1871 4666 2052 4723 dicere
2078 4637 2132 4700 Β

459 4744 635 4801 voluit
673 4746 895 4816 bonum,
938 4749 1085 4806 velut
1127 4751 1388 4811 intimans
1435 4755 1565 4827 quid
1602 4763 1748 4813 esset
1785 4755 2048 4813 futurum.

460 4836 638 4893 llomo
663 4838 830 4910 igitur
868 4848 995 4896 ante
1023 4851 1328 4912 peccatum,
1354 4854 1410 4904 et
1439 4847 1493 4903 in
1523 4863 1622 4904 suo
1648 4849 1834 4922 utique
1854 4866 2054 4923 genere

461 4925 637 4983 bonus
656 4936 796 4994 erat,
826 4929 923 4984 sed
942 4930 1222 5002 Scriptura
1251 4939 1599 5005 praetermisit
1625 4939 1729 4996 hoc
1759 4942 1959 5007 dicere,
1992 4950 2055 5000 ut

463 5020 645 5089 potius
682 5019 813 5075 illud
843 5021 1080 5091 diceret,
1124 5029 1266 5096 quod
1297 5028 1535 5085 futurum
1574 5031 1776 5102 aliquid
1802 5049 2055 5104 praenun-

465 5111 645 5164 tiaret.
679 5110 819 5168 Deus
851 5113 997 5170 enim
1020 5125 1337 5175 naturarum
1364 5123 1600 5192 optimus
1627 5124 1892 5189 conditor,
1922 5140 2052 5195 pec-

466 5202 710 5258 cantium
731 5219 863 5261 vero
886 5204 1219 5275 iustissimus
1253 5213 1534 5269 ordinator
1575 5220 1681 5280 est,
1720 5221 1782 5269 ut
1818 5215 1980 5269 etiam
2006 5216 2054 5272 si

468 5304 576 5360 qua
605 5293 914 5367 singulatim
952 5298 1089 5354 fiunt
1119 5301 1482 5373 delinquendo
1511 5304 1771 5360 deformia
1789 5346 1804 5372 ,
1839 5320 2054 5378 semper

470 5390 652 5438 tamen
680 5399 802 5441 cum
830 5388 912 5443 eis
936 5391 1262 5449 universitas
1281 5393 1504 5463 pulchra
1531 5395 1621 5450 sit.

544 5470 612 5526 Et
634 5473 833 5543 factum
853 5489 929 5534 est
955 5496 1158 5552 vespere
1179 5492 1229 5538 et
1254 5500 1405 5540 mane
1425 5485 1535 5540 dies
1564 5496 1757 5541 sextus.
1782 5486 1933 5559 (Car.
1965 5489 2052 5562 ιι.)

473 5562 649 5634 Igitur
685 5568 901 5637 perfecti
945 5581 1068 5627 sunt
1111 5575 1225 5630 cteli
1265 5586 1313 5631 et
1357 5585 1499 5633 terra
1529 5587 1578 5633 et
1618 5580 1786 5635 omnis
1836 5591 2052 5639 ornatus

471 5670 676 5709 eorum.
710 5657 997 5717 Senarium
1028 5679 1312 5723 numerum
1341 5676 1553 5724 constat
1590 5682 1711 5725 esse
1730 5669 2052 5742 perfectum,

474 5747 604 5817 quia
630 5749 841 5819 primus
875 5752 989 5809 suis
1014 5755 1258 5825 partibus
1284 5758 1561 5830 impletur,
1600 5769 1755 5817 sexta
1785 5762 2052 5833 videlicet,

476 5838 626 5917 quod
655 5850 745 5902 est
784 5860 976 5916 unum,
1018 5856 1077 5908 et
1111 5851 1267 5909 tertia
1295 5867 1416 5928 quae
1442 5852 1715 5925 suntduo,
1755 5862 1811 5913 et
1833 5856 2056 5915 dimidia

2150 3391 2276 3454 post
2313 3384 2600 3453 septimam
2626 3381 2836 3437 sabbati
2873 3387 3103 3436 ventura
3142 3384 3253 3446 est,
3287 3387 3483 3434 octava
3514 3379 3573 3434 in
3616 3378 3762 3434 Scri-

2148 3475 2328 3547 pturis
2353 3482 2731 3545 nuncupatur,
2764 3471 3017 3528 videlicet
3037 3474 3192 3542 quasi
3229 3459 3440 3542 septem
3484 3469 3590 3527 soli
3619 3485 3762 3541 pra.¥

2150 3566 2437 3621 cesserint.
2468 3564 2683 3621 Dictum
2702 3571 2787 3620 est
2814 3562 2958 3619 enim
2991 3563 3046 3617 in
3070 3562 3230 3618 titulo
3253 3562 3448 3634 psalmi
3471 3579 3487 3615 :
3507 3560 3577 3615 In
3599 3561 3760 3631 fiu-

2152 3654 2212 3709 in
2231 3654 2440 3725 hymnis
2464 3670 2559 3725 pro
2586 3662 2771 3708 octava
2799 3651 3034 3721 psalmus
3058 3652 3252 3708 Dauid.
3276 3650 3434 3721 Quod
3457 3650 3532 3708 de
3564 3652 3663 3707 die
3674 3652 3762 3722 ju-

2151 3744 2279 3802 dicii
2317 3746 2579 3816 scriptum
2610 3753 2755 3801 totus
2792 3745 3073 3816 sequentis
3108 3745 3306 3817 psalmi
3343 3752 3530 3801 textus
3572 3745 3759 3810 docet,

2152 3832 2210 3891 in
2241 3848 2350 3905 quo
2388 3833 2527 3889 iram
2551 3834 2767 3890 venturi
2790 3834 2991 3906 judicis
3030 3834 3228 3891 timens
3257 3832 3535 3905 Propheta
3565 3834 3759 3891 excla-

2152 3933 2266 3981 mat
2287 3924 2559 3994 :Domine,
2585 3940 2650 3980 ne
2673 3926 2729 3980 in
2754 3926 2839 3981 ira
2863 3934 2955 3980 tua
2977 3941 3173 3996 arguas
3200 3940 3306 3992 me,
3324 3932 3430 3981 etc.
3450 3924 3635 3994 (Psal.
3658 3924 3759 3996 γι).

2155 4015 2262 4073 Sed
2291 4024 2347 4073 et
2382 4016 2499 4074 dies
2530 4015 2828 4073 Dominicte
2856 4017 3310 4084 resurrectionis,
3352 4030 3477 4072 cum
3506 4026 3636 4087 post
3680 4024 3764 4073 tot

2154 4109 2364 4166 dierum
2401 4109 2571 4167 millia
2605 4116 2837 4166 ventura
2866 4117 3044 4176 esset,
3079 4116 3274 4165 octava
3318 4115 3506 4163 tamen
3544 4115 3603 4163 et
3638 4108 3761 4179 ipsa

2156 4199 2299 4256 dicta
2343 4207 2427 4257 est
2478 4200 2534 4256 in
2575 4200 2735 4257 titulo
2775 4199 3002 4257 alterius
3042 4198 3275 4271 psalmi,
3316 4198 3443 4269 quia
3490 4198 3760 4255 nimirum

2157 4294 2443 4365 septimam
2472 4293 2822 4366 sequebatur,
2851 4302 2913 4349 ut
2937 4292 3253 4364 septimanae
3274 4292 3559 4363 sequentis
3575 4293 3759 4362 prima

2154 4386 2443 4454 existeret,
2485 4385 2542 4441 id
2579 4392 2693 4451 est,
2741 4385 2932 4441 eadem
2975 4384 3124 4456 ipsa,
3167 4384 3221 4439 in
3258 4399 3366 4456 qua
3395 4383 3454 4439 in
3481 4384 3760 4456 principii

2154 4478 2291 4534 dixit
2322 4480 2463 4534 Deus
2491 4496 2504 4533 :
2530 4475 2659 4533 Fiat
2682 4477 2796 4544 lux,
2822 4485 2872 4533 et
2898 4476 3041 4548 facta
3074 4484 3150 4532 est
3181 4476 3294 4531 lux.
3326 4475 3500 4545 Quem
3532 4476 3757 4547 quidem

2156 4571 2419 4643 psalmum
2441 4571 2508 4627 de
2533 4570 2932 4628 resurrectione
2956 4569 3237 4626 Dominica
3266 4569 3531 4642 scriptum
3552 4570 3754 4641 prohat

2159 4665 2274 4736 ipse
2303 4663 2397 4734 qui
2449 4663 2505 4719 in
2551 4677 2618 4719 eo
2654 4662 2917 4734 loquitur,
2964 4662 3191 4719 dicens:
3220 4660 3452 4733 Propter
3482 4661 3755 4717 miseriam

2158 4757 2373 4828 inopum
2395 4764 2445 4811 et
2478 4754 2728 4827 gemitum
2760 4771 3083 4827 pauperum,
3121 4770 3261 4810 nunc
3298 4769 3587 4826 exsurgant
3623 4754 3757 4809 dicit

2160 4848 2415 4905 Dominus
2431 4847 2605 4922 (Psal.
2620 4847 2722 4921 x1).
2745 4848 2934 4906 Potest
2955 4851 3135 4905 autem
3156 4854 3305 4905 recte
3319 4847 3497 4920 accipi
3512 4847 3759 4920 complo-

2155 4941 2300 4996 visse
2337 4938 2510 4995 Deum
2552 4938 2643 4996 die
2681 4941 2913 5011 septimo
2951 4954 3087 5011 opus
3125 4955 3285 4997 suum
3325 4941 3474 5011 quod
3518 4939 3753 5007 fecerat,

2156 5032 2322 5088 etiam
2367 5031 2422 5086 in
2463 5047 2530 5088 eo
2556 5032 2700 5103 quod
2742 5033 2919 5103 ipsum
2956 5034 3102 5090 diem
3136 5032 3415 5091 benedixit
3447 5041 3507 5089 et
3538 5034 3751 5092 sancti-

2156 5122 2357 5179 ﬁcavit.
2400 5122 2588 5195 Neque
2629 5124 2776 5180 enim
2816 5123 3023 5179 nullum
3064 5139 3198 5196 opus
3225 5132 3311 5180 est
3350 5123 3658 5181 benedictio
3695 5133 3755 5182 et

2120 5274 2127 5278 ,
2159 5213 2551 5282 sanctiﬁcatio,
2588 5229 2767 5287 neque
2811 5214 3069 5273 Salomon
3102 5215 3181 5271 nil
3210 5215 3393 5287 operis
3429 5214 3631 5272 fecisse
3666 5215 3755 5273 di-

2158 5308 2363 5365 cendus
2403 5315 2517 5375 est,
2551 5323 2674 5363 cum
2715 5306 2976 5379 templum
3017 5306 3162 5379 quod
3201 5305 3410 5363 fecerat
3443 5306 3749 5373 dedicavit;

2157 5401 2268 5456 imo
2299 5400 2559 5455 eximium
2587 5399 2684 5455 Dei
2714 5415 2851 5470 opus
2878 5408 2984 5466 est,
3020 5414 3146 5456 cum
3176 5414 3240 5454 ea
3270 5414 3394 5471 qua:
3422 5397 3555 5455 fecit
3584 5399 3755 5456 bene-

2158 5490 2392 5548 dictione
2421 5499 2479 5547 et
2505 5490 2933 5547 sanctificatione
2955 5497 3159 5546 :eterna
3186 5488 3476 5562 gloriﬁcat.
3505 5489 3753 5561 Denique

2159 5583 2227 5640 de
2262 5582 2366 5639 hoc
2397 5598 2563 5654 opere
2606 5583 2750 5653 quod
2776 5583 2832 5637 in
2861 5589 3064 5638 aeterno
3093 5580 3181 5638 die
3210 5581 3424 5638 sabbati
3455 5579 3591 5637 facit
3616 5579 3751 5636 dicit

2160 5671 2276 5742 ipse
2300 5671 2356 5726 in
2380 5670 2638 5743 parabola
2656 5670 2894 5727 fidelium
2915 5684 3198 5727 servorum
3225 5688 3240 5726 :
3264 5671 3433 5726 Amen
3457 5669 3577 5725 dico
3601 5668 3749 5725 vobis

2158 5765 2299 5837 quod
2345 5766 2621 5837 praecinget
2660 5782 2752 5834 se,
2806 5775 2859 5823 et
2909 5765 3068 5838 faciet
3129 5766 3251 5823 illos
3303 5766 3650 5833 discumbere,
3690 5774 3749 5821 et

2162 5857 2422 5919 transiens
2461 5857 2780 5915 ministrabit
2816 5856 2923 5916 illis
2970 5857 3124 5934 (Luc.
3146 5858 3273 5937 xu).
3297 5857 3401 5929 Qui
3428 5859 3577 5922 enim
3602 5871 3749 5934 prte-
