3974 6518
290 424 398 483 465

1324 422 1676 486 cunnum.
1717 425 1785 485 lN
1819 424 2139 484 GENESIM.
2181 404 2253 470 ὲ-
2288 425 2418 486 LIB.
2453 425 2498 485 ι.

3463 435 3570 496 466

286 539 566 612 eingitse,
597 537 692 612 qui
723 537 1047 596 discubitum
1072 549 1366 614 praeparat,
1401 542 1495 614 qui
1525 541 1743 608 transit,
1775 541 1868 612 qui
1896 539 2030 604 Aln
2079 557 2185 613 qua
2233 543 2398 600 etiam
2453 544 2560 615 die,
2615 543 2770 618 quasi
2816 519 3027 620 antiqui
3067 544 3317 608 recolens
3363 555 3566 625 Operis,

283 631 583 698 ministrat,
631 631 819 703 utique
845 641 1123 702 operatur.
1175 633 1283 690 Sed
1327 632 1412 689 his
1465 640 1650 689 tamen
1694 632 1876 688 verbis

282 725 544 782 omnibus
566 722 643 780 nil
668 723 814 779 aliud
836 724 1118 781 intimatur
1143 740 1305 796 quam
1338 725 1481 796 quod
1504 734 1724 782 sanctos
1746 739 1874 781 suos

281 800 638 874 Dominus'in
665 824 929 874 aeternum
956 817 1227 876 benedicit
1249 827 1305 875 et
1329 817 1654 888 sanctiﬁcat,
1682 816 1738 874 id
1767 825 1869 886 est,

279 910 495 969 visione
531 926 646 969 suae
675 911 862 985 glorise
897 920 1022 985 post
1063 927 1229 985 opera
1269 912 1430 982 bona,
1469 929 1590 985 quae
1631 912 1872 981 donavit,

279 1013 620 1061 remunerat.

265 1146 268 1148 γ
354 1093 429 1149 Et
475 1096 746 1168 requisivit
799 1097 884 1154 die
929 1099 1147 1170 septimo
1179 1098 1245 1154 ab
1299 1099 1543 1154 universo
1576 1116 1728 1172 opere
1773 1116 1870 1156 suo

276 1189 426 1260 quod
463 1198 725 1262 patrarat.
766 1189 883 1247 Non
923 1192 1078 1262 quasi
1133 1191 1310 1248 lassus
1352 1207 1418 1247 ex
1461 1193 1628 1248 nimio
1684 1192 1871 1249 labore

278 1279 430 1338 Deus
482 1282 658 1338 instar
704 1284 954 1340 humana:
1001 1283 1314 1355 fragilitatis
1362 1284 1631 1355 completa
1681 1283 1870 1340 mundi

274 1373 487 1430 fabrica
517 1373 813 1447 requievit,
843 1375 938 1432 sed
961 1376 1296 1446 requievisse
1325 1375 1393 1432 ab
1418 1377 1673 1432 universo
1705 1390 1870 1446 opere

271 1481 378 1522 suo
406 1466 636 1532 dicitur,
675 1468 802 1538 quia
833 1484 1026 1524 novam
1065 1477 1374 1525 creaturam
1413 1469 1555 1525 ultra
1587 1453 1868 1527 instituere

273 1559 515 1631 aliquam
554 1561 806 1619 cessavit.
848 1559 996 1618 Solet
1023 1577 1257 1633 namque
1289 1561 1570 1634 Scriptura
1601 1577 1743 1634 saepe
1772 1578 1870 1620 no-

275 1653 425 1708 mine
449 1653 656 1724 requiei
693 1653 1050 1710 cessationem
1079 1655 1260 1726 operis
1288 1654 1401 1711 sive
1433 1655 1699 1711 sermonis
1726 1653 1867 1711 indi-

274 1759 424 1802 care.
468 1745 623 1802 Sicut
660 1746 714 1800 in
742 1745 1065 1819 Apocalypsi
1097 1747 1163 1802 de
1191 1746 1394 1802 sanctis
1418 1746 1760 1801 animalibus.
1797 1745 1868 1800 Et

270 1837 524 1908 requiem,
553 1837 751 1908 inquit,
784 1854 888 1892 non
921 1838 1176 1892 habebant
1205 1839 1290 1892 die
1320 1855 1383 1892 ac
1422 1847 1567 1892 nocte
1593 1837 1820 1892 dicentia
1845 1850 1864 1888 :

1977 643 2164 703 aperto
2187 650 2437 692 sermone
2459 637 2758 694 declaravit
2784 639 3136 699 salvationem
3158 657 3216 700 se
3233 643 3349 716 jam
3375 646 3565 702 mundi

1975 722 2286 796 perfecisse.
2322 726 2452 782 Cum
2482 730 2618 784 enim
2650 733 2931 803 accepisset
2959 743 3185 800 acetum,
3227 735 3361 790 dixit
3389 751 3408 790 :
3431 735 3570 792 Con-

1974 827 2294 874 summatum
2336 828 2430 875 est.
2467 821 2538 876 Et
2567 822 2821 879 inclinato
2861 826 3030 896 capite
3064 827 3285 882 tradidit
3326 829 3568 899 spiritum

1975 908 2193 982 (Matth.
2223 910 2418 983 xxvn).
2453 911 2561 969 Sed
2588 923 2641 969 et
2668 915 2785 972 haec
2804 915 3162 974 sanctiﬁcatio
3181 927 3236 975 et
3259 919 3568 977 benedictio

1973 1002 2189 1072 septimi
2221 1003 2349 1072 diei,
2391 1012 2446 1062 et
2487 1006 2700 1077 requies
2739 1007 2793 1062 in
2841 1007 2930 1063 illa
2977 1008 3064 1064 die
3093 1018 3217 1080 post
3253 1026 3419 1082 opera
3469 1028 3568 1068 sua

1972 1092 2127 1149 valde
2155 1095 2328 1162 bona,
2363 1095 2696 1168 designavit,
2725 1099 2869 1168 quod
2896 1114 2997 1155 nos
3029 1099 3226 1172 singuli
3253 1110 3376 1172 post
3401 1118 3566 1172 opera

1971 1185 2134 1255 bona,
2172 1204 2302 1272 quae
2328 1193 2382 1245 in
2421 1191 2576 1247 nobis
2613 1192 2728 1262 ipse
2751 1203 3006 1264 Operatur
3045 1203 3099 1250 et
3140 1195 3278 1250 velle
3313 1204 3368 1251 et
3401 1197 3566 1268 perfi-

1971 1296 2130 1350 cere,
2171 1285 2238 1339 ad
2277 1285 2518 1356 requiem
2554 1287 2827 1342 tendimus
2873 1288 2998 1342 vitm
3033 1288 3300 1356 caelestis,
3353 1289 3408 1344 in
3459 1304 3565 1359 qua

1970 1362 2180 1431 aterna'
2201 1376 2320 1448 ejus
2353 1378 2785 1435 sanctificatione
2811 1389 2867 1435 et
2895 1380 3271 1438 benedictione
3309 1382 3562 1452 perfrua-

1970 1482 2114 1521 mur.
2153 1465 2354 1542 (Greg.)
2398 1469 2550 1525 Unde
2588 1472 2724 1526 bene
2761 1472 2903 1527 idem
2939 1473 3052 1527 dies
3081 1474 3344 1543 septimus
3371 1489 3564 1544 vespe-

1971 1575 2087 1615 ram
2114 1557 2494 1628 habuisse'non
2519 1565 2795 1633 scribitur,
2821 1567 2944 1635 quia
2970 1567 3225 1621 nimirum
3246 1580 3562 1638 perpetuam

1969 1663 2211 1711 nostram
2235 1657 2286 1711 in
2327 1656 2418 1712 illo
2451 1658 2693 1729 requiem
2723 1659 2986 1731 designat.
3023 1661 3266 1731 Denique
3293 1661 3347 1716 in
3377 1671 3559 1732 septe-

1969 1746 2123 1801 nario
2146 1763 2372 1803 numero
2399 1764 2606 1804 summa
2628 1749 2977 1819 perfectionis
3008 1749 3290 1822 accipitur.
3319 1751 3390 1807 Ut
3412 1753 3556 1808 enim

1970 1838 2221 1895 humana:
2259 1841 2486 1896 rationis
2527 1857 2720 1897 causas
2761 1843 2826 1896 de
2862 1845 3166 1912 septenario
3209 1860 3435 1900 munero
3477 1855 3560 1900 ta-

266 1931 527 2000 Sanctus,
577 1929 823 1999 Sanctus,
865 1930 1093 1989 Sanctus
1133 1931 1389 1988 Dominus
1440 1932 1581 1987 Deus
1633 1932 1868 2003 omnipo-
1895 1921 1944 1982 Β
1971 1947 2212 2001 ceamus,
2268 1948 2387 2005 qua:
2438 1942 2687 1990 asserunt
2732 1935 2873 2004 quod
2923 1936 3126 1990 idcirco
3150 1935 3424 2006 perfectus
3470 1937 3560 2002 sit,

265 2030 384 2078 tens
411 2021 599 2095 (Apoc.
632 2024 742 2096 iv);
773 2038 874 2094 pro
914 2039 1001 2091 eo,
1045 2033 1106 2079 ut
1135 2026 1342 2082 diceret
1371 2045 1383 2080 :
1416 2025 1533 2081 Non
1578 2025 1867 2082 cessabant

264 2113 390 2171 haec
435 2129 649 2186 semper
675 2107 988 2174 decantare.
1022 2117 1157 2173 Nam
1186 2120 1422 2174 maxima
1460 2127 1516 2174 et
1543 2120 1704 2175 unica
1737 2135 1864 2174 sau-

264 2207 376 2262 etis
415 2214 502 2262 est
541 2207 756 2278 requies
791 2208 846 2264 in
876 2209 1035 2276 ctelo,
1074 2210 1284 2266 laudem
1327 2227 1554 2267 summae
1581 2211 1855 2276 Trinitati,

261 2314 387 2369 qua:
440 2300 584 2356 Deus
619 2308 736 2366 est,
786 2301 1059 2359 indefessa
1097 2320 1232 2360 voce
1261 2304 1460 2360 dicere.
1493 2304 1675 2361 Potest
1729 2319 1859 2362 vero

261 2391 425 2448 altius
445 2392 672 2465 intelligi
700 2395 1032 2466 requievisse
1049 2395 1216 2452 Deum
1239 2397 1306 2452 ab
1325 2397 1578 2454 omnibus
1603 2396 1860 2468 operibus

258 2484 405 2549 suis,
441 2499 550 2541 non
585 2500 711 2542 eum
748 2502 884 2558 opus
925 2488 1181 2546 habuisse
1218 2489 1324 2546 illis
1352 2490 1606 2560 cperibus
1634 2491 1766 2556 suis,
1801 2491 1856 2546 in

259 2577 459 2648 quibus
488 2579 890 2649 requiesceret,
932 2582 1130 2653 quippe
1155 2581 1310 2650 cujus
1347 2583 1563 2653 requies
1593 2583 1646 2639 in
1678 2584 1859 2654 seipse

256 2669 380 2724 sine
403 2669 558 2727 initio
590 2686 658 2728 ac
682 2672 917 2728 termino
943 2687 1160 2744 semper
1183 2684 1269 2730 est
1291 2689 1442 2740 vera,
1476 2674 1570 2730 sed
1605 2674 1720 2731 sola
1751 2677 1852 2731 bo-

259 2761 450 2817 nitatis
475 2777 590 2819 suae
610 2767 776 2820 causa
790 2763 984 2821 fecisse
995 2781 1159 2836 opera
1183 2782 1306 2838 qua:
1332 2767 1385 2822 iu
1412 2768 1528 2836 ipso
1551 2769 1858 2839 requiesce-

259 2861 406 2908 rent.
445 2853 601 2922 Quod
627 2871 660 2912 e
688 2858 965 2915 contrario
987 2858 1203 2915 facilius
1229 2860 1568 2932 intelligitur,
1601 2876 1721 2916 cum
1752 2876 1861 2917 me-

259 2945 584 3004 minerimus
628 2948 921 3005 humanam
963 2951 1318 3026 indigentiam
1350 2969 1448 3025 pro
1484 2953 1588 3010 hoc
1624 2954 1859 3010 maxime

260 3036 543 3096 laboribus
579 3041 911 3110 quotidianis
950 3042 1233 3111 insistere,
1270 3051 1328 3099 ut
1373 3045 1427 3099 in
1467 3045 1720 3116 operibus
1747 3047 1860 3102 suis

258 3131 507 3200 requiem
547 3133 832 3204 percipere
882 3135 1089 3205 possit,
1138 3136 1350 3192 (licente
1392 3137 1441 3191 ei
1484 3135 1712 3191 Domino
1745 3154 1758 3190 ε
1789 3135 1859 3191 In

259 3230 456 3283 sudore
477 3229 648 3286 vultus
672 3232 750 3285 tui
771 3234 990 3287 vesceris
1015 3251 1149 3306 pane
1171 3232 1324 3308 (Gen.
1354 3234 1460 3307 Ill).
1483 3234 1628 3291 Deus
1651 3244 1853 3304 autem,

256 3322 356 3393 qui
399 3331 526 3380 ante
572 3325 908 3381 creationem
954 3327 1141 3382 mundi
1187 3329 1520 3385 aaternaliter
1566 3330 1621 3385 in
1673 3331 1852 3402 seipse

255 3415 558 3487 perfectam
620 3417 858 3475 habebat
922 3419 1165 3489 requiem
1187 3461 1203 3486 ,
1264 3420 1378 3491 ipse
1443 3423 1607 3477 etiam
1669 3432 1856 3480 creato

254 3509 486 3576 mundo,
525 3525 634 3565 non
670 3509 726 3564 in
753 3510 1009 3580 operibus
1039 3525 1158 3581 qua:
1185 3508 1344 3578 fecit,
1383 3513 1477 3568 sed
1505 3513 1572 3568 ab
1606 3514 1857 3569 omnibus

253 3600 518 3670 operibus
543 3615 665 3672 quae
704 3599 834 3656 fecit
873 3602 1169 3672 requievit,
1200 3610 1386 3672 utpote
1413 3603 1486 3658 nil
1524 3604 1730 3659 habens
1761 3621 1857 3661 ne-

253 3693 531 3750 cessitatis
571 3694 627 3748 in
649 3693 918 3750 creaturis
949 3695 1294 3765 requiescere
1333 3697 1446 3752 suis
1470 3739 1483 3762 ,
1516 3698 1648 3768 quin
1677 3700 1858 3769 potius

253 3786 535 3842 creaturis
565 3786 977 3843 rationabilibus
1007 3788 1120 3858 ipse
1151 3789 1392 3860 requiem
1414 3801 1702 3863 praestans,
1734 3809 1857 3850 cum

251 3877 316 3933 in
357 3877 540 3950 seipso
582 3879 823 3950 perfecte
867 3896 1083 3954 semper
1124 3885 1447 3955 requiescat,
1497 3899 1669 3957 eoque
1715 3887 1859 3944 bono

253 3968 457 4026 beatus
489 3969 584 4038 sit,
613 3973 758 4043 quod
780 3974 895 4044 ipse
922 3976 1024 4033 sibi
1053 3985 1155 4034 est.

325 4059 402 4125 Et
435 4062 699 4119 benedixit
718 4065 820 4122 diei
842 4069 1079 4140 septimo,
1116 4079 1165 4124 et
1194 4071 1545 4141 sanctiﬁcavit
1564 4071 1735 4128 illum.
1765 4071 1860 4130 Illa

253 4153 515 4212 videlicet
553 4156 931 4216 benedictione
973 4171 1028 4217 et
1072 4162 1503 4219 sanctificatione
1553 4180 1717 4235 quam
1758 4180 1858 4237 po-

253 4247 390 4318 pulo
408 4263 507 4305 suo
533 4249 588 4304 in
619 4249 737 4323 lege
757 4252 976 4323 plenius
1007 4254 1226 4309 intimat
1248 4255 1433 4311 dicens
1461 4274 1475 4310 :
1506 4255 1766 4311 Memento
1801 4263 1859 4311 ut

256 4343 402 4397 diem
439 4343 642 4400 sabbati
688 4347 1003 4417 sanctiﬁces.
1064 4346 1170 4403 Sex
1217 4349 1398 4404 diebus
1444 4351 1770 4422 operaberis,
1814 4361 1862 4407 et

258 4434 426 4505 facies
458 4438 635 4491 omnia
666 4453 823 4509 opera
853 4449 965 4493 tua.
993 4437 1223 4512 Septimo
1248 4450 1422 4496 autem
1457 4442 1732 4496 sabbatum
1757 4442 1865 4497 Do-

257 4526 393 4580 mini
428 4526 529 4582 Dei
561 4529 639 4582 tui
679 4539 776 4597 est,
819 4547 923 4585 non
955 4531 1119 4600 facies
1157 4549 1309 4588 omne
1349 4551 1478 4604 opus
1508 4533 1704 4604 (Exod.
1744 4534 1860 4608 xx).

258 4617 333 4674 Et
358 4619 518 4690 paulo
537 4629 659 4692 post
688 4639 702 4678 :
737 4620 846 4678 Sex
864 4624 1001 4679 enim
1029 4624 1212 4678 diebus
1233 4624 1354 4694 fecit
1377 4625 1636 4681 Dominus
1669 4625 1854 4680 extum
1883 4660 1936 4720 Β

259 4720 313 4766 et
345 4720 570 4779 terram,
601 4723 650 4769 et
683 4732 860 4781 mare,
892 4725 940 4770 et
966 4717 1162 4781 omnia,
1199 4734 1316 4788 qua:
1341 4719 1396 4772 in
1424 4718 1498 4772 eis
1533 4727 1673 4784 sunt,
1705 4728 1752 4773 et
1777 4735 1858 4772 re-

260 4805 460 4877 quievit
503 4808 560 4861 in
604 4808 688 4863 die
729 4811 947 4882 septimo
972 4851 987 4876 ,
1034 4810 1230 4864 idcirco
1282 4810 1543 4864 benedixit
1597 4810 1856 4867 Dominus

1969 2027 2095 2096 quia
2123 2042 2188 2082 ex
2218 2027 2395 2098 primo
2434 2028 2523 2098 qui
2563 2027 2730 2082 dividi
2762 2037 2961 2099 potest,
2999 2038 3053 2084 ct
3079 2031 3256 2100 primo
3280 2031 3369 2101 qui
3398 2030 3563 2085 dividi

1965 2133 2075 2174 non
2113 2126 2310 2188 potest,
2372 2121 2571 2174 cxistat
2599 2135 2614 2174 :
2646 2121 2950 2177 certissime
2981 2123 3182 2177 scimus
3216 2124 3357 2192 quod
3385 2131 3564 2194 scptc-
3649 2156 3652 2160 ι

1963 2211 2177 2266 narium
2227 2228 2512 2268 numerum
2557 2211 2839 2285 Scriptura
2889 2230 3043 2269 sacra
3081 2230 3180 2284 pro
3229 2215 3559 2285 perfectione

1961 2316 2168 2373 ponere
2191 2305 2496 2359 consuevit.
2530 2303 2684 2360 Unde
2714 2315 2767 2360 et
2793 2307 3022 2377 septimo
3045 2308 3128 2362 (lic
3153 2308 3439 2362 Dominum
3470 2323 3555 2362 re-

1963 2393 2235 2462 quievisse
2270 2396 2339 2449 ab
2379 2397 2634 2466 operibus
2670 2398 2884 2452 asserit.
2929 2398 3066 2452 llinc
3097 2408 3181 2453 est
3220 2399 3382 2455 etiam
3417 2397 3563 2470 quod

1963 2485 2224 2554 septimus
2276 2486 2391 2542 dies
2442 2487 2496 2540 in
2551 2487 2794 2558 requiem
2844 2489 3186 2555 hominibus,
3241 2490 3294 2544 id
3346 2499 3461 2556 cst,
3505 2491 3561 2545 in

1961 2577 2192 2636 sabbato
2229 2579 2389 2635 datus
2426 2589 2528 2635 est.
2562 2579 2701 2636 Hinc
2723 2589 2806 2637 est
2828 2581 2970 2652 quod
2997 2582 3248 2653 jubilreus
3274 2599 3468 2646 annus,
3501 2582 3556 2636 in

1963 2688 2072 2744 quo
2090 2673 2330 2744 plenaria
2354 2673 2509 2743 quies
2531 2673 2875 2744 exprimitur,
2901 2683 3108 2745 septem
3135 2673 3565 2730 hebdomadibus

1962 2775 2403 2831 consummatur,
2437 2766 2528 2836 qui
2571 2767 2802 2822 monadc
2828 2766 3007 2822 addita
3039 2773 3238 2820 nostrae
3277 2765 3565 2824 adunatin-

1962 2860 2047 2916 nis
2077 2859 2348 2930 impletur.
2383 2858 2519 2914 llinc
2549 2867 2633 2914 est
2668 2860 2812 2915 enim
2840 2859 2982 2928 quod
3024 2858 3360 2929 perfectione
3397 2857 3563 2926 septi-

1963 2951 2154 3007 formis
2220 2951 2409 3023 gratia:
2479 2951 2733 3021 implendi
2796 2951 3078 3006 duolecim
3137 2959 3264 3006 sunt
3325 2948 3556 3021 apostoli

1965 3044 2147 3100 electi.
2178 3044 2219 3099 A
2258 3045 2565 3115 septenario
2593 3045 2789 3116 quippe
2811 3039 3039 3100 numero
3066 3044 3121 3099 in
3165 3045 3561 3100 duodenarium

1964 3137 2224 3208 surgitur.
2255 3136 2389 3191 Nam
2430 3138 2772 3207 septenarius
2800 3137 2913 3193 suis
2941 3139 2991 3192 in
3021 3153 3078 3193 se
3098 3137 3344 3208 partibus
3376 3137 3561 3193 multi-

1962 3230 2212 3302 plicatus,
2257 3231 2324 3285 ad
2357 3231 2746 3287 dnodenarium
2777 3231 2967 3287 tendit.
2999 3231 3125 3288 Sive
3154 3232 3298 3286 enim
3328 3241 3564 3303 quatuor

1961 3339 2061 3394 per
2107 3323 2229 3388 tria,
2281 3323 2394 3378 sive
2443 3323 2548 3378 tria
2593 3338 2690 3392 per
2737 3331 2973 3393 quatuor
3015 3323 3303 3386 ducantur,
3354 3331 3561 3392 septem

1960 3417 2012 3471 in
2067 3414 2348 3470 duodecim
2399 3422 2638 3469 vertunt.
2699 3413 2853 3469 Unde
2899 3414 3082 3468 sancti
3143 3411 3407 3483 apostoli,
3466 3409 3560 3481 qui

1961 3509 2281 3564 Trinitatem
2341 3509 2394 3564 in
2449 3515 2682 3578 quatuor
2741 3507 2924 3561 mundi
2963 3506 3212 3577 partibus
3259 3503 3562 3575 praedicare

1959 3601 2314 3658 mittebantur
2344 3601 2625 3657 duodecim
2661 3607 2790 3654 sunt
2820 3599 3007 3665 electi,
3033 3607 3094 3653 ut
3123 3597 3285 3652 etiam
3327 3595 3557 3652 numero

1958 3691 2343 3765 perfectionem
2375 3692 2766 3758 ostenderent,
2812 3697 2975 3762 quam
3007 3691 3116 3746 vita
3155 3701 3209 3746 et
3249 3704 3382 3746 voce
3423 3703 3562 3762 pra:-

1961 3785 2225 3842 dicarent.

2031 3876 2104 3932 Et
2140 3877 2419 3944 benedixit,
2463 3877 2672 3948 inquit,
2716 3876 2822 3932 diei
2853 3877 3092 3944 septimo,
3130 3883 3179 3931 et
3215 3873 3562 3943 sancti/ienuit

1960 3970 2131 4038 illum,
2165 3972 2289 4042 quia
2318 3973 2374 4026 in
2400 3973 2512 4043 ipso
2540 3981 2828 4027 cessaverat
2850 3971 2914 4025 ab
2946 3971 3089 4025 omni
3121 3987 3273 4041 opere
3294 3985 3390 4024 suo
3417 3967 3560 4038 quod

1962 4063 2174 4128 creauit,
2204 4063 2258 4119 id
2284 4073 2385 4129 est,
2418 4063 2684 4134 completo
2708 4064 2892 4119 mundi
2916 4071 3132 4128 ornatu,
3155 4069 3468 4118 cessaverat
3492 4061 3560 4116 ab

1963 4155 2310 4212 instituendis
2354 4156 2495 4212 ultra
2551 4157 2707 4213 novis
2766 4172 2946 4214 rerum
2996 4156 3308 4227 generibus.
3370 4153 3558 4224 Neque

1963 4251 2105 4304 enim
2152 4249 2280 4304 huic
2308 4248 2588 4304 sententia:
2619 4249 2954 4304 contrarium
2978 4287 2994 4313 ,
3045 4247 3204 4302 debet
3242 4245 3370 4301 illud
3410 4243 3559 4300 xsti-

1963 4341 2126 4406 mari,
2155 4340 2298 4411 quod
2328 4340 2457 4395 dicit
2486 4341 2601 4409 ipse
2630 4353 2644 4392 :
2672 4336 2834 4393 Pater
2868 4355 3015 4393 meus
3051 4354 3215 4409 usque
3245 4335 3400 4390 modo
3429 4352 3559 4406 ope-

1965 4441 2136 4494 ratur,
2192 4442 2239 4487 et
2277 4449 2369 4503 ego
2401 4449 2586 4504 operor
2608 4430 2789 4504 (Joan.
2819 4433 2907 4502 v);
2945 4431 3278 4501 respondens
3307 4429 3559 4484 videlicet

1964 4525 2046 4580 eis
2081 4525 2170 4595 qui
2203 4533 2425 4596 propter
2467 4524 2710 4594 requiem
2743 4523 2838 4578 Dei
2866 4565 2880 4589 ,
2925 4523 3223 4592 Scriptum
3265 4520 3424 4589 hujus
3463 4537 3561 4575 au-

1967 4619 2220 4673 ctoritate
2257 4617 2556 4686 antiquitus
2591 4615 3047 4680 commendatam,
3089 4614 3372 4669 sabbatum
3399 4614 3466 4667 ab
3492 4627 3560 4668 eo

1961 4725 2066 4763 non
2091 4708 2401 4764 conservari
2424 4707 2813 4776 querebantur.
2847 4704 3173 4760 Cessaverat
3201 4704 3347 4760 enim
3391 4703 3552 4774 septi-
3630 4754 3634 4758 .

1960 4817 2050 4856 mo
2081 4802 2167 4856 die
2202 4815 2231 4854 a
2269 4798 2562 4854 condendis
2590 4797 2878 4869 generibus
2912 4803 3211 4864 creaturae,
3251 4796 3378 4867 quia
3407 4795 3554 4849 ultra

261 4898 406 4952 diem
431 4901 727 4971 ιεριίηιηηι,
760 4901 1169 4971 almum/50am
1191 4919 1307 4956 eum
1337 4901 1548 4974 (luat),
1574 4901 1704 4970 Qum
1735 4919 1858 4974 pro.
1954 4893 2068 4964 jam
2104 4907 2212 4947 non
2241 4889 2484 4947 condidit
2512 4890 2694 4961 aliqua
2732 4904 2928 4962 genera
2961 4906 3124 4946 nova.
3170 4890 3434 4961 Deinceps
3463 4904 3558 4942 au-

263 4989 737 5060 fectobenedictio
750 4999 806 5048 et
825 4991 1182 5048 sanctificatio
1203 4992 1307 5047 diei
1340 4993 1555 5063 septimi
1583 4993 1636 5047 in
1669 5005 1857 5066 typum

236 5085 492 5166 (majoris
531 5085 925 5142 benedictionis
970 5102 1036 5142 ac
1080 5086 1527 5142 sanctiﬁcationis
1565 5086 1707 5144 facta
1749 5096 1853 5144 est.

232 5177 407 5253 ‘vNam
445 5178 590 5235 sicut
613 5194 710 5250 per
737 5181 976 5246 crebras,
1005 5179 1114 5236 imo
1148 5179 1515 5250 quotidianas,
1549 5179 1602 5234 in
1643 5179 1760 5252 lege
1781 5182 1860 5236 vi-

263 5270 468 5327 ctimas
497 5273 718 5344 sanguis
753 5272 1044 5328 Dominicae
1083 5270 1381 5342 passionis,
1419 5271 1510 5341 qui
1541 5270 1710 5326 semel
1743 5280 1863 5326 erat

262 5379 368 5438 pro
400 5363 574 5421 salute
606 5364 793 5419 mundi
821 5363 1197 5431 effundendus,
1229 5363 1567 5434 signabatur,
1591 5363 1667 5418 ita
1693 5363 1860 5418 etiam

262 5459 370 5528 per
391 5456 632 5528 requiem
656 5454 762 5510 diei
790 5455 1024 5524 septimi,
1049 5471 1168 5525 qum
1189 5461 1311 5525 post
1337 5470 1501 5526 opera
1524 5469 1618 5510 sex
1650 5454 1860 5510 dierum

267 5563 491 5620 semper
541 5547 803 5604 celebrari
845 5547 1076 5613 solebat,
1132 5548 1578 5619 prtetigurabatur
1629 5561 1860 5618 magnus

267 5642 363 5698 ille
390 5643 506 5698 dies
533 5642 777 5710 sabbati,
811 5642 864 5697 in
895 5657 1003 5712 quo
1033 5641 1291 5698 Dominus
1323 5640 1488 5698 semel
1517 5641 1570 5696 in
1613 5639 1860 5712 sepulcro

267 5742 390 5791 erat
419 5737 790 5805 requieturus,
832 5733 1114 5803 completis
1148 5747 1212 5788 ac
1236 5732 1492 5803 perfectis
1518 5733 1572 5786 in
1601 5732 1686 5786 die
1705 5740 1862 5787 sexto

267 5827 528 5884 omnibus
580 5826 834 5898 operibus
895 5825 1038 5892 suis,
1100 5824 1295 5896 quibus
1369 5825 1629 5879 mundum
1698 5838 1860 5893 quem

265 5922 331 5984 in
363 5919 455 5978 die
479 5929 636 5978 sexto
668 5917 993 5993 perfecerat,
1036 5916 1150 5991 jam
1191 5915 1462 5988 perditum
1494 5914 1859 5972 restaurabat.

1961 4993 2071 5041 tem
2095 4999 2267 5054 usque
2294 4998 2437 5040 nunc
2463 4993 2723 5055 operatur
2753 4984 3069 5039 eorumdem
3103 4998 3360 5055 generum
3390 4980 3559 5036 admi-

1960 5077 2356 5142 nistrationem,
2407 5091 2526 5147 quae
2571 5084 2699 5133 tunc
2729 5077 2972 5132 instituta
2998 5079 3157 5140 'sunt,
3204 5088 3310 5130 non
3350 5081 3411 5127 ut
3442 5073 3558 5142 ipso

1963 5170 2154 5225 saltem
2181 5170 2268 5226 die
2297 5171 2526 5241 septimo
2552 5171 2790 5242 potentia
2817 5169 2932 5239 eius
2962 5184 2993 5224 a
3021 5168 3143 5224 coeli
3167 5177 3222 5222 et
3247 5178 3407 5222 terrae
3442 5182 3555 5221 om-

1961 5263 2222 5334 niumque
2276 5277 2458 5319 rerum
2491 5305 2505 5331 ,
2549 5279 2687 5334 quas
2737 5261 3098 5326 condiderat,
3155 5259 3550 5331 gubernatione

1963 5364 2227 5425 cessaret,
2260 5355 2498 5428 alioquin
2525 5357 2784 5413 continuo
2807 5356 3198 5412 dilaberentur.

2598 5468 2826 5526 CAPUT
2865 5467 2933 5522 X.

2128 5543 2424 5616 Allegorica
2461 5542 2716 5614 expositio
2754 5543 2820 5594 de
2855 5557 2947 5594 sex
2971 5555 3176 5595 aterum
3215 5556 3386 5611 opere.

2037 5637 2154 5693 Huc
2190 5654 2362 5708 usque
2404 5638 2469 5692 de
2510 5634 2806 5706 primordio
2853 5633 3038 5690 mundi
3088 5635 3362 5690 nascentis
3393 5631 3549 5702 juxta

1968 5747 2183 5788 sensum
2223 5731 2416 5785 litterae
2439 5729 2638 5784 dixisse
2675 5725 2926 5782 sufficiat.
2963 5724 3207 5798 (Isidor.)
3239 5723 3555 5781 Secundum

1970 5822 2281 5894 allegoriam
2315 5831 2490 5875 autem
2520 5820 2594 5873 ita
2626 5826 2803 5889 potest
2826 5818 2998 5889 accipi
3037 5818 3178 5888 quod
3207 5817 3259 5870 in
3285 5813 3552 5886 principio

1971 5915 2115 5974 Deus
2156 5912 2284 5972 fecit
2333 5911 2530 5970 coelum
2573 5918 2626 5967 et
2658 5919 2890 5968 terram.
2928 5909 3257 5982 Principium
3297 5905 3549 5965 Christus
