3974 6476
406 377 512 433 ιθτ

1087 366 1148 422 Β.
1190 360 1447 421 RABANI
1481 356 1704 417 MAURI
1740 351 2060 413 ARCHlEP.
2100 348 2413 411 MOGUNT.
2452 343 2741 406 OPERUM
2776 342 2957 400 PARS
2995 341 3037 399 Ι.

3594 335 3699 395 468

404 502 510 559 est.
543 489 688 548 sicut
710 488 905 561 ipsein
931 483 1222 554 Evangelio
1247 483 1354 538 ait:
1374 480 1489 553 Ego
1516 493 1631 535 sum
1652 473 1990 546 principium,
2018 471 2074 533 Δ
2096 469 2356 525 virtutum
2378 469 2432 525 in
2458 469 2689 526 ecclesia
2714 468 3077 526 numerositas
3106 484 3120 521 :
3148 480 3271 539 qam
3295 466 3357 524 in
3381 462 3557 535 huius
3576 462 3703 519 vis:

405 579 498 655 qui
524 588 571 634 et
600 577 786 651 loquor
812 575 951 634 vobis
981 572 1165 648 (Joan.
1208 569 1349 643 νιιι).
1391 569 1451 626 In
1484 570 1588 626 hoc
1615 565 1779 637 igitur
1798 561 2001 636 princi-

405 676 498 748 pio
532 671 663 730 fecit
688 672 829 729 Deus
870 667 1092 736 omium,
1120 667 1176 723 id
1203 674 1320 734 est,
1352 661 1678 737 spirituales,
1710 659 1803 731 qui
1837 655 1999 714 caele-

409 766 515 823 stia
553 764 887 822 meditantur
924 769 981 819 et
1013 766 1284 832 quazrunt.
1332 756 1389 813 In
1425 756 1542 826 ipso
1568 753 1697 811 fecit
1724 759 1781 808 et
1809 764 2001 807 carna-

409 858 509 925 les,
555 857 647 927 qui
692 864 968 912 terrenum
1010 852 1283 909 hominem
1330 848 1564 904 necdum
1612 846 1997 915 deposuerunt.

411 951 576 1007 Terra
602 961 778 1007 autem
806 957 919 1005 erat
945 948 1121 1004 inanis
1151 955 1201 1001 ει
1224 960 1410 1001 vacua.
1440 941 1610 998 Terra
1640 938 1848 996 scilicet
1876 950 2000 992 car-

409 1043 496 1099 nis
522 1051 724 1099 nostra:
745 1042 926 1098 inanis
950 1048 1070 1097 erat
1099 1047 1155 1096 et
1180 1053 1374 1103 vacua,
1392 1035 1709 1108 priusquam
1731 1031 2004 1100 acciperet

412 1136 671 1191 doctrina:
686 1133 937 1191 formam.
957 1131 1024 1188 Et
1037 1132 1261 1186 tenebra:
1275 1138 1424 1185 erant
1436 1144 1591 1199 super
1605 1125 1794 1196 faciem
1808 1120 2000 1193 abyssi.

412 1224 549 1294 Quia
586 1224 908 1281 delictorum
932 1222 1149 1279 caecitas
1178 1230 1233 1277 et
1270 1218 1593 1291 ignorantiae
1626 1214 1890 1285 profunda
1910 1212 2005 1267 ob-

414 1318 648 1374 scuritas
688 1318 857 1375 corda
885 1323 1072 1372 nostra
1113 1315 1349 1385 tegebat.
1392 1310 1625 1381 Spiritus
1678 1315 1859 1363 autem
1908 1304 2005 1360 Dei

415 1423 578 1480 super
607 1424 703 1463 cor
739 1416 986 1463 nostrum
1023 1406 1367 1461 tenebrosum
1403 1411 1456 1459 et
1485 1402 1707 1457 ﬂuidum
1732 1398 1887 1469 quasi
1918 1413 2009 1454 su—

2098 563 2433 641 obscuritate
2476 572 2734 635 tanquam
2763 563 2819 620 in
2848 571 3009 620 nocte
3047 560 3380 634 refulgentes
3402 599 3423 626 ,
3452 556 3708 615 dividant

2100 656 2157 712 in
2188 656 2293 713 hoc
2330 642 2675 713 ﬁrmamento
2707 656 2993 726 scriptura:
3032 652 3312 711 sensibilis
3353 659 3414 709 et
3440 648 3704 720 intellig“-

2100 750 2248 817 bilia,
2279 749 2436 821 quasi
2458 748 2601 806 inter
2624 748 2801 805 lucem
2824 746 3193 819 perfecturum
3210 753 3270 801 et
3300 743 3566 800 tenebras
3587 755 3709 812 par-

2101 844 2375 909 vulorum,
2404 851 2461 898 et
2484 849 2612 899 sunt
2635 842 2690 898 in
2719 842 2892 915 signis
2914 843 3177 898 virtutum
3202 847 3263 896 et
3282 836 3702 895 miraculum

2105 934 2240 992 Sunt
2256 937 2418 992 etiam
2434 935 2489 990 in
2507 944 2750 1006 tempora
2765 942 2821 989 et
2833 950 3028 1000 annos,
3043 934 3170 1005 quia
3180 930 3711 1005 praedicatampra-

2102 1031 2239 1101 priis
2269 1029 2600 1100 temporibus
2625 1030 2885 1085 vivuntet
2897 1034 3182 1085 transeunt
3211 1044 3226 1081 :
3265 1024 3499 1081 Verbum
3527 1032 3709 1078 autem

2106 1121 2319 1195 Domini
2334 1131 2505 1176 manet
2521 1123 2575 1176 in
2587 1130 2838 1177 ceterum
2857 1119 2999 1193 (Ita.
3011 1119 3315 1190 XL).Quare
3329 1124 3521 1173 autem
3538 1115 3712 1183 prim

2104 1223 2253 1271 terra
2273 1214 2680 1286 germinaverit,
2708 1214 2907 1272 deinde
2932 1211 3080 1270 facta
3106 1221 3236 1270 sunt
3262 1209 3593 1273 luminaria,
3613 1206 3715 1262 nisi

2106 1309 2234 1379 quia
2260 1317 2383 1379 post
2400 1324 2565 1379 opera
2596 1309 2737 1363 bona
2762 1308 2909 1363 venit
2934 1305 3263 1363 illuminatio
3288 1303 3452 1365 lucis,
3487 1301 3561 1356 ad
3587 1313 3717 1355 emi-

2109 1400 2475 1473 templandam
2500 1401 2736 1472 speciem
2756 1414 3007 1470 superna:
3030 1398 3284 1454 virtutis?
3311 1396 3469 1450 Inter
3494 1394 3617 1449 hinc
3634 1392 3718 1446 sic

415 1517 515 1573 per
555 1516 722 1571 aquas
751 1501 865 1572 jam
902 1497 1364 1569 super-ferebatur,
1406 1496 1460 1552 in
1501 1510 1608 1565 quo
1654 1491 2009 1549 subsistentes
2112 1493 2301 1564 quinta
2338 1491 2478 1547 facta
2521 1501 2650 1549 sunt
2688 1492 2901 1563 reptilia
2929 1492 3235 1547 animarum
3278 1490 3541 1544 vivarum
3572 1500 3589 1539 :
3620 1485 3716 1540 bs-

418 1593 903 1662 requicsceremus,
935 1592 1195 1663 cujusque
1218 1590 1620 1646 viviﬁcaremur
1652 1576 1804 1651 ﬂatu,
1839 1594 1895 1640 et
1917 1599 2009 1639 cu-
2110 1584 2287 1641 mines
2317 1583 2526 1640 scilicet
2554 1583 2799 1640 renovati
2831 1584 3073 1639 invitam
3101 1597 3197 1652 per
3224 1578 3491 1651 baptismi
3531 1591 3716 1632 sacra-

411 1684 505 1758 jus
533 1701 642 1740 uno
684 1682 1048 1739 ablueremur.
1096 1682 1244 1738 Dixit
1274 1698 1478 1755 quoque
1514 1680 1655 1736 Deus
1686 1696 1705 1735 :
1735 1677 1861 1732 Fiat
1893 1677 2009 1743 lux,
2112 1686 2377 1735 mentum.
2424 1679 2591 1735 Facta
2647 1686 2777 1735 sunt
2834 1686 2891 1735 et
2931 1677 3194 1744 volatilia,
3245 1677 3304 1732 id
3352 1684 3461 1741 est,
3520 1682 3720 1730 sanet:

420 1777 474 1833 id
502 1788 607 1843 est,
632 1777 956 1833 illuminatio
984 1775 1325 1832 credulitatis
1345 1781 1624 1846 appareat.
1655 1772 1838 1828 Prima
1863 1772 2010 1827 enim
2050 1845 2055 1846 ί
2116 1774 2313 1830 anima:
2343 1774 2409 1828 ad
2458 1787 2695 1844 superna
2725 1772 2992 1828 volantes.
3037 1770 3169 1828 Post
3205 1771 3345 1835 hac,
3403 1776 3567 1825 sexta
3610 1767 3718 1831 sic,

418 1868 505 1926 die
527 1870 702 1925 lucem
726 1869 851 1925 ﬁdei
878 1871 1043 1935 dedit,
1076 1870 1201 1941 quia
1219 1869 1396 1940 prima
1421 1845 1479 1922 in
1500 1866 1855 1921 conversione
1879 1864 2013 1920 ﬁdes
2042 1845 2089 1906 Β
2115 1867 2365 1939 producit
2401 1876 2546 1923 terra
2581 1866 2819 1923 animam
2853 1866 3053 1931 vivam,
3093 1864 3313 1935 quando
3342 1870 3541 1918 nostra
3574 1873 3720 1925 caro,

418 1971 523 2022 est.
560 1962 716 2020 Unde
746 1972 801 2019 et
831 1966 1007 2036 ipsum
1034 1964 1271 2035 primum
1303 1962 1358 2017 in
1384 1961 1672 2032 praeceptis
1700 1960 2013 2015 mandatum
2116 1961 2396 2016 abstinens
2414 1960 2483 2016 ab
2499 1958 2755 2029 operibus
2773 1958 3023 2024 mortuis,
3041 1956 3163 2013 viva
3185 1957 3454 2011 virtutum
3472 1953 3722 2025 germina

417 2066 548 2115 est:
587 2057 852 2123 Dominus
884 2056 1026 2111 Deus
1078 2066 1235 2123 tuus,
1280 2054 1424 2109 Deus
1479 2070 1615 2108 unus
1657 2061 1753 2106 est.
1788 2050 2017 2120 Propter

420 2165 585 2224 quam
612 2148 773 2204 ﬁdem
799 2149 913 2220 ipse
932 2148 1216 2214 Dominus,
1243 2148 1409 2203 etiam
1432 2144 1716 2200 visibiliter
1737 2144 1790 2198 in
1817 2143 2018 2199 mundo

420 2254 684 2313 apparere
715 2238 904 2294 voluit.
940 2238 1060 2293 Jam
1099 2246 1226 2293 tunc
1256 2236 1569 2305 Deusjuxta
1586 2234 1887 2305 praesentia:
1908 2248 2019 2289 suae

418 2334 653 2406 gratiam
693 2333 876 2387 divisit
908 2330 1104 2400 justos,
1148 2331 1203 2386 id
1245 2339 1361 2397 est,
1396 2328 1535 2383 ﬁlios
1572 2327 1667 2382 Dei
1701 2334 1755 2382 et
1790 2326 1946 2390 lucis,
1988 2341 2019 2380 a

420 2422 800 2496 peccatoribus
833 2432 1093 2493 tanquam
1121 2438 1153 2477 a
1178 2420 1437 2484 tenebris,
1468 2419 1602 2474 istos
1627 2432 1832 2473 vocans
1854 2416 2019 2482 diem,

423 2509 546 2568 illos
570 2522 804 2567 noctem.
832 2509 969 2567 Nam
990 2511 1084 2583 qui
1112 2511 1251 2567 lucis
1273 2511 1490 2566 nomine
1509 2510 1645 2580 justi
1663 2507 2019 2579 appellantur,

426 2600 555 2657 audi
579 2601 897 2674 Apostolum
928 2620 943 2656 ι
980 2599 1206 2668 Fuislis,
1237 2601 1433 2671 inquit,
1465 2598 1749 2669 aliquando
1777 2598 2021 2666 tenebraz,

426 2708 566 2749 nunc
611 2702 784 2748 autem
829 2691 925 2748 tua:
960 2693 1018 2748 in
1055 2691 1284 2748 Domino
1320 2692 1535 2766 (Ep/tes.
1579 2690 1654 2763 v).
1695 2690 1901 2746 Deinde
1935 2705 2023 2747 se-

425 2782 603 2839 cunda
634 2783 721 2839 die
751 2783 1018 2856 disposuit
1046 2785 1187 2840 Deus
1218 2784 1642 2849 ﬁrmamentum,
1684 2784 1738 2839 id
1764 2790 1868 2849 est,
1899 2782 2027 2838 soli-

425 2870 742 2932 damentum
775 2884 1088 2932 sanctarum
1128 2875 1552 2949 Scripturarum.
1590 2875 2027 2932 Firmamentum

425 2968 573 3026 enim
611 2968 668 3024 in
714 2968 959 3026 Ecclesia
1014 2968 1311 3041 Scriptura:
1376 2968 1571 3025 divinae
1620 2966 2025 3039 intelliguntur,

426 3062 556 3134 quia
595 3061 793 3118 coelum
823 3061 1113 3132 plicabitur
1157 3062 1299 3119 sicut
1338 3060 1497 3117 liber.
1530 3060 1906 3130 Discrevitque
1933 3074 2028 3115 su-

425 3167 530 3227 per
552 3153 659 3209 hoc
684 3153 1086 3210 ﬁrmamentum
1127 3169 1317 3225 aquas,
1341 3152 1396 3210 id
1425 3160 1542 3218 est,
1574 3151 1824 3209 caelestes
1852 3166 2025 3222 popu-

2116 2056 2373 2127 parturit,
2409 2054 2704 2109 secundum
2736 2068 2905 2125 genus
2935 2051 3143 2109 scilicet
3171 2064 3355 2113 suum,
3393 2048 3453 2103 id
3479 2054 3604 2111 est.
3641 2044 3722 2098 τί-

2123 2155 2233 2201 tam
2262 2146 2526 2202 imitando
2552 2153 2867 2201 salictorum
2893 2144 3036 2200 sicut
3061 2142 3141 2197 ait
3168 2139 3469 2211 Apostolus
3496 2153 3513 2192 :
3536 2136 3726 2190 Imita-

2120 2249 2257 2295 tores
2310 2239 2413 2293 mei
2466 2247 2628 2294 estote
2664 2236 2891 2309 (Philip.
2947 2237 3056 2308 ιιι).
3107 2233 3426 2291 Secundum
3477 2238 3725 2285 nostrum

2121 2332 2519 2402 quippe'genus
2546 2330 2802 2396 vivimus,
2824 2328 3045 2399 quando
3074 2328 3130 2382 in
3149 2340 3318 2396 opere
3335 2326 3487 2380 bello
3508 2328 3730 2377 sanctos

2121 2422 2271 2477 viros
2322 2422 2481 2492 quasi
2530 2421 2812 2493 proximos
2862 2419 3160 2475 imitamur.
3210 2415 3423 2471 Deinde
3473 2410 3728 2485 producit

2124 2521 2270 2569 terra
2303 2512 2525 2578 bestias,
2563 2512 2812 2568 homines
2843 2511 2897 2565 in
2926 2509 3170 2581 potentia
3195 2518 3401 2568 rerum,
3445 2504 3569 2560 sive
3595 2501 3734 2557 ﬁsso-

2125 2604 2291 2661 citate
2331 2603 2620 2673 superbiae,
2664 2602 2916 2659 similiter
2939 2609 2999 2657 et
3024 2612 3245 2670 pecora,
3281 2595 3478 2653 ﬁdeles
3504 2594 3569 2649 in
3601 2592 3732 2648 sim-

2124 2696 2369 2766 plicitate
2415 2696 2540 2752 vitae
2577 2696 2840 2751 viventes.
2879 2693 3174 2763 Serpentes
3200 2703 3422 2761 quoque
3455 2686 3734 2749 innoxios.

2127 2798 2347 2847 sanctos
2379 2790 2589 2847 scilicet
2625 2790 2807 2858 viros,
2845 2788 3061 2844 astutia
3096 2784 3426 2848 vivacitate,
3466 2781 3676 2837 bonum
3702 2793 3735 2833 a

2129 2882 2276 2939 malo
2314 2883 2722 2948 discernentes,
2758 2888 2815 2939 et
2849 2881 2905 2936 in
2929 2886 3196 2949 quantum
3229 2877 3315 2932 fas
3336 2882 3425 2932 est
3468 2871 3737 2943 reptanti

2131 2982 2440 3033 scrutantes
2478 2982 2719 3040 terrena,
2758 2988 2859 3044 per
2888 2986 3013 3044 quae
3040 2968 3343 3040 intelligant
3374 2964 3737 3036 sempiterna,

2131 3084 2240 3127 non
2278 3068 2400 3125 illos
2428 3082 2736 3124 venenosos
2768 3065 2863 3136 qui
2898 3080 2958 3122 se
2995 3065 3051 3119 in
3080 3062 3245 3133 hujus
3276 3058 3473 3116 mundi
3507 3054 3742 3113 ter-mis

2131 3162 2520 3234 cupiditatibus
2555 3158 2844 3217 collocant.
2885 3156 3018 3211 Post
3047 3156 3166 3211 haec
3202 3151 3332 3209 fecit
3367 3150 3524 3206 Deus
3558 3145 3739 3205 honi-

427 3216 515 3303 los
548 3244 881 3318 angelorum,
912 3245 1039 3318 quia
1067 3216 1195 3302 non-
1211 3216 1346 3319 opus
1383 3216 1586 3302 habent
1621 3244 1724 3303 hoc
1752 3216 2028 3314 suscipere
2055 3216 2104 3282 θ
2381 3249 2675 3322 imaginem
2720 3263 2902 3314 suam,
2950 3244 3254 3317 perfectum
3283 3241 3503 3299 scilicet
3538 3240 3741 3303 virum,

427 3336 856 3407 ﬁrmamentum,
910 3346 971 3395 ut
1008 3338 1183 3411 legem
1212 3339 1491 3411 legentes,
1533 3336 1757 3393 audiant
1801 3336 2030 3394 verbum

429 3424 549 3487 Dei.
582 3430 782 3488 Vident
810 3433 959 3489 enim
988 3447 1112 3489 eum
1151 3445 1366 3503 semper
1399 3438 1456 3487 et
1491 3430 1763 3504 diligunt;
1806 3430 1902 3486 sed
1940 3445 2033 3485 su-

430 3526 713 3597 perposuit
741 3526 917 3597 ipsum
950 3525 1354 3583 ﬁrmamentum
1387 3524 1524 3597 legis
1549 3540 1661 3580 sua:
1689 3539 1853 3595 super
1881 3522 2035 3578 inﬁr-

434 3615 683 3673 mitatem
715 3616 1035 3674 inferiorum
1066 3617 1409 3690 populorum,
1440 3626 1502 3673 ut
1535 3616 1639 3673 sibi
1670 3616 2033 3689 suscipientes

434 3718 767 3781 cognoscant
790 3709 1024 3781 qualiter
1056 3702 1372 3766 discernant
1394 3708 1539 3765 inter
1564 3708 1803 3766 carnalia
1836 3716 1892 3765 et
1920 3707 2032 3780 spi-

434 3802 681 3869 ritualia,
719 3803 875 3875 quasi
914 3803 1057 3859 inter
1087 3818 1257 3874 aquas
1290 3802 1600 3873 superiores
1638 3809 1693 3858 et
1721 3800 2032 3858 inferiores.

437 3889 571 3951 Post
596 3892 714 3950 haec
742 3891 831 3950 die
864 3892 1047 3962 tertia,
1088 3893 1305 3968 collegit
1329 3895 1385 3951 in
1412 3911 1583 3952 unum
1610 3909 1778 3966 aquas
1805 3893 2035 3955 inferio-

438 4000 531 4043 res
560 3984 722 4043 falsas
742 4028 757 4055 ,
794 3986 901 4044 hoc
934 3994 1039 4055 est,
1067 3986 1317 4045 homines
1346 3988 1617 4055 inﬁdeles,
1648 3988 1740 4059 qui
1767 3986 2039 4059 cupidita-

438 4082 554 4133 tum
595 4082 915 4149 tempestate
945 4084 1003 4135 et
1035 4080 1397 4135 tentationum
1445 4076 1744 4135 carnalium
1785 4077 2040 4138 ﬂuctibus

440 4168 781 4240 quatiuntur,
805 4177 860 4225 et
883 4170 939 4226 in
954 4170 1150 4242 seipsis
1160 4169 1316 4241 quasi
1339 4170 1645 4227 amaritudo
1665 4170 2036 4228 includuntur.

442 4259 762 4334 Segregavit
808 4260 878 4318 ab
910 4260 993 4317 eis
1027 4261 1238 4317 aridam
1259 4303 1275 4331 ,
1303 4262 1563 4335 populum
1601 4263 1810 4321 scilicet
1831 4262 2040 4323 fontem

444 4353 572 4410 ﬁdei
596 4354 891 4435 sitientem,
908 4353 1207 4427 obﬁxitque
1220 4356 1416 4413 dehinc
1430 4358 1786 4430 superborum
1812 4354 2038 4427 limites,

444 4457 501 4505 et
533 4449 777 4505 coercuit
808 4463 937 4516 eos,
980 4464 1048 4506 ne
1085 4449 1410 4506 turbulentis
1437 4449 1785 4521 iniquitatum
1814 4466 2041 4507 suarum

2132 3344 2226 3417 qui
2259 3359 2365 3400 non
2394 3342 2695 3414 quemlibet
2715 3349 3029 3398 sanctorum
3049 3336 3296 3394 virorum
3324 3332 3626 3398 imitando,
3650 3330 3743 3388 sed

2133 3436 2313 3509 ipsam
2349 3435 2637 3492 veritatem
2670 3430 3162 3504 contemplabiliter
3180 3426 3449 3486 intuendo
3476 3432 3743 3498 operatur

2128 3532 2422 3604 justitiam,
2459 3538 2522 3587 ut
2565 3530 2741 3601 ipsam
2766 3527 3035 3599 intelligat
3076 3533 3135 3582 et
3163 3529 3449 3595 sequatur,
3481 3521 3558 3577 ad
3590 3520 3747 3590 cuius

2135 3627 2433 3700 imaginem
2493 3624 2672 3680 factas
2735 3630 2820 3679 est
2886 3619 3193 3678 secundum
3254 3615 3575 3672 veritatem.
3644 3612 3750 3668 Iste

2136 3719 2303 3778 etiam
2342 3716 2542 3788 accipit
2582 3721 2911 3787 potestatem
2944 3710 3182 3783 piscium
3220 3706 3413 3774 maris,
3459 3712 3523 3763 et
3556 3702 3749 3760 volati-

2136 3810 2273 3871 lium
2311 3810 2459 3879 caeli,
2503 3822 2893 3881 pecorumque,
2932 3804 3174 3861 ferarum
3204 3815 3428 3873 quoque
3463 3806 3639 3871 atque
3664 3811 3750 3853 rs-

2137 3902 2405 3975 pentium,
2437 3901 2567 3973 quia
2592 3899 2894 3972 spiritualis
2917 3897 3150 3970 quisque
3177 3892 3430 3960 etractus,
3453 3899 3517 3948 et
3534 3889 3652 3946 Dos
3679 3889 3753 3945 si-

2139 3995 2281 4053 milis
2309 3995 2505 4067 factus,
2528 3993 2825 4052 modum
2841 3990 3160 4064 Apostolus
3175 3987 3388 4061 iudicat
3407 3985 3617 4051 om,
3641 3984 3754 4053 ipse

2141 4096 2317 4145 autem
2337 4087 2623 4159 judicatur
2644 4104 2679 4144 α
2699 4086 2904 4143 nomine
2923 4083 2978 4159 (Ι
2998 4083 3125 4140 Cor.
3144 4080 3231 4157 ιι).
3247 4078 3755 4150 Quodvemnqd—

2143 4188 2235 4238 tur
2278 4198 2293 4235 :
2338 4177 2643 4234 Masculum
2669 4186 2719 4234 et
2758 4177 3011 4248 [auinam
3039 4175 3163 4247 fecit
3203 4191 3313 4240 eos,
3344 4170 3670 4245 spirit-les
3694 4170 3753 4226 in

2142 4270 2388 4330 Ecclesia
2401 4279 2458 4326 et
2491 4269 2808 4327 obedientes
2833 4267 3091 4333 ostendit,
3119 4265 3247 4338 quia
3273 4264 3417 4322 sicut
3445 4263 3573 4319 viro
3622 4261 3757 4318 sab-

2143 4363 2258 4429 dita
2318 4369 2405 4419 est
2469 4360 2698 4426 mulier,
2758 4360 2840 4416 sic
2894 4356 3161 4430 spirituali
3212 4366 3270 4412 et
3328 4353 3581 4427 perfecto
3630 4353 3754 4408 viro

2143 4453 2407 4512 obediens
2444 4461 2530 4509 est
2576 4453 2623 4509 is
2664 4451 2759 4523 qui
2788 4452 2969 4509 minus
2989 4447 3267 4521 perlectus
3287 4455 3393 4515 est,
3421 4448 3571 4504 sicut
3602 4446 3755 4517 Apo-

443 4539 697 4598 ﬁuctibus
745 4540 976 4609 aridam,
1021 4540 1075 4598 id
1113 4548 1233 4609 est,
1278 4540 1517 4598 animam
1556 4541 1828 4599 sitientem
1867 4542 2038 4597 Deum
2065 4581 2121 4645 Β
2145 4546 2318 4603 stolus
2344 4545 2459 4599 ait:
2492 4543 2763 4615 Rogamus
2783 4539 3755 4614 vos,fratres,utaogrmcatismqsi

444 4632 793 4703 conturbent,
816 4632 1085 4706 liceatque
1106 4633 1157 4689 ei
1183 4634 1491 4706 germinare
1519 4632 1786 4690 bonorum
1811 4648 2039 4706 operum
2065 4631 2116 4645 ”
2144 4640 2203 4695 in
2266 4637 2408 4694 vobis
2474 4637 2718 4692 laborant
2747 4676 2763 4702 ,
2825 4644 2873 4691 et
2931 4642 3165 4706 prmum
3230 4632 3373 4688 vobis
3417 4633 3479 4687 in
3521 4631 3756 4687 Domino

444 4725 656 4783 fructus
677 4722 973 4783 secundum
1000 4741 1202 4798 genus,
1242 4725 1471 4799 diligens
1497 4726 1801 4798 proximum
1829 4725 1885 4780 in
1914 4726 2043 4781 θυι)-

446 4816 601 4874 sidiis
640 4818 1029 4873 necessitatum
1055 4816 1380 4884 carnalium,
1421 4817 1628 4874 habens
1669 4816 1724 4873 in
1763 4832 1824 4873 se
1855 4832 2044 4874 semen

447 4911 746 4968 secundum
782 4908 1194 4968 similitudinem
1211 4952 1227 4977 ,
1250 4917 1313 4964 ut
1336 4924 1404 4965 ex
1427 4925 1523 4965 sua
1555 4909 1868 4965 inﬁrmitate
1889 4924 2044 4965 com-

448 5004 687 5076 patiatur
726 5002 794 5059 ad
840 5001 1265 5059 subveniendum
1312 5002 1698 5074 indigentibus,
1739 5003 2048 5073 producens

450 5105 506 5151 et
540 5095 748 5167 lignum
772 5090 903 5152 forti
928 5094 1124 5151 robore
1155 5102 1211 5151 et
1236 5092 1579 5151 fructiferum
1601 5137 1616 5162 ,
1647 5095 1703 5151 id
1728 5102 1812 5150 est
1832 5134 1847 5160 ,
1876 5094 2045 5149 bene-

454 5185 637 5242 ﬁcium
688 5186 755 5242 ad
801 5186 1138 5258 eripiendum
1173 5202 1296 5242 eum
1341 5187 1434 5257 qui
1471 5186 1723 5257 injuriam
1751 5185 1955 5257 patitur
1981 5184 2049 5240 de

453 5294 620 5334 manu
659 5280 928 5350 potentis,
969 5289 1026 5337 et
1052 5281 1344 5353 praebendo
1374 5279 1732 5352 protectionis
1756 5279 2050 5335 umbracu-

454 5368 565 5425 lum
595 5370 775 5428 valido
818 5368 1012 5430 robore
1046 5372 1180 5444 justi
1201 5373 1417 5446 judicii.
1456 5374 1661 5430 Deinde
1700 5381 1891 5445 quarta
1938 5373 2046 5440 die,

455 5462 797 5521 emicuerunt
840 5465 1129 5523 luminaria
1175 5468 1521 5523 ﬁrmamento
1571 5466 1705 5540 legis
1750 5465 1940 5532 inﬁxa,
1992 5466 2048 5522 id

455 5562 560 5624 est,
599 5556 967 5631 evangelista,
998 5559 1249 5617 doctores
1277 5570 1335 5616 et
1372 5558 1668 5631 Scriptura:
1703 5569 1903 5617 sanctze
1938 5558 2047 5616 dis-

454 5650 697 5722 putando
761 5650 1128 5720 cohaerentes,
1180 5662 1238 5711 et
1281 5654 1533 5710 omnibus
1577 5653 1925 5709 inferioribus
1962 5653 2047 5709 lu-

457 5755 582 5797 men
621 5741 901 5815 sapientiae
929 5754 1315 5802 monstrantes.
1360 5744 1567 5802 Prodiit
1604 5747 1770 5801 etiam
1811 5746 1971 5801 simul
1994 5756 2051 5802 et

458 5837 660 5893 caetera
684 5832 1002 5895 micantium
1029 5836 1271 5895 siderum
1292 5835 1471 5907 turba,
1500 5836 1555 5895 id
1584 5847 1690 5909 est,
1711 5838 2049 5899 diversarum

2149 4731 2203 4807 (Ι
2236 4730 2417 4788 Thess.
2451 4729 2548 4801 tv).
2586 4729 2796 4785 Dicitur
2823 4728 2969 4784 enim
2995 4728 3076 4784 eis
3103 4745 3117 4782 :
3163 4725 3392 4782 Crescite
3417 4734 3471 4780 et
3496 4724 3755 4796 multipli-

2150 4824 2365 4888 camini,
2395 4823 2510 4878 sive
2552 4822 2609 4879 in
2652 4820 2872 4893 linguis,
2896 4820 3012 4876 sive
3043 4820 3099 4874 in
3129 4816 3507 4890 spiritualihus
3554 4817 3757 4874 intelli-

2151 4916 2350 4991 gentiae
2376 4914 2672 4988 gradibus,
2723 4922 2784 4969 ut
2811 4912 3163 4970 dominentur
3209 4911 3440 4968 rationis
3470 4910 3755 4968 intellectu

2152 5007 2396 5064 omnium
2427 5005 2727 5063 carnalium
2753 5005 3427 5077 perturbationum,quasi
3458 5004 3757 5061 insensibi-

2150 5100 2285 5157 lium
2334 5100 2714 5157 animantium.
2773 5100 2962 5158 Omnis
2994 5109 3180 5157 autem
3225 5099 3395 5155 herba
3440 5098 3755 5164 seminalis,

2151 5201 2211 5252 et
2234 5208 2395 5251 omne
2432 5194 2638 5267 lignum
2664 5194 3001 5250 fructuosum
3022 5233 3038 5259 ,
3060 5191 3207 5265 quod
3229 5192 3543 5250 hominibus
3563 5193 3756 5248 datum

2151 5285 2323 5344 estin
2352 5300 2554 5353 escam,
2591 5285 2777 5343 ﬁdeles
2830 5294 2958 5341 sunt
2988 5284 3056 5341 de
3082 5284 3453 5342 oblationibus
3490 5283 3609 5340 stn's
3633 5298 3758 5339 sane

2154 5387 2368 5436 ctorum
2393 5378 2812 5435 necessitatibus
2831 5377 3316 5434 communicantes.
3347 5374 3506 5432 Unde
3530 5375 3760 5446 Aposto-

2153 5468 2241 5526 lus
2267 5471 2380 5526 ait:
2422 5469 2566 5525 Nam
2596 5469 2645 5525 si
2670 5470 2726 5525 in
2751 5468 3119 5541 spiritualibus
3147 5469 3429 5540 participes
3474 5467 3608 5536 [acti
3633 5474 3758 5522 sunt

2155 5561 2395 5635 gentiles,
2428 5562 2611 5618 debent
2633 5570 2683 5617 et
2716 5562 2771 5617 in
2791 5560 3096 5617 carnalibus
3120 5560 3422 5616 ministrare
3441 5560 3518 5614 eis
3547 5556 3601 5631 (I
3628 5557 3753 5612 Cor.

2155 5654 2255 5728 ix).
2283 5654 2410 5710 Haec
2432 5662 2557 5710 sunt
2580 5652 2862 5710 fructifera
2891 5653 3057 5725 ligna.
3081 5653 3141 5709 lu
3167 5652 3289 5710 istis
3308 5666 3441 5724 ergo
3474 5649 3751 5719 gradibus,

2157 5755 2414 5819 tanquam
2443 5748 2498 5803 in
2523 5748 2844 5818 quibusdam
2877 5747 3087 5816 diebus,
3117 5761 3343 5818 vespera
3373 5752 3459 5802 est
3482 5745 3601 5816 ipsa
3623 5757 3755 5815 per-

2157 5840 2325 5902 fectio
2352 5840 2691 5916 singulorum
2736 5854 2997 5916 operum.
3047 5848 3107 5903 et
3132 5855 3299 5902 mane
3341 5838 3626 5901 inchoatio
3666 5848 3763 5921 se;
