3974 6474
251 342 358 398 469

1283 337 1639 397 COMMENT.
1678 340 1748 395 IN
1790 339 2111 398 GENESIM.
2152 371 2224 384 —
2261 341 2387 397 LIB.
2426 340 2466 398 Ι.

3431 346 3538 409 4ἶο

250 436 555 530 quentium.
584 453 713 512 Post
733 457 850 514 hac
877 455 1057 528 itaque
1082 455 1308 513 istorum
1338 459 1493 532 quasi
1517 475 1612 516 sex
1632 460 1841 517 dierum
1867 462 1923 524 Α
1946 459 2081 518 Nam
2108 463 2249 520 sicut
2277 465 2331 520 in
2356 464 2446 519 illa
2486 472 2640 523 sexta
2670 465 2757 522 die
2797 466 3005 539 primus
3034 468 3196 527 homo
3247 468 3420 525 Adam
3470 470 3538 526 de

249 564 420 622 opera
442 551 608 617 bona,
630 550 787 607 valde
811 558 992 623 sperat
1021 551 1186 609 homo
1213 552 1450 624 quietem
1494 555 1693 611 mentis
1716 569 1844 612 con-

249 645 476 703 stitutis
519 644 577 700 in
618 644 885 716 spirituali
915 644 1185 719 paradiso,
1210 660 1318 718 quo
1366 646 1703 719 signiﬁcatur
1731 648 1845 704 vita

252 738 437 802 beata,
475 736 568 793 ubi
616 751 745 793 sons
794 744 877 793 est
930 738 1228 799 sapientiae.
1260 739 1464 798 divisus
1520 742 1575 798 in
1612 751 1847 816 quatuor

256 837 446 900 partes
470 829 753 896 virtutum,
778 829 1029 887 ubiedati
1047 830 1164 904 (sic)
1183 831 1309 903 tigni
1329 833 1453 889 vitae
1474 834 1727 907 gratiam,
1753 834 1846 891 ubi

256 929 424 985 utiles
488 928 799 999 disciplinas
843 944 1054 986 morum
1113 931 1267 1003 quasi
1315 929 1523 988 fructus
1575 932 1845 1003 lignorum

257 1027 469 1091 carpat.
521 1021 619 1077 Est
662 1037 897 1092 namque
926 1022 1205 1093 paradisus
1230 1022 1340 1077 vita
1365 1024 1666 1081 beatorum.
1706 1023 1848 1094 Qua-

255 1120 385 1168 tuor
409 1111 648 1179 ﬁumina,
680 1123 913 1185 quatuor
957 1116 1204 1171 virtutes.
1256 1112 1426 1188 Ligna
1462 1114 1610 1185 ejus,
1657 1132 1847 1175 omnes

255 1204 421 1261 utiles
465 1204 763 1276 disciplinae
789 1205 1054 1279 lignorum
1098 1206 1328 1274 fructus,
1366 1223 1547 1265 mores
1596 1207 1847 1281 piorum,

251 1298 463 1371 lignum
491 1299 636 1366 vitae,
669 1300 786 1371 ipsa
833 1301 1098 1356 bonorum
1127 1301 1368 1357 omnium
1392 1310 1565 1359 mater
1586 1302 1849 1375 sapientia

252 1400 361 1459 est,
388 1393 456 1450 de
484 1407 592 1465 qua
619 1393 879 1466 scriptum
913 1400 996 1450 est
1017 1391 1308 1451 Salomone
1337 1395 1550 1452 dicente
1575 1409 1591 1451 :
1625 1395 1849 1468 Lignum

253 1487 381 1543 vita
420 1497 497 1543 est
525 1488 608 1543 Itis
651 1488 742 1561 qui
797 1488 1188 1561 apprehendunt
1216 1506 1367 1557 eam;
1396 1499 1446 1545 et
1489 1490 1583 1562 qui
1627 1491 1852 1545 tenuerit

252 1596 397 1647 eam,
426 1581 604 1637 beatus
632 1591 708 1637 est
738 1578 920 1647 (Prov.
948 1580 1053 1653 ιιι).
1087 1582 1317 1655 Lignum
1366 1583 1604 1639 scientia:
1640 1582 1770 1639 boni
1798 1590 1854 1638 et

254 1673 409 1741 mali,
438 1675 800 1747 transgressio
842 1682 928 1731 est
956 1675 1196 1730 mandati
1238 1675 1629 1745 experimento.
1658 1673 1852 1731 llacte-

255 1785 363 1825 nus
386 1785 481 1826 sex
504 1771 713 1827 dierum
742 1786 927 1844 Opera,
953 1773 1188 1843 qualiter
1216 1773 1271 1827 in
1290 1771 1531 1829 Ecclesia
1559 1770 1852 1843 spirituali-

1944 555 2076 614 limo
2105 565 2261 614 terra:
2300 558 2369 617 ad
2394 557 2685 631 imaginem
2713 559 2808 615 Dei
2848 558 3113 616 formatus
3138 568 3242 628 est,
3275 561 3355 617 sic
3399 570 3454 618 et
3482 562 3537 618 in
3574 544 3588 587 ί

1945 649 2053 704 ista
2083 648 2267 706 saeculi
2317 657 2478 706 aetate
2522 659 2674 707 sexta
2754 652 3022 708 secundus
3055 652 3267 720 Adam,
3317 654 3370 709 id
3415 662 3538 721 est,

1947 739 2192 798 Christus
2218 742 2273 798 in
2300 757 2465 800 carne
2490 743 2557 799 de
2587 743 2757 801 Maria
2781 743 2991 817 virgine
3017 754 3176 802 natus
3221 754 3328 812 est,
3350 746 3442 802 ille
3483 746 3540 800 in

1948 835 2129 889 anima
2158 833 2397 899 vivente,
2423 834 2513 891 hic
2541 836 2596 891 in
2626 826 2819 907 spiritu
2847 835 3175 893 viviﬁcante.
3220 838 3286 893 Et
3313 838 3454 894 sicut
3483 838 3541 893 in

1947 923 2038 983 illa
2074 926 2161 982 die
2187 925 2247 981 ﬁt
2271 926 2450 982 anima
2472 927 2616 995 viva,
2655 944 2733 985 snc
2763 928 2820 984 in
2868 928 2973 986 isto
3002 930 3199 985 saeculo
3241 930 3411 985 vitam
3451 930 3543 987 de-

1949 1016 2154 1077 siderat
2181 1030 2471 1089 :eternam;
2504 1029 2559 1077 et
2604 1021 2743 1078 sicut
2773 1022 2827 1077 in
2871 1021 2962 1080 illa
2997 1032 3150 1080 sexta
3198 1024 3287 1080 die
3320 1039 3544 1095 serpen-

1950 1108 2083 1170 tium
2111 1122 2165 1170 et
2211 1114 2447 1173 ferarum
2486 1131 2686 1186 genera
2734 1125 2883 1173 terra
2932 1118 3209 1189 produxit,
3233 1117 3308 1173 ita
3348 1118 3407 1173 in
3442 1118 3547 1173 hac

1950 1218 2103 1267 sexta
2125 1217 2286 1266 aetate
2308 1208 2512 1275 saeculi,
2537 1216 2725 1283 gentes
2751 1208 2918 1264 vitam
2947 1217 3260 1281 appetentes
3283 1218 3547 1265 internum

1949 1298 2192 1357 Ecclesia
2236 1300 2530 1373 generavit.
2564 1299 2747 1373 (.4ug.)
2787 1299 2959 1369 Quem
2988 1302 3154 1357 etiam
3202 1317 3425 1358 sensum
3450 1317 3548 1357 vas

1951 1390 2231 1455 ostensum
2258 1397 2421 1453 Petro
2452 1395 2986 1469 manifestavitbict.
3039 1396 3128 1470 x);
3180 1404 3236 1453 et
3286 1397 3550 1469 quemad-

1953 1483 2170 1548 modum
2200 1492 2254 1546 in
2284 1490 2370 1545 illa
2398 1490 2485 1546 die
2513 1498 2731 1546 creatur
2758 1488 3032 1545 masculus
3064 1496 3119 1544 et
3140 1486 3360 1554 femina,
3386 1487 3464 1542 sic
3493 1486 3550 1542 in

1953 1574 2058 1640 ista
2096 1582 2275 1639 saeculi
2315 1591 2474 1638 aetate
2504 1580 2887 1637 manifestatur
2916 1579 3168 1636 Christus
3196 1587 3253 1635 et
3278 1577 3546 1634 Ecclesia.

1954 1675 2023 1731 Et
2042 1677 2199 1732 Sicuti
2233 1676 2564 1751 prmponitur
2598 1673 2761 1730 homo
2792 1672 2954 1733 indie
2986 1674 3077 1730 illa
3108 1674 3552 1747 pecoribus,ser—

1954 1771 2208 1841 pentibus
2259 1778 2316 1826 et
2350 1769 2472 1827 coeli
2525 1762 2869 1836 volatilibus,
2930 1769 3006 1825 ita
3053 1768 3301 1833 Christus
3342 1768 3401 1824 in
3448 1768 3553 1823 hac

260 1869 346 1916 ter
373 1861 747 1934 intelligantur
768 1863 1032 1935 explicata
1080 1874 1225 1931 sunt,
1256 1866 1449 1922 deinde
1483 1863 1611 1936 quid
1636 1864 1688 1919 in
1716 1864 1849 1934 ﬁgu-
1876 1854 1929 1917 Β
1954 1870 2115 1918 aetate
2161 1862 2431 1935 gentibus,
2470 1862 2679 1933 pOpulis
2711 1870 2766 1917 et
2816 1860 3148 1927 nationibus,
3182 1869 3239 1917 ut
3268 1861 3336 1916 ab
3364 1875 3429 1916 eo
3462 1875 3551 1917 re-

254 1967 377 2008 ram
409 1954 592 2009 saeculi
617 1955 939 2027 signiﬁcent,
970 1955 1362 2025 subjiciendum
1395 1966 1495 2013 est.
1528 1955 1635 2012 Sex
1661 1956 1851 2011 diebus

258 2047 658 2102 consummavit
683 2047 825 2103 Deus
865 2049 1046 2103 omnia
1077 2064 1241 2119 opera
1270 2064 1366 2105 sua
1393 2067 1405 2103 :
1437 2056 1492 2104 et
1520 2048 1573 2103 in
1619 2048 1849 2118 septimo

257 2137 550 2209 requievit.
588 2138 693 2195 Sex
716 2139 965 2196 aetatibus
998 2142 1297 2197 humanum
1334 2157 1503 2214 genus
1531 2141 1585 2197 in
1615 2143 1717 2199 hoc
1751 2156 1853 2203 sae.-

258 2231 385 2287 culo
410 2246 508 2303 per
530 2234 900 2290 successiones
926 2244 1227 2307 temporum
1244 2235 1341 2291 Dei
1362 2250 1526 2307 opera
1552 2234 1849 2291 insinuant.

257 2324 501 2393 Quarum
529 2325 705 2396 prima
733 2335 819 2383 est
849 2325 917 2381 ab
940 2325 1111 2383 Adam
1139 2343 1312 2399 usque
1353 2328 1421 2382 ad
1455 2324 1590 2395 Noe,
1618 2318 1887 2403 secunda?

257 2432 293 2473 a
318 2416 431 2473 Noe
458 2432 631 2489 usque
652 2419 719 2474 ad
743 2419 1038 2486 Abraham,
1070 2421 1231 2476 tertia
1258 2421 1326 2477 ab
1370 2419 1642 2476 Abraham
1682 2434 1854 2491 usque

259 2510 331 2567 ad
349 2510 540 2577 David,
565 2520 758 2584 quarta
788 2528 820 2568 a
849 2510 1020 2569 David
1040 2526 1212 2584 usque
1232 2513 1298 2570 ad
1320 2512 1855 2585 transmigrationem
1890 2506 1891 2513 “

256 2602 604 2676 Babyloniae,
651 2605 841 2676 quinta
880 2605 1075 2663 deinde
1122 2619 1297 2679 usque
1345 2604 1414 2660 ad
1452 2604 1714 2663 humilem
1761 2603 1856 2661 ad-
1892 2600 1901 2675 ί
1959 2620 2050 2667 tur
2073 2624 2382 2669 sanctarum
2408 2610 2817 2685 Scripturarum
2845 2610 3137 2676 alimentis,
3160 2619 3216 2665 et
3238 2609 3355 2681 lege
3379 2607 3557 2663 divina

257 2705 483 2753 ventum
508 2696 723 2753 Domini
755 2698 925 2754 nostri
954 2694 1083 2755 Jesu
1109 2697 1334 2766 Christi,
1367 2706 1521 2754 sexta
1548 2713 1669 2771 quae
1712 2712 1856 2753 nunc
1900 2714 1903 2719 ’

256 2789 457 2863 agitur,
492 2806 773 2863 usquequo
802 2794 1035 2850 mundus
1085 2791 1338 2862 ﬁniatur,
1395 2793 1567 2851 donec
1595 2791 1858 2848 Excelsus

258 2882 447 2939 veniat
476 2884 542 2940 ad
564 2882 852 2954 judicium,
884 2885 1111 2958 septima
1161 2899 1291 2942 vero
1341 2883 1661 2954 intelligitur
1685 2881 1742 2939 in
1770 2897 1859 2938 re-

256 2975 389 3048 quie
417 2985 750 3047 sanctorum,
784 2994 904 3051 quae
946 2978 1156 3037 scilicet
1186 2996 1295 3035 non
1327 2979 1495 3035 habet
1537 2993 1856 3053 vesperam,

256 3068 387 3140 quia
410 3084 528 3124 eam
547 3068 663 3140 jam
679 3071 944 3129 terminus
961 3070 1141 3128 nullus
1166 3072 1399 3131 claudet.
1420 3070 1716 3145 Pergamus
1730 3084 1861 3140 ergo

1954 1963 2149 2026 gautur
2173 1954 2253 2008 vc]
2275 1953 2478 2009 carnali
2502 1953 2954 2025 concupiscentia:
2968 1952 3133 2009 dediti
3148 1951 3308 2008 sicuti
3327 1965 3547 2022 pecora,

1952 2047 2039 2102 vel
2064 2057 2279 2103 terrena
2301 2046 2615 2103 curiositate
2642 2045 2917 2102 obscurati
2946 2045 3099 2116 quasi
3126 2053 3430 2117 serpentes,
3463 2045 3549 2100 vel

1955 2141 2080 2198 elati
2111 2138 2362 2212 superbia
2392 2138 2549 2211 quasi
2574 2154 2723 2197 aves.
2753 2138 2824 2194 Et
2861 2138 3002 2195 sicut
3051 2138 3105 2193 in
3147 2137 3238 2197 illo
3264 2138 3351 2193 die
3375 2137 3556 2208 pasci-

1955 2242 2046 2291 tur
2073 2234 2234 2289 homo
2260 2240 2316 2287 et
2336 2230 2609 2297 animalia,
2644 2246 2766 2304 quae
2794 2246 2918 2289 cum
2947 2229 3041 2286 illo
3088 2237 3214 2287 sunt
3262 2228 3447 2289 herbis
3473 2244 3555 2287 se.

1955 2325 2267 2394 minalibus,
2299 2332 2355 2381 et
2380 2323 2542 2396 lignis
2579 2322 2896 2392 t‘mctit'eris,
2924 2331 2982 2383 et
3009 2323 3194 2380 hertis
3222 2323 3557 2390 virentibus,

1886 2486 1891 2493 ί
1956 2424 2036 2483 sic
2063 2426 2169 2483 ista
2213 2433 2374 2485 aetate
2421 2425 2715 2499 spiritualis
2740 2427 2925 2499 homo,
2955 2426 3049 2498 qui
3098 2427 3274 2484 bonus
3309 2425 3558 2482 minister

1896 2568 1899 2571 λ
1957 2527 2043 2576 est
2071 2518 2201 2576 Jesu
2225 2518 2449 2586 Christi,
2479 2535 2604 2577 cum
2626 2519 2745 2590 ipso
2764 2519 2964 2592 pepqu
2994 2518 3347 2591 spiritualiter
3374 2515 3558 2589 pasci-

1957 2704 2027 2761 ad
2056 2702 2470 2779 concipiendam
2507 2701 2897 2761 fecunditatem
2925 2702 3201 2761 rationum
3235 2708 3399 2770 atque
3445 2712 3560 2753 ser-

1958 2812 2181 2853 monum
2208 2837 2226 2865 ,
2274 2806 2538 2869 tanquam
2576 2796 2764 2863 uerbis
2807 2794 3159 2852 seminalibus
3187 2833 3202 2858 ,
3248 2791 3448 2863 partim
3492 2787 3559 2844 ad

1958 2889 2250 2953 utilitatem
2289 2905 2506 2947 morum
2539 2887 2913 2947 conversionis
2952 2887 3204 2943 humanae
3233 2924 3249 2955 ,
3302 2890 3559 2952 tanquam

1958 2982 2121 3057 lignis
2151 2980 2462 3047 fructiferis,
2497 2982 2697 3057 partim
2746 2981 2815 3037 ad
2858 2979 3098 3053 vigowm
3155 2976 3301 3042 ﬁdei,
3333 2975 3449 3047 spei
3506 2982 3556 3030 et

1962 3076 2247 3133 charitatis
2270 3076 2325 3134 in
2353 3077 2523 3134 vitam
2546 3085 2831 3140 aeternam,
2849 3081 3109 3144 tanquam
3124 3069 3310 3127 herbis
3335 3067 3557 3123 virentia

256 3163 500 3221 breviter
519 3182 619 3238 per
652 3167 752 3225 has
777 3184 967 3226 omnes
997 3169 1183 3225 mundi
1210 3176 1424 3235 aetates,
1449 3166 1506 3224 et
1533 3167 1860 3239 replicantes
1888 3221 1931 3241 η
1964 3168 2065 3225 bus
2091 3210 2106 3237 ,
2156 3185 2279 3241 qua:
2329 3169 2477 3231 nullo
2519 3178 2658 3227 aestu
2687 3166 3098 3225 tribulationum
3127 3168 3419 3225 arescunt,
3464 3160 3561 3216 sed

256 3256 508 3315 ordinem
545 3268 870 3334 temporum,
899 3278 1086 3319 eorum
1118 3262 1347 3336 mystice
1373 3260 1707 3323 differentias
1748 3260 1857 3319 dis-
1885 3253 1933 3286 ¹⁴
1962 3260 2043 3321 sic
2073 3260 2445 3335 spiritualibus
2469 3260 2628 3328 cibis,
2654 3259 2735 3319 sic
2759 3258 2880 3315 istis
2907 3254 3183 3315 alimentis
3203 3253 3469 3326 pascitur,
3503 3257 3564 3305 ut

256 3350 593 3425 tinguamus.
637 3353 823 3415 Primo
864 3373 1102 3430 namque
1149 3357 1347 3414 saeculo
1383 3355 1565 3417 factus
1603 3365 1689 3415 est
1733 3366 1858 3413 tan-
1957 3353 2131 3411 multa
2153 3353 2435 3428 intelligat,
2466 3351 2704 3413 carnalis
2732 3352 2936 3417 autent,
2970 3349 3026 3407 id
3058 3356 3176 3414 est,
3217 3344 3476 3419 parvulus
3507 3345 3565 3398 in

202 3464 211 3471 η
257 3458 426 3516 quam
454 3443 547 3501 lux
572 3447 735 3505 homo
763 3448 818 3505 in
850 3450 1126 3521 paradiso,
1155 3450 1212 3505 in
1253 3465 1362 3523 qua
1388 3458 1549 3509 :etate
1576 3448 1715 3511 ﬁlios
1759 3447 1858 3507 Dei
1958 3446 2198 3527 Christo,
2225 3455 2487 3523 tanquam
2518 3460 2688 3517 pecus
2707 3444 2803 3501 Dei
2825 3485 2843 3512 ,
2890 3452 2950 3507 ut
2986 3442 3157 3505 multa
3199 3440 3387 3501 credat
3442 3453 3566 3510 quae

256 3533 318 3591 in
346 3535 486 3593 lucis
506 3539 725 3595 nomine
752 3538 935 3611 divisit
968 3541 1110 3599 Deus
1144 3557 1177 3598 a
1219 3540 1345 3607 [iliis
1392 3540 1674 3605 hominum
1701 3540 1857 3614 quasi
1960 3538 2265 3611 intelligere
2285 3540 2517 3599 necdum
2544 3548 2756 3610 potest;
2787 3546 2972 3595 tamen
3001 3537 3225 3595 eosdem
3252 3534 3406 3601 cibos
3444 3548 3565 3593 om-

253 3644 291 3685 a
327 3631 587 3699 tenebris,
632 3631 798 3707 ﬁtque
836 3632 995 3705 hujus
1027 3634 1133 3691 diei
1166 3649 1392 3709 vespera
1419 3634 1696 3693 diluvium.
1756 3633 1857 3693 Se-
1960 3649 2061 3711 nes
2086 3633 2309 3693 habent.
2329 3631 2502 3704 Hujus
2525 3641 2710 3693 autem
2728 3632 2907 3690 aetatis
2929 3629 3087 3702 quasi
3109 3642 3336 3699 vespera
3355 3625 3565 3682 utinam

250 3723 497 3780 cundum
525 3724 780 3779 saeculum
806 3724 1009 3783 factum
1036 3734 1121 3783 est
1157 3726 1312 3799 quasi
1342 3725 1746 3783 ﬁrmamentum
1771 3725 1858 3785 in-
1961 3739 2062 3785 nos
2090 3740 2198 3781 non
2243 3724 2507 3785 inveniat.
2536 3723 2633 3780 Illa
2659 3731 2745 3785 est
2770 3723 2914 3789 enim
2950 3723 3018 3780 de
3049 3737 3158 3793 qua
3187 3718 3451 3783 Dominus
3480 3718 3564 3774 di-

253 3821 351 3870 ter
382 3829 579 3884 aquam
612 3824 667 3871 et
696 3831 913 3889 aquam,
946 3833 1073 3875 arca
1122 3818 1307 3895 utique
1342 3817 1432 3875 illa
1482 3833 1604 3892 qua;
1651 3818 1859 3885 natavit
1962 3816 2076 3897 cit:
2114 3816 2316 3885 Putas,
2377 3818 2588 3877 veniens
2639 3814 2815 3873 Filius
2862 3815 3089 3877 hominis
3135 3813 3357 3869 inveniet
3404 3810 3566 3881 ﬁdem

252 3903 411 3961 inter
434 3903 672 3975 pluviam
703 3915 758 3964 et
785 3908 988 3978 maria;
1028 3906 1190 3989 hujus
1218 3924 1447 3985 vespera
1483 3906 1585 3966 fuit
1610 3908 1860 3971 confusio
1962 3924 2120 3980 super
2145 3917 2346 3969 terram
2360 3906 2522 3989 (Luc.
2548 3903 2745 3977 xvut)?
2790 3905 2923 3965 Post
2961 3904 3125 3963 istam
3158 3916 3445 3974 vesperam
3473 3899 3568 3955 ﬁet

256 3993 596 4068 linguarum.
616 3996 860 4055 Tertium
888 3986 1144 4065 saeculum
1170 4000 1375 4063 factum
1404 4011 1507 4070 est,
1534 4005 1750 4074 quando
1774 3990 1889 4063 se-I
1961 4018 2145 4072 mane,
2170 4017 2297 4065 cum
2340 3986 2455 4074 ipse
2481 4000 2746 4063 Dominus
2771 4001 2827 4057 in
2853 4000 3122 4063 charitate
3151 4006 3413 4055 venturus
3455 4003 3559 4052 68t-

251 4085 474 4161 Ρθτθνίῑ
494 4089 751 4162 populum
786 4106 943 4155 suum
975 4106 1006 4147 a
1032 4092 1283 4171 gentibus
1310 4107 1408 4164 per
1428 4091 1726 4161 Abraham,
1750 4092 1861 4157 dis.
1964 4092 2119 4159 Tunc
2142 4094 2489 4168 requiescant
2522 4108 2647 4155 cum
2673 4092 2890 4151 Christo
2920 4092 2993 4149 ab
3029 4090 3283 4155 omnibus
3309 4084 3569 4159 operibus

255 4192 493 4236 cernens
514 4194 637 4236 eum
667 4182 822 4252 quasi
869 4183 1078 4239 aridam
1127 4182 1196 4240 ab
1241 4183 1438 4258 aquis,
1492 4192 1548 4239 ut
1587 4182 1864 4259 proferret
1964 4187 2118 4255 suis,
2176 4186 2234 4253 hi
2285 4186 2487 4263 quibus
2529 4186 2733 4243 dictum
2779 4193 2901 4241 est:
2941 4181 3127 4243 Ettote
3163 4179 3381 4252 μετιωὶ
3427 4178 3567 4237 sicut

255 4286 485 4344 germen
511 4273 805 4330 herbarum
831 4282 994 4347 atque
1020 4274 1314 4349 lignorum,
1347 4276 1402 4333 id
1430 4285 1532 4343 est,
1567 4285 1784 4334 sanctos
1806 4283 1862 4339 et
1965 4278 2132 4353 Pater
2158 4285 2344 4347 vester,
2370 4278 2460 4351 qui
2483 4278 2542 4339 in
2585 4276 2823 4337 οοειίιεα
2866 4274 3083 4349 (Matth.
3117 4270 3193 4347 v).
3225 4270 3382 4337 Tales
3418 4270 3566 4335 enim

255 4362 500 4419 fructum
546 4375 859 4423 sanctarum
922 4365 1327 4443 Scripturarum
1346 4410 1361 4439 ,
1416 4368 1577 4445 hujus
1634 4383 1861 4442 vespera
1962 4371 2176 4441 faciunt
2198 4387 2362 4451 opera
2382 4372 2527 4429 bona
2553 4371 2731 4427 valde.
2753 4369 2886 4435 Post
2910 4368 3038 4426 talia
3063 4366 3214 4425 enim
3248 4380 3416 4437 opera
3444 4379 3567 4435 spe-

256 4455 365 4513 t‘uit
391 4466 674 4529 peccatum
728 4467 785 4517 et
825 4459 1035 4517 malitia
1070 4461 1294 4532 pessimi
1349 4461 1493 4547 regis
1520 4459 1670 4520 Saul.
1731 4460 1861 4525 Inde
1964 4466 2136 4531 nuda
2160 4474 2247 4529 est
2274 4467 2491 4541 requies
2532 4465 2590 4525 in
2632 4465 2723 4523 die
2748 4463 2980 4535 septimo
3007 4462 3103 4533 qui
3130 4474 3418 4531 vesperam
3448 4474 3559 4514 non

256 4557 519 4623 quartum
541 4550 798 4609 saeculum
826 4552 993 4625 coepit
1022 4569 1054 4609 a
1090 4553 1259 4615 David
1281 4595 1298 4625 ,
1336 4554 1552 4626 quando
1577 4553 1860 4612 constituit
1883 4590 1940 4629 η
1963 4555 2150 4617 habet.
2203 4555 2463 4629 Sequitur
2514 4555 2645 4615 hinc
2686 4553 3067 4625 recapitulatio
3120 4551 3393 4609 universae
3439 4564 3569 4606 con-

257 4635 409 4699 Deus
431 4641 723 4700 luminaria
750 4643 806 4699 in
836 4644 1178 4701 ﬁrmamento
1204 4643 1350 4713 coeli,
1378 4644 1433 4701 id
1472 4652 1578 4715 est,
1608 4642 1862 4716 splendo-
1884 4635 1939 4653 ν
1965 4648 2094 4713 dite
2115 4654 2401 4711 creaturae.

256 4747 378 4792 rem
411 4735 563 4808 regni
591 4744 849 4807 tanquam
888 4735 1262 4793 excellentiam
1294 4736 1424 4795 solis
1451 4777 1467 4804 ,
1521 4744 1578 4792 et
1626 4736 1680 4792 in
1719 4736 1862 4792 lunae

257 4825 448 4898 specie
474 4826 956 4901 obtemperantem,
974 4838 1235 4902 tanquam
1258 4828 1624 4905 Synagogam,
1655 4838 1711 4888 et
1731 4830 1862 4887 stel-

257 4916 344 4974 las
365 4917 640 4992 principes
680 4918 797 4989 ejus
827 4938 843 4976 :
882 4918 1037 4991 cujus
1083 4922 1260 4979 aetatis
1288 4921 1349 4977 ﬁt
1382 4936 1609 4994 vespera
1640 4920 1695 4976 in
1729 4936 1860 5002 pec-

258 5008 403 5066 catis
432 5025 644 5083 regum,
682 5013 880 5085 quibus
931 5029 1066 5086 gens
1117 5014 1208 5070 illa
1251 5015 1454 5071 meruit
1511 5014 1776 5089 captivari
1804 5016 1862 5073 in

256 5100 636 5175 Babyloniam.
661 5104 833 5164 Porro
856 5108 1047 5181 quinto
1078 5108 1296 5177 saeculo,
1330 5109 1383 5193 id
1408 5117 1491 5167 est
1516 5108 1575 5167 in
1609 5112 1865 5175 transmi-

2577 4734 2806 4797 CAPUT
2840 4735 2935 4801 XL

2040 4828 2431 4904 Recapitulatio
2462 4828 2954 4955 totidem-adﬂuit,
2972 4835 3023 4887 ιι
3050 4827 3118 4887 de
3134 4826 3251 4900 ejus
3271 4826 3492 4901 mystico

2621 4916 2676 4955 ιη
2701 4918 2727 4955 8
2771 4917 2827 4955 BC
2850 4917 2907 4955 τι.

2621 4916 2907 4963 mteuecm.

2038 5016 2168 5079 [sua
2193 5024 2317 5073 sunt
2343 5015 2703 5089 generalium
2733 5012 2848 5079 cali
2872 5022 2921 5071 et
2958 5021 3115 5071 terra
3134 5010 3347 5084 quando
3375 5018 3567 5063 creata:

1967 5121 2110 5177 sunt.
2155 5108 2273 5169 Hac
2314 5108 2663 5167 conclusione
2715 5105 3000 5178 Scriptura
3049 5112 3237 5162 saneta
3271 5101 3445 5172 tangit
3469 5114 3566 5156 eos

260 5196 514 5269 gratione
534 5196 866 5273 Babyloniae,
893 5201 1036 5259 facta
1084 5212 1212 5260 sunt
1255 5191 1408 5276 quasi
1460 5205 1746 5277 animalia,
1807 5206 1863 5267 in
1968 5204 2064 5277 qui
2092 5203 2354 5269 mundum
2383 5201 2501 5273 sine
2535 5200 2690 5259 initio
2718 5214 2937 5270 semper
2969 5195 3140 5255 fuisse
3162 5192 3454 5259 amrmant,
3478 5191 3563 5251 Vel

261 5288 443 5360 aquis,
469 5300 527 5348 et
554 5291 792 5350 volatilia
817 5294 964 5362 cteli,
992 5295 1123 5369 quia
1147 5304 1275 5353 tunc
1299 5295 1472 5353 Judaei
1502 5298 1647 5354 inter
1671 5306 1863 5371 gentes
1904 5282 1907 5287 ’
1969 5299 2063 5371 qui
2097 5298 2302 5357 factum
2329 5312 2360 5355 a
2392 5296 2504 5357 Deo
2530 5295 2751 5367 quidem
2778 5300 2995 5365 putant.
3025 5303 3214 5351 νθηιω
3240 5303 3309 5349 ει
3334 5286 3564 5347 materia

260 5390 528 5458 tanquam
576 5387 635 5444 in
686 5387 827 5445 mari
851 5389 1037 5449 vivere
1086 5398 1403 5465 coeperunt;
1436 5407 1540 5453 nec
1588 5392 1865 5451 habebant
1968 5411 2132 5467 quam
2155 5392 2658 5459 nonfeceritDeus,
2680 5391 2775 5453 sed
2798 5394 3216 5462 qumoomterna
3235 5387 3343 5458 ipsi
3362 5384 3567 5454 absque

260 5478 517 5535 stabilem
566 5479 745 5538 locum
777 5489 1035 5554 tanquam
1062 5483 1307 5542 volantes
1344 5498 1496 5541 aves.
1545 5480 1718 5553 Hujus
1758 5484 1870 5545 diei
1973 5489 2131 5553 initio
2166 5487 2333 5549 fuerit
2353 5484 2626 5547 Creatori.
2667 5484 2813 5541 Dicit
2837 5482 2984 5543 enim
3018 5479 3399 5552 generationes
3439 5474 3565 5535 cteli

262 5572 425 5643 quasi
446 5587 676 5648 vespera
696 5583 783 5633 est
806 5574 1181 5649 multiplicatio
1204 5586 1555 5661 peccatorum
1588 5577 1644 5635 in
1670 5579 1872 5655 populo
1973 5589 2031 5639 et
2058 5589 2241 5647 terrae,
2270 5580 2449 5651 ipsum
2473 5577 2725 5637 ordinem
2771 5574 2971 5643 divine
3015 5571 3371 5635 institutionis
3390 5612 3411 5637 ι
3456 5581 3567 5638 quo

260 5663 599 5739 Iudaeorum,
632 5670 850 5741 quando
889 5668 970 5726 sic
1010 5671 1267 5729 excaecati
1306 5679 1457 5739 sunt,
1479 5680 1540 5727 ut
1559 5670 1728 5731 etiam
1767 5671 1871 5731 Do-
1973 5682 2201 5731 omatus
2221 5688 2413 5733 eorum
2441 5687 2541 5742 per
2564 5684 2731 5741 opera
2752 5684 2849 5727 sex
2873 5668 3087 5726 dierum
3117 5666 3188 5724 ad
3218 5665 3367 5722 illam
3394 5675 3568 5733 usque

262 5758 478 5820 minum
511 5762 697 5821 Jesum
724 5781 833 5822 non
859 5776 1082 5838 possent
1102 5780 1450 5837 cognoscere.
1483 5764 1606 5822 Jam
1650 5772 1868 5822 sextum
1972 5765 2382 5838 perfectionem,
2409 5779 2531 5835 quae
2559 5762 2811 5833 superius
2832 5769 2919 5819 est
2951 5761 3252 5834 designata,
3294 5752 3567 5828 pervenit,

266 5855 531 5923 saeculum
557 5856 618 5917 ﬁt
645 5860 702 5916 in
731 5860 963 5919 adventu
993 5859 1211 5919 Domini
1256 5860 1433 5924 nostri
1468 5856 1601 5925 Jesu
1640 5857 1866 5927 Christi.
1964 5857 2121 5933 juxta
2170 5855 2319 5933 quod
2342 5857 2402 5925 in
2423 5854 2692 5931 Decaloso
2732 5854 2876 5929 legis
2915 5868 3029 5917 sua:
3228 5850 3353 5929 ipse,
3372 5843 3571 5906 condi-

1896 5952 1921 5981 Γ
