3974 6502
384 415 485 473 fil

1025 408 1087 465 B.
1128 406 1382 465 RABANI
1420 402 1641 463 ΜΑυηί
1676 399 1997 459 ARCHIEP.
2036 399 2348 459 MOGUNT.
2388 396 2677 459 OPERUM
2711 400 2892 459 PARS
2930 401 2972 460 l.

3567 396 3678 458 ιτς

385 535 474 585 tor
500 544 514 584 :
547 524 656 584 Sea:
681 522 820 581 enim
839 521 1019 578 diebus
1041 520 1161 593 fecit
1186 520 1330 576 Deus
1357 489 1541 576 caelum
1581 528 1631 574 et
1671 526 1886 584 terram,
1918 526 1965 572 et
1993 518 2047 581 Α
2072 532 2208 585 ram,
2255 526 2306 573 et
2339 532 2491 571 omne
2532 515 2815 588 virgultum
2853 516 2970 588 agri
2989 555 3005 584 ,
3038 521 3319 589 antequam
3344 513 3589 573 oriretur
3622 517 3677 572 in

386 636 555 686 mare,
583 626 633 673 et
663 616 839 672 omnia
867 631 985 687 qua:
1029 614 1087 670 in
1121 616 1198 669 eis
1237 623 1357 669 sunt
1398 611 1595 685 (Exod.
1646 611 1762 685 xx).
1818 610 1973 680 Quod
2073 622 2235 679 terra,
2262 627 2569 683 omnemque
2611 610 2824 666 herbam
2850 609 3077 682 regionis
3124 608 3437 682 priusquam
3479 609 3679 680 geni.

387 723 520 766 vero
543 708 788 779 sequitur
814 726 827 762 :

2073 712 2242 758 naret.
2267 701 2424 772 Quod
2450 703 2495 759 si
2518 703 2574 758 in
2608 701 2695 759 die
2724 716 2883 775 quem
2912 700 3045 759 dicit
3069 709 3286 773 tempus
3308 699 3678 772 intelligimus

459 799 531 855 1n
565 800 649 855 die
667 815 769 872 quo
799 797 920 870 fecit
940 795 1199 853 Dominus
1224 796 1366 853 Deus
1394 797 1580 855 caelum
1600 805 1649 853 et
1688 805 1901 866 terram,
1924 805 1974 853 et
2073 793 2207 851 illud
2233 794 2598 867 designatum,
2627 795 2844 866 quando
2870 803 2999 850 ante
3022 807 3242 851 omnem
3288 792 3463 865 hujus
3490 789 3679 847 seculi

388 908 541 948 omne
567 890 848 964 virgultum
868 892 1006 963 agri,
1031 901 1311 963 antequam
1340 891 1567 946 oriretur
1583 891 1641 947 in
1675 900 1837 958 terra,
1864 907 1975 946 om-

388 997 607 1052 nemque
630 981 844 1036 herbam
890 982 1137 1053 regionis,
1167 982 1475 1053 priusquam
1522 982 1859 1055 germinaret,
1880 997 1976 1039 ne-

388 1085 659 1141 quaquam
700 1080 1013 1129 memoratae
1035 1071 1131 1128 Dei
1167 1074 1449 1131 sententia:
1472 1074 1646 1130 videri
1677 1075 1837 1130 debet
1882 1074 1977 1131 ad-

358 1174 604 1220 ‘versum
630 1205 644 1233 ,
688 1166 781 1221 sed
817 1174 1001 1235 aperte
1042 1165 1306 1239 intelligi,
1351 1167 1477 1238 quia
1524 1168 1667 1224 diem
1713 1166 1817 1224 hoc
1858 1167 1977 1226 loco

389 1256 670 1329 Scriptura
696 1274 798 1330 pro
825 1261 972 1315 omni
998 1269 1243 1330 tempore
1266 1260 1358 1317 illo
1379 1261 1584 1332 posuit,
1614 1276 1720 1332 quo
1739 1261 1975 1332 primor-

389 1352 546 1408 dialis
568 1364 822 1409 creatura
853 1354 1086 1410 formata
1112 1362 1214 1410 est.
1240 1353 1426 1426 Neque
1464 1356 1607 1412 enim
1633 1355 1687 1410 in
1711 1372 1821 1411 uno
1845 1372 1979 1427 quo-

388 1444 521 1501 libet
551 1461 643 1501 sex
676 1447 885 1503 dierum
926 1446 1123 1502 coelum
1156 1447 1382 1515 factum,
1413 1448 1499 1502 vel
1539 1447 1808 1505 sideribus
1860 1449 1981 1504 illu-

389 1546 641 1606 stratum,
670 1547 726 1595 et
754 1548 903 1595 terra
931 1549 1014 1597 est
1037 1547 1289 1612 separata
1315 1541 1382 1596 ab
1410 1541 1564 1610 aquis
1591 1548 1754 1612 atque
1777 1540 1982 1597 arbori-

388 1628 512 1695 bus,
535 1638 591 1686 et
619 1629 805 1686 herbis
833 1632 1062 1699 consita,
1080 1631 1176 1688 sed
1200 1647 1352 1689 more
1378 1632 1481 1688 sibi
1515 1631 1674 1688 solito
1699 1631 1978 1703 Scriptura

390 1720 533 1777 diem
580 1738 678 1793 pro
716 1732 959 1796 tempore
1005 1727 1218 1796 posuit,
1272 1726 1544 1797 quomodo
1586 1734 1641 1783 et
1691 1726 1980 1798 Apostolus

388 1830 511 1872 cum
545 1818 659 1871 ait:
698 1816 836 1872 Ecce
867 1835 1004 1874 nunc
1048 1827 1249 1890 tempus
1279 1819 1595 1891 acceptabile
1619 1861 1634 1887 ,
1679 1837 1795 1875 ecce
1840 1837 1979 1875 nunc

2073 886 2217 944 diem
2246 887 2391 943 facta
2421 895 2549 945 sunt
2592 888 2775 943 omnia
2818 887 2999 955 simul,
3031 886 3206 944 facilis
3248 892 3404 959 patet
3450 899 3677 951 sensus,

2076 982 2218 1053 quod
2253 989 2309 1038 et
2336 981 2505 1038 herba
2532 981 2708 1039 omnis
2755 990 2813 1038 et
2850 982 3014 1039 arbor
3047 982 3104 1038 in
3151 980 3322 1053 ipsius
3352 988 3525 1037 terrae
3553 980 3682 1037 sub-

2077 1075 2276 1130 stantia
2302 1075 2376 1130 sit
2401 1074 2691 1131 causaliter
2716 1073 2883 1143 facta,
2912 1074 3227 1145 priusquam
3248 1072 3549 1130 visibiliter
3571 1072 3682 1128 ori—

2077 1175 2268 1223 rentur
2299 1174 2393 1223 aut
2419 1166 2787 1240 germinarent
2811 1182 2881 1222 ex
2914 1176 3075 1223 terra.
3101 1165 3198 1224 Sin
3228 1174 3414 1223 autem
3440 1163 3683 1237 appella-

2080 1258 2284 1315 tionem
2305 1258 2434 1327 diei,
2462 1267 2523 1314 ut
2542 1258 2962 1330 consequentius
2991 1259 3341 1323 arbitramur,
3371 1272 3481 1328 pro
3522 1255 3687 1328 signi-

2079 1350 2331 1408 ﬁcatione
2358 1352 2591 1424 positam
2615 1351 2963 1422 accipiamus
2996 1349 3258 1423 temporis
3286 1348 3458 1414 illius,
3491 1348 3551 1403 in
3579 1360 3686 1417 quo

2080 1443 2313 1500 mundus
2348 1444 2453 1500 iste
2476 1459 2574 1515 per
2603 1459 2699 1499 sex
2728 1444 2843 1499 dies
2868 1442 3045 1500 factus
3074 1451 3129 1499 et
3148 1452 3381 1500 ornatus
3403 1451 3495 1498 est
3514 1459 3529 1495 :
3551 1455 3682 1513 pos-

2082 1554 2269 1595 sumus
2299 1537 2600 1610 intelligere
2629 1537 2753 1607 quia
2790 1551 2934 1591 nunc
2983 1535 3223 1606 apertius
3255 1534 3547 1605 Scriptura
3590 1546 3687 1589 vo-

2082 1630 2244 1686 luerit
2281 1631 2555 1701 explicare
2596 1630 2866 1701 quomodo
2904 1644 3065 1699 supra
3112 1628 3345 1684 dixerit:
3388 1625 3536 1692 Quia
3567 1641 3689 1697 pro-

2082 1721 2201 1774 tulit
2237 1729 2376 1774 terra
2397 1719 2612 1774 herbam
2638 1719 2886 1773 virentem
2907 1727 2955 1774 et
2984 1718 3289 1787 a/ferentem
3325 1733 3509 1773 semen
3529 1717 3689 1787 justo

2082 1833 2243 1887 genus
2265 1831 2452 1880 suum,
2510 1812 2810 1885 lignumque
2839 1814 3038 1884 faciens
3072 1813 3303 1883 fructum
3324 1811 3493 1883 juxta
3522 1827 3687 1883 genus

387 1909 497 1964 dies
527 1908 715 1964 salutis
744 1908 798 1982 (Ι
833 1908 956 1964 Cor.
997 1910 1109 1982 v1);
1143 1926 1249 1966 non
1290 1928 1457 1966 unum
1480 1912 1788 1983 specialiter
1810 1912 1973 1977 diem,
2004 1896 2053 1955 B
2081 1923 2256 1962 suum.
2286 1905 2403 1961 Non
2435 1907 2580 1961 enim
2621 1905 2701 1962 sic
2739 1907 2793 1961 in
2821 1906 3120 1977 primordio
3151 1921 3338 1961 rerum
3368 1907 3490 1961 haec
3538 1914 3687 1960 terra

388 2001 485 2056 sed
517 2008 688 2055 totum
721 2000 991 2071 signiﬁcat
1033 2010 1247 2074 tempus
1292 2004 1430 2071 hoc,
1462 2021 1569 2075 quo
1616 2004 1672 2059 in
1724 2004 1981 2075 praesenti

385 2093 498 2148 vita
523 2108 622 2163 pro
649 2101 851 2148 aeterna
899 2095 1073 2151 salute
1104 2096 1433 2152 laboramus.
1467 2097 1535 2152 Et
1577 2098 1841 2168 propheta
1874 2111 1981 2151 non

389 2185 456 2241 de
483 2199 591 2241 uno
632 2185 939 2255 specialiter
983 2188 1092 2255 die,
1120 2188 1214 2244 sed
1246 2189 1311 2244 de
1359 2189 1595 2259 plurimo
1626 2197 1870 2258 tempore
1897 2189 1984 2244 di-

388 2276 527 2333 vina:
562 2279 749 2349 gratias
789 2279 921 2336 dicit
949 2298 962 2334 :
994 2279 1063 2335 In
1097 2281 1193 2337 illa
1247 2281 1332 2337 die
1379 2282 1594 2337 audient
1634 2284 1787 2338 surdi
1829 2287 1983 2344 verba

387 2367 509 2427 .irri
556 2368 692 2443 (Isa.
738 2370 915 2444 nix).
973 2370 1239 2428 Caeterum
1292 2372 1508 2431 dillicile
1565 2373 1843 2432 intellectu
1901 2386 1986 2435 est

389 2462 659 2530 quomodo
688 2462 742 2517 in
767 2478 877 2518 uno
905 2464 995 2519 die
1039 2463 1231 2520 fecerit
1258 2464 1520 2522 Dominus
1546 2466 1744 2524 ccelum
1791 2476 1848 2525 et
1876 2477 1987 2526 ter-

389 2564 609 2620 ram,et
649 2569 813 2611 omne
841 2556 1133 2629 virgultum
1188 2559 1336 2631 agri,
1382 2575 1711 2633 omnemque
1755 2565 1985 2622 herbam

390 2649 653 2721 regionis,
691 2650 796 2706 nisi
825 2649 967 2707 forte
992 2651 1291 2708 dixerimus
1317 2655 1461 2724 quod
1485 2654 1539 2710 in
1562 2656 1790 2712 materia
1822 2658 1985 2715 infor-

330 2740 337 2745 ’
390 2745 465 2799 mi
489 2746 667 2801 omnis
691 2747 897 2816 pariter
926 2755 1176 2804 creatura
1205 2749 1277 2804 sit
1304 2747 1466 2815 facta,
1513 2747 1669 2820 juxta
1711 2752 1815 2808 hoc
1842 2752 1987 2823 quod

390 2837 654 2907 scriptum
680 2844 765 2893 est
793 2855 806 2891 :
840 2835 981 2902 Quia
1005 2838 1124 2893 vivit
1166 2839 1223 2893 in
1269 2840 1544 2907 a’ternhm,
1576 2842 1768 2898 creavit
1807 2845 1986 2899 omnia

388 2928 548 2983 simul
570 2928 761 3001 (Eccli.
791 2930 969 3003 xvm).
1001 2927 1204 3005 (Greg.)
1228 2931 1432 2989 Rerum
1458 2935 1658 3006 quippe
1678 2936 1984 2993 substantia

390 3021 550 3075 simul
572 3030 757 3077 creata
782 3030 887 3089 est,
914 3023 1010 3078 sed
1040 3024 1201 3081 simul
1227 3041 1325 3095 per
1353 3028 1563 3098 species
1606 3027 1835 3085 formata
1876 3047 1986 3088 non

389 3119 502 3177 est;
535 3112 753 3182 etquod
784 3112 945 3168 simul
970 3114 1179 3170 exstitit
1199 3130 1299 3186 per
1333 3118 1696 3175 substantiam
1719 3121 1983 3190 materiae,

389 3219 498 3259 non
528 3203 687 3258 simul
712 3205 961 3275 apparuit
987 3220 1087 3276 per
1132 3207 1368 3277 speciem
1412 3206 1619 3265 formte.
1670 3210 1805 3267 Cum
1840 3213 1984 3268 enim

389 3294 549 3350 simul
589 3262 799 3352 factum
842 3262 1041 3353 coelum
1089 3262 1403 3371 terramque
1446 3299 1797 3371 describitur,
1826 3304 1986 3360 simul
2013 3262 2059 3326 Ο

390 3388 692 3458 spiritualia
722 3396 886 3459 atque
911 3389 1240 3460 corporalia,
1263 3391 1425 3447 simul
1448 3393 1709 3464 quidquid
1739 3394 1806 3450 de
1849 3395 1989 3453 etelo

389 3481 586 3547 oritur,
614 3479 775 3536 simul
820 3479 1024 3536 factum
1069 3482 1331 3552 quidquid
1360 3483 1428 3539 de
1454 3491 1602 3540 terra
1627 3486 1879 3556 producit
1906 3488 1991 3544 in-

390 3573 623 3629 dicatur.
647 3572 786 3630 Hinc
812 3573 869 3629 in
895 3575 1265 3646 superioribus
1299 3592 1517 3650 quoque
1559 3582 1823 3652 scriptum
1861 3591 1984 3639 est:

391 3662 598 3719 Creavit
626 3664 766 3720 Deus
792 3666 1052 3722 hominem
1078 3667 1148 3723 ad
1169 3670 1452 3741 imaginem
1474 3669 1648 3737 sua'm,
1687 3675 1755 3727 ad
1799 3674 1990 3747 imagi-

390 3774 506 3813 nem
537 3757 633 3813 Dei
660 3760 851 3814 creavit
879 3758 1050 3828 illum,
1085 3761 1380 3817 masculum
1415 3772 1467 3817 et
1512 3763 1763 3834 feminam
1793 3768 1988 3823 creavit

388 3866 495 3905 eos.
556 3848 796 3907 Necdum
843 3850 990 3907 enim
1042 3851 1154 3907 Eva
1204 3852 1349 3909 facta
1389 3854 1734 3923 describitur,
1767 3864 1823 3913 et
1873 3855 1989 3927 jam

388 3942 553 4001 homo
578 3942 854 3999 masculus
879 3950 934 3998 et
964 3943 1167 4000 femina
1219 3946 1556 4016 perhibetur.
1610 3946 1718 4015 Sed
1753 3949 1880 4021 quia
1918 3964 1988 4007 ex

387 4032 520 4091 Adae
548 4033 718 4090 latere
738 4044 859 4091 erat
899 4036 1087 4106 procul
1122 4036 1287 4094 dubio
1313 4037 1511 4095 femina
1548 4054 1892 4111 processura,
1931 4041 1989 4097 in

389 4120 484 4177 illo
532 4121 647 4193 jam
672 4131 1019 4195 computatur
1054 4140 1152 4197 per
1182 4127 1567 4195 substantiam,
1597 4144 1629 4184 a
1655 4145 1763 4201 quo
1806 4130 1988 4188 fuerat

388 4211 738 4284 producenda
782 4228 883 4285 per
936 4213 1187 4271 formam.
1224 4215 1589 4275 Considerare
1641 4228 1823 4278 tamen
1869 4222 1988 4280 haec

390 4311 449 4358 et
468 4304 524 4358 in
559 4304 800 4362 minimis
832 4320 1139 4377 possumus,
1165 4317 1227 4365 ut
1253 4324 1319 4366 ex
1355 4311 1597 4368 minimis
1625 4312 1831 4385 majora
1852 4329 1988 4385 pen-

392 4410 597 4452 scmus.
636 4395 814 4453 Herba
865 4414 1101 4471 namque
1127 4413 1249 4457 cum
1280 4410 1517 4469 creatur,
1546 4406 1775 4462 necdum
1801 4406 1858 4461 in
1892 4406 1987 4462 illa

392 4487 621 4553 fructus,
649 4490 879 4546 necdum
919 4492 1001 4547 sui
1041 4508 1226 4550 semen
1267 4496 1588 4553 ostenditur.
1615 4497 1761 4554 Inest
1782 4513 1913 4555 vero
1935 4499 1987 4555 ei

391 4579 557 4635 etiam
592 4595 716 4637 cum
766 4597 873 4637 non
908 4593 1134 4656 apparet
1181 4585 1391 4643 fructus
1429 4596 1484 4643 et
1524 4604 1731 4657 semen,
1762 4590 1887 4667 quia
1914 4590 1989 4646 si-

390 4673 503 4729 mul
530 4672 787 4730 nimirum
823 4682 949 4731 sunt
1007 4677 1060 4732 in
1104 4677 1304 4734 radicis
1357 4681 1680 4749 substantia,
1708 4697 1828 4752 quae
1876 4699 1985 4739 non

391 4764 552 4819 simul
581 4767 849 4836 prodeunt
884 4782 983 4837 per
1015 4770 1275 4839 temporis
1300 4756 1656 4826 incrementa.
1706 4771 1811 4828 Sed
1842 4773 1985 4830 hanc

390 4855 582 4926 utique
604 4856 936 4912 creationem
964 4860 1228 4925 materiae,
1255 4868 1382 4916 ante
1407 4876 1623 4918 omnem
1657 4863 1801 4919 diem
1824 4865 1985 4938 hujus

390 4946 573 5003 saeculi
603 4946 753 5013 fecit,
779 4962 905 5003 cum
934 4947 988 5002 in
1028 4949 1297 5021 principio
1334 4951 1532 5008 coelum
1557 4954 1764 5010 creavit
1789 4964 1844 5011 et
1879 4965 1985 5012 ter-

392 5054 533 5106 ram,
563 5040 782 5111 quando
809 5047 865 5096 et
899 5041 944 5097 si
977 5051 1121 5097 terra
1155 5051 1274 5098 erat
1301 5044 1480 5102 inanis
1514 5054 1571 5102 et
1603 5062 1798 5114 vacua,
1824 5054 1881 5102 et
1901 5056 1999 5104 te-‘

392 5133 576 5187 nebrae
608 5144 773 5203 super
808 5133 1085 5205 abyssum,
1115 5133 1171 5189 in
1200 5134 1331 5206 ipsis
1355 5144 1535 5193 tamen
1560 5144 1721 5193 terra:
1745 5145 1801 5192 et
1821 5138 1983 5209 abys-

393 5222 463 5288 si,
501 5223 557 5278 id
586 5231 692 5291 est,
725 5239 989 5296 aquarum
1039 5234 1256 5294 natura,
1282 5229 1438 5300 quasi
1480 5244 1580 5301 per
1624 5210 1985 5287 substantiam

393 5314 730 5382 seminalem,
763 5317 924 5372 simul
955 5320 1171 5376 condita
1203 5319 1466 5388 latebant,
1499 5336 1620 5393 qua:
1642 5321 1985 5392 postmodum

392 5420 461 5462 cx
477 5403 638 5473 hujus
649 5420 815 5477 opere
835 5411 1098 5468 creatoris
1117 5427 1225 5469 non
1252 5410 1414 5468 simul
1435 5419 1592 5468 erant
1613 5413 1981 5482 producenda.

390 5496 627 5569 Ideoque
655 5498 703 5554 si
729 5498 836 5557 hoc
880 5502 1132 5571 dicimus,
1156 5506 1227 5560 ad
1265 5503 1517 5560 eumdem
1549 5504 1844 5561 revolvitur
1866 5522 1986 5564 me-

391 5595 607 5643 morata
635 5591 886 5661 quaestio,
920 5602 982 5651 ut
1017 5593 1431 5666 appellationem
1459 5595 1566 5652 diei
1591 5612 1691 5668 pro
1714 5598 1988 5671 signiﬁca-

391 5675 545 5733 tione
580 5683 840 5753 temporis
863 5685 1095 5755 positam
1117 5684 1513 5757 intelligamus,
1551 5687 1697 5744 illius
1736 5691 1989 5748 videlicet

394 5787 501 5842 quo
532 5774 648 5831 haec
677 5775 821 5834 Deus
849 5779 902 5833 in
933 5777 1199 5850 principio
1241 5778 1401 5835 simul
1433 5790 1628 5839 cuncta
1658 5784 1885 5840 creavit.
1917 5783 1984 5840 In

395 5867 501 5936 die,
527 5870 720 5943 inquit,
750 5889 854 5944 quo
876 5871 1069 5928 creavit
1099 5870 1353 5931 Dominus
1373 5872 1519 5934 Deus
1557 5876 1741 5935 emtum
1792 5888 1839 5934 et
1880 5888 1983 5935 ter-

2010 4630 2067 4691 D

2082 2000 2355 2071 produxit,
2386 1999 2657 2070 quomodo
2701 2015 2847 2055 nunc
2876 1999 2922 2054 si
2952 2000 3197 2071 irrigatio
3227 1998 3470 2055 adfuerit
3521 2012 3689 2068 aqua-

2085 2109 2229 2159 rum,
2256 2092 2574 2162 disponente
2604 2092 2738 2159 Deo,
2772 2100 2917 2147 terra
2942 2090 3086 2148 uitro
3110 2090 3433 2156 fructiﬁcat,
3461 2090 3562 2146 sed
3583 2090 3690 2143 mi-

2085 2186 2343 2242 rabiliore
2368 2201 2593 2256 prorsus
2614 2199 2778 2257 Opere
2802 2185 3100 2242 conditoris
3124 2194 3254 2241 tunc
3276 2193 3577 2256 antequam
3596 2183 3695 2239 ali-

2085 2276 2178 2350 qui
2221 2275 2430 2333 fructus
2460 2292 2528 2333 ex
2567 2285 2713 2334 terra
2742 2277 3039 2334 crescendo
3066 2277 3343 2333 orirentur
3369 2286 3468 2332 aut
3493 2276 3695 2348 germi-

2085 2380 2303 2437 narent,
2334 2378 2559 2441 repente
2586 2372 2762 2444 campi
2795 2386 2987 2428 omnes
3009 2382 3067 2428 et
3111 2371 3278 2429 colles
3320 2379 3484 2426 erant
3513 2370 3699 2427 herbis

2087 2470 2143 2519 et
2174 2463 2461 2520 arboribus
2489 2462 2768 2535 cooperti,
2810 2464 3140 2521 habentibus
3176 2478 3480 2536 congruam
3508 2462 3697 2519 altitu-

2088 2556 2269 2613 dinem
2298 2564 2522 2614 staturaa
2544 2600 2559 2624 ,
2610 2556 2953 2615 dili'usionem
2987 2574 3269 2616 ramorum
3293 2599 3311 2627 ,
3360 2559 3697 2630 opacitatem

2087 2647 2364 2715 foliorum,
2397 2650 2611 2721 copiam
2638 2648 2944 2718 fructuum,
2982 2650 3240 2721 quoniam
3279 2664 3392 2705 non
3430 2649 3699 2721 paulatim

2088 2757 2157 2799 ex
2182 2752 2327 2799 terra
2355 2744 2580 2800 oriendo
2611 2742 2698 2799 vel
2737 2740 3112 2816 germinando.
3136 2753 3192 2798 et
3233 2757 3464 2799 accessu
3518 2743 3701 2798 incre-

2087 2844 2397 2894 mentorum
2432 2836 2794 2910 proilciendo,
2826 2836 2921 2892 sed
2947 2835 3163 2892 subdito
3186 2850 3255 2890 ex
3289 2830 3699 2890 illa'existendo

2090 2938 2436 3002 acceperunt.
2481 2929 2616 2985 Nam
2648 2937 2704 2986 et
2746 2930 2891 2986 hunc
2920 2929 3093 3001 magis
3144 2942 3365 2984 sensum
3405 2928 3700 2999 subiuncta

2090 3038 2305 3095 quoque
2326 3023 2580 3079 videntur
2602 3023 2770 3080 verba
2796 3021 3009 3093 iuvare,
3039 3022 3236 3094 quibus
3268 3023 3474 3078 dicitur
3497 3040 3512 3076 :

2165 3113 2291 3171 Non
2323 3115 2462 3171 enim
2504 3114 2714 3187 pluerat
2755 3113 3017 3171 Dominus
3048 3113 3192 3169 Deus
3209 3130 3371 3184 super
3398 3122 3626 3181 terram,
3651 3122 3701 3168 et

2091 3210 2247 3264 homo
2276 3226 2381 3264 non
2405 3217 2517 3264 erat
2543 3209 2635 3281 qui
2662 3218 2968 3279 operaretur
2991 3216 3225 3273 terram;
3254 3206 3346 3262 sed
3368 3206 3492 3278 fons
3519 3223 3702 3262 ascen-

2090 3299 2243 3354 debat
2277 3316 2305 3355 e
2333 3307 2473 3354 terra
2498 3340 2514 3366 ,
2564 3298 2794 3369 irrigans
2833 3297 3131 3352 universam
3161 3296 3502 3369 superﬁciem
3522 3307 3698 3355 terre.

2080 3389 2223 3458 Quis
2248 3388 2392 3445 enim
2422 3405 2529 3444 non
2552 3388 2754 3455 videat,
2778 3388 2921 3459 quod
2952 3389 3068 3444 haec
3087 3387 3196 3444 dici
3216 3404 3323 3444 non
3346 3398 3611 3460 poterant
3636 3390 3702 3446 de

2088 3481 2266 3551 prima
2294 3481 2570 3536 creatione
2600 3489 2792 3547 terrae,
2836 3481 3053 3550 quando
3080 3488 3201 3536 erat
3227 3480 3410 3537 adhuc
3440 3482 3623 3537 inanis
3648 3490 3701 3538 et

2089 3587 2261 3629 vacua
2283 3613 2301 3641 ,
2346 3579 2402 3628 et
2430 3573 2670 3629 tenebras
2724 3587 2887 3643 super
2917 3571 3117 3629 faciem
3168 3571 3393 3645 abyssi?
3441 3572 3699 3646 Nunquid

2089 3678 2227 3735 opus
2253 3673 2374 3720 erat
2399 3663 2468 3721 de
2493 3665 2673 3738 pluvia
2704 3682 2814 3722 non
2843 3667 3207 3724 descendente
3247 3666 3305 3723 in
3330 3674 3541 3724 terram
3573 3684 3701 3724 nar-

2089 3757 2222 3823 rari,
2252 3772 2318 3813 eo
2346 3764 2589 3830 tempore
2633 3774 2741 3831 quo
2787 3775 2891 3816 nec
2933 3759 3051 3833 ipsa
3086 3760 3262 3818 adhuc
3300 3761 3554 3832 accipere
3583 3762 3701 3833 pln-

2088 3853 2254 3922 viam,
2269 3861 2447 3912 etnec
2474 3869 2570 3912 aer
2589 3856 2720 3913 dare
2747 3863 2983 3929 poterat,
3007 3871 3075 3914 eo
3102 3857 3248 3929 quod
3270 3855 3392 3913 loca
3413 3857 3698 3928 utriusque

2089 3946 2267 4004 adhuc
2296 3961 2451 4019 aqua:
2475 3956 2672 4005 cuncta
2701 3949 3021 4020 implerent;
3073 3951 3172 4007 sed
3212 3965 3315 4007 nec
3349 3949 3477 4007 fons
3505 3966 3698 4007 ascen-

2090 4038 2219 4095 dere
2258 4039 2327 4095 de
2363 4046 2509 4094 terra
2555 4040 2623 4096 ad
2669 4040 3003 4113 irrigandam
3049 4056 3173 4098 eam
3227 4041 3408 4112 potuit
3457 4042 3696 4114 quandiu

2090 4137 2207 4186 tota
2239 4130 2525 4203 tegebatur
2557 4130 2772 4203 abysso.
2804 4130 2960 4189 Unde
3007 4131 3089 4205 (ni
3132 4131 3316 4206 fallor)
3340 4139 3516 4190 restat
3543 4133 3699 4190 intel-

2087 4221 2182 4295 ligi
2209 4223 2353 4294 quod
2383 4223 2603 4280 nomine
2642 4222 2751 4281 diei
2783 4238 2945 4296 supra
2973 4238 3097 4281 cum
3128 4224 3365 4282 dicitur:
3395 4224 3465 4280 In
3491 4225 3697 4298 dieque

2090 4317 2284 4373 creavit
2305 4316 2566 4374 Dominus
2593 4318 2736 4374 Deus
2778 4318 2964 4374 coelum
3012 4327 3061 4374 et
3091 4328 3323 4387 terram,
3359 4328 3580 4392 tempus
3629 4321 3699 4376 sit

2090 4406 2400 4463 intimatum
2430 4407 2564 4465 illud
2600 4424 2696 4465 sex
2735 4408 2945 4467 dierum
2971 4400 3273 4482 primorum
3291 4452 3307 4478 ,
3349 4409 3409 4466 in
3438 4424 3551 4480 quo
3577 4410 3696 4466 uni-

2087 4516 2249 4558 versa
2277 4502 2466 4558 mundi
2496 4511 2583 4559 est
2628 4509 2879 4559 creatura
2919 4501 3174 4559 formata.
3205 4502 3310 4559 Ubi
3340 4511 3495 4560 recte
3549 4519 3697 4560 com-

2089 4601 2431 4650 memoratur
2472 4592 2615 4665 quod
2652 4609 2759 4651 non
2806 4593 3037 4666 ptuisset
3079 4593 3224 4651 Deus
3256 4608 3424 4666 super
3453 4604 3693 4663 terram,

2090 4697 2148 4745 et
2174 4688 2338 4745 homo
2363 4703 2474 4745 non
2514 4697 2659 4745 esset
2688 4688 2783 4760 qui
2812 4695 3131 4758 operaretur
3156 4697 3381 4757 terram,
3407 4698 3470 4745 ut
3498 4689 3696 4745 intelli-

2092 4797 2283 4854 gamus
2311 4789 2573 4852 quantum
2595 4781 2773 4853 prima
2802 4788 2965 4837 terra:
2992 4781 3316 4853 germinatio
3355 4796 3388 4836 a
3433 4783 3691 4838 moderna

2091 4872 2339 4928 distaret.
2363 4870 2501 4926 Nam
2531 4872 2693 4929 modo
2715 4879 2772 4927 et
2800 4872 3118 4943 irrigatione
3144 4872 3455 4944 pluviarum
3478 4915 3495 4940 ,
3547 4884 3691 4929 terra

2089 4970 2282 5034 sponte
2327 4963 2637 5034 germinat,
2676 4971 2732 5019 et
2777 4963 3045 5019 industria
3092 4963 3351 5035 cultuque
3406 4964 3690 5022 hominum

2090 5054 2260 5111 multa
2289 5055 2344 5110 in
2370 5055 2545 5111 hortis
2578 5063 2698 5112 sata
2721 5070 2787 5112 ac
2826 5055 3141 5113 nemoribus
3168 5065 3551 5129 procreantur.
3583 5056 3690 5114 Sed

2088 5144 2248 5217 longe
2286 5143 2445 5201 aliter
2472 5146 2649 5217 prima
2686 5145 2981 5201 herbarum
3031 5153 3088 5201 et
3141 5149 3398 5204 arborum
3444 5156 3531 5205 est
3573 5163 3690 5219 per-

2088 5233 2230 5292 fecta
2259 5237 2485 5305 creatio,
2517 5237 2571 5292 in
2617 5253 2723 5309 qua
2772 5253 2914 5294 novo
2944 5239 3142 5295 summi
3170 5239 3381 5311 opificis
3436 5240 3685 5312 imperio,

2088 5336 2238 5384 terra
2270 5344 2377 5400 qua
2408 5329 2559 5385 arida
2587 5330 2902 5401 apparebat,
2945 5330 3149 5403 absque
3175 5331 3357 5404 pluvia
3395 5341 3453 5389 et
3483 5334 3687 5405 absque

2090 5434 2254 5491 opere
2284 5420 2524 5476 humano
2550 5426 2775 5490 repente
2802 5427 2889 5476 est
2923 5419 3082 5494 longe
3130 5421 3348 5495 lateque
3374 5421 3684 5480 multifariis

2092 5512 2367 5568 fructuum
2394 5512 2607 5585 expleta
2636 5512 2948 5584 generibus.
2977 5511 3082 5570 Sed
3113 5514 3253 5587 fons,
3278 5515 3473 5586 inquit,
3498 5532 3684 5571 ascen-

2091 5605 2246 5659 debat
2263 5614 2469 5672 eterra,
2493 5605 2724 5676 irrigans
2737 5606 3035 5661 universam
3057 5606 3383 5677 superﬁciem
3404 5617 3583 5663 teme.
3606 5606 3683 5665 De

2090 5696 2196 5752 hoc
2223 5695 2371 5752 fonte
2397 5704 2453 5752 et
2479 5710 2706 5753 ascensu
2752 5696 2868 5768 ejus
2895 5712 2927 5753 e
2964 5707 3109 5754 terra
3146 5697 3363 5767 dicturi,
3399 5699 3581 5770 primo
3603 5697 3683 5758 vi-

2091 5787 2313 5842 deamus
2359 5787 2485 5857 quia
2541 5788 2716 5858 prima
2768 5786 2859 5842 illa
2909 5787 3229 5858 germinatio
3282 5797 3477 5857 terrae,
3528 5788 3681 5860 cujus

2090 5879 2369 5951 prmmissa
2425 5880 2693 5936 sententia
2735 5878 3004 5947 meminit,
3044 5879 3161 5935 sine
3206 5878 3312 5937 ulla
3362 5878 3677 5954 irrigatioue
