3974 6476
262 427 367 489 473

1271 416 1618 478 conuasr.
1661 413 1729 473 IN
1766 409 2084 473 cauasm.
2121 401 2194 454 ’.ζ
2228 405 2360 466 LIB.
2397 409 2438 465 1.
2491 377 2497 386 ’

3408 408 3512 472 474

261 555 527 616 aquarum
565 538 675 595 Deo
698 535 919 607 jubente
954 533 1094 591 facta
1138 542 1238 590 est.
1271 534 1440 605 Hujus
1468 544 1647 590 autem
1677 533 1839 590 fontis
1865 531 1916 593 A
1941 544 2249 601 parvorum,
2271 543 2410 583 unus
2447 527 2568 583 fons
2601 525 2774 584 dictus
2800 533 2918 596 est,
2947 540 3048 601 per
3091 542 3280 587 omnes
3306 531 3512 604 disper-

262 634 651 706 qualiscunque
678 635 792 684 erat
821 627 1063 697 irrigatio
1095 634 1216 698 post
1247 627 1496 682 vestitam
1541 627 1723 682 herbis
1767 640 1830 681 ac

260 727 422 799 lignis
461 733 663 780 terram
710 719 1039 791 supervenit.
1089 717 1242 786 Quod
1289 718 1420 788 ipsis
1469 717 1632 772 etiam
1682 715 1831 771 Scri-

257 825 433 892 ptura:
460 814 675 887 syllabis
698 811 956 884 probatur
981 851 996 877 ,
1046 825 1164 880 quae
1200 818 1481 880 postquam
1509 809 1674 866 verbo
1694 822 1834 880 pra:-

262 909 410 964 teriti
456 905 713 976 temporis
746 903 969 976 perfecti
1015 902 1146 958 dicit
1182 903 1308 974 quia
1338 904 1526 958 creavit
1575 903 1832 959 Dominus

257 999 402 1054 Deus
428 999 610 1053 caelum
639 1005 685 1052 et
712 1005 902 1052 terram
928 1037 943 1062 ,
987 1003 1035 1050 et
1073 1012 1222 1050 omne
1250 996 1528 1067 virgultum
1581 997 1694 1068 agri
1723 1012 1832 1052 ont-

259 1108 476 1163 nemque
501 1089 711 1144 herbam
755 1087 998 1159 regionis,
1029 1086 1303 1155 subjunxit
1332 1102 1455 1142 mox
1494 1088 1659 1144 verbo
1694 1095 1834 1143 tem-

256 1185 408 1254 poris
458 1181 716 1253 praeteriti
750 1180 1031 1251 plusquam
1064 1181 1284 1252 perfecti
1311 1199 1322 1234 :
1355 1179 1478 1234 Non
1509 1182 1645 1236 enim
1687 1181 1833 1252 plue-

257 1287 338 1329 rat
372 1275 628 1329 Dominus
655 1271 797 1326 Deus
843 1289 999 1343 super
1046 1280 1273 1338 terram,
1303 1281 1352 1326 et
1395 1273 1549 1327 homo
1588 1289 1691 1328 non
1718 1281 1832 1327 erat

255 1367 345 1438 qui
374 1373 678 1437 operaretur
714 1373 926 1418 terram.
959 1362 1258 1418 Ostendens
1292 1365 1432 1433 quod
1458 1375 1580 1418 ante
1601 1363 1832 1419 creatio-

253 1474 380 1513 nem
399 1458 748 1528 virgultorum
769 1461 823 1511 et
850 1454 1153 1522 herbarum,
1176 1455 1411 1525 pluviam
1439 1454 1581 1511 Deus
1599 1470 1705 1510 non
1732 1456 1832 1510 mi-

253 1558 418 1604 serat.
443 1547 582 1615 Quid
609 1562 738 1602 vero
766 1554 950 1616 postea
981 1546 1180 1601 factum
1206 1545 1278 1601 sit
1297 1545 1476 1601 statim
1499 1547 1664 1602 verbo
1686 1561 1827 1617 prae-

251 1641 397 1697 teriti
429 1639 685 1710 temporis
729 1637 1027 1708 imperfecti
1074 1637 1390 1702 subnexuit,
1417 1637 1601 1692 dicens
1645 1651 1659 1690 :
1693 1636 1830 1702 Quia

251 1733 371 1802 fons
396 1731 705 1787 ascendebat
724 1746 751 1784 e
777 1739 915 1784 terra
933 1731 1160 1801 irrigans
1187 1730 1477 1785 universam
1505 1729 1828 1799 superﬁciem

250 1831 437 1887 terrae;
478 1822 530 1876 in
572 1821 686 1891 ipsa
733 1820 1088 1876 declinatione
1134 1821 1282 1876 verbi
1321 1821 1630 1893 significans
1660 1861 1674 1886 ,
1721 1835 1826 1875 non

1935 623 2113 678 siones
2150 635 2279 677 suas
2309 619 2602 676 ascendens
2627 619 2694 673 de
2741 626 2906 686 terra,
2934 627 2989 674 et
3034 619 3267 693 irrigans
3293 636 3509 678 omnem

1933 713 2126 770 faciem
2154 720 2336 778 terrae,
2367 712 2480 768 sive
2507 711 2669 767 etiam
2697 712 2862 783 (quod
2899 719 2981 768 est
3023 713 3354 787 credibilius)
3383 714 3510 785 quia

1932 821 2040 864 non
2065 807 2178 863 ait:
2211 805 2360 861 Unus
2410 804 2528 859 fons
2569 805 2894 860 ascendebat
2921 805 2987 860 de
3023 813 3168 860 terra
3194 847 3208 871 ,
3249 806 3342 862 sed
3392 807 3508 862 ait:

1932 897 2079 953 Fons
2108 907 2281 952 autem
2309 895 2635 961 ascendebat,
2686 911 2784 965 pro
2831 909 3058 951 numero
3087 895 3284 966 plurali
3322 897 3507 967 posuit

1932 988 2277 1060 singularem,
2312 996 2374 1040 ut
2421 987 2499 1042 sic
2534 985 2899 1057 intelligamus
2950 985 3127 1044 fontes
3171 987 3368 1044 multos
3411 1002 3512 1058 per

1931 1080 2239 1135 universam
2271 1087 2472 1134 terram
2521 1077 2641 1133 loca
2669 1077 2756 1133 vel
2805 1078 3054 1150 regiones
3097 1079 3344 1149 proprias
3393 1078 3513 1134 irri-

1931 1178 2138 1240 gantes,
2164 1169 2303 1225 sicut
2333 1169 2533 1224 dicitur
2565 1167 2722 1224 miles
2745 1209 2761 1235 ,
2814 1176 2871 1222 et
2900 1169 3054 1224 multi
3098 1168 3508 1241 intelliguntur;

1931 1264 2072 1320 sicut
2110 1264 2254 1319 dicta
2299 1270 2382 1318 est
2421 1262 2630 1317 locusta
2675 1268 2731 1316 et
2769 1275 2899 1315 rana
2949 1262 3003 1316 in
3058 1260 3267 1332 plagis"
3314 1261 3510 1331 quibus

1931 1354 2176 1427 Egyptti
2214 1353 2455 1426 percussi
2500 1360 2644 1419 sunt,
2671 1365 2790 1406 cum
2821 1359 2966 1407 esset
3001 1352 3409 1408 innumerabilis
3433 1353 3514 1408 lo-

1931 1455 2203 1504 custarum
2253 1459 2507 1500 numerus
2543 1451 2598 1498 et
2631 1458 2924 1508 ranarum,
2974 1442 3086 1512 jam
3149 1443 3350 1498 diutius
3398 1459 3506 1500 non

1931 1537 2254 1593 laboremus.
2313 1534 2448 1591 Cum
2481 1549 2608 1605 ergo
2649 1534 2851 1590 dictum
2883 1542 3029 1589 esset
3075 1548 3293 1590 creasse
3339 1534 3508 1590 Deum

1930 1631 2125 1687 herbas
2150 1634 2203 1686 et
2234 1628 2484 1700 virgulta,
2522 1627 2751 1682 necdum
2792 1626 2972 1696 pluvia
3002 1627 3384 1692 descendente,
3409 1640 3507 1682 ne-

1930 1743 2035 1799 que
2063 1727 2282 1782 homine
2321 1725 2586 1780 existente
2621 1719 2707 1792 qui
2748 1729 3003 1791 operatur
3048 1728 3283 1787 terram,
3313 1734 3509 1777 conse—

1931 1824 2160 1887 quenter
2183 1815 2416 1871 hominis
2439 1811 3018 1878 creatioysubinfertur,
3045 1825 3108 1866 ac
3129 1811 3326 1866 dicitur
3349 1830 3363 1866 :

249 1912 357 1968 hoc
386 1910 574 1977 semel,
595 1911 689 1967 sed
733 1911 926 1981 saepius
951 1925 1071 1966 esse
1123 1921 1351 1983 gestum,
1399 1911 1525 1966 dum
1561 1927 1668 1966 non
1715 1911 1822 1977 ait,
1853 1896 1901 1956 Β
1999 1907 2272 1963 Formavit
2313 1907 2476 1978 igitur
2520 1903 2775 1958 Dominus
2815 1902 2958 1957 Deus
2993 1901 3254 1956 hominem
3282 1901 3346 1955 de
3385 1900 3511 1958 limo

249 2005 517 2069 ascendit,
547 2004 641 2059 sed
679 2003 983 2059 ascendebat
1009 2021 1022 2057 :
1057 2005 1182 2060 dum
1205 2020 1332 2076 ergo
1361 2003 1666 2060 ascendisse
1687 2003 1825 2058 dici-

249 2105 344 2151 tur
373 2096 494 2152 fons
523 2111 555 2151 e
583 2103 747 2164 terra,
777 2097 869 2166 qui
896 2097 1201 2152 universam
1241 2096 1357 2165 ejus
1386 2097 1720 2168 superficiem
1747 2096 1825 2151 ri-

247 2198 425 2260 garet,
465 2188 655 2244 merito
699 2203 806 2259 quo
834 2188 1022 2244 ordine
1073 2190 1378 2245 ascenderit
1411 2189 1691 2260 quaeritur.
1725 2187 1828 2244 Ne-

218 2297 356 2366 -que
379 2281 578 2352 aliquid
607 2282 782 2338 obstat
827 2281 974 2337 credi
1004 2283 1147 2352 quod
1175 2283 1249 2337 ita
1293 2297 1392 2354 per
1417 2283 1563 2338 vices
1597 2284 1663 2337 ad
1711 2282 1830 2336 irri-

247 2372 480 2444 gandam
512 2387 629 2427 eam
657 2373 960 2428 ascenderit
995 2388 1058 2428 ac
1095 2372 1336 2439 redierit,
1361 2372 1630 2443 quomodo
1657 2386 1829 2442 usque

245 2462 410 2518 hodie
441 2463 580 2518 solet
604 2461 754 2518 Nilus
792 2464 860 2518 ad
890 2463 1165 2537 irriganda
1202 2461 1420 2535 Egypti
1440 2462 1600 2534 plana
1626 2477 1830 2517 annua-

248 2554 347 2608 tim
379 2553 691 2621 ascendere,
714 2555 982 2624 quomodo
1001 2555 1259 2625 irrigabat
1277 2553 1562 2624 aliquando
1579 2551 1829 2609 Iordanis

246 2657 453 2704 terram
476 2647 836 2718 Pentapolim,
865 2647 932 2704 de
959 2662 1064 2718 qua
1095 2645 1376 2718 Scriptura
1407 2647 1520 2701 ait:
1551 2645 1677 2715 quia
1710 2644 1830 2698 uni-

243 2756 396 2794 uersa
430 2739 752 2809 irrigabatur
778 2738 912 2792 sicut
937 2736 1216 2808 paradisus
1245 2736 1456 2790 Domini
1489 2734 1641 2808 (Gen.
1669 2733 1826 2807 xm);

243 2842 294 2886 et
333 2832 468 2886 sicut
500 2831 782 2902 Egyptus,
809 2840 1086 2902 antequam
1129 2831 1440 2886 subverteret
1479 2829 1621 2886 Deus
1665 2829 1833 2886 Sodo-

244 2941 390 2979 mam
420 2933 469 2978 et
495 2922 873 2990 Gomorrlzam;
901 2923 1167 2993 quomodo
1203 2922 1362 2996 (teste
1385 2921 1686 2993 Augustino
1708 2938 1829 2977 san—

243 3019 357 3091 cto)
392 3020 456 3075 de
502 3019 858 3090 quorumdam
890 3017 1116 3074 fontium
1142 3018 1279 3073 mira
1305 3016 1676 3074 vicissitudine
1708 3031 1834 3087 per-

243 3112 486 3178 hibetur,
511 3120 660 3168 certo
689 3126 954 3167 annorum
989 3110 1274 3166 intervallo
1310 3109 1390 3166 sic
1419 3124 1515 3166 eos
1546 3107 1826 3174 inundare,

241 3209 311 3256 ut
330 3208 498 3256 totam
524 3201 670 3256 illam
693 3201 968 3272 regionem
991 3201 1184 3272 rigent,
1207 3215 1331 3256 cum
1360 3199 1466 3256 alio
1493 3207 1734 3269 tempore
1759 3213 1828 3254 ex

242 3293 374 3348 altis
440 3293 616 3364 puteis
681 3292 747 3347 ad
815 3292 1109 3362 potandum
1174 3290 1526 3347 sufﬁcientem
1587 3290 1829 3360 praebent

245 3402 466 3457 aquam.
489 3385 599 3442 Cur
631 3385 694 3440 ﬁt
719 3400 848 3457 ergo
883 3383 1196 3440 incredibile
1225 3384 1306 3456 (ut
1333 3384 1476 3438 idem
1507 3381 1658 3452 dicit)
1689 3381 1734 3436 si
1764 3396 1833 3437 ex

246 3495 360 3535 uno
405 3479 582 3550 abyssi
611 3478 808 3550 capite,
843 3478 1051 3533 alterna
1079 3477 1377 3532 mutatione
1428 3475 1629 3530 fluente
1671 3483 1834 3546 atque

243 3571 511 3628 reﬂuente
532 3613 548 3637 ,
594 3579 721 3626 tunc
747 3571 998 3624 universa
1030 3576 1174 3624 terra
1204 3568 1377 3640 rigata
1421 3575 1525 3622 est.
1566 3566 1718 3634 Quod
1765 3567 1832 3632 si,

240 3664 447 3734 inquit,
477 3663 646 3734 ipsius
667 3661 845 3732 abyssi
867 3659 1294 3729 magnitudinem
1327 3672 1390 3714 ea
1423 3665 1577 3729 parte
1611 3665 1832 3727 excepta

240 3755 398 3826 quod
443 3768 594 3808 mare
641 3752 858 3819 dicitur,
910 3761 964 3806 et
996 3749 1226 3806 evidenti
1279 3750 1650 3822 amplitudine,
1676 3756 1836 3819 atque

241 3844 457 3900 amaris
490 3841 738 3899 fluctibus
765 3850 940 3897 terras
958 3840 1144 3907 ambit,
1167 3842 1222 3896 in
1249 3857 1312 3898 ca
1339 3842 1453 3898 sola
1486 3850 1642 3911 parte
1671 3857 1833 3912 quam

241 3933 548 3991 reconditis
609 3933 818 3988 sinibus
874 3941 1020 3988 terra
1077 3933 1336 4001 continet,
1373 3934 1515 3990 unde
1548 3948 1606 3989 se
1646 3948 1834 3989 omnes

245 4025 432 4082 fontes
475 4023 706 4090 diversis
755 4024 1022 4080 tractibus
1062 4025 1322 4096 venisque
1366 4025 1727 4091 distribuunt,
1783 4033 1837 4080 et

247 4113 369 4170 suis
401 4111 600 4182 quique
657 4110 792 4166 locis
835 4119 1165 4180 erumpunt,
1231 4111 1434 4166 fontem
1481 4112 1654 4167 voluit
1692 4111 1837 4168 Scri-

247 4216 411 4278 ptura
446 4204 734 4276 appellare,
769 4219 876 4260 non
922 4203 1120 4270 fontes,
1147 4211 1366 4275 propter
1394 4211 1600 4258 naturae
1653 4203 1836 4260 unita-

252 4311 629 4370 tem,eumque
649 4314 746 4369 per
775 4297 1200 4355 innumerabiles
1228 4299 1346 4354 vias
1369 4306 1648 4354 antrorum
1678 4306 1839 4368 atque

254 4394 516 4448 rimarum
543 4392 923 4448 ascendentem
975 4391 1042 4446 de
1076 4399 1237 4455 terra,
1266 4397 1320 4445 et
1355 4389 1557 4460 ubique
1581 4388 1840 4458 dispersis

254 4486 413 4557 quasi
450 4485 689 4540 crinibus
710 4525 725 4550 ,
774 4483 1089 4555 irrigantem
1136 4497 1353 4538 omnem
1405 4481 1600 4536 faciem
1648 4489 1833 4545 terrai,

255 4594 362 4635 nec
403 4578 654 4634 continua
685 4577 865 4648 specie
902 4583 1157 4644 tanquam
1194 4573 1359 4628 maris
1393 4579 1484 4626 aut
1514 4573 1710 4642 stagni,
1745 4571 1839 4626 sed

257 4673 402 4729 sicut
429 4671 674 4726 videmus
701 4669 782 4724 ire
813 4684 982 4739 aquas
1009 4683 1109 4738 per
1130 4665 1311 4721 alveos
1343 4664 1622 4720 ﬂuminum
1653 4663 1844 4719 ﬂexus-

259 4780 367 4836 que
407 4764 666 4830 rivorum,
689 4770 744 4816 et
783 4776 969 4817 eorum
1019 4774 1246 4815 excessu
1275 4757 1450 4813 vicina
1488 4755 1844 4827 perfundere,

261 4857 386 4928 quis
419 4871 526 4911 non
557 4854 788 4926 accipiat
825 4853 927 4908 nisi
959 4851 1051 4924 qui
1105 4849 1442 4907 contentiosa
1471 4847 1664 4919 spiritu
1700 4847 1848 4904 labo-

263 4949 385 5006 rat?
412 4949 644 5005 Possunt
665 4949 826 5003 etiam
851 4947 924 5001 ita
948 4946 1091 5002 dicta
1117 4943 1361 5015 intelligi,
1381 4943 1557 4998 omnis
1585 4951 1743 4998 terra:
1770 4941 1849 4996 fa-

263 5044 380 5100 cies
413 5041 666 5112 irrigata,
722 5037 1173 5109 quemadmodum
1209 5035 1408 5090 dicitur
1457 5035 1635 5092 omnis
1681 5033 1850 5089 vestis

265 5135 410 5191 facie
431 5133 693 5198 colorata,
726 5130 940 5186 etiamsi
971 5143 1078 5184 non
1111 5126 1464 5182 continuatim
1485 5167 1500 5193 ,
1539 5124 1632 5182 sed
1660 5141 1848 5182 macu-

266 5226 421 5282 latim
451 5225 565 5292 fiat,
598 5221 901 5295 praesertim
936 5221 1063 5291 quia
1099 5228 1226 5275 tunc
1274 5220 1331 5274 in
1385 5218 1624 5275 novitate
1675 5227 1848 5274 terra-

268 5335 412 5384 rum,
436 5327 492 5374 et
521 5319 565 5373 si
592 5334 699 5373 non
727 5316 929 5382 omnia,
950 5315 1104 5386 plura
1131 5321 1311 5368 tamen
1345 5311 1508 5382 plana
1539 5313 1706 5368 fuisse
1728 5326 1849 5367 cre-

270 5408 436 5466 dibile
459 5415 565 5476 est,
589 5423 696 5479 qua
723 5407 884 5461 latius
909 5413 1132 5474 possent
1153 5403 1488 5474 erumpentia
1505 5401 1715 5481 fluenta
1739 5402 1880 5484 dis-,f

269 5501 426 5573 pergi
470 5508 633 5572 atque
680 5497 932 5554 distendi.
984 5496 1322 5566 Quapropter
1367 5497 1433 5549 de
1484 5485 1638 5548 iStius
1691 5491 1881 5549 fontis

271 5592 643 5662 magnitudine
681 5599 738 5646 et
779 5587 1120 5643 multitudine
1143 5627 1158 5652 ,
1187 5586 1279 5657 qui
1308 5584 1422 5640 sive
1467 5598 1629 5637 unam
1668 5582 1857 5638 habuit

274 5684 494 5742 aliunde
522 5685 859 5756 eruptionem
879 5721 894 5744 ,
953 5679 1065 5736 sive
1097 5687 1316 5750 propter
1343 5677 1575 5749 aliquam
1627 5676 1680 5730 in
1713 5684 1856 5732 terra

275 5780 506 5836 occultis
531 5779 728 5836 finibus
756 5778 1018 5832 unitatem
1038 5815 1054 5840 ,
1099 5773 1243 5828 unde
1273 5787 1460 5828 omnes
1497 5785 1652 5842 aqua:
1695 5785 1858 5841 super

278 5880 486 5932 terram
537 5881 748 5942 scatent
795 5871 1036 5930 omnium
1070 5867 1298 5928 fontium
1334 5879 1651 5939 magnorum
1695 5871 1859 5934 atque

1928 2007 2104 2066 terrm,
2131 2008 2179 2053 et
2198 1997 2472 2068 inspiravit
2509 1995 2565 2049 in
2593 1994 2780 2064 faciem
2815 1993 2929 2062 ejus
2954 1990 3277 2062 spiraculum
3299 1991 3436 2055 vitae,
3460 1998 3512 2045 et

1927 2091 2097 2162 factus
2126 2098 2200 2145 est
2244 2091 2395 2143 homo
2424 2089 2479 2141 in
2503 2087 2735 2140 animum
2765 2085 3032 2139 viventem.
3073 2070 3171 2137 Hic
3205 2083 3389 2152 itaque
3436 2083 3514 2137 la-

1927 2188 2037 2244 tius
2058 2186 2294 2243 hominis
2322 2185 2532 2240 factura
2581 2181 2921 2245 describitur,
2953 2179 3043 2248 qui
3077 2178 3130 2233 in
3159 2177 3249 2233 die
3293 2175 3511 2246 quidem

1928 2288 2084 2336 sexto
2131 2277 2307 2332 factus
2355 2285 2454 2340 est,
2488 2274 2580 2330 sed
2611 2273 2684 2328 ibi
2714 2272 2950 2329 breviter
2978 2277 3061 2326 est
3087 2272 3510 2326 commemorata

1927 2371 2151 2436 creatio,
2181 2386 2301 2442 quae
2334 2369 2425 2425 hic
2474 2366 2685 2439 plenius
2735 2364 3038 2434 exponitur.
3074 2361 3212 2428 Quia
3260 2358 3513 2414 videlicet

1929 2466 1983 2520 in
2005 2463 2247 2534 corporis
2294 2470 2350 2518 et
2389 2460 2583 2515 anima:
2619 2456 2978 2513 substantiam
3012 2453 3189 2509 factus
3219 2451 3309 2517 sit,
3336 2465 3368 2505 e
3392 2447 3514 2519 qui-

1927 2558 2030 2611 bus
2053 2555 2120 2610 de
2148 2553 2278 2608 limo
2305 2565 2500 2620 corpus
2521 2548 2831 2612 formatum,
2865 2545 3041 2600 anima
3070 2557 3201 2598 vero
3239 2542 3305 2597 de
3339 2537 3515 2595 nihilo

1929 2645 2128 2703 sitDeo
2154 2643 2454 2714 inspirante
2483 2647 2702 2706 creata;
2729 2636 2824 2693 sed
2849 2644 2905 2692 et
2933 2634 3134 2690 femina
3175 2633 3244 2688 de
3285 2629 3402 2700 ejus
3426 2628 3510 2684 la-

1929 2746 2046 2794 tere
2071 2737 2144 2791 sit
2171 2733 2490 2791 dormientis
2515 2731 2754 2788 condita.
2778 2729 2838 2784 In
2869 2742 2976 2798 qua
3000 2723 3254 2781 videlicet
3291 2729 3513 2778 senten-

1928 2829 2007 2885 tia
2028 2827 2250 2884 vitanda
2277 2834 2361 2882 est
2401 2832 2692 2896 paupertas
2720 2835 2910 2877 sensus
2949 2816 3218 2881 carnalis,
3265 2828 3337 2870 ne
3369 2811 3510 2867 forte

1928 2919 2373 2990 putemus‘Deum
2423 2915 2509 2970 vel
2558 2913 2808 2969 manibus
2833 2908 3108 2980 corporeis
3137 2907 3204 2961 de
3243 2904 3371 2960 limo
3402 2902 3509 2957 for-

1929 3025 2107 3065 masse
2135 3023 2331 3079 corpus
2354 3004 2589 3061 hominis
2633 3042 2649 3069 ,
2700 3001 2789 3056 vel
2813 2998 3061 3054 faucibus
3087 2994 3312 3051 labiisve
3340 2991 3510 3062 inspi-

1929 3115 2080 3157 rasse
2103 3101 2158 3155 in
2180 3099 2376 3155 faciem
2405 3094 2646 3160 formati,
2669 3100 2732 3148 ut
2752 3091 2935 3146 vivere
2960 3096 3162 3158 posset,
3192 3092 3248 3138 et
3273 3083 3514 3154 spiracu-

1929 3193 2042 3248 lum
2068 3193 2192 3248 vitae
2219 3191 2443 3246 habere.
2472 3185 2607 3242 Nam
2636 3193 2693 3241 et
2721 3182 2984 3256 propheta
3013 3194 3137 3236 cum
3169 3176 3282 3232 ait:
3320 3173 3514 3228 Manus

1932 3297 2038 3343 tua:
2077 3285 2309 3356 fecerunt
2349 3297 2449 3346 me,
2481 3289 2530 3334 et
2559 3278 2950 3350 plasmaverunt
2977 3287 3060 3326 me
3086 3267 3227 3342 (Job.
3257 3265 3346 3337 x);
3399 3270 3514 3318 tro-

1932 3377 2055 3450 pica
2078 3355 2190 3432 hoc
2216 3374 2485 3430 locutione
2510 3370 2685 3441 magis
2704 3381 2867 3438 quam
2889 3363 3126 3436 propria,
3146 3360 3200 3415 id
3232 3365 3338 3450 est,
3359 3355 3523 3427 juxta.

1934 3449 2378 3526 consuetudinem
2407 3479 2513 3534 qua
2552 3461 2728 3516 solent
2757 3456 3004 3514 homines
3028 3449 3266 3523 operari,
3303 3449 3517 3504 locutus

1934 3569 2036 3619 est.
2063 3559 2297 3631 Spiritus
2319 3557 2462 3613 enim
2499 3562 2585 3611 est
2607 3553 2750 3609 Deus
2773 3591 2796 3631 ,ί
2830 3564 2934 3604 nec
2970 3544 3198 3616 simplex
3237 3539 3356 3610 ejus
3391 3537 3519 3594 sub-

1935 3630 2134 3713 stantia
2180 3649 2524 3708 lineamentis
2568 3630 2936 3701 membrorum
2993 3633 3355 3706 corporalium
3396 3641 3521 3686 esse

1935 3745 2263 3817 composita,
2313 3741 2419 3798 nisi
2479 3740 2548 3795 ab
2592 3733 2877 3792 ineruditis
2931 3729 3191 3786 creditur.
3239 3721 3519 3782 Formavit

1937 3815 2100 3909 igitur
2127 3837 2193 3891 de
2231 3835 2362 3889 limo
2391 3833 2536 3888 Deus
2568 3827 2864 3892 hominem,
2891 3837 3054 3895 quem
3093 3819 3260 3876 verbo
3313 3831 3413 3874 suo
3453 3815 3522 3872 de

1937 3929 2066 3985 limo
2094 3927 2209 3983 fieri
2239 3925 2423 3996 jussit.

2010 4021 2290 4094 Inspirauit
2317 4020 2376 4073 in
2406 4017 2593 4089 faciem
2619 4016 2734 4087 ejus
2756 4007 3079 4084 spiraculum
3107 4006 3244 4073 uite,
3275 4011 3325 4059 et
3346 4001 3518 4073 factus

1939 4129 2014 4177 est
2044 4120 2196 4174 homo
2222 4118 2281 4171 in
2329 4114 2563 4170 animum
2591 4112 2864 4174 uiuentem,
2897 4120 3022 4162 cum
3064 4102 3116 4160 ei
3165 4095 3521 4158 substantiam

1940 4211 2135 4268 anima:
2161 4223 2226 4264 ac
2253 4206 2497 4278 spiritus,
2528 4205 2584 4259 in
2613 4216 2719 4272 qua
2761 4200 2991 4265 viveret,
3022 4193 3250 4252 creavit.
3282 4189 3418 4247 Nam
3447 4187 3524 4244 ita

1939 4315 2086 4361 recte
2123 4301 2445 4372 intelligitur
2475 4298 2711 4369 spirasse
2737 4296 2928 4372 Deum
2947 4293 3002 4348 in
3030 4290 3223 4346 faciem
3269 4282 3524 4350 hominis,

1941 4394 2264 4468 spiraculum
2300 4370 2348 4448 ei
2379 4406 2484 4461 quo
2520 4390 2726 4446 viveret
2756 4370 2992 4449 creasse,
3023 4383 3163 4438 sicut
3185 4393 3347 4450 supra
3368 4373 3526 4432 intel-

1941 4465 2138 4544 lectum
2166 4493 2250 4542 est
2281 4502 2295 4538 :
2351 4481 2567 4537 Vocavit
2591 4479 2734 4534 Deus
2761 4477 2928 4531 lucem
2957 4475 3094 4528 diem
3116 4489 3135 4527 :
3161 4485 3261 4542 pro
3285 4484 3350 4523 eo
3373 4465 3528 4538 posi-

1946 4589 2079 4647 tum,
2098 4577 2239 4650 quod
2262 4583 2347 4631 est
2365 4572 2546 4629 vocari
2580 4571 2647 4625 ab
2673 4566 2984 4625 hominibus
3007 4562 3153 4617 fecit.
3175 4561 3320 4614 Bene
3345 4564 3529 4611 autem

1945 4674 2000 4728 in
2035 4647 2229 4726 faciem
2258 4667 2554 4736 inspirasse
2581 4660 2778 4716 dicitur
2803 4657 2946 4712 Deus
2965 4651 3192 4718 homini,
3216 4657 3279 4705 ut
3299 4648 3454 4703 ﬁeret
3475 4647 3530 4702 in

1946 4764 2182 4820 animam
2219 4760 2507 4818 viventem,
2529 4752 2654 4821 quia
2687 4747 2944 4803 nimirum
2966 4757 3156 4800 sensus
3191 4753 3382 4796 omnes
3411 4752 3533 4792 cor-

1945 4856 2113 4928 poris,
2142 4868 2240 4924 per
2269 4863 2404 4920 quos
2428 4845 2625 4901 insitus
2675 4842 2725 4898 ei
2754 4839 2978 4911 spiritus
3006 4852 3070 4892 ea
3093 4849 3215 4906 quae
3244 4831 3378 4888 foris
3406 4835 3534 4887 sunt

1949 4923 2360 5014 contemplatur,
2394 4938 2568 5009 magis
2591 4937 2644 4991 in
2677 4934 2817 4989 facie
2851 4933 3052 5004 vigent,
3083 4928 3232 4984 visus
3257 4923 3531 4990 videlicet,

1952 5039 2188 5102 auditus,
2213 5033 2465 5099 olfactus,
2494 5035 2684 5102 gustus
2711 5034 2765 5083 et
2791 5033 2989 5081 tactus.
3014 5020 3212 5091 Utpote
3252 5016 3379 5087 quia
3407 5028 3535 5084 pars

1951 5129 2161 5187 cerebri
2206 5123 2464 5187 anterior,
2507 5121 2649 5176 unde
2678 5132 2873 5175 sensus
2899 5127 3086 5172 omnes
3112 5107 3532 5173 distribuuntur,

1954 5219 2021 5274 ad
2067 5217 2299 5272 frontem
2337 5211 2596 5269 collocata
2632 5219 2736 5264 est.
2766 5207 2902 5261 Nam
2940 5210 2995 5258 et
3022 5198 3276 5270 tangendi
3321 5210 3532 5261 sensus,

1954 5309 2046 5381 qui
2097 5323 2198 5380 per
2245 5313 2418 5361 totum
2460 5317 2656 5372 corpus
2712 5295 3023 5359 effunditur,
3085 5291 3252 5346 etiam
3305 5289 3420 5359 ipse
3467 5285 3537 5342 ab

1955 5379 2142 5459 eadem
2203 5397 2476 5454 anteriore
2523 5401 2679 5464 parte
2728 5387 2938 5446 cerebri
2986 5383 3287 5441 ostenditur
3336 5379 3537 5437 habere

1959 5496 2104 5550 viam
2134 5507 2310 5556 suam,
2335 5503 2455 5559 quae
2491 5496 2787 5542 retrorsum
2816 5495 2914 5552 per
2944 5478 3200 5534 verticem
3235 5484 3395 5546 atque
3421 5486 3540 5528 cer-

1959 5587 2133 5641 vicem
2150 5623 2166 5649 ,
2194 5581 2260 5636 ad
2286 5577 2576 5635 medullam
2619 5575 2786 5644 spina:
2812 5569 3113 5626 deducitur.
3156 5563 3416 5637 Congruit
3442 5575 3541 5616 au-

1962 5688 2072 5734 tem
2115 5675 2244 5732 huic
2295 5670 2612 5736 sententiae,
2664 5665 2805 5738 quod
2863 5663 3232 5736 supradictum
3277 5667 3407 5716 est:
3457 5654 3538 5708 Ad

1962 5767 2246 5840 imaginem
2281 5763 2379 5818 Dei
2423 5761 2610 5817 creauit
2639 5757 2822 5825 illum,
2852 5755 3144 5811 masculum
3193 5761 3242 5807 et
3291 5749 3540 5822 feminam

1963 5859 2154 5918 creauit
2185 5873 2294 5916 eos.
2347 5853 2500 5923 Quod
2544 5851 2690 5910 enim
2725 5850 2929 5908 dictum
2976 5856 3091 5916 est,
3133 5846 3215 5903 Ad
3262 5840 3544 5912 imaginem
