3974 6458
453 372 565 433 475

1135 370 1195 429 Β.
1236 369 1493 427 RABANI
1528 366 1749 428 MAURI
1782 366 2103 427 ARCHIEP.
2142 367 2453 428 MOGUNT.
2493 366 2782 431 OPERUM
2817 366 2998 426 PARS
3034 369 3104 425 l.‘

3625 374 3730 434 476

455 487 554 545 Dei
582 492 772 545 ereavit
798 485 971 555 illum,
997 500 1106 545 non
1136 486 1243 543 nisi
1275 486 1332 542 in
1357 486 1570 553 anima;
1598 485 1742 556 quod
1772 484 2039 554 additum,
2066 486 2119 550 Α
2142 491 2401 557 tanquam
2424 486 2491 543 de
2518 485 2646 544 limo
2687 496 2866 545 terras.
2898 488 2969 544 Et
2995 488 3265 561 inspiravit
3295 489 3353 545 in
3374 490 3576 561 [aciem
3615 495 3730 563 ejus

454 577 749 635 masculum
783 587 835 635 et
857 578 1106 652 [saliuam
1131 619 1147 647 ,
1194 593 1305 636 non
1333 578 1439 635 nisi
1470 578 1527 634 in
1552 590 1782 649 corpore
1808 576 2032 645 factum,

453 678 604 727 recte
638 670 973 741 intelligitur.
1006 669 1124 727 Non
1150 671 1298 727 enim
1341 670 1594 731 audiendi
1633 679 1759 727 sunt
1797 670 1892 742 qui
1937 685 2037 741 pu-

455 769 573 817 tant
607 763 844 819 annnam
887 770 1103 834 partem
1153 764 1249 823 Dei
1299 778 1419 822 esse
1469 781 1484 820 :
1532 764 1659 835 quia
1706 764 1753 821 si
1804 763 2037 820 hominis

454 855 635 913 anima
678 871 804 928 pars
843 856 942 915 Dei
966 867 1134 926 esset,
1164 874 1266 917 nec
1304 875 1334 914 a
1380 859 1582 930 seipse,
1612 874 1715 915 nec
1743 860 1814 915 ab
1855 858 2041 929 aliquo

454 945 650 1016 decipi,
667 949 852 1005 necad
881 949 1085 1020 aliquid
1110 950 1566 1018 maleﬁciendum,
1583 953 1697 1009 sive
1721 952 2039 1023 patiendum

452 1036 562 1093 ulla
581 1038 907 1100 necessitate
929 1042 1197 1112 compelli,
1222 1058 1326 1099 nec
1350 1044 1406 1098 in
1451 1043 1644 1101 melius
1671 1044 1755 1099 vel
1795 1044 2037 1100 deterius

451 1131 653 1185 mutari
680 1132 901 1189 omnino
937 1135 1220 1204 potuisset.
1251 1135 1434 1193 Flatus
1460 1146 1640 1193 autem
1688 1137 1777 1193 ille
1807 1138 1900 1193 Dei
1941 1138 2035 1208 qui

451 1217 724 1277 hominem
765 1224 1025 1281 animavit
1049 1225 1224 1285 factus
1250 1237 1333 1285 est
1376 1228 1445 1284 ab
1470 1228 1611 1300 ipso,
1644 1245 1751 1285 non
1778 1228 1845 1286 de
1871 1230 1989 1300 ipso
2016 1247 2030 1284 :

452 1312 580 1383 quia
605 1328 707 1370 nec
727 1314 963 1375 hominis
981 1315 1164 1384 ﬂatus,
1190 1317 1425 1376 hominis
1448 1335 1576 1391 pars
1604 1328 1689 1377 est
1705 1361 1720 1385 ,
1745 1335 1846 1376 nec
1873 1321 2037 1378 homo

452 1417 577 1459 eum
597 1404 729 1462 facit
752 1408 818 1462 de
840 1408 1037 1479 seipso,
1066 1410 1162 1466 sed
1192 1426 1262 1466 ex
1290 1426 1450 1467 aereo
1477 1412 1719 1469 anhelitu
1741 1422 1957 1483 sumpto
1978 1422 2036 1470 ct

453 1493 644 1551 eli'uso.
690 1497 834 1555 Deus
860 1514 991 1557 vero
1014 1503 1189 1571 potuit
1221 1511 1278 1559 et
1306 1504 1373 1559 de
1404 1504 1602 1570 nihilo,
1640 1515 1694 1561 et
1724 1507 1903 1563 vivum
1947 1523 2035 1563 ra-

452 1583 890 1658 tionabilemque,
915 1592 1059 1661 quod
1085 1608 1191 1649 non
1212 1602 1391 1662 potest
1413 1595 1606 1651 homo;
1627 1598 1875 1667 quamvis
1895 1613 2034 1653 non-

452 1674 585 1733 nulli
609 1676 922 1736 existiment
944 1697 1051 1737 non
1096 1691 1222 1739 tunc
1252 1686 1553 1741 animatum
1594 1688 1829 1757 primum
1858 1688 2036 1743 homi-

450 1779 596 1831 nem,
629 1769 843 1836 quando
866 1771 1009 1826 Deus
1042 1772 1098 1828 in
1123 1773 1242 1844 ejus
1271 1775 1463 1833 faciem
1503 1777 1755 1845 sufﬂavit,
1783 1787 1838 1835 et
1858 1780 2033 1837 factus

2137 579 2458 650 spiraculum
2505 581 2622 637 vitae
2645 622 2662 648 ,
2713 583 2897 652 utique
2949 582 3274 640 infusionem
3324 586 3507 642 sancti
3553 586 3729 659 Spiri-

2141 678 2258 736 tus,
2299 673 2389 743 qui
2418 681 2672 744 operatus
2718 683 2802 731 est
2844 676 3118 732 hominem
3144 676 3423 734 Christum
3474 698 3490 734 :
3533 679 3607 735 Et
3648 682 3729 751 fa-

2137 774 2252 820 ctus
2296 775 2374 821 est
2413 767 2569 823 homo
2594 768 2650 822 in
2686 769 2921 824 animam
2949 771 3200 829 viventem
3229 789 3249 826 :
3280 772 3496 830 scilicet
3537 784 3599 829 ut
3640 778 3729 847 qui

2135 858 2411 932 perfectus
2431 869 2551 917 erat
2577 860 2742 930 Deus,
2768 862 3042 935 perfectus
3067 866 3381 924 crederetur
3405 878 3465 925 et
3492 869 3682 927 homo.

2734 994 2965 1052 CAPUT
2999 964 3112 1051 tiu.

2135 1083 2217 1140 De
2243 1084 2589 1162 plantatione
2622 1089 2858 1162 paradisi
2890 1097 2950 1162 et
2993 1100 3221 1161 quatuor
3256 1092 3548 1162 ﬂuminum
3598 1094 3726 1150 diri~

2206 1158 2372 1224 sione,
2403 1158 2458 1212 in
2498 1175 2602 1229 quo
2624 1158 2785 1215 homo
2813 1159 2985 1215 cultor
3005 1158 3055 1216 et
3099 1158 3273 1218 custos
3314 1181 3346 1218 α
3375 1163 3495 1220 Deo
3532 1168 3728 1221 conati-

2207 1238 2350 1283 tutus
2381 1238 2479 1284 est.

2206 1316 2548 1376 Plantaverat
2591 1328 2767 1379 autem
2805 1321 3065 1378 Dominus
3114 1322 3256 1379 Deus
3296 1325 3617 1394 paradisum
3646 1344 3729 1383 ac-

2135 1409 2347 1483 luptatis
2367 1429 2399 1466 a
2419 1413 2698 1483 principio,
2729 1415 2786 1468 in
2823 1432 2924 1486 quo
2950 1415 3125 1485 posuit
3144 1416 3411 1472 hominem
3436 1435 3597 1489 quem
3622 1420 3732 1489 for-

2133 1516 2385 1561 maverat.
2415 1505 2498 1562 Ab
2527 1506 2617 1563 illo
2646 1509 2833 1578 utique
2856 1508 3123 1580 principio
3142 1510 3423 1581 plantasse
3450 1512 3599 1568 Dens
3639 1529 3732 1584 ps-

2134 1596 2372 1651 radisum
2421 1598 2722 1653 credendus
2768 1607 2888 1666 est,
2940 1614 3007 1654 ex
3053 1615 3162 1670 quo
3228 1602 3467 1674 irrigans
3526 1611 3731 1659 terram

2134 1703 2377 1755 omnem,
2411 1690 2635 1744 remotis
2667 1704 2788 1759 quae
2822 1705 2942 1746 eam
2969 1701 3372 1761 cooperuerunt
3397 1695 3582 1764 aquis,
3605 1695 3733 1750 her-

2136 1779 2236 1836 bas
2263 1788 2318 1835 et
2356 1779 2501 1850 ligna
2538 1778 2819 1837 fructifera
2853 1784 3154 1851 producere
3174 1784 3376 1855 jussit;
3430 1785 3489 1841 in
3517 1802 3627 1855 quo
3654 1794 3732 1842 ta-

449 1864 534 1912 cst
575 1857 735 1915 homo
763 1860 821 1916 in
849 1863 1085 1920 animam
1127 1867 1417 1936 viventem,
1462 1872 1558 1927 sed
1601 1879 1729 1927 tunc
1758 1874 2030 1941 accepisse
2058 1866 2107 1925 B
2132 1887 2257 1929 men
2284 1872 2556 1929 hominem
2602 1873 2690 1933 die
2733 1883 2908 1941 sexto,
2938 1890 3046 1945 quo
3070 1883 3126 1932 et
3171 1875 3346 1947 ipsum
3371 1876 3731 1945 formaverat,

451 1945 714 2017 Spiritum
760 1960 1028 2013 sanctum.
1079 1955 1366 2024 Quodlibet
1413 1971 1595 2017 autem
1643 1964 1836 2021 horum
1859 1966 2036 2021 credi-

448 2039 611 2098 bilius
637 2047 975 2114 ostendatur,
1012 2050 1251 2107 animam
1297 2064 1479 2110 tamen
1512 2071 1621 2112 non
1663 2073 1783 2114 esse
1822 2070 2033 2128 partem

447 2129 565 2199 Dei,
597 2149 697 2190 nec
725 2137 790 2192 de
813 2138 1113 2197 substantia
1149 2152 1206 2199 et
1241 2154 1436 2201 natura
1466 2146 1584 2216 ejus
1629 2160 1871 2207 creatam
1918 2153 2034 2211 sive

444 2224 737 2294 prolatam,
766 2230 863 2286 sed
887 2246 955 2287 ex
978 2233 1146 2290 nihilo
1167 2234 1387 2303 factam,
1415 2239 1662 2296 dubitare
1681 2242 1766 2297 fas
1792 2258 1898 2299 non
1929 2253 2030 2302 est.

446 2314 695 2389 (Isidor.)
726 2318 950 2391 Mystice
979 2333 1162 2383 autem
1192 2328 1270 2383 sic
1313 2330 1627 2401 intelligitur
1657 2351 1669 2387 :
1713 2333 1838 2391 Ista:
1875 2351 2032 2406 gene—

447 2412 675 2467 rationes
708 2415 822 2469 caeli
857 2427 905 2471 et
929 2426 1086 2474 terrae
1109 2422 1323 2490 quando
1349 2433 1537 2479 creatis
1558 2436 1700 2493 sunt,
1729 2428 1785 2483 in
1808 2428 1893 2483 die
1929 2446 2033 2500 quo

445 2502 569 2573 fecit
593 2503 852 2562 Dominus
878 2508 1067 2563 calum
1083 2522 1131 2569 et
1151 2521 1367 2582 terram,
1393 2523 1451 2572 et
1488 2527 1705 2575 cetera.
1730 2520 1901 2592 Hujus
1927 2524 2033 2581 diei

449 2595 673 2686 nomine
702 2600 997 2657 secundum
1024 2604 1363 2673 prophetiam
1403 2623 1564 2667 omne
1614 2620 1827 2686 tempus
1871 2616 2033 2686 huius

444 2685 572 2743 vita
594 2687 949 2758 significatur,
976 2694 1034 2750 in
1081 2711 1189 2765 quo
1216 2698 1414 2756 cmlum
1437 2709 1494 2758 et
1522 2711 1669 2760 terra
1714 2705 1856 2762 facta
1879 2685 2029 2776 sunt,

446 2774 504 2832 id
537 2785 640 2845 est,
672 2778 729 2837 in
752 2795 863 2853 quo
882 2793 1151 2843 creaturae
1170 2788 1410 2848 visibiles
1456 2792 1830 2864 disponuntur,
1859 2774 2032 2856 aduri;

443 2866 746 2926 nistrantnr
777 2879 943 2942 atque
980 2877 1241 2935 existunt.
1289 2879 1399 2939 Sed
1436 2884 1566 2954 quid
1595 2887 1699 2945 sibi
1725 2889 1858 2954 vult,
1887 2891 2032 2960 quod

445 2972 592 3013 nunc
629 2961 906 3021 nominato
941 2967 1082 3024 cmlo
1116 2978 1173 3026 et
1197 2978 1364 3037 terra,
1392 2974 1587 3045 adjecit
1608 2980 1887 3050 virgultum
1914 2985 2031 3055 agri

442 3057 493 3102 et
533 3049 751 3141 bertam
796 3056 1043 3126 regionis,
1073 3070 1130 3117 et
1180 3066 1347 3121 tacuit
1399 3077 1595 3125 caetera
1635 3049 1755 3141 quae
1801 3049 2028 3132 sunt'in

444 3139 587 3197 cmlo
612 3149 669 3197 et
708 3145 766 3199 in
794 3153 965 3216 terra,
1009 3152 1094 3207 vel
1143 3156 1308 3211 etiam
1336 3158 1392 3213 in
1435 3163 1595 3229 mari,
1644 3139 1748 3219 nisi
1778 3168 1904 3235 quia
1930 3183 2030 3238 per

441 3231 735 3303 virgultum
781 3240 900 3309 agri
945 3240 1274 3303 invisibilem
1336 3259 1641 3309 creaturam
1691 3231 2029 3316 demonstrat

444 3323 692 3398 intelligi,
719 3329 860 3423 sicut
903 3341 989 3390 est
1031 3336 1254 3395 anima?
1303 3341 1456 3399 Dicta
1484 3353 1689 3415 autem,
1737 3351 2029 3423 virgultum

442 3425 666 3488 propter
706 3421 949 3493 vigorem
993 3428 1136 3493 vitae,
1185 3430 1354 3489 herba
1406 3446 1627 3508 propter
1665 3421 1912 3501 eamdem
1943 3448 2027 3502 vi-

444 3515 558 3565 tam
605 3527 883 3584 nunquam
924 3533 1366 3580 marcescentem.
1413 3528 1618 3587 Deinde
1663 3534 1812 3589 addit
1860 3555 1873 3591 :
1924 3537 2031 3593 An-

668 3707 941 3766 peccaret.
992 3701 1246 3762 Teraenis
1295 3709 1440 3764 enim
1486 3692 2030 3783 cupiditatibus-sor-

441 3781 627 3840 didata
650 3823 670 3853 ,
722 3795 982 3860 tanquam
1026 3808 1194 3865 super
1241 3806 1442 3857 terram
1504 3781 1633 3859 nata
1652 3809 1672 3871 ‘,
1728 3808 1814 3863 vel
1867 3824 2030 3881 super

442 3882 647 3931 terram
692 3890 871 3950 esset,
928 3892 1076 3941 recte
1132 3888 1345 3945 dicitur.
1398 3891 1551 3950 Unde
1596 3897 1795 3968 adjecit
1824 3914 1839 3954 :
1870 3900 2026 3957 Non-

441 3966 571 4024 dum
618 3973 756 4063 enim
808 3973 1014 4045 pluerat
1052 3976 1312 4038 Dominus
1366 4001 1524 4057 super
1565 3966 1763 4049 terram
1806 4007 1826 4045 :
1870 3997 2026 4063 quasi

442 4065 630 4148 aperte
658 4060 862 4119 diceret
887 4081 903 4119 :
941 4066 1243 4139 Antequam
1267 4085 1519 4142 peccaret
1543 4080 1756 4148 anima,
1786 4060 2026 4143 nondum

441 4147 677 4205 nubibus
724 4149 1131 4223 Scriptus-arum
1178 4160 1417 4231 pluviam
1464 4147 2045 4235 doctrinatDominus.

441 4239 511 4296 ad
551 4242 784 4338 animam
835 4245 1167 4320 irrigandam
1208 4267 1581 4327 concesserat;
1632 4265 1871 4322 nondum
1898 4284 2026 4338 pro-

439 4336 563 4401 pter
577 4331 873 4404 hominem,
886 4338 981 4408 qui
1007 4347 1089 4397 est
1104 4349 1273 4411 terra,
1287 4347 1547 4406 Dominus
1571 4360 1756 4409 uoster
1777 4331 2022 4418 nubilum

320 4494 341 4505 ί
440 4425 623 4483 carnis
652 4437 852 4489 noema
872 4446 1262 4505 assumpserat,
1284 4455 1380 4511 per
1403 4446 1543 4513 quod
1580 4447 1810 4507 imbrem
1846 4456 2022 4513 sancti

437 4515 715 4614 Evangelii
742 4518 1108 4594 largissimum
1130 4528 1343 4589 infudit.
1361 4532 1515 4601 Quod
1546 4552 1675 4595 vero
1699 4542 2016 4614 subjunxit:

437 4606 510 4671 Et
532 4609 688 4666 homo
709 4628 815 4673 seu
834 4624 948 4673 erat
973 4618 1066 4689 qui
1092 4632 1396 4691 operaretur
1418 4636 1615 4685 terram
1639 4644 1660 4684 :
1683 4606 1814 4703 quia
1839 4636 2019 4695 nullus

435 4699 600 4759 homo
618 4712 876 4774 operatus
903 4716 990 4767 est
1031 4709 1089 4771 in
1117 4712 1340 4784 virgine,
1388 4718 1530 4775 unde
1558 4699 1719 4781 natus
1752 4732 1837 4781 est
1861 4725 2020 4784 Chri-

436 4797 578 4851 stus.
617 4792 740 4862 ipse
789 4802 877 4853 est
925 4797 1072 4861 enim
1117 4800 1260 4871 lapis
1303 4804 1371 4860 de
1398 4817 1581 4864 monte
1607 4812 1854 4873 abscisus
1898 4817 2019 4879 sine

433 4882 709 4979 manibus,
841 4893 945 4954 est,
990 4888 1197 4962 absque
1227 4895 1373 4953 coitu
1409 4906 1465 4954 et
1506 4902 1745 4962 humano
1786 4909 2012 4979 semine,

434 4971 503 5031 de
528 4973 780 5046 virginali
818 4984 997 5047 utcm,
1023 4984 1179 5053 Quasi
1210 4986 1276 5042 de
1310 4998 1495 5047 monte
1531 4993 1780 5054 humanae
1808 4971 2016 5058 naturae

432 5072 490 5121 et
521 5067 823 5127 substantia
847 5074 1028 5133 carnis
1052 5075 1314 5139 abscisus.
1358 5082 1466 5140 Sed
1506 5087 1624 5156 fons
1649 5092 1960 5147 ascendebat
1986 5111 2016 5151 e

433 5164 596 5225 terra,
625 5160 856 5234 irrigans
899 5167 1198 5228 universam
1245 5177 1573 5246 superﬁciem
1619 5190 1794 5239 terrae.
1847 5184 2016 5247 Terra

432 5256 609 5307 mater
653 5253 805 5345 virgo
834 5256 1049 5321 Domini
1096 5262 1267 5321 Maria
1286 5269 1587 5327 rectissime
1628 5274 1913 5345 accipitur,
1949 5278 2017 5336 da

433 5355 541 5411 qua
569 5343 829 5415 scriptum
860 5357 986 5408 est:
1018 5352 1304 5425 Aperiatur
1331 5367 1474 5415 terra
1519 5370 1571 5417 et
1612 5343 1863 5433 gemiinet
1892 5343 2015 5423 Sal-

430 5439 661 5487 sutorem
691 5433 827 5528 (lea.
856 5440 1004 5528 an).
1051 5444 1227 5514 Quam
1255 5454 1458 5505 terram
1500 5452 1749 5525 irrigavit
1778 5455 2017 5528 Spiritus

430 5529 675 5623 sanctus,
710 5526 805 5597 qui
845 5527 1012 5589 fontis
1044 5542 1102 5592 et
1149 5551 1305 5607 aquae
1354 5542 1573 5599 nomine
1616 5545 1672 5601 in
1721 5526 2017 5623 Evangelio

431 5613 786 5683 significatur.
821 5620 1095 5687 Formam
1137 5629 1298 5701 igitur
1322 5632 1466 5695 Deus
1489 5638 1750 5698 hominem
1779 5646 1845 5700 de
1874 5613 2015 5705 lituo

433 5710 607 5809 terre,
630 5706 687 5765 id
707 5720 810 5779 est,
835 5713 1007 5809 {auus
1028 5730 1105 5774 est
1134 5717 1397 5790 Christus,
1418 5724 1571 5796 juxta
1600 5735 1744 5803 quod
1773 5737 1851 5791 ait
1868 5740 2010 5809 Apo.

2134 1964 2334 2033 posuit.
2366 1963 2551 2033 Neque
2596 1965 2866 2023 ullatenus
2917 1966 3271 2027 dubitandum
3299 1978 3386 2025 est
3414 1972 3731 2041 paradisum

2138 2054 2195 2109 in
2245 2070 2354 2125 quo
2413 2056 2623 2125 positus
2668 2065 2752 2111 est
2799 2058 2962 2113 homo
3006 2058 3233 2128 primus,
3263 2066 3320 2115 et
3364 2061 3413 2116 si
3470 2061 3731 2119 Ecclesia

2133 2146 2437 2216 praesentis,
2468 2147 2553 2201 vel
2581 2146 2776 2203 futurae
2815 2148 3006 2218 patriae
3052 2157 3237 2220 typum
3271 2150 3445 2218 tenet,
3493 2154 3565 2209 ad
3608 2170 3731 2224 pls»

2132 2238 2420 2307 prietatem
2445 2238 2637 2295 litterae
2672 2239 3080 2312 intelligendum
3121 2258 3264 2309 esse,
3298 2242 3486 2303 locum
3525 2246 3732 2304 scilicet

2134 2330 2603 2396 amoenissimum,
2657 2329 2954 2391 fructuosis
3010 2334 3328 2393 nemoribus
3391 2347 3729 2409 Opacatum,

2132 2422 2490 2494 eamdemque
2531 2439 2784 2497 magnum
2807 2465 2823 2491 ,
2860 2432 2916 2480 et
2962 2440 3159 2497 magno
3210 2425 3362 2484 fonte
3412 2430 3727 2489 fecundum.

2131 2511 2239 2568 Pro
2265 2528 2332 2568 eo
2377 2521 2561 2570 autem
2591 2515 2737 2585 quod
2762 2523 2948 2573 nostra
2973 2517 3165 2584 editio,
3208 2533 3333 2589 qum
3358 2519 3428 2575 de
3456 2520 3729 2579 Hebraica

2129 2607 2363 2663 veritate
2390 2609 2649 2667 translata
2678 2617 2787 2677 est,
2814 2609 2981 2667 habet
3015 2629 3049 2666 a
3097 2613 3374 2684 principio,
3402 2614 3463 2670 in
3502 2617 3731 2687 antiqua

2128 2697 2483 2755 translatione
2495 2699 2732 2770 positum
2746 2708 2851 2766 est,
2865 2701 2934 2756 ad
2956 2703 3228 2759 orientem.
3248 2702 3323 2759 Ex
3347 2720 3461 2775 quo
3483 2707 3729 2765 nonnulli

2129 2789 2315 2844 volunt
2341 2790 2565 2861 intelligi
2584 2790 2730 2861 quod
2753 2792 2809 2847 in
2827 2792 3076 2848 orientali
3098 2802 3253 2862 parte
3278 2795 3427 2852 orbis
3456 2805 3726 2855 terrarum

2128 2878 2200 2934 sit
2227 2879 2378 2936 locus
2404 2881 2678 2951 paradisi,
2709 2882 2960 2953 quamvis
3001 2882 3321 2955 longissimo
3366 2887 3728 2959 interiacente

2130 2971 2325 3041 spatio,
2370 2972 2454 3028 vel
2490 2971 2716 3040 Oceani,
2754 2975 2841 3031 vel
2892 2984 3195 3045 terrarum,
3222 2994 3255 3034 a
3283 2980 3501 3037 cunctis
3547 2981 3725 3052 regio-

2128 3061 2308 3128 nibus,
2339 3078 2476 3134 quas
2508 3080 2651 3122 nunc
2680 3065 2977 3123 humanum
3008 3084 3179 3140 genus
3205 3069 3397 3127 incolit
3429 3082 3721 3128 secretum.

2131 3152 2284 3209 Unde
2310 3170 2410 3211 nec
2449 3172 2605 3226 aqua:
2634 3157 2842 3226 diluvii,
2883 3175 3004 3230 qum
3049 3168 3216 3217 totam
3243 3164 3415 3219 nostri
3456 3164 3615 3219 orbis
3641 3180 3727 3221 su-

2055 3223 2099 3286 C
2131 3244 2408 3315 perficient
2451 3223 2712 3307 altissime
2732 3223 3151 3319 conparuerunt,
3181 3252 3250 3307 ad
3276 3268 3402 3309 eum
3431 3256 3725 3325 pervenire

2130 3345 2441 3407 potuerunt.
2473 3337 2673 3397 Verum
2701 3341 2818 3399 sive
2842 3342 2939 3410 ibi,
2978 3358 3077 3398 seu
3109 3343 3237 3403 alibi
3263 3345 3358 3413 sit,
3392 3346 3542 3404 Deus
3564 3365 3723 3407 nove—

2131 3432 2223 3499 rit,
2246 3450 2344 3490 nos
2370 3442 2553 3491 tamen
2574 3435 2751 3493 locum
2794 3437 2938 3497 hunc
2965 3437 3155 3507 fuisse,
3185 3449 3241 3497 et
3267 3456 3390 3503 esse
3418 3451 3720 3512 terrenum,

2128 3524 2377 3582 dubitare
2404 3545 2513 3587 non
2534 3529 2679 3587 licet.
2714 3530 2957 3602 Denique
2978 3535 3333 3603 sequentibus
3357 3537 3547 3594 verbis
3578 3538 3724 3597 Scri-

2128 3625 2286 3689 ptura
2314 3619 2526 3690 plenius
2551 3621 2787 3679 qualiter
2814 3638 2943 3681 eum
2988 3626 3132 3683 Deus
3157 3625 3517 3698 plantavet'it,
3556 3644 3721 3702 03pm

2128 3710 2213 3765 nit
2238 3711 2427 3768 dicens
2454 3726 2469 3766 :

2197 3801 2561 3877 Produxitque
2591 3806 2847 3865 Dominus
2874 3809 3020 3867 Deus
3047 3812 3112 3869 de
3130 3813 3293 3870 busto
3329 3831 3487 3872 omne
3522 3815 3721 3889 ligus.

2124 3896 2404 3969 pulchrum
2424 3900 2558 3967 visu,
2590 3911 2641 3959 et
2668 3903 2738 3957 ad
2770 3905 3077 3960 vescendum
3100 3923 3294 3974 suave;
3328 3908 3534 3981 tignum
3561 3912 3718 3965 etiam

2124 3992 2246 4046 vitae
2292 3992 2348 4048 in
2376 3993 2551 4051 medio
2588 3996 2848 4067 paradisi,
2879 3997 3180 4073 lignumque
3226 4002 3463 4059 scientia
3505 4004 3630 4060 boni
3670 4014 3719 4061 α

2122 4080 2273 4137 mali.
2298 4081 2411 4139 Hoc
2434 4098 2501 4140 eo
2526 4084 2614 4141 die
2638 4085 2845 4144 factum
2887 4088 3228 4163 intelligitur,
3256 4108 3365 4165 quo
3405 4103 3463 4151 et
3510 4096 3715 4167 reliqua

2122 4174 2269 4248 ligna
2303 4175 2587 4235 fructifera
2610 4187 2756 4236 terra
2792 4181 2904 4238 Deo
2923 4180 3149 4251 iubente
3178 4187 3457 4257 produxit.
3495 4187 3715 4246 Sedbic

2123 4268 2248 4329 ideo
2286 4274 2597 4329 necessario
2624 4278 2910 4347 repetitur,
2935 4286 2997 4333 ut
3044 4281 3222 4350 qualis
3247 4284 3321 4339 sit
3361 4284 3519 4343 locus
3560 4302 3715 4358 para—

2121 4364 2225 4421 disi
2262 4380 2423 4425 nasse
2450 4382 2759 4438 possemus,
2810 4372 3047 4428 maxime
3091 4375 3219 4445 quia
3276 4376 3347 4432 de
3392 4377 3544 4450 ligno
3568 4380 3707 4444 vita,

2119 4455 2371 4528 lignoque
2410 4459 2651 4516 scientias
2695 4462 2825 4518 boni
2868 4471 2926 4519 et
2958 4464 3089 4520 mali
3136 4476 3257 4522 erat
3285 4469 3596 4540 specialiter
3630 4486 3689 4528 re

2120 4544 2423 4605 ferendum.
2481 4550 2540 4605 ln
2594 4566 2829 4622 quorum
2885 4569 2995 4612 uno
3048 4556 3255 4613 homini
3316 4560 3533 4631 signum
3589 4564 3708 4619 ohe

2121 4637 2337 4695 dientim
2378 4656 2542 4710 quam
2570 4644 2685 4701 Deo
2709 4645 2964 4715 debebat,
2993 4648 3051 4704 in
3097 4649 3269 4708 altero
3308 4665 3704 4712 nummatum

2118 4729 2245 4786 vitae
2258 4740 2492 4798 astaram,
2511 4748 2673 4803 quam
2691 4749 2791 4806 per
2808 4737 2981 4807 ipsam
3002 4740 3364 4799 obedientiam
3382 4755 3702 4812 mereretur,

2116 4822 2317 4880 inerat.
2359 4825 2429 4881 Et
2477 4827 2697 4897 quidem
2739 4828 2948 4902 lignum
2976 4832 3100 4889 vitae
3145 4834 3272 4891 inde
3317 4836 3549 4906 dictum,
3581 4840 3701 4911 quis

2117 4915 2262 4973 hanc
2280 4918 2562 4987 virtutem,
2582 4931 2643 4977 ut
2666 4921 2920 4991 diximus,
2937 4925 3193 4983 divinitus
3207 4931 3503 5000 acceperit,
3530 4941 3593 4989 ut
3616 4933 3701 5005 qui

2117 5024 2186 5067 ex
2213 5025 2283 5067 eo
2309 5013 2680 5083 manducaret,
2713 5030 2912 5088 corpus
2951 5016 3068 5088 ejus
3114 5021 3300 5077 stabili
3344 5025 3585 5082 sanitate
3620 5026 3701 5081 ﬁr-

2122 5111 2390 5172 maretur,
2420 5120 2597 5176 neque
2623 5107 2732 5163 ulla
2779 5124 3021 5181 unquam
3074 5111 3394 5173 inﬁrmium
3418 5117 3506 5174 vel
3547 5127 3699 5176 aetate

2117 5190 2176 5248 in
2215 5194 2461 5251 deterius
2503 5206 2826 5266 mutantur,
2859 5209 2956 5256 aut
2979 5202 3037 5259 in
3063 5218 3319 5262 occasum
3342 5210 3517 5265 etiam
3555 5209 3703 5267 labe-

2115 5295 2288 5341 retur.
2315 5286 2422 5344 Sed
2444 5289 2548 5346 hoc
2577 5291 2654 5347 ita
2679 5293 3036 5364 corporaliter
3066 5295 3272 5352 factum
3295 5306 3404 5367 est,
3434 5310 3496 5356 ut
3517 5316 3698 5359 sam-

2114 5379 2285 5435 menti
2315 5395 2530 5451 quoque
2557 5390 2701 5439 esset
2727 5383 2899 5455 ﬁgura
2943 5386 3260 5459 spiritualis,
3301 5391 3359 5448 id
3385 5400 3496 5462 est,
3520 5395 3616 5451 Dei
3644 5404 3697 5451 et

2115 5464 2333 5549 Domini
2361 5471 2533 5526 nostri
2566 5471 2693 5528 Iesu
2718 5472 2941 5541 Christi,
2964 5477 3033 5533 de
3073 5493 3182 5549 quo
3206 5480 3261 5535 in
3290 5480 3454 5543 laude
3479 5486 3695 5557 sapien-

2114 5542 2207 5614 tia:
2233 5560 2437 5617 dictum
2464 5571 2593 5618 est:
2637 5562 2861 5635 Ligstum
2900 5569 3016 5624 vita
3060 5542 3246 5627 alia.
3284 5574 3377 5644 qui

2112 5651 2285 5742 derint
2305 5671 2441 5710 eam.
2480 5656 2549 5711 Et
2568 5656 2624 5711 in
2653 5657 2975 5732 Apocalypsi
3003 5665 3175 5721 sancti
3217 5664 3445 5725 Joannis
3473 5670 3644 5742 inquit
3674 5689 3691 5727 :

2116 5741 2223 5808 Qui
2248 5745 2445 5814 vicerit,
2475 5746 2611 5802 dabo
2651 5748 2702 5803 ei
2739 5749 2890 5806 edere
2930 5753 2995 5811 de
3021 5754 3164 5826 ligno
3200 5757 3318 5814 vita
3342 5759 3488 5830 quod
3524 5741 3603 5817 ea
3636 5762 3692 5815 ε.

433 5796 622 5885 satius,
656 5818 723 5863 es
747 5807 943 5881 sentina
960 5808 1139 5890 David
1164 5815 1453 5877 “cu-diua
1477 5796 1685 5889 carnem
1714 5796 2008 5909 (Roma),

2130 5796 2367 5905 est.
2379 5796 2604 5907 ius;
2629 5796 3689 5941 Misiéiiiyﬂau
