3974 6474
306 363 412 424 477

1335 369 1690 431 COMMENT.
1728 370 1798 428 IN
1835 368 2160 428 CENESIII.
2199 403 2270 416 --
2305 374 2435 432 LIB.
2473 376 2518 433 l.

3478 383 3583 442 ‘78

303 487 411 556 Qui
437 488 634 545 vicerit
679 487 1033 548 tentationem
1078 491 1345 564 serpentis
1395 492 1642 563 antiqui,
1698 507 1730 548 a
1780 503 1889 564 quo
1913 488 1969 552 Δ
2065 487 2170 554 Qui
2213 489 2336 544 inde
2373 489 2627 546 dividitur
2651 492 2709 547 in
2737 501 2968 565 quatuor
2991 503 3166 566 capita
3201 511 3220 552 :
3273 511 3459 553 nomen
3488 499 3584 554 uni

303 583 486 640 victus
505 592 589 640 est
613 583 804 650 Adam,
824 585 962 642 dabo
987 587 1130 656 quod
1152 586 1380 642 daturus
1401 601 1574 650 eram,
1601 586 1645 643 si
1674 586 1888 655 vicerit,

305 675 462 743 Adae,
484 685 548 733 ut
571 676 825 748 praesenti
852 677 1062 734 visione
1099 678 1268 750 gloria
1294 679 1497 736 Christi
1541 682 1597 736 in
1625 687 1892 736 aeternum

305 769 608 836 reﬁcietur,
639 769 868 840 ideoque
896 771 1044 827 nullo
1087 772 1260 843 possit
1297 774 1516 829 incursu
1561 773 1756 829 mortis
1804 779 1891 827 at-

305 861 463 934 tingi.
507 861 610 930 Qui
640 862 900 918 videlicet.
919 862 1178 920 Dominus
1211 863 1477 932 Christus,
1518 865 1694 920 virtus
1721 871 1776 920 et
1805 877 1892 920 sa-

301 956 508 1026 pientia
553 955 649 1013 Dei
693 953 892 1023 Patris,
934 958 990 1012 in
1016 957 1266 1029 paradiso
1306 966 1391 1014 est
1432 958 1582 1031 regni
1627 957 1888 1022 cmlestis,

303 1061 466 1116 quem
515 1062 639 1104 cum
688 1049 903 1105 caeteris
953 1051 1157 1106 sanctis
1195 1050 1356 1106 etiam
1402 1050 1678 1106 conﬁtenti
1720 1066 1780 1106 se
1835 1050 1890 1105 in

303 1153 467 1194 cruce
497 1139 696 1195 latroni
741 1143 1060 1213 promittere
1108 1143 1363 1215 dignatus
1392 1151 1493 1199 est.
1527 1141 1786 1214 Sequitur
1832 1150 1893 1198 ut

301 1231 585 1289 videamus
615 1235 681 1290 de
722 1233 869 1307 ligno
909 1235 1150 1292 scientiae
1209 1237 1557 1307 dignoscendi
1597 1236 1800 1292 bonum
1837 1244 1892 1290 et

299 1323 524 1379 malum.
555 1323 784 1381 Prorsus
823 1334 880 1382 et
906 1326 1009 1383 hoc
1057 1327 1261 1400 lignum
1290 1335 1408 1384 erat
1433 1327 1644 1383 visibile
1681 1333 1738 1382 et
1765 1340 1890 1382 cor-

297 1417 486 1488 porale
505 1418 645 1473 sicut
666 1417 888 1474 arbores
912 1432 1138 1476 caeteras.
1165 1421 1317 1488 Quod
1347 1435 1476 1491 ergo
1493 1421 1696 1491 lignum
1722 1426 1890 1487 esset,

300 1523 408 1566 non
446 1519 532 1568 est
556 1513 934 1579 dubitandum,
967 1516 1189 1571 sed.cur
1214 1517 1317 1572 hoc
1359 1529 1558 1570 nomen
1595 1515 1888 1585 acceperit,

297 1605 706 1674 requirendum.
761 1606 888 1661 Mihi
924 1617 1103 1663 autem
1137 1609 1300 1663 etiam
1333 1623 1483 1678 aeque
1525 1602 1890 1662 consideranti

297 1694 401 1750 dici
448 1711 554 1750 non
583 1704 762 1766 potest
785 1707 1050 1769 quantum
1077 1700 1289 1770 placeat
1318 1700 1410 1754 illa
1435 1700 1736 1766 sententia,
1781 1714 1890 1754 non
1931 1709 1942 1725 ⁸

296 1784 465 1842 fuisse
502 1787 649 1843 illam
689 1791 939 1846 arborem
995 1792 1116 1848 cibo
1166 1776 1476 1848 obnoxiam.
1510 1793 1696 1863 Neque
1743 1793 1888 1848 enim

1973 614 1976 616 η
1996 576 2217 635 Phison.
2235 579 2479 649 Constat,
2509 585 2880 642 astruentibus
2907 587 3226 645 certissimis
3247 589 3579 656 auctoribus,

1993 671 2188 728 horum
2231 675 2475 730 omnium
2525 675 2826 745 ﬂuminum,
2855 693 2976 749 quae
3022 680 3089 735 de
3133 681 3386 751 paradiso
3429 682 3585 739 exire

1957 764 2325 834 'referuntur,
2368 766 2426 823 in
2473 777 2660 825 nostra
2691 778 2839 827 terra
2865 770 3044 830 fontes
3083 787 3208 831 esse
3250 781 3431 832 notos.
3456 773 3584 832 Phi-

1993 860 2141 916 sonis
2160 862 2399 932 quidem,
2427 878 2588 934 quem
2625 881 2771 924 nunc
2800 865 3022 940 Gangen
3051 867 3348 940 appellant,
3365 869 3421 924 in
3449 868 3584 927 locis

1992 951 2218 1009 Caucasi
2250 956 2468 1012 montis.
2513 956 2618 1011 Nili
2641 974 2791 1026 vero,
2821 976 2981 1030 quem
3005 961 3310 1032 Scriptura,
3347 973 3410 1020 ut
3437 963 3585 1020 dixi-

1990 1059 2135 1112 mus,
2158 1044 2307 1101 Geon
2334 1059 2628 1120 nuncupat,
2661 1068 2767 1108 non
2793 1054 2986 1123 procul
3017 1055 3086 1110 ab
3110 1055 3331 1110 Atlante
3375 1063 3582 1124 monte,

1993 1135 2085 1204 qui
2121 1143 2204 1193 est
2240 1138 2461 1194 ultimus
2499 1139 2696 1198 Africae
2741 1144 2810 1220 ad
2855 1145 3194 1202 occidentem
3225 1146 3366 1201 ﬁnis.
3411 1145 3586 1206 Porro

1993 1230 2172 1302 Tigris
2213 1243 2268 1290 et
2301 1233 2604 1306 Euphrates
2656 1238 2711 1294 in
2759 1238 3037 1297 Armenia.
3072 1243 3226 1299 Unde
3255 1243 3586 1300 credendum

1993 1332 2076 1380 est
2104 1325 2359 1395 quoniam
2386 1327 2537 1385 locus
2577 1331 2692 1402 ipse
2722 1333 2964 1402 paradisi
3004 1350 3034 1388 a
3062 1326 3371 1404 cognitione
3408 1335 3586 1394 homi-

1993 1437 2120 1476 num
2158 1432 2243 1478 est
2273 1425 2687 1493 remotissimus,
2717 1427 2844 1484 inde
2876 1434 3109 1498 quatuor
3139 1444 3405 1498 aquarum
3452 1444 3583 1500 par-

1993 1523 2077 1570 tes
2113 1516 2308 1585 dividi;
2341 1520 2435 1573 sed
2471 1533 2535 1574 ea
2565 1519 2818 1587 ﬁumina,
2847 1533 3078 1590 quorum
3107 1519 3285 1577 fontes
3312 1521 3426 1577 noti
3463 1535 3586 1578 esse

1992 1609 2264 1671 dicuntur,
2322 1610 2520 1666 alicubi
2567 1612 2683 1682 ipsa
2736 1613 2838 1667 sub
2885 1613 3070 1678 terris,
3102 1620 3158 1668 et
3202 1621 3326 1682 post
3376 1620 3585 1669 tractus

1991 1702 2325 1772 prolixarum
2357 1704 2658 1774 regionum,
2707 1705 2842 1760 locis
2881 1705 3002 1760 aliis
3029 1705 3295 1776 erupisse,
3323 1706 3416 1760 ubi
3463 1713 3582 1761 tan-

1996 1808 2160 1864 quam
2188 1796 2244 1850 in
2295 1796 2409 1851 suis
2437 1795 2677 1853 fontibus
2703 1799 2817 1854 noti
2855 1814 2978 1855 esse
3025 1799 3403 1869 perhibentur.
3447 1799 3586 1855 Nam

294 1881 390 1950 qui
437 1881 645 1938 fecerat
667 1884 822 1939 valde
867 1886 1010 1942 bona
1039 1888 1224 1942 omnia
1272 1887 1327 1943 in
1355 1888 1606 1958 paradiso
1636 1888 1888 1944 institue—
1917 1881 1967 1943 B
1994 1888 2098 1943 hoc
2150 1888 2325 1945 solere
2383 1891 2672 1947 nonnullas
2722 1907 2892 1962 aquas
2939 1891 3120 1949 facere
3177 1893 3300 1963 quis
3333 1891 3586 1962 ignorat?

294 1982 384 2028 rat
405 1973 609 2044 aliquid
656 1977 808 2041 mali,
853 1980 946 2033 sed
998 1979 1199 2033 malum
1250 1979 1422 2036 fuisse
1469 1982 1679 2037 homini
1711 1988 1889 2037 trans-

295 2067 580 2136 gressione
626 2071 898 2140 przecepti.
949 2070 1243 2141 Oportebat
1271 2080 1454 2127 autem
1504 2081 1564 2127 ut
1595 2074 1754 2128 homo
1790 2074 1890 2128 sub

296 2153 529 2213 Domino
578 2161 687 2215 Deo
735 2163 973 2230 positus,
1008 2163 1257 2219 alicunde
1305 2163 1708 2234 prohiberetur,
1753 2173 1813 2219 ut
1838 2165 1889 2219 ei

291 2255 636 2322 promerendi
689 2264 835 2312 esset
883 2259 1171 2314 Dominum
1207 2275 1364 2314 suum
1405 2261 1522 2330 ipsa
1557 2261 1730 2316 virtus
1761 2262 1891 2317 obe-

289 2342 532 2411 dientia,
583 2361 749 2416 quam
800 2365 1088 2418 possumus
1143 2352 1426 2408 verissime
1481 2353 1664 2408 dicere
1717 2354 1887 2409 solam

289 2451 416 2493 esse
439 2439 698 2496 virtutem
747 2443 896 2496 omni
947 2450 1214 2500 creaturae
1263 2444 1516 2500 rationali
1563 2445 1743 2516 agenti
1788 2446 1888 2501 sub

293 2526 389 2582 Dei
424 2538 720 2598 potestate;
753 2531 1101 2605 primumque
1130 2541 1278 2591 esset
1300 2542 1356 2590 et
1380 2538 1678 2592 maximum
1705 2545 1886 2592 tumo-

289 2619 367 2676 ris
392 2621 587 2677 vitinm
635 2624 703 2679 ad
732 2625 948 2680 ruinam
979 2640 1077 2681 sua
1123 2634 1394 2696 potestate
1423 2628 1559 2683 velle
1601 2629 1708 2693 uti,
1734 2628 1890 2698 cujus

283 2713 406 2768 vitii
428 2728 628 2775 nomen
656 2725 741 2773 est
775 2717 830 2772 in
864 2717 1199 2777 obedientia.
1242 2720 1359 2776 Non
1391 2729 1538 2777 esset
1564 2737 1716 2792 ergo,
1745 2723 1889 2778 unde

286 2819 349 2862 se
378 2807 659 2865 dominum
699 2809 863 2867 homo
892 2812 1092 2869 habere
1143 2814 1407 2886 cogitaret
1444 2823 1608 2886 atque
1637 2816 1884 2883 sentiret,

285 2897 395 2954 nisi
434 2899 486 2954 ei
515 2900 718 2972 aliquid
750 2903 1058 2974 iuberetur.
1089 2905 1270 2962 Arbor
1302 2906 1485 2976 itaque
1513 2923 1619 2963 non
1650 2906 1740 2962 illa
1769 2915 1890 2963 erat

283 2989 452 3059 mala,
486 2993 581 3048 sed
607 2994 874 3064 appellata
907 3005 993 3053 est
1031 2998 1273 3054 scientiae
1301 2999 1655 3070 dignoscendi
1684 3000 1887 3055 bonum

284 3091 342 3139 et
393 3083 648 3150 malum”
690 3087 818 3158 quia
867 3089 911 3144 si
956 3098 1178 3160 propter
1223 3091 1645 3161 prohibitionem
1684 3106 1750 3147 ex
1795 3089 1884 3146 illa

283 3174 452 3231 homo
478 3175 689 3244 ederet,
710 3178 764 3234 in
796 3179 886 3235 illa
920 3189 1038 3236 erat
1075 3183 1330 3255 praecepti
1373 3184 1554 3239 futura
1583 3191 1886 3255 transgres-

281 3268 402 3335 sio,
430 3269 487 3325 ln
533 3285 641 3342 qua
669 3273 833 3330 homo
861 3290 959 3346 per
981 3279 1414 3348 experimentum
1443 3293 1618 3349 poena:
1644 3280 1884 3335 disceret

283 3364 419 3434 quid
463 3374 609 3421 esset
636 3366 780 3423 inter
806 3369 1127 3426 obedientiaa
1171 3371 1371 3427 bonum
1411 3380 1466 3427 et
1508 3373 1885 3429 inobedientiae

281 3456 513 3513 malum.
543 3458 780 3518 Pminde
821 3469 875 3518 et
901 3463 1005 3519 hoc
1057 3480 1166 3521 non
1207 3466 1262 3520 in
1309 3465 1483 3538 ﬁgura
1512 3467 1746 3535 dictum,
1789 3469 1886 3524 sed

279 3563 415 3606 vere
435 3553 706 3624 quoddam
757 3554 962 3628 lignum
988 3558 1360 3630 accipiendum
1389 3569 1489 3625 est,
1541 3561 1629 3617 cui
1665 3578 1772 3618 non
1817 3563 1886 3621 de

281 3639 486 3709 fructu,
510 3645 598 3700 vel
625 3662 807 3718 pomo,
837 3650 980 3720 quod
1010 3650 1137 3707 inde
1165 3661 1500 3719 nasceretur,
1527 3655 1623 3710 sed
1669 3670 1736 3710 ex
1767 3655 1884 3726 ipsa

279 3747 346 3792 re
387 3751 588 3794 nomen
621 3739 937 3810 impositum
963 3752 1080 3810 est,
1105 3759 1224 3815 quae
1245 3787 1260 3813 ,
1293 3745 1384 3802 illo
1424 3755 1614 3803 contra
1653 3748 1882 3804 vetitum

279 3837 457 3897 tacto,
484 3829 663 3888 fuerat
698 3843 969 3892 secutura.

353 3919 428 3975 Et
454 3921 649 3992 ﬂuvius
694 3925 1056 3996 egrediebatur
1083 3929 1147 3986 de
1189 3929 1301 3987 loco
1331 3932 1612 4006 voluptatis
1653 3934 1723 3989 ad
1761 3931 1884 3988 irri-

279 4012 518 4084 gandum
567 4017 898 4088 paradisum,
941 4021 996 4078 id
1025 4030 1126 4090 est,
1169 4023 1315 4094 ligna
1346 4026 1437 4081 illa
1465 4025 1692 4097 pulchra
1719 4034 1882 4097 atque

279 4103 580 4175 fructuosa,
621 4123 744 4180 qua:
792 4126 1007 4169 omnem
1049 4122 1256 4172 terram
1294 4119 1534 4190 regionis
1581 4119 1724 4176 illius
1751 4133 1883 4190 opa—

279 4196 498 4254 cabant.
547 4199 702 4269 Quod
729 4217 797 4259 eo
843 4202 1045 4261 factum
1094 4207 1265 4265 fuisse
1309 4210 1500 4266 ordine
1549 4213 1881 4273 credendum

279 4297 387 4358 est,
409 4292 597 4363 quoin
639 4291 761 4361 hac,
799 4309 964 4366 quam
994 4313 1094 4354 nos
1139 4293 1426 4358 incelimus
1467 4311 1694 4372 terram,
1726 4305 1880 4364 Nilus

277 4378 440 4456 plana
471 4386 664 4459 irrigat
692 4385 939 4461 Egypti.
975 4389 1132 4449 Unde
1153 4393 1300 4464 quod
1331 4402 1387 4450 et
1409 4411 1572 4468 supra
1596 4399 1879 4470 posuimus

279 4479 485 4537 dictum
505 4491 590 4538 est
609 4484 674 4539 de
707 4492 857 4540 terra
894 4485 1276 4557 Sodomorum,
1299 4506 1420 4562 quae
1451 4493 1708 4550 universa
1747 4495 1876 4551 irri-

278 4571 510 4643 gabatur
551 4575 694 4630 sicut
722 4577 1010 4648 paradisus
1051 4577 1304 4648 Domini,
1337 4593 1392 4638 et
1414 4583 1556 4640 sicut
1583 4585 1869 4658 Egyptus.

1898 4626 1952 4690 D

1995 1979 2100 2036 Sed
2133 1982 2202 2036 ibi
2237 1984 2340 2038 hoc
2369 1983 2560 2048 scitur,
2611 1984 2701 2039 ubi
2744 2000 2851 2040 non
2881 1985 2971 2040 diu
3007 1986 3107 2041 sub
3133 1985 3298 2041 terris
3331 1991 3580 2040 currunt.

1992 2072 2236 2144 Denique
2265 2075 2454 2131 eadem
2502 2077 2618 2146 ipsa
2645 2075 2870 2131 flumina
2898 2076 3108 2147 Tigrin,
3160 2076 3476 2146 Euphraten
3528 2081 3585 2130 et

1991 2166 2171 2221 Nilum
2213 2166 2395 2222 ferunt
2432 2168 2676 2224 historici
2723 2167 3001 2238 plerisque
3029 2169 3084 2222 in
3133 2167 3269 2223 locis
3301 2175 3446 2221 terra
3483 2163 3582 2220 ab-

1991 2261 2154 2328 sumi,
2177 2268 2232 2314 et
2261 2259 2540 2330 aliquanto
2577 2260 2930 2331 interjacente
2956 2261 3132 2331 spatio
3173 2273 3365 2314 rursus
3408 2271 3585 2313 emer-

1990 2355 2196 2426 gentia,
2239 2353 2461 2409 solitum
2501 2368 2663 2423 agere
2694 2370 2934 2410 cursum.
2986 2353 3142 2420 Quod
3187 2353 3356 2410 etiam
3404 2351 3584 2421 ipsum

1991 2445 2254 2502 Dominus
2307 2447 2376 2502 ad
2414 2448 2673 2503 indicium
2711 2446 2896 2503 facere
2937 2446 3244 2503 credendus
3299 2451 3386 2500 est
3439 2442 3584 2498 illius

1988 2553 2203 2605 cursus,
2231 2554 2340 2610 quo
2366 2540 2484 2595 haec
2512 2540 2580 2595 ad
2609 2554 2709 2596 nos
2741 2540 2809 2596 de
2838 2539 3094 2610 paradiso
3118 2551 3218 2608 per
3259 2534 3586 2592 occultiores

1989 2637 2152 2684 terra:
2189 2630 2340 2685 sinus
2363 2645 2638 2701 venasque
2664 2630 2940 2703 longiores
2981 2635 3202 2686 exeunt.
3247 2626 3580 2696 interpreta-

1987 2731 2081 2778 tur
2107 2732 2290 2780 autem
2333 2724 2538 2782 Phison
2566 2726 2673 2780 oris
2702 2727 2949 2793 mutatio,
2985 2726 3100 2780 sive
3145 2739 3205 2778 os
3234 2720 3480 2793 pupillas;
3526 2726 3586 2775 et

1988 2826 2158 2883 recte,
2187 2817 2315 2888 quia
2362 2819 2621 2875 nimirum
2661 2819 2824 2874 aliam
2855 2818 2913 2875 in
2943 2825 3129 2874 nostra
3159 2826 3304 2872 terra
3351 2813 3584 2884 gratiam

1975 2908 2167 2975 faciei,
2201 2911 2253 2965 id
2284 2919 2386 2978 est,
2426 2912 2677 2968 viliorem
2704 2911 2895 2979 multo,
2923 2925 3087 2982 quam
3113 2897 3168 2965 in
3193 2905 3451 2981 paradiso
3477 2903 3580 2960 ha-

1986 3001 2103 3067 bet,
2131 3003 2392 3058 ostendit.

2058 3095 2181 3168 Ipse
2216 3105 2291 3152 est
2336 3098 2428 3170 qui
2475 3098 2664 3153 circuit
2714 3113 2918 3153 omnem
2958 3106 3154 3152 terram
3197 3091 3410 3148 Evilah.
3453 3088 3582 3145 Haec

1989 3197 2073 3246 est
2099 3189 2266 3246 india:
2293 3191 2461 3262 regio,
2495 3205 2693 3247 nomen
2736 3189 2865 3246 inde
2895 3189 3124 3255 habens,
3155 3185 3298 3257 quod
3327 3197 3582 3256 possessa

1913 3254 1960 3319 Ο
1991 3284 2062 3339 sit
2087 3291 2211 3356 post
2264 3254 2520 3340 diluvium
2567 3283 2636 3338 ab
2686 3282 2877 3338 Evilah
2927 3280 3038 3337 ﬁlio
3087 3254 3299 3343 .lectan,
3332 3254 3438 3347 qui
3480 3274 3584 3329 fuit

1989 3375 2131 3430 ﬁlius
2161 3374 2339 3432 Heber
2389 3375 2716 3445 patriarchae
2765 3372 3137 3430 Hebrmornm.
3190 3369 3364 3437 Quem
3413 3364 3580 3421 etiam

1986 3464 2254 3538 Iosephus
2309 3465 2478 3520 refert
2527 3481 2650 3521 cum
2711 3464 2969 3520 fratribus
2999 3461 3112 3518 suis
3155 3475 3187 3515 a
3230 3457 3452 3514 ﬂumine
3477 3454 3580 3512 Ce—

1984 3559 2163 3630 phene
2206 3565 2263 3614 et
2295 3557 2515 3629 regione
2566 3556 2730 3613 india:
2771 3569 2944 3626 usque
2980 3553 3049 3611 ad
3088 3554 3267 3610 locum
3305 3563 3432 3607 eum
3484 3547 3581 3621 qui

1987 3651 2292 3723 appellatur
2325 3649 2508 3705 Hier-ia
2546 3649 2874 3722 possedisse.

2061 3745 2160 3801 Ubi
2185 3747 2422 3801 nascitur
2439 3761 2651 3809 aurum,
2688 3754 2735 3799 et
2765 3756 2952 3798 aurum
2979 3751 3132 3797 terrm
3154 3737 3303 3794 illius
3323 3735 3578 3808 optimum

1983 3848 2080 3896 est.
2119 3838 2185 3895 Et
2213 3838 2420 3894 Plinius
2455 3837 2738 3894 Secundus
2768 3842 2957 3890 narrat
2992 3833 3156 3888 ludite
3182 3829 3435 3902 regiones
3459 3825 3578 3881 auri

1983 3930 2141 3987 venis
2171 3943 2284 4002 prae
2305 3929 2518 3986 caeteris
2565 3927 2842 3984 abundare
2883 3924 3066 3980 terris.
3102 3921 3256 3978 Unde
3298 3928 3354 3976 et
3389 3915 3579 3973 insulas

1983 4037 2173 4080 eorum
2203 4021 2391 4100 χρῦσα
2416 4028 2472 4076 et
2489 4019 2710 4098 ἀργυρὰ,
2729 4033 2760 4075 a
2781 4016 2937 4089 copia
2967 4014 3086 4072 auri
3104 4014 3219 4072 sive
3240 4008 3452 4084 argenti
3481 4021 3577 4066 vo-

1984 4114 2176 4174 cabula
2205 4121 2572 4187 sumpserunt.
3353 4175 3366 4189 ’

2055 4208 2239 4280 Ibique
2265 4208 2532 4264 inuenitur
2551 4201 2807 4261 bdellium
2828 4209 2879 4260 et
2913 4201 3048 4276 lapis
3080 4197 3389 4272 onychinus.
3416 4193 3575 4252 Bdel-

1981 4300 2114 4357 lium
2143 4305 2258 4368 est,
2307 4307 2369 4355 ut
2416 4299 2558 4356 idem
2593 4296 2803 4354 Plinius
2849 4294 2996 4359 dicit,
3031 4293 3196 4349 arbor
3240 4288 3583 4355 aromatica,

1981 4395 2164 4452 colore
2210 4393 2386 4466 nigra,
2441 4391 2814 4464 magnitudine
2855 4387 3029 4454 olivae,
3065 4393 3122 4442 et
3153 4384 3282 4442 folio
3338 4381 3576 4457 roboris,

1981 4485 2270 4560 fructuque
2293 4489 2601 4559 capriﬁcus,
2635 4484 2806 4558 ipsius
2846 4491 3042 4538 natura
3072 4495 3194 4552 quae
3215 4477 3442 4551 gummi.
3478 4475 3576 4531 Est

1981 4590 2162 4639 autem
2186 4582 2425 4654 lacryma
2448 4580 2567 4650 ejus
2587 4578 2764 4634 lucida
2782 4617 2796 4643 ,
2821 4573 3124 4635 subalbida,
3150 4570 3302 4636 levis,
3335 4567 3572 4640 pinguis,

273 4663 344 4718 Et
389 4666 614 4735 provida
639 4669 826 4739 utique
853 4671 1208 4742 dispositione
1240 4675 1504 4732 Dominus
1534 4693 1597 4733 ac
1624 4681 1874 4737 conditor
1900 4663 1952 4690 ³³
1978 4677 2175 4736 cereali
2200 4677 2426 4748 liquore,
2455 4682 2510 4730 et
2534 4685 2655 4744 quae
2683 4669 2840 4726 facile
2874 4665 3166 4731 molliatur,
3187 4671 3345 4736 gustu
3366 4675 3571 4727 amara,

273 4770 461 4811 rerum
491 4757 550 4814 in
595 4769 784 4816 nostro
822 4762 954 4818 orbe
999 4762 1170 4819 voluit
1209 4764 1411 4821 habere
1463 4766 1870 4826 similitudinem

271 4847 592 4905 nonnullam
638 4853 833 4923 patrias
879 4855 1048 4922 illius,
1075 4859 1144 4912 ad
1185 4873 1348 4928 quam
1402 4859 1786 4929 possidendam
1814 4863 1871 4919 in

268 4940 454 5008 primo
507 4954 734 5013 parente
784 4947 956 5003 creati
991 4963 1200 5016 sumus,
1231 4958 1293 5004 ut
1345 4951 1413 5006 ad
1450 4955 1870 5022 promerendum

269 5032 394 5104 ejus
446 5036 684 5095 reditum
729 5039 798 5096 de
832 5041 1017 5099 vicino
1056 5059 1155 5100 nos
1210 5045 1530 5102 admoneret
1583 5048 1829 5121 exemplo
1850 5091 1866 5117 ,

269 5129 514 5186 maxime
539 5147 608 5188 ex
651 5131 874 5190 flumine
902 5135 1032 5202 .illo,
1079 5137 1221 5206 quod
1253 5136 1319 5192 de
1363 5139 1621 5208 paradiso
1651 5146 1868 5195 constat

268 5233 550 5283 emanare.
578 5227 732 5285 Nilus
768 5239 1006 5301 namque
1034 5231 1128 5302 qui
1158 5231 1350 5302 irrigat
1373 5231 1698 5304 Egyptum,
1751 5234 1867 5304 ipse

267 5327 354 5376 est
393 5319 568 5388 Geon,
593 5323 688 5394 qui
721 5323 774 5377 in
801 5325 1154 5394 sequentibus
1193 5325 1261 5381 de
1289 5325 1542 5395 paradiso
1570 5326 1868 5396 procedere

267 5422 628 5470 memoratur.
659 5414 813 5471 Sicut
833 5416 1000 5471 etiam
1029 5417 1234 5473 eversis
1260 5418 1469 5474 eisdem
1499 5417 1862 5474 Sodomorum

265 5503 606 5574 civitatibus,
635 5522 756 5578 qua:
789 5509 1059 5577 quondam
1087 5516 1148 5564 ut
1168 5510 1452 5581 paradisus
1488 5510 1702 5565 Domini
1739 5511 1867 5566 irri-

267 5603 558 5674 gabantnr,
603 5601 909 5672 exemplum
937 5614 1148 5668 eorum,
1176 5603 1270 5674 qui
1311 5603 1476 5674 impie
1503 5603 1678 5659 acturi
1717 5612 1862 5672 sunt,

266 5694 476 5766 posuit,
521 5701 584 5750 ut
614 5695 841 5766 vestigia
871 5693 1195 5766 perditionis
1237 5695 1506 5750 malorum
1559 5695 1864 5753 certissima

268 5784 324 5840 in
375 5786 579 5843 mundo
623 5787 906 5858 habentes,
933 5786 1246 5862 vigilantius
1280 5795 1483 5846 atema
1536 5799 1866 5866 eorumﬂtor-

266 5891 458 5942 menta
481 5881 810 5959 fugeremus.

1979 4771 2163 4828 odoris
2195 4768 2345 4832 boni,
2400 4765 2496 4822 sed
2532 4763 2659 4819 vino
2689 4759 2910 4833 perfusa
2961 4755 3258 4822 odoratior,
3311 4752 3464 4824 cujus
3517 4758 3575 4807 et

1977 4861 2114 4918 liber
2169 4859 2534 4915 Numerorum
2569 4853 2857 4912 meminit:
2887 4851 3021 4907 Erat
3067 4859 3262 4914 autem,
3293 4844 3570 4916 inquiens,

1977 4971 2104 5010 man
2138 4953 2290 5026 quasi
2319 4965 2495 5007 semen
2523 4948 2823 5013 coriandri,
2869 4945 3059 5000 coloris
3085 4941 3262 4998 bdellii
3288 4939 3477 5012 (Num.
3504 4936 3570 5009 ι),

1979 5046 2036 5103 id
2071 5056 2174 5113 est,
2229 5043 2394 5099 lucidi
2443 5050 2498 5098 et
2528 5039 2816 5098 subalbidi.
2857 5037 3011 5110 Onyx
3068 5043 3249 5090 autem
3299 5031 3438 5101 lapis
3487 5035 3573 5087 est

1973 5142 2265 5215 pretiosus,
2313 5139 2439 5196 inde
2487 5137 2787 5210 appellatus
2839 5138 2982 5206 quod
3011 5132 3176 5190 habet
3226 5131 3279 5185 in
3331 5144 3389 5185 se
3438 5142 3567 5198 per-

1973 5235 2197 5290 mistum
2223 5232 2536 5299 candorem,
2566 5233 2621 5286 in
2653 5228 3063 5286 similitudinem
3087 5223 3283 5296 unguis
3317 5223 3565 5281 humani.

1973 5327 2149 5385 Graeci
2179 5328 2324 5383 enim
2359 5342 2594 5399 unguem
2637 5326 2823 5381 dicunt
2847 5321 3135 5394 onychem.
3165 5318 3320 5374 Hunc
3347 5325 3403 5374 et
3430 5316 3566 5374 Ara—

1971 5421 2061 5480 bia
2093 5421 2280 5493 gignit,
2327 5421 2421 5478 sed
2452 5419 2668 5476 Indicus
2723 5415 2984 5488 igniculos
3033 5413 3215 5480 habet,
3267 5411 3405 5470 aibis
3450 5409 3566 5467 cin-

1970 5513 2222 5586 gentibus
2244 5513 2416 5570 zonis.
2448 5511 2716 5567 Arabicus
2757 5515 2935 5565 autem
2983 5505 3136 5578 niger
3176 5510 3259 5562 est
3287 5518 3410 5561 cum
3436 5517 3564 5560 can-

1970 5605 2225 5663 dentibus
2268 5605 2440 5662 zonis.
2493 5603 2729 5672 Antiqua
2788 5599 3072 5656 translatio
3121 5613 3222 5672 pro
3266 5598 3354 5654 his
3394 5598 3564 5654 habet

1927 5725 1930 5730 ι
1969 5695 2346 5754 carbunculum
2381 5703 2430 5750 et
2480 5692 2706 5764 lapidem
2741 5693 3034 5763 prasinum.
3083 5689 3183 5746 Est
3226 5697 3405 5745 autem
3441 5701 3561 5742 car-

1966 5789 2250 5854 bunculus,
2273 5788 2414 5844 sicut
2442 5796 2496 5844 et
2518 5786 2734 5842 nomine
2758 5785 2970 5856 probat,
2998 5783 3136 5855 lapis
3169 5781 3311 5856 ignei
3339 5779 3556 5846 celaris,

1967 5884 2060 5959 qui
2083 5881 2260 5942 noctis
2284 5895 2500 5956 quoque
2522 5881 2775 5940 tenebras
2808 5877 3083 5938 illustrare
3099 5873 3436 5953 perhibetur.
3457 5869 3562 5956 Est
