3974 6446
443 350 551 409 479

1087 342 1150 399 Β.
1189 338 1445 398 RABANI
1482 336 1702 398 MAURI
1737 332 2060 394 ARCHIEP.
2101 329 2410 390 MOGUNT.
2451 330 2737 391 OPERUM
2773 331 2954 391 PARS
2987 331 3029 389 I.

3617 335 3722 394 480

443 465 580 538 lapis
619 460 874 535 prasinus
922 458 1206 517 viridantis
1248 464 1514 529 aspectus.
1539 453 1692 512 Unde
1734 461 1791 510 et
1835 452 2021 508 Graece
2047 446 2102 509 A
2124 444 2266 514 lum;
2290 447 2356 502 de
2378 461 2506 519 quo,
2529 447 2643 520 qui,
2675 446 2860 505 relicta
2881 447 2977 505 Dei
3001 445 3176 519 gratia
3198 447 3522 520 gustaverit,
3544 459 3726 508 nume

445 574 477 614 a
517 571 682 629 porro
701 597 718 625 ,
760 555 905 627 quod
932 554 1074 626 apud
1097 567 1192 610 eos
1210 553 1413 629 πράσον
1447 550 1663 616 dicitur,
1693 563 1890 607 nomen
1933 562 2027 604 ac-

446 650 611 721 cepit.

514 762 586 818 Et
608 777 795 818 nomen
822 759 982 833 ﬂuvio
1011 759 1239 816 secundo
1265 754 1410 815 Geon
1437 772 1457 812 :
1487 758 1598 829 ipse
1617 756 1805 829 estqui
1843 753 2029 812 circuit

443 871 648 911 omnem
673 864 869 911 terram
893 853 1203 921 £thiopiw,
1221 853 1693 924 et-intcrpretatur
1710 858 1889 923 pectus
1915 849 2031 906 sive

442 957 792 1020 prteruptum.

534 1057 744 1114 Nomen
774 1047 915 1116 'vero
973 1060 1208 1132 ﬂuminis
1258 1061 1398 1116 tertii
1451 1058 1626 1133 Tigris
1672 1075 1691 1116 :
1731 1059 1840 1132 ipse
1887 1057 2030 1115 vadit

369 1207 379 1214 ,
442 1161 627 1209 contra
679 1153 945 1225 Assyrios.
1001 1155 1242 1211 Vocatur
1306 1170 1520 1227 quoque
1572 1154 1750 1228 Tigris
1806 1161 2032 1228 propter

441 1246 785 1303 velocitatem
809 1289 825 1316 ,
880 1247 1055 1304 instar
1093 1247 1281 1305 bestia:
1317 1250 1484 1305 nimia
1529 1248 1850 1321 pernicitate
1901 1263 2030 1305 cur-

441 1338 634 1396 rentis.

515 1473 740 1534 Flauius
784 1486 957 1534 autem
1007 1487 1226 1551 quartus
1270 1479 1378 1551 ipse
1427 1487 1503 1535 est
1551 1478 1868 1551 Euphrates.
1923 1478 2032 1534 Eu-

445 1569 669 1640 phrates
714 1585 844 1627 vero
896 1571 1285 1642 interpretatur
1331 1572 1555 1644 frugifer
1605 1572 1719 1629 sive
1770 1588 2025 1628 crescens.

440 1657 650 1716 Idcirco
682 1661 750 1718 de
795 1661 1071 1733 Euphrate
1112 1665 1204 1719 ubi
1233 1663 1412 1730 vadat,
1468 1679 1670 1734 quasve
1715 1673 1892 1721 terras
1921 1664 2031 1720 cir-

442 1762 677 1821 cumeat,
716 1769 824 1808 non
864 1755 1014 1821 dicit,
1071 1757 1198 1826 quia
1255 1757 1370 1826 ipse
1418 1757 1474 1812 in
1526 1758 1708 1814 vicino
1752 1757 2028 1829 profluens

438 1849 598 1898 terra:
635 1845 1094 1915 repromissionis,
1124 1845 1379 1904 facillime
1401 1865 1432 1904 a
1459 1850 1656 1921 pepulo
1692 1850 1852 1907 Israel
1875 1893 1888 1918 ,
1931 1851 2026 1922 qui

438 1935 636 1992 ibidem
663 1937 871 2008 positus
898 1938 1015 1994 haec
1043 1938 1280 1996 lecturus
1315 1949 1453 2008 erat,
1482 1949 1696 2011 poterat
1716 1942 1863 1998 sciri.
1891 1940 2028 2009 Quia

437 2043 570 2084 vero
614 2044 713 2100 per
739 2046 908 2100 aquas
959 2034 1385 2103 regeneratrices
1433 2049 1712 2108 regressus
1756 2036 1913 2092 nobis
1961 2035 2048 2091 ad-

439 2120 680 2177 coelestia
726 2130 894 2194 patet,
931 2126 1178 2196 congruit
1231 2126 1366 2182 satis
1395 2126 1782 2197 dispensationi
1834 2127 2030 2183 divinae

435 2212 675 2282 pietatis,
709 2222 770 2270 ut
798 2217 975 2286 ipsum
995 2218 1323 2275 elementum
1351 2233 1449 2290 per
1468 2221 1611 2290 quod
1635 2219 1702 2273 ad
1736 2234 2025 2288 supernam

436 2307 669 2378 patriam
715 2310 1044 2378 reducimur,
1077 2313 1236 2370 nobis
1259 2313 1330 2368 sit
1362 2328 1485 2368 cum
1519 2313 1792 2384 paradiso,
1819 2313 1876 2367 in
1919 2327 2028 2382 quo

434 2399 647 2470 positus
675 2408 760 2456 est
779 2402 941 2459 homo
985 2405 1216 2474 primus,
1246 2421 1550 2472 commune,
1597 2415 1651 2460 et
1685 2407 1825 2462 sicut
1853 2407 2033 2478 gratia

436 2502 537 2544 nos
567 2503 822 2548 recreans
855 2493 1201 2550 invisibiliter
1241 2497 1393 2568 regni
1445 2497 1684 2554 caelestis
1722 2498 2027 2569 ingressum

435 2591 726 2652 praeparat,
751 2583 828 2639 ita
867 2585 1030 2640 etiam
1075 2587 1419 2643 invisibiliter
1447 2589 1517 2643 ad
1548 2599 1798 2646 nostrum
1837 2591 2026 2646 orbem

434 2669 505 2727 de
524 2673 777 2743 paradiso
804 2690 903 2746 per
937 2685 1097 2734 terra:
1123 2693 1291 2734 venas
1319 2680 1454 2750 ipsa,
1485 2696 1585 2751 per
1610 2695 1772 2751 quam
1798 2696 1898 2738 nos
1939 2696 2028 2738 re-

433 2768 782 2832 creat,-unda
807 2769 1073 2839 prosiliat.
1105 2769 1169 2826 Si
1195 2787 1324 2842 ergo
1371 2773 1590 2842 spiritus
1648 2774 1738 2828 ubi
1767 2772 1873 2828 vult
1914 2773 2026 2844 spi-

434 2863 537 2919 rat,
576 2866 626 2911 et
676 2875 849 2915 uocem
875 2862 994 2932 ejus
1022 2862 1211 2931 audis,
1242 2864 1334 2918 sed
1364 2880 1470 2920 non
1514 2866 1616 2920 scis
1667 2865 1806 2920 unde
1855 2866 2027 2920 veniat

434 2953 528 2998 aut
571 2963 673 3018 quo
702 2951 857 3004 vadat
899 2951 1085 3024 (Joan.
1145 2954 1264 3025 ιιι),
1318 2956 1398 3012 sic
1450 2956 1613 3012 etiam
1685 2957 1910 3013 decebat
1967 2964 2028 3013 ut

434 3049 596 3106 aqua,
638 3053 758 3108 quae
790 3055 885 3099 eos
909 3057 1044 3113 quos
1072 3045 1189 3100 vult
1217 3045 1454 3118 Spiritus
1477 3046 1803 3114 sanctiﬁcat,
1825 3047 2028 3120 ignotis

434 3127 506 3181 ad
531 3141 631 3184 nos
661 3130 765 3186 viis
786 3132 852 3210 de
876 3136 1132 3205 paradiso
1161 3137 1431 3206 adveniat,
1462 3147 1518 3195 et
1553 3141 1621 3196 ad
1647 3139 1834 3211 ignota
1870 3141 2028 3197 nobis

2133 539 2416 596 morietur.

2223 631 2367 688 Tulit
2417 650 2538 708 ergo
2583 635 2840 692 Dominus
2894 634 3036 693 Deus
3078 635 3338 693 hominem
3391 653 3550 710 quem
3610 637 3721 708 for-

2130 736 2365 782 maverat
2388 767 2406 794 ,
2455 736 2504 783 et
2541 729 2715 800 posuit
2767 745 2885 784 eum
2929 730 2984 783 in
3033 729 3283 800 paradiso
3325 729 3620 802 uoluptatis
3665 738 3724 785 at

2133 831 2436 895 operaretur
2453 831 2500 878 et
2531 823 2816 879 custodiret
2842 822 3014 878 illum.
3041 821 3124 878 Ad
3150 839 3274 879 eum
3300 823 3523 880 videtur
3552 824 3724 896 respi-

2132 928 2257 970 cere
2294 913 2492 982 locum,
2518 915 2574 972 in
2601 930 2708 987 quo
2737 915 3103 986 supradictum
3128 924 3214 972 est
3237 935 3250 971 :
3273 915 3447 972 Homo
3471 933 3582 973 non
3611 929 3723 973 an:

2130 1008 2221 1079 qui
2247 1016 2551 1079 operaretur
2569 1016 2783 1062 terram.
2807 1007 3007 1063 Verum
3031 1023 3130 1064 nos
3150 1015 3204 1063 et
3225 1008 3280 1062 in
3311 1007 3474 1077 hujus
3505 1009 3725 1081 exposi-

2134 1101 2280 1157 tione
2309 1101 2482 1168 verbi,
2524 1101 2665 1157 dicta
2714 1101 2887 1158 sancti
2930 1099 3110 1157 Patris
3149 1101 3438 1175 Augustini
3490 1117 3726 1173 expona-

2133 1210 2255 1250 mus
2281 1212 2294 1248 :
2325 1194 2479 1262 Quod
2505 1203 2840 1267 operaretur,
2873 1195 3080 1267 inquit,
3115 1195 3196 1250 vel
3227 1195 3358 1265 quid
3387 1195 3726 1250 custodiret?

2134 1287 2379 1358 nunquid
2409 1285 2548 1342 forte
2586 1286 2974 1358 agriculturam
3006 1285 3267 1341 Dominus
3307 1285 3483 1341 voluit
3512 1287 3726 1356 operari

2133 1379 2366 1450 primum
2396 1378 2702 1435 hominem?
2739 1378 2822 1434 An
2868 1395 2977 1435 non
3021 1386 3105 1434 est
3138 1377 3394 1434 credibile
3424 1378 3575 1448 quod
3604 1392 3728 1432 eum

2135 1478 2262 1526 ante
2304 1477 2586 1542 peccatum
2627 1469 2968 1526 damnaverit
3017 1469 3087 1524 ad
3131 1467 3410 1524 laborem?
3462 1468 3547 1522 Ita
3601 1482 3729 1523 sane

2133 1565 2544 1630 arbitraremur,
2585 1563 2690 1618 nisi
2736 1562 3044 1619 videremus
3091 1576 3214 1616 cum
3269 1568 3417 1615 tanta
3447 1559 3729 1630 voluptate

2135 1659 2301 1714 animi
2333 1656 2617 1730 agricolari
2651 1655 2932 1726 quosdam,
2966 1663 3025 1709 ut
3074 1654 3154 1710 eis
3199 1669 3395 1722 magna
3451 1667 3616 1723 pmna
3661 1652 3732 1708 sit

2135 1752 2262 1808 inde
2314 1753 2380 1807 ad
2419 1752 2564 1806 aliud
2609 1749 2847 1806 evocari.
2906 1748 3178 1820 Quidquid
3227 1763 3357 1820 ergo
3405 1747 3728 1804 deliciarum

2055 1834 2103 1895 B
2133 1844 2296 1900 habet
2323 1843 2676 1915 agricultura,
2709 1849 2839 1896 tunc
2876 1841 3063 1912 utique
3104 1841 3264 1912 longe
3306 1841 3546 1912 amplius
3589 1849 3727 1905 erat,

2131 1938 2346 2008 quando
2373 1937 2508 1992 nihil
2549 1936 2832 1992 accidebat
2863 1937 2950 1990 vel
2975 1943 3154 2001 terrm,
3199 1935 3285 1990 vel
3315 1935 3457 1990 caelo
3484 1935 3723 1990 adversi.

2130 2029 2248 2085 Non
2277 2031 2421 2085 enim
2467 2037 2586 2085 erat
2632 2027 2835 2084 laboris
2881 2025 3122 2094 afﬂictio,
3153 2027 3246 2082 sed
3277 2026 3610 2082 exhilaratio
3635 2042 3731 2081 vo-

2129 2121 2373 2187 luntatis,
2400 2137 2524 2177 cum
2559 2136 2622 2176 ea
2645 2136 2766 2192 qua:
2792 2119 2933 2174 Deus
2959 2126 3261 2185 creaverat,
3291 2119 3519 2173 humani
3551 2117 3732 2188 operis

2130 2213 2398 2285 adiutorio
2426 2213 2602 2268 laetius
2623 2212 2964 2283 feraciusque
2998 2211 3365 2284 provenirent,
3397 2210 3546 2266 unde
3571 2209 3734 2266 Crea-

2129 2314 2216 2361 tor
2249 2306 2363 2376 ipse
2404 2305 2627 2362 uberius
2670 2305 3004 2372 laudaretur,
3043 2303 3136 2375 qui
3165 2303 3363 2359 animae
3398 2303 3458 2358 in
3497 2317 3730 2374 corpore

2130 2396 2350 2452 animali
2399 2397 2708 2454 constitutae
2753 2397 3021 2452 rationem
3075 2395 3315 2468 dedisset
3359 2396 3630 2466 Operandi
3665 2410 3730 2452 ac

2130 2487 2463 2555 facultatem,
2491 2497 2753 2560 quantum
2783 2488 2966 2544 animo
2990 2486 3194 2544 volenti
3245 2487 3379 2543 satis
3407 2494 3584 2550 esset,
3615 2503 3725 2544 non

2129 2591 2390 2652 quantum
2441 2581 2672 2636 invitum
2734 2579 3026 2652 indigentia
3079 2580 3324 2651 corporis
3370 2589 3616 2653 cogeret.
3663 2578 3732 2635 Ut

2131 2680 2458 2742 operaretur,
2507 2671 2717 2742 inquit,
2772 2682 2820 2724 et
2873 2670 3155 2725 custodiret
3205 2669 3375 2737 illum,
3426 2672 3734 2727 custodiret

2132 2764 2382 2820 videlicet
2420 2763 2670 2820 eumdem
2723 2763 3033 2834 paradisum
3083 2765 3198 2834 ipse
3244 2763 3371 2830 sibi,
3401 2779 3475 2821 ne
3522 2763 3730 2836 aliquid

2133 2859 2466 2927 admitteret,
2511 2867 2736 2930 propter
2787 2859 2933 2930 quod
2992 2859 3116 2915 inde
3161 2868 3469 2916 mereretur
3507 2861 3727 2933 expelli.

2133 2949 2378 3019 Denique
2433 2949 2632 3020 accipit
2679 2957 3046 3020 praeceptum,
3087 2959 3147 3004 ut
3197 2951 3270 3006 sit
3293 2966 3392 3021 per
3432 2953 3584 3022 quod
3629 2951 3731 3007 sibi

2133 3041 2404 3096 custodiat
2449 3040 2786 3112 paradisum,
2815 3040 2868 3096 id
2900 3049 3004 3108 est,
3037 3056 3144 3112 quo
3181 3051 3396 3098 servato
3440 3059 3552 3100 non
3607 3045 3730 3101 inde

2131 3131 2467 3202 projiciatur.
2503 3131 2673 3188 Recte
2721 3132 2867 3188 enim
2894 3133 3128 3204 quisque
3153 3133 3354 3190 dicitur
3397 3149 3508 3189 non
3551 3145 3732 3192 custo-

436 3215 556 3274 loca
576 3221 786 3290 redeat,
809 3203 974 3296 quam
1006 3234 1187 3284 tamen
1209 3229 1275 3285 de
1305 3203 1561 3300 paradiso
1585 3203 1877 3303 voluptatis
1901 3246 2032 3287 cou-
2057 3203 2102 3269 (ἶ
2135 3223 2280 3279 disse
2331 3237 2446 3278 rem
2505 3238 2657 3278 suam
2679 3264 2694 3290 9
2731 3223 2823 3294 qui
2871 3223 2952 3279 Sic
3005 3203 3116 3296 θέὶι
3145 3232 3200 3279 ut
3245 3225 3525 3282 amillel‘el
3567 3243 3724 3293 eam;

436 3318 547 3366 stat
597 3313 800 3372 habere
845 3319 1133 3390 originem.
1159 3319 1502 3378 Plantaverat
1541 3333 1718 3380 autem
1766 3324 2028 3382 Dominus

435 3399 581 3457 Deus
627 3407 935 3475 paradisum
991 3410 1270 3483 uoluptatis
1301 3431 1354 3470 ,α
1399 3415 1676 3486 principio.
1735 3415 2029 3473 Paradisus

437 3493 678 3552 Ecclesia
700 3509 801 3566 est,
827 3502 907 3557 sic
931 3504 1075 3558 enim
1108 3506 1174 3561 de
1208 3506 1298 3562 illa
1325 3507 1520 3580 legitur
1548 3510 1600 3564 in
1632 3508 1872 3567 Canticis
1901 3526 2031 3566 can-

437 3586 670 3645 ticorum
705 3609 719 3645 :
759 3591 960 3649 Hortus
1005 3597 1281 3656 conclusus
1307 3617 1462 3657 soror
1487 3619 1606 3658 mea
1650 3603 1826 3674 (Cant.
1854 3603 1952 3678 tv).
1978 3604 2028 3661 A

433 3679 702 3752 principio
741 3693 922 3741 autem
968 3687 1248 3759 plantatur
1290 3694 1593 3763 paradisus,
1625 3696 1752 3765 quia
1780 3695 2028 3754 Ecclesia

435 3771 704 3829 catholica
761 3790 794 3830 a
842 3774 1083 3848 Christo,
1120 3782 1212 3852 qui
1263 3791 1347 3839 est
1385 3785 1713 3856 principium
1759 3788 2023 3856 omnium,

435 3866 654 3922 condita
681 3882 802 3926 esse
820 3875 1167 3944 cognoscitur
1199 3876 1407 3951 (Isid.).
1434 3879 1657 3936 Flavius
1687 3881 1754 3938 de
1769 3883 2028 3952 paradiso

432 3955 656 4025 exiens,
712 3959 1005 4033 imaginem
1033 3973 1218 4036 portat
1244 3966 1449 4024 Christi
1492 3970 1559 4026 de
1601 3978 1830 4041 paterno
1876 3972 2028 4030 fonte

431 4043 673 4116 ﬂuentis,
702 4051 794 4120 qui
822 4051 1015 4124 irrigat
1057 4056 1357 4113 Ecclesiam
1389 4075 1544 4116 suam
1572 4063 1740 4120 verbo
1764 4064 2029 4134 praedica-

433 4137 600 4196 tionis
628 4149 686 4196 et
727 4143 868 4201 dono
903 4147 1176 4218 baptismi.
1203 4151 1281 4209 De
1321 4169 1428 4224 quo
1473 4155 1611 4212 bene
1646 4174 1744 4229 per
1788 4160 2030 4231 prophe-

434 4234 547 4282 tam
573 4231 772 4288 dicitur
804 4254 816 4289 :
849 4237 1108 4295 Dominus
1131 4241 1273 4298 Deus
1297 4255 1474 4301 noster
1512 4249 1704 4318 ﬂuvius
1738 4250 2025 4321 gloriosus,

434 4322 682 4414 exsiliens
703 4335 896 4384 terram
926 4331 1184 4389 sitientem
1228 4336 1364 4407 (Isa.
1400 4340 1568 4412 κων).
1599 4339 1753 4408 Quod
1793 4354 2028 4414 quatuor

433 4411 745 4506 ﬂuminibus
783 4421 849 4476 de
890 4424 1141 4494 paradiso
1168 4411 1571 4499 egredientibus
1606 4441 1755 4488 terra
1793 4411 2023 4506 rigatur,

435 4504 664 4563 solidum
695 4513 892 4570 mentis
920 4524 1121 4572 nostrae
1157 4519 1446 4576 aedificium
1467 4563 1481 4588 ,
1529 4504 1866 4594 prudentia;
1890 4535 2025 4582 tem-

432 4602 699 4670 perantia,
749 4604 1030 4674 fortitudo,
1073 4610 1286 4681 justitia
1339 4616 1615 4685 continet;
1664 4619 1791 4690 quia
1837 4620 1893 4675 in
1937 4621 2022 4677 his

431 4702 662 4762 quatuor
702 4697 994 4756 virtutibus
1035 4710 1149 4757 tota
1186 4705 1316 4760 boni
1360 4709 1539 4778 operis
1575 4717 1848 4767 structura
1888 4727 2022 4768 con-

430 4787 621 4858 surgit.
655 4787 858 4862 (Grcg.)
888 4793 1132 4860 Quatuor
1159 4812 1288 4868 ergo
1311 4802 1548 4870 paradisi
1573 4801 1795 4860 ﬂumina
1823 4813 2021 4861 terram

431 4877 678 4950 irrigant,
731 4883 857 4950 quia
911 4883 1038 4938 dum
1089 4887 1176 4942 his
1211 4901 1442 4959 quatuor
1482 4896 1774 4952 virtutibus
1805 4913 1900 4953 eor
1933 4899 2021 4952 in-

431 4967 696 5036 funditur,
755 4972 822 5027 ab
878 4975 1025 5028 omni
1086 4977 1476 5038 desideriorum
1530 4987 1829 5042 carnalium
1885 4996 2021 5044 aestu

432 5069 783 5132 temperatur.
837 5063 971 5121 Item
1013 5066 1302 5141 allegorice
1348 5083 1582 5144 quatuor
1635 5079 1876 5148 paradisi
1921 5077 2020 5133 ﬂu-

430 5155 600 5221 mina,
661 5165 893 5226 quatuor
941 5172 1069 5217 sunt
1123 5163 1410 5237 Evangelia
1467 5170 1534 5224 ad
1578 5175 2019 5242 praedicationem

431 5251 642 5307 cunctis
683 5253 934 5324 gentibus
991 5257 1177 5312 missa.
1237 5258 1407 5330 Ligna
1463 5261 1772 5335 fructifera,
1831 5285 2020 5328 omnes

431 5343 608 5399 sancti
638 5353 788 5411 sunt;
836 5346 1045 5405 fructus
1079 5364 1288 5417 eorum,
1340 5367 1506 5422 opera
1549 5371 1768 5427 eorum;
1813 5360 2016 5434 lignum

431 5435 597 5504 vitm,
644 5447 866 5496 sanctus
901 5450 1211 5499 sanctorum
1261 5446 1449 5516 utique
1496 5457 1580 5505 est
1627 5449 1896 5523 Christus,
1951 5457 2020 5513 ad

431 5544 594 5601 quem
625 5532 855 5603 quisque
885 5534 931 5588 si
973 5537 1278 5604 porrexerit
1314 5553 1556 5606 manum,
1591 5543 1736 5599 vivet
1766 5545 1821 5600 in
1864 5556 2021 5604 aeter-

435 5638 582 5678 num.
626 5623 808 5697 (lsid.)
850 5625 1079 5698 Lignum
1127 5638 1309 5687 autem
1344 5633 1584 5690 scientiae
1631 5635 1757 5692 boni
1786 5648 1841 5694 et
1889 5640 2019 5696 mali

431 5717 710 5788 proprium
754 5727 840 5775 est
866 5720 1158 5777 voluntatis
1197 5725 1508 5795 arbitrium,
1558 5730 1700 5800 quod
1746 5732 1800 5786 in
1840 5733 2020 5790 medio

430 5815 605 5874 nostri
630 5823 716 5874 est
731 5816 964 5889 positum
1001 5819 1070 5878 ad
1114 5819 1543 5894 dignoscendum
1589 5827 1793 5886 bonum
1819 5838 1874 5888 et
1899 5846 2073 5899 ωτι-ο,

2049 4570 2102 4630 D

2133 3317 2295 3371 etiam
2334 3316 2380 3372 si
2403 3314 2558 3370 alteri
2581 3315 2727 3371 salva
2753 3316 2846 3382 sit,
2877 3315 2968 3386 qui
3009 3331 3128 3371 eam
3148 3315 3235 3371 vel
3259 3316 3490 3382 invenit,
3520 3317 3612 3373 vel
3641 3332 3729 3374 ac-

2131 3409 2314 3480 cipere
2357 3411 2573 3466 meruit.
2606 3409 2702 3465 Est
2729 3409 2868 3465 alius
2892 3410 2944 3464 in
2979 3410 3063 3466 his
3088 3409 3271 3466 verbis
3312 3424 3532 3479 sensus,
3561 3426 3726 3483 quem

2129 3512 2261 3574 puto
2290 3519 2399 3560 non
2439 3503 2715 3560 immerito
2741 3504 3183 3575 przeponendum,
3217 3511 3279 3559 ut
3323 3503 3502 3576 ipsum
3548 3505 3726 3562 homi-

2130 3610 2256 3650 nem
2310 3605 2629 3667 operaretur
2685 3597 2830 3652 Deus
2875 3604 2931 3651 et
2984 3596 3305 3652 custodiret.
3372 3595 3530 3653 Sicut
3579 3599 3723 3654 enim

2131 3685 2293 3742 homo
2318 3695 2576 3757 operatur
2600 3693 2826 3753 terram,
2855 3702 2961 3742 non
3004 3694 3065 3740 ut
3103 3700 3224 3741 eam
3256 3683 3429 3742 faciat
3468 3702 3591 3744 esse
3627 3698 3728 3745 ter-

2131 3791 2266 3841 ram,
2295 3778 2389 3832 sed
2414 3787 2474 3832 ut
2507 3778 2707 3834 cultam
2735 3786 2899 3850 atque
2929 3777 3297 3845 fructuosam;
3340 3779 3423 3836 sic
3448 3779 3598 3836 Deus
3624 3780 3722 3837 ho—

2129 3869 2330 3925 minem
2353 3870 2526 3927 multo
2560 3873 2735 3942 magis
2765 3887 2925 3942 quem
2963 3871 3078 3941 ipse
3102 3871 3312 3928 creavit
3332 3881 3396 3928 ut
3433 3873 3599 3929 homo
3631 3875 3721 3942 sit,

2128 3975 2254 4018 eum
2286 3963 2400 4034 ipse
2427 3975 2681 4034 operatur
2724 3962 2982 4032 utjustus
3023 3965 3117 4030 sit,
3145 3971 3200 4019 et
3229 3971 3288 4019 ut
3332 3964 3502 4022 homo
3530 3966 3599 4021 ab
3632 3966 3724 4024 illo

2126 4071 2226 4128 per
2274 4058 2583 4128 superbiam
2635 4074 2742 4115 non
2783 4059 3058 4115 abscedat.
3091 4057 3282 4114 Posuit
3311 4076 3435 4131 ergo
3461 4061 3724 4118 Immineat

2127 4149 2184 4202 in
2221 4148 2472 4220 paradiso
2527 4149 2825 4220 voluptatis,
2871 4158 2976 4208 etc.
3022 4150 3363 4221 Operaretur,
3413 4151 3628 4208 scilicet
3667 4161 3725 4210 nt

2127 4237 2302 4294 bonus
2343 4240 2642 4311 beatusque
2665 4249 2847 4308 esset;
2890 4241 3173 4297 custodiret
3196 4258 3329 4299 vero
3363 4251 3426 4299 ut
3453 4253 3604 4301 tutus
3635 4260 3724 4301 es-

2127 4337 2241 4395 set,
2273 4329 2444 4400 ipsius
2487 4345 2544 4386 se
2575 4331 2932 4388 dominationi
2979 4347 3044 4389 ac
3083 4333 3417 4405 protectioni
3443 4335 3723 4392 humiliter

2128 4421 2427 4478 subdendo.

2715 4535 2944 4593 CAPUT
2990 4536 3126 4593 XIII.

2134 4621 2233 4680 Ubi
2265 4635 2577 4700 praeceptum
2601 4627 2738 4700 Adae
2767 4646 2801 4682 a
2831 4628 2942 4683 Deo
2970 4630 3026 4700 in
3058 4630 3307 4699 paradiso
3335 4632 3524 4687 datum
3552 4638 3650 4700 est,
3672 4637 3719 4686 et

2275 4697 2446 4751 Adam
2469 4699 2681 4752 nomina
2707 4701 2907 4755 cunctis
2929 4697 3284 4754 animantibus
3307 4701 3576 4773 imposuit.

2203 4812 2562 4885 Prcecepitque
2611 4813 2659 4868 ei
2697 4813 2876 4869 dicens
2911 4829 2930 4868 :
2964 4814 3052 4870 Ex
3097 4818 3239 4871 omni
3285 4816 3429 4888 ligno
3483 4818 3719 4888 paradisi

2131 4908 2360 4974 comede,
2400 4907 2464 4961 de
2499 4907 2639 4978 ligno
2666 4917 2843 4963 autem
2872 4909 3104 4965 scientiae
3131 4909 3252 4965 boni
3286 4919 3336 4965 et
3365 4910 3496 4965 mali
3529 4929 3594 4966 ne
3637 4927 3719 4966 co-

2130 4999 2330 5053 medas.
2363 4998 2480 5054 Non
2504 5006 2589 5054 est
2609 4999 2936 5056 credendum
2962 5000 3107 5070 quod
3129 5001 3185 5056 in
3220 5000 3367 5071 ligno
3393 5001 3487 5057 illo
3517 5001 3718 5073 aliquid

2127 5091 2255 5148 mali
2285 5092 2606 5148 naturaliter
2650 5093 2882 5160 inesset,
2925 5094 3068 5151 sicut
3111 5102 3164 5151 et
3206 5111 3369 5166 supra
3413 5095 3716 5160 docuimus.

2127 5184 2222 5240 sed
2257 5185 2322 5240 ab
2350 5199 2416 5241 eo
2444 5185 2587 5257 ligno
2610 5186 2754 5256 quod
2783 5186 2984 5242 malum
3014 5203 3122 5245 non
3149 5197 3271 5246 erat
3308 5189 3619 5260 prohibitus
3639 5197 3721 5246 cst

2124 5275 2310 5344 homo,
2353 5287 2414 5333 ut
2449 5278 2565 5349 ipsa
2601 5294 2701 5350 per
2738 5295 2796 5336 se
2830 5281 3087 5353 praecepti
3135 5282 3479 5338 conservatio
3520 5294 3717 5338 nouum

2123 5369 2204 5425 illi
2230 5380 2374 5428 esset
2401 5379 2457 5427 et
2488 5374 2848 5445 transgressio
2876 5375 3100 5431 malum.
3130 5375 3373 5448 Denique
3400 5393 3431 5432 a
3459 5385 3718 5450 peccante

2122 5462 2259 5517 nihil
2297 5463 2442 5519 aliud
2480 5465 2777 5535 appetitum
2824 5474 2930 5536 est,
2959 5467 3064 5523 nisi
3108 5483 3215 5524 non
3249 5485 3370 5525 esse
3411 5470 3516 5526 sub
3544 5470 3717 5528 domi-

2122 5553 2340 5611 natione
2384 5553 2502 5619 Dei,
2529 5557 2743 5625 quando
2777 5556 2905 5612 illud
2932 5558 3228 5616 admissum
3269 5568 3372 5626 est,
3402 5559 3459 5616 in
3490 5576 3619 5632 quo,
3648 5572 3717 5616 ne

2123 5648 2520 5714 admitteretur,
2552 5648 2666 5704 sola
2693 5649 2914 5705 deberet
2935 5649 3110 5720 jussio
3136 5651 3468 5709 dominantis
3491 5651 3713 5709 attendi.

2123 5739 2254 5808 Quae
2282 5741 2327 5795 si
2372 5741 2484 5796 sola
2528 5742 2922 5810 attenderetur,
2953 5744 3081 5814 quid
3119 5744 3264 5800 aliud
3295 5761 3459 5816 quam
3489 5744 3588 5800 Dei
3614 5758 3710 5801 vo-

2122 5831 2307 5889 luntas
2335 5833 2643 5890 amaretur?
2667 5833 2797 5906 quid
2832 5833 2976 5892 aliud
3001 5849 3167 5908 quam
3207 5835 3305 5894 Dei
3334 5835 3588 5895 voluntas
3611 5835 3714 5911 lut-
