3974 6488
272 423 377 486 481

1295 417 1646 481 COMMENT.
1682 418 1751 478 IN
1788 418 2107 479 GENESIM.
2145 450 2216 462 —
2251 419 2379 477 LIB.
2414 420 2456 476 ι.

3421 425 3530 484 482

273 557 453 600 σηοω
492 537 753 597 voluntati
800 538 1234 613 prteponeretur?
1275 537 1386 594 Nec
1423 537 1540 594 ﬁeri
1583 545 1758 609 potest
1796 544 1855 592 ut
1883 541 1934 600 Α
1957 553 2045 591 eos
2078 536 2134 590 in
2162 537 2368 590 nomine
2395 544 2504 602 tuo,
2536 550 2664 608 quos
2692 534 2880 592 dedisti
2906 536 3038 592 mihi
3069 533 3324 594 custodici
3349 537 3529 612 (Joan.

271 635 526 690 voluntas
563 633 779 706 propria
823 648 930 688 non
971 632 1159 705 grandi
1208 631 1375 686 ruinae
1416 631 1650 702 pondere
1693 644 1854 700 super

273 725 556 784 hominem
599 725 785 790 cadat,
828 723 873 779 si
903 739 1022 779 eam
1066 723 1326 779 voluntati
1362 722 1656 794 superioris
1684 721 1854 778 extol-

273 816 436 874 lendo
464 823 758 888 prmponat.
786 814 899 871 Hoc
921 823 1174 886 expertus
1202 823 1285 872 est
1307 816 1470 871 homo
1503 823 1854 872 contemnens

270 916 606 981 praeceptum
643 906 762 972 Dei,
807 913 862 960 et
906 906 1009 962 hoc
1056 906 1425 977 experimento
1467 905 1681 971 didicit,
1725 905 1856 978 quid

272 1001 566 1057 interesset
597 998 739 1054 inter
783 998 984 1054 bonum
1025 1005 1080 1054 et
1127 997 1363 1065 malum;
1407 998 1606 1054 bonum
1647 998 1855 1055 scilicet

269 1094 618 1160 obedientiae,
656 1092 858 1149 malum
899 1101 1078 1148 autem
1124 1092 1522 1160 inobedientiae,
1567 1092 1850 1163 superbire,

270 1186 644 1252 contumaciae,
673 1199 942 1255 perversae
987 1182 1302 1239 imitationis
1330 1182 1446 1250 Dei,
1478 1190 1534 1239 et
1575 1183 1750 1239 noxiae
1785 1182 1854 1238 li-

267 1277 520 1337 bertatis.
545 1277 659 1334 Hoc
685 1286 864 1333 autem
890 1277 945 1332 in
977 1291 1084 1348 quo
1119 1277 1264 1349 ligno
1289 1277 1534 1334 accidere
1560 1277 1758 1349 potuit,
1787 1291 1856 1333 ex

270 1375 388 1446 ipsa
421 1387 502 1441 re,
548 1380 610 1428 ut
654 1371 768 1444 jam
819 1370 1189 1444 supradictum
1231 1366 1344 1437 est,
1375 1385 1573 1426 nomen
1619 1369 1852 1442 accepit.

266 1467 607 1538 Praeceptum
649 1462 792 1536 quod
839 1461 1045 1533 accepit
1091 1461 1389 1533 ﬁguraliter
1440 1461 1712 1528 Christus,
1756 1475 1856 1518 nos

270 1558 567 1630 accipimus
595 1556 649 1611 in
688 1555 778 1610 illo
811 1554 939 1626 quia
983 1554 1352 1624 unusquisque
1376 1553 1716 1611 Christianus
1746 1570 1856 1611 non

269 1653 565 1722 incongrue
621 1656 796 1722 gestat
843 1662 1130 1718 personam
1187 1646 1418 1715 Christi,
1474 1647 1684 1704 dicente
1739 1649 1856 1721 ipso

267 1742 497 1800 Domino
523 1761 536 1799 :
566 1741 698 1809 Qua:
739 1740 935 1812 fecistis
964 1741 1057 1794 uni
1090 1756 1155 1795 ex
1183 1740 1412 1796 minimis
1441 1741 1575 1808 istis,
1615 1742 1742 1797 mihi
1787 1742 1858 1812 fe-

268 1839 411 1894 cistis
441 1836 653 1911 (Matth.
683 1835 832 1908 xxv).
850 1835 1030 1907 (lsid.)
1058 1834 1264 1890 Dicitur
1287 1850 1417 1908 ergo
1442 1835 1528 1890 Ea;
1549 1838 1690 1892 omni
1715 1837 1855 1909 ligno

266 1931 505 2001 paradisi
551 1927 817 1993 comedes;
863 1927 927 1981 de
974 1925 1114 1998 ligno
1154 1935 1329 1981 autem
1369 1927 1602 1982 scientia:
1646 1928 1763 1983 boni
1803 1937 1853 1984 et
1880 1921 1930 1983 Β

267 2023 399 2078 mali
441 2039 504 2078 ne
536 2021 794 2077 comedas.
821 2019 1138 2092 Praecipitur
1163 2019 1307 2076 enim
1335 2020 1492 2077 nobis
1527 2030 1586 2077 ut
1614 2020 1857 2078 fruamur

266 2116 417 2172 omni
471 2115 615 2187 ligno
654 2113 912 2186 paradisi,
954 2129 1062 2184 quo
1108 2112 1485 2185 signiﬁcantur
1541 2115 1855 2186 Spirituales

268 2207 496 2264 deliciae.
541 2205 773 2261 Fructus
821 2216 996 2261 autem
1037 2206 1252 2277 spiritus
1298 2215 1372 2261 est
1423 2205 1676 2273 charitas,
1725 2225 1856 2279 gau-

266 2299 436 2365 dium,
456 2315 579 2371 pux,
605 2296 996 2370 longanimitas,
1025 2296 1337 2369 benignitas,
1365 2297 1590 2365 bonitas,
1619 2316 1859 2356 mansue-

265 2394 417 2460 tudo,
445 2393 784 2459 continentia,
818 2393 1031 2448 castitas
1061 2390 1260 2466 (Galat.
1287 2394 1364 2465 v),
1397 2394 1538 2450 sicut
1561 2395 1692 2451 dicit
1716 2397 1859 2466 Apo-

266 2483 455 2542 stolus.
484 2484 554 2540 Et
585 2499 695 2540 non
735 2491 1019 2557 tangamus
1064 2483 1267 2556 lignum
1297 2484 1352 2539 in
1398 2485 1575 2541 medio
1617 2487 1858 2558 paradisi

265 2574 569 2648 plantatum
599 2573 838 2630 scientiae
885 2573 1013 2629 boni
1053 2581 1108 2629 et
1155 2573 1314 2640 mali,
1345 2574 1400 2630 id
1435 2584 1550 2641 est,
1578 2592 1685 2631 non
1722 2577 1858 2632 veli-

266 2681 389 2722 mus
417 2665 698 2737 superbire
728 2665 794 2720 de
826 2672 1022 2719 natura
1060 2663 1270 2720 arbitrii
1311 2667 1508 2734 nostri,
1536 2683 1656 2738 quae
1681 2668 1858 2723 media

265 2767 390 2826 est,
429 2768 490 2815 ut
533 2758 743 2827 decepti
798 2766 1019 2830 propter
1066 2757 1353 2814 scientiam
1399 2760 1745 2830 experiamur
1789 2760 1859 2816 ad

267 2851 493 2908 malum.

340 2945 408 3000 In
435 2961 744 3017 quocunque
768 2944 904 2999 enim
930 2944 1015 2999 die
1044 2943 1328 3000 comederis
1347 2960 1412 2999 ex
1440 2960 1523 3010 eo,
1549 2954 1714 2999 morte
1754 2960 1862 2998 mo-

267 3036 441 3091 rieris.
473 3035 590 3092 Non
624 3036 700 3091 ait
725 3053 738 3090 :
769 3035 826 3090 Si
856 3036 1155 3092 comederis
1185 3034 1448 3102 mortalis,
1473 3036 1602 3091 eris.
1629 3034 1697 3090 In
1727 3053 1857 3108 quo-

267 3143 489 3198 cunque,
523 3127 719 3198 inquit,
750 3126 834 3181 die
877 3125 1162 3181 comederis
1190 3141 1256 3181 ea:
1285 3143 1366 3193 eo,
1399 3136 1564 3181 morte
1597 3126 1855 3181 morieris.

268 3218 514 3277 Mortuus
540 3235 772 3291 namque
801 3230 887 3276 est
927 3221 1088 3276 homo
1119 3219 1176 3276 in
1202 3219 1382 3276 anima
1424 3235 1548 3276 cum
1588 3221 1856 3290 peccavit,

1959 629 2115 702 xvn).
2163 629 2503 685 Pensandum
2549 646 2871 702 magnopere
2923 641 3026 698 est,
3062 633 3187 702 quia
3220 633 3360 689 bona
3411 649 3536 705 pro-

1958 722 2114 780 desse
2144 731 2438 794 nequeunt,
2464 723 2510 779 si
2536 724 2677 779 mala
2711 741 2830 796 qua:
2869 725 3164 796 subrepunt
3194 741 3302 782 non
3341 740 3537 784 caven«

1958 823 2065 871 tur.
2091 813 2237 870 Perit
2273 829 2433 870 omne
2465 813 2665 870 bonum
2694 817 2837 885 quod
2876 816 3072 888 agitur,
3103 816 3148 873 si
3173 832 3280 873 non
3306 817 3537 875 sollicite

1957 905 2014 964 in
2065 907 2370 962 humilitate
2421 907 2772 964 custodiatur.
2823 907 2976 964 Unde
3021 912 3162 966 bene
3206 926 3422 982 quoque
3471 912 3538 968 de

1957 999 2074 1071 ipso
2106 1008 2328 1072 parente
2355 1008 2540 1055 nostro
2571 1000 2770 1057 dicitur
2793 1019 2808 1055 :
2835 998 3021 1056 Posuit
3048 1019 3167 1058 eum
3196 1002 3454 1058 Dominus
3483 1004 3538 1059 in

1955 1091 2261 1164 paradisum
2290 1090 2589 1164 voluptatis,
2621 1101 2677 1147 ut
2722 1101 3024 1164 operaretur
3051 1102 3100 1148 et
3139 1094 3423 1149 custodiret
3467 1093 3537 1147 il-

1957 1183 2086 1240 lum.
2122 1183 2392 1256 Operatur
2432 1185 2627 1256 quippe
2653 1184 2743 1255 qui
2793 1185 2904 1256 agit
2929 1185 3132 1241 bonum
3170 1187 3312 1257 quod
3356 1186 3541 1258 praeci-

1955 1276 2122 1346 pitur,
2161 1275 2257 1330 sed
2277 1275 2421 1346 quod
2456 1282 2712 1346 operatus
2737 1274 2914 1331 fuerat
2939 1276 3136 1348 perdit,
3167 1277 3254 1332 cui
3289 1277 3393 1333 hoc
3413 1278 3541 1334 sub-

1957 1367 2153 1438 ripitur
2188 1365 2332 1438 quod
2379 1366 2712 1438 prohibetur.
2768 1366 2921 1424 Unde
2961 1382 3286 1440 magnOpere
3327 1376 3541 1440 oportet

1956 1467 2015 1516 et
2049 1459 2191 1517 bona
2235 1474 2448 1531 semper
2492 1474 2672 1531 agere,
2698 1465 2754 1514 et
2779 1458 2848 1514 ab
2893 1459 3027 1530 ipsis
3068 1474 3169 1515 nos
3213 1461 3368 1515 bonis
3407 1475 3538 1531 ope-

1961 1550 2112 1606 ribus
2150 1558 2309 1606 caute
2353 1550 2409 1605 in
2441 1549 2766 1621 cogitatione
2796 1548 3082 1614 custodire,
3111 1563 3179 1604 ne
3221 1548 3267 1605 si
3302 1557 3540 1605 mentem

1957 1641 2170 1698 elevent
2218 1643 2359 1699 bona
2403 1641 2544 1711 sint,
2595 1657 2716 1713 quae
2763 1655 2873 1698 non
2919 1641 3130 1698 auctori
3173 1638 3407 1698 militant
3444 1638 3541 1698 sed

1959 1731 2200 1789 elationi.

2550 1821 2779 1880 CAPUT
2814 1821 2956 1880 XIV.

2229 1912 2308 1968 De
2334 1913 2545 1985 factura
2581 1913 2815 1970 mulieris
2845 1929 2910 1970 ea:
2935 1921 3081 1970 costa
3107 1913 3260 1971 Adae.

2028 2005 2175 2062 Dixit
2200 2023 2404 2080 quoque
2430 2007 2689 2063 Dominus
2716 2007 2860 2064 Deus
2882 2025 2902 2064 :
2928 2007 3055 2063 Non
3089 2016 3164 2065 est
3203 2008 3395 2065 bonum
3431 2025 3543 2067 esse

1955 2090 2216 2154 hominem
2245 2098 2436 2166 solum,
2466 2099 2724 2170 faciamus
2752 2101 2801 2155 ei
2828 2099 3126 2171 adjutorem
3161 2099 3386 2155 similem
3416 2101 3534 2156 sibi.

1955 2191 2023 2248 Et
2051 2193 2166 2248 haec
2194 2192 2395 2249 locutio
2419 2191 2515 2248 Dei
2542 2208 2651 2249 non
2678 2192 2947 2263 corporali
2972 2207 3104 2249 voce
3128 2190 3274 2248 foras
3297 2192 3352 2247 in
3378 2206 3542 2248 auras

1955 2287 2176 2356 emissa,
2223 2288 2320 2344 sed
2367 2287 2581 2342 interna
2623 2287 2832 2343 ratione
2858 2287 3053 2344 divina:
3093 2286 3404 2355 voluntatis,
3445 2301 3544 2359 per

1957 2393 2120 2449 quam
2166 2386 2352 2435 creata
2408 2386 2537 2435 sunt
2584 2380 2794 2448 omnia,
2842 2377 3186 2437 ineﬁ‘abiliter
3232 2378 3375 2437 facta
3425 2393 3546 2438 esse

1957 2468 2225 2524 credenda
2258 2476 2362 2525 est.
2406 2468 2568 2526 Juxta
2608 2470 2753 2541 quod
2793 2477 2851 2526 et
2893 2485 3058 2543 supra
3101 2471 3403 2539 docuimus,
3451 2471 3548 2528 ubi

1959 2562 2222 2633 scriptum
2262 2570 2348 2619 est
2379 2581 2393 2618 :
2427 2562 2715 2619 Faciamus
2754 2564 3017 2620 hominem
3060 2564 3130 2619 ad
3172 2565 3454 2636 imaginem
3495 2572 3548 2620 et

1958 2653 2354 2712 similitudinem
2397 2666 2649 2712 nostram.
2698 2655 2756 2713 Si
2783 2664 2966 2714 autem
3009 2656 3203 2728 quaerit
3235 2656 3430 2727 aliquis
3477 2654 3545 2711 ad

1959 2762 2122 2818 quam
2168 2761 2286 2802 rem
2327 2746 2446 2804 ﬁeri
2487 2749 2789 2822 oportuerit
2830 2749 2935 2804 hoc
2975 2747 3332 2817 adiutorium,
3362 2745 3548 2802 audiat

1861 2857 1866 2862 ·
1959 2852 2281 2908 responsum
2306 2839 2480 2895 sancti
2505 2839 2813 2913 Augustini,
2843 2839 2995 2910 cujus
3024 2848 3080 2894 et
3101 2839 3353 2910 superius
3383 2829 3549 2894 verba

1961 2929 2256 3000 saepissime
2302 2931 2468 2986 tacito
2501 2929 2616 3000 ejus
2660 2930 2876 2986 nomine
2909 2930 3205 3000 posuimus.
3251 2928 3430 2996 Nihil,
3463 2928 3548 2984 in-

1962 3025 2102 3094 quit,
2133 3023 2278 3079 aliud
2306 3023 2659 3095 probabiliter
2683 3024 2942 3091 occurrit,
2971 3038 3133 3094 quam
3157 3030 3381 3095 propter
3407 3021 3552 3078 ﬁlios

1960 3117 2346 3186 procreandos,
2377 3117 2518 3173 sicut
2553 3116 2879 3187 adjutorium
2910 3117 3102 3174 semini
3150 3117 3206 3172 in
3243 3126 3390 3173 terra
3433 3123 3548 3184 est,

1962 3217 2026 3264 ut
2065 3208 2355 3282 virgultum
2383 3224 2450 3266 ex
2475 3218 2721 3265 utrarum
2755 3219 2912 3280 parte
2953 3218 3228 3266 nascatur.
3260 3208 3377 3267 Hoc
3402 3209 3551 3266 enim

268 3313 399 3383 quia
430 3313 653 3368 recessit
693 3313 761 3367 ah
803 3327 868 3367 eo
891 3311 1059 3378 Deus,
1085 3312 1177 3383 qui
1207 3321 1293 3368 est,
1319 3312 1429 3367 vita
1454 3312 1666 3368 animae.
1696 3311 1862 3384 Cujus
1888 3301 1934 3366 C
1964 3311 2020 3360 et
2045 3303 2098 3358 in
2128 3304 2303 3374 prima
2333 3318 2518 3360 rerum
2543 3304 2817 3360 creatione
2841 3305 3045 3360 dictum
3069 3310 3224 3359 erat:
3252 3301 3550 3358 Masculum

267 3403 467 3459 merito
500 3403 692 3459 mortis
721 3413 904 3459 secuta
931 3411 1014 3458 est
1054 3404 1220 3458 etiam
1267 3419 1415 3459 mors
1456 3405 1724 3474 corporis,
1753 3405 1863 3460 dis-

267 3497 497 3553 cedente
533 3497 600 3552 ab
643 3498 734 3555 illo
771 3501 971 3567 anima,
1015 3516 1134 3570 quae
1168 3509 1254 3556 est
1289 3501 1401 3554 vita
1441 3497 1576 3569 ejus.
1628 3500 1864 3571 Quaeque

267 3604 420 3644 mors
464 3589 642 3644 eidem
693 3589 867 3659 primo
900 3591 1107 3646 homini
1157 3599 1286 3647 tunc
1328 3591 1530 3658 evenit,
1559 3607 1682 3646 cum
1721 3607 1864 3663 pra:-

266 3685 444 3742 scntis
473 3684 597 3738 vita“:
629 3684 919 3739 terminum
948 3685 1175 3756 accepit,
1223 3699 1331 3740 non
1367 3700 1538 3757 parvo
1567 3695 1691 3755 post
1733 3693 1866 3740 tem-

263 3791 405 3849 pore
435 3790 600 3845 quam
643 3775 868 3831 vetitum
898 3777 1150 3832 comedit.
1195 3776 1380 3832 Potest
1420 3785 1475 3832 et
1516 3778 1590 3832 ita
1636 3777 1866 3850 intelligi

264 3863 419 3938 quod
465 3863 611 3918 illam
658 3873 888 3921 mortem
931 3865 986 3921 in
1013 3866 1092 3922 eis
1122 3865 1314 3923 fecerit
1350 3867 1466 3923 dies
1503 3867 1616 3935 ille,
1663 3867 1717 3922 in
1759 3882 1867 3938 quo

267 3968 624 4030 peccaverat,
666 3975 827 4030 quam
867 3959 1154 4032 Apostolus
1196 3975 1417 4034 gemens
1459 3961 1633 4017 dicit:
1667 3959 1869 4017 Conde-

271 4052 436 4108 lector
459 4051 560 4125 legi
589 4052 687 4108 Dei
711 4053 1002 4108 secundum
1044 4055 1344 4110 interiorem
1385 4054 1683 4121 hominem;
1719 4053 1868 4109 video

271 4153 450 4198 autem
480 4142 638 4199 aliam
667 4143 831 4216 legem
858 4145 913 4200 in
940 4145 1184 4200 membris
1206 4146 1334 4201 meis
1365 4155 1738 4216 repugnantem
1765 4145 1868 4217 legi

273 4235 461 4289 mentis
489 4251 636 4301 mete,
674 4244 723 4290 et
758 4237 1104 4308 captivantem
1130 4254 1211 4291 me
1254 4237 1308 4292 in
1346 4235 1454 4308 lege
1491 4237 1722 4306 peccati,
1750 4254 1868 4309 qua:

1963 3406 2012 3453 et
2037 3398 2287 3468 feminam
2322 3398 2443 3468 fecit
2473 3415 2580 3465 eos,
2605 3407 2654 3453 et
2679 3398 2939 3454 benedixit
2975 3399 3050 3453 eis
3078 3397 3255 3452 dicens
3277 3410 3297 3449 :
3325 3396 3553 3452 Crescite

1963 3499 2013 3546 et
2040 3489 2482 3562 multiplicamini,
2515 3489 2722 3562 implete
2746 3500 2940 3547 terram
2965 3499 3012 3546 et
3042 3488 3387 3545 dominamini
3412 3487 3548 3558 ejus.

1965 3578 2098 3652 Qum
2124 3583 2267 3640 ratio
2296 3584 2604 3640 conditione
2630 3592 2684 3640 et
2709 3581 3108 3654 conjunctionis
3131 3581 3357 3639 masculi
3384 3588 3440 3637 et
3473 3579 3552 3636 fe-

1965 3675 2125 3731 minae
2151 3682 2315 3744 atque
2349 3675 2673 3743 benedictio,
2703 3690 2804 3731 nec
2839 3681 2962 3746 post
2987 3681 3268 3746 peccatum
3315 3672 3551 3730 hominis

1964 3780 2290 3837 pmuamque
2331 3764 2547 3822 defecit.
2586 3767 2707 3838 Ipsa
2747 3765 2890 3822 enim
2918 3775 3031 3834 est,
3064 3766 3360 3823 secundum
3389 3779 3554 3837 quam

1965 3874 2110 3914 nunc
2139 3867 2285 3916 terra
2311 3859 2618 3916 hominibus
2644 3859 2806 3930 plena
2823 3867 2908 3916 est
2929 3859 3385 3916 dominationibus
3411 3847 3563 3927 ejus.’

1968 3949 2285 4022 Quanquam
2313 3950 2459 4007 enim
2479 3949 2595 4021 jam
2622 3951 2810 4008 emissi
2833 3951 2900 4007 de
2933 3949 3186 4022 paradiso
3229 3948 3554 4008 convenisse

1967 4047 2023 4096 et
2047 4041 2299 4114 genuisse
2328 4051 2854 4111 commemorentur,
2882 4050 3064 4099 tamen
3099 4057 3210 4099 non
3237 4040 3395 4098 video
3425 4039 3556 4112 quid

1968 4137 2256 4209 prohibere
2282 4136 2538 4208 potuerit,
2567 4137 2645 4192 uti
2683 4145 2866 4193 essent
2894 4136 2975 4192 eis
3007 4135 3174 4190 etiam
3218 4133 3274 4190 in
3304 4133 3556 4206 paradiso

1969 4227 2315 4285 honorabiles
2341 4229 2540 4299 nuptiae
2563 4237 2619 4284 et
2659 4230 2850 4286 thorus
2873 4227 3270 4285 immaculatus.
3299 4225 3414 4282 Hoc
3446 4226 3557 4282 Deo

274 4335 349 4380 est
387 4327 439 4379 in
468 4325 712 4380 mentbris
754 4327 902 4383 meis.
933 4325 1132 4397 Infelix
1168 4344 1259 4399 ego
1301 4328 1477 4393 homo,
1523 4327 1640 4396 quis
1682 4343 1765 4381 me
1804 4326 1871 4382 li-
1969 4327 2261 4393 praestante
2301 4319 2532 4375 ﬁdeliter
2569 4319 2822 4391 justeque
2863 4319 3192 4386 viventibus,
3227 4333 3382 4389 teque
3425 4318 3558 4374 obe-

276 4418 476 4473 berabit
527 4418 591 4472 de
639 4435 852 4491 corpore
897 4421 1080 4476 mortis
1131 4421 1336 4492 hujus?
1368 4419 1546 4492 (Rom.
1575 4418 1701 4492 χιι.)
1752 4419 1871 4476 Non
1971 4413 2183 4469 dieuter
2211 4421 2502 4484 sancteque
2523 4413 2906 4481 servientibus,
2932 4421 2992 4468 ut
3019 4413 3135 4469 sine
3163 4411 3271 4468 ullo
3302 4411 3558 4483 inquieta:

277 4508 422 4564 enim
462 4507 734 4565 sufﬁceret
767 4510 816 4566 ei
861 4511 907 4565 si
937 4511 1143 4567 diceret
1170 4529 1182 4565 ε
1217 4510 1348 4578 Quis
1384 4525 1471 4565 me
1513 4509 1764 4566 liberabit
1803 4511 1872 4566 de
1972 4506 2166 4561 ardore
2197 4505 2454 4571 libidinis,
2482 4507 2599 4562 sine
2628 4506 2737 4562 ullo
2765 4505 2950 4561 labore
2979 4520 3044 4561 ac
3071 4503 3256 4559 dolore
3285 4501 3554 4574 pariendi,

278 4601 384 4656 hoc
426 4601 641 4656 mortali
669 4602 932 4673 corpore?
957 4602 1053 4658 sed
1082 4601 1145 4656 de
1174 4618 1410 4672 corpore,
1450 4601 1653 4672 inquit,
1683 4601 1867 4655 mortis
1893 4667 1934 4673 _
1973 4597 2116 4653 fetus
2160 4611 2230 4652 ex
2251 4612 2440 4653 eorum
2479 4599 2686 4653 semine
2724 4597 3056 4669 gigneretur,
3087 4610 3198 4650 non
3233 4603 3294 4649 ut
3325 4594 3560 4650 morien-

278 4692 460 4765 hujus.
497 4693 651 4750 Sicut
696 4667 859 4751 etiam
903 4695 1073 4752 illud:
1107 4667 1308 4767 Corpus
1352 4667 1561 4766 quidem
1603 4667 1948 4750 mortuumD
1975 4691 2120 4746 tibus
2159 4691 2474 4761 parentibus
2523 4689 2620 4744 ﬁlii
2667 4667 3047 4755 succederent,
3086 4685 3181 4744 sed
3210 4694 3274 4741 ut
3315 4686 3420 4742 illis
3466 4685 3560 4758 qui

278 4794 375 4852 est,
417 4785 613 4856 inquit,
660 4795 872 4858 prapter
897 4796 1194 4858 peccatum.
1240 4784 1355 4842 Nec
1389 4785 1464 4841 ibi
1499 4785 1576 4840 ait
1619 4784 1871 4852 mortale,
1975 4781 2291 4854 genuissent
2331 4783 2388 4837 in
2416 4780 2596 4852 aliquo
2624 4780 2809 4835 forma:
2835 4788 2980 4835 statu
3016 4779 3381 4845 manentibus,
3411 4785 3467 4832 et
3493 4793 3562 4833 ex

281 4879 376 4935 sed
409 4888 704 4946 mortuum,
730 4879 987 4949 quamvis‘
1007 4878 1192 4949 utique
1224 4886 1278 4933 et
1311 4877 1559 4944 mortale,
1591 4876 1718 4948 quia
1757 4892 1874 4933 mo-

283 4971 536 5026 riturum.
564 4970 679 5026 Non
711 4971 786 5025 ita
817 4969 1147 5026 credendum
1175 4978 1260 5025 est
1301 4968 1467 5026 fuisse
1492 4968 1581 5024 illa
1619 4981 1871 5039 corpora,

281 5063 378 5119 sed
421 5063 546 5118 licet
593 5062 848 5118 animalia
878 5062 1119 5117 nondum
1164 5061 1487 5133 spiritualia,
1535 5076 1644 5116 non
1694 5067 1875 5114 tamen

283 5165 520 5221 mortua,
552 5156 605 5210 id
631 5164 731 5220 est,
757 5171 879 5226 quae
900 5170 1122 5212 necesse
1146 5163 1230 5211 est
1253 5163 1314 5210 ut
1333 5161 1697 5220 morerentur,
1725 5152 1870 5224 quod

283 5261 350 5305 eo
397 5247 484 5302 die
512 5246 711 5304 factum
741 5255 844 5317 est,
870 5264 978 5321 quo
1002 5247 1208 5322 lignum
1248 5255 1441 5306 contra
1490 5246 1719 5304 vetitum
1751 5244 1873 5302 teti-

285 5348 502 5414 gerunt.

359 5432 542 5507 (lsid.)
572 5433 794 5507 Mystice
819 5442 1002 5491 autem
1026 5435 1144 5490 tulit
1170 5435 1313 5490 Deus
1338 5435 1598 5490 hominem
1624 5441 1671 5490 et
1699 5435 1875 5505 posuit

285 5546 407 5586 eum
456 5529 511 5584 in
554 5529 886 5602 paradisum,
928 5529 1034 5585 hoc
1076 5536 1159 5585 est
1195 5547 1207 5583 :
1241 5527 1532 5598 assumpsit
1565 5526 1707 5582 Deus
1752 5543 1875 5582 car-

287 5637 436 5688 nem,
464 5630 520 5678 et
559 5621 734 5678 factus
767 5629 853 5677 est
877 5628 1038 5693 caput
1076 5621 1352 5677 Ecclesiae.
1382 5619 1454 5675 Ut
1483 5627 1792 5694 operaretur
1827 5628 1878 5674 et

289 5715 573 5771 custodiret
604 5715 779 5783 illum,
810 5717 865 5771 id
906 5723 1023 5782 est,
1054 5715 1329 5771 voluntate
1378 5715 1573 5778 Patris,
1607 5730 1674 5769 ex
1705 5713 1880 5769 omni-

288 5809 393 5866 bus
429 5809 678 5881 gentibus
723 5808 1022 5894 Ecclesiam
1069 5807 1425 5877 adimplerct;
1471 5816 1633 5878 atque
1686 5805 1879 5876 imple-

292 5910 448 5962 retur
494 5917 695 5974 sermo,
740 5918 902 5983 quem
945 5902 1205 5963 Dominus
1249 5901 1423 5960 dixit:
1458 5899 1571 5980 Ego
1611 5899 1883 5967 servabant

1974 4874 2120 4948 ligno
2139 4874 2264 4929 vitae
2289 4873 2431 4944 quod
2462 4873 2535 4928 ibi
2561 4873 2865 4943 plantatum
2899 4881 3016 4928 erat
3041 4871 3382 4944 corporalem
3414 4871 3564 4941 vigo-

1976 4983 2096 5023 rem
2136 4967 2492 5035 sumentibus,
2519 4978 2567 5022 ct
2602 4968 2676 5024 illi
2719 4969 2810 5040 qui
2846 4969 3196 5041 gignerentur
3218 4967 3285 5022 ad
3313 4964 3562 5022 eumdem

1976 5065 2404 5136 perducerentur
2445 5072 2667 5130 statum,
2694 5065 2866 5120 donec
2893 5073 3044 5120 certo
3071 5075 3296 5117 numero
3323 5060 3561 5130 impleto,

1975 5157 2021 5212 si
2045 5155 2192 5226 juste
2237 5170 2427 5212 omnes
2467 5155 2887 5225 obedientcsque
2929 5155 3203 5219 viverent,
3244 5159 3370 5206 tunc
3411 5151 3567 5207 ﬁeret

1976 5249 2068 5306 illa
2094 5249 2464 5315 commutatio,
2490 5256 2550 5304 ut
2577 5249 2694 5304 sine
2721 5248 2827 5303 ulla
2855 5255 3032 5303 morte
3057 5245 3309 5302 animalia
3339 5260 3566 5317 corpora

1978 5357 2240 5398 conversa
2285 5341 2342 5396 in
2387 5340 2548 5396 aliam
2592 5341 2929 5411 qualitatem,
2963 5355 3028 5394 eo
3056 5338 3201 5409 quod
3244 5338 3312 5393 ad
3349 5351 3568 5393 omnem

1978 5445 2170 5492 nutum
2195 5435 2404 5505 regenti
2430 5449 2490 5491 se
2514 5434 2729 5507 Spiritui
2764 5431 3119 5498 deservirent,
3144 5439 3200 5487 et
3230 5429 3345 5487 solo
3373 5429 3567 5502 spiritu

1981 5526 2289 5584 viviﬁcante
2331 5527 2448 5584 sine
2475 5525 2601 5582 ullis
2642 5525 3025 5580 alimentorum
3053 5521 3416 5592 corporalium
3450 5533 3570 5576 sus-

1984 5621 2271 5677 tentaculis
2305 5623 2572 5687 viverent,
2617 5618 2918 5690 spiritualia
2957 5624 3302 5674 vocarentur.
3335 5613 3473 5669 Nam
3520 5613 3568 5668 si

1983 5712 2169 5768 Enoch
2193 5720 2247 5768 et
2272 5712 2417 5767 Elias
2448 5713 2502 5766 in
2527 5712 2699 5766 Adam
2727 5725 2834 5765 non
2871 5710 3091 5776 mortui,
3121 5709 3419 5778 mortisque
3446 5719 3568 5774 pro-

1985 5807 2231 5877 paginem
2266 5805 2322 5861 in
2357 5821 2522 5861 carne
2558 5812 2850 5876 gestantes,
2887 5803 3030 5874 quod
3074 5801 3314 5858 debitum
3356 5805 3416 5852 ut
3460 5795 3571 5852 sol-

1985 5907 2138 5981 tam,
2173 5898 2662 5979 ςτεάιιιηιιξ,,,ειίαιη
2679 5896 3029 5976 δράμω.αά
3062 5890 3452 5974 haee.1_itsma.
3481 5893 3536 5966 et
3553 5927 3572 5959 ι
