3974 6450
1032 276 1043 318 i

463 353 573 418 ω

1139 348 1203 407 Β.
1241 345 1497 406 RABANI
1533 343 1754 419 MAURI
1788 342 2109 403 ARCHIEP.
2146 341 2456 401 MOGUNT.
2497 340 2784 401 OPERUM
2818 340 3000 401 PARS
3036 343 3077 399 ι.

3624 344 3732 409 ω

454 468 601 541 quod
640 466 829 527 tindin
856 465 1077 525 dilatum
1107 471 1220 531 est,
1266 462 1543 529 morituri,
1577 477 1721 519 nunc
1758 470 1937 518 tamen
1978 462 2034 516 in
2061 466 2111 526 Α
2138 474 2242 549 que
2286 461 2428 529 genti
2460 451 2737 533 propriam
2785 468 2948 531 atque
2994 459 3264 517 diversam
3310 462 3583 521 tribueret
3598 438 3727 522 flin-

459 560 559 616 alia
591 558 701 615 vita
727 565 872 622 sunt,
898 556 988 612 ubi
1021 566 1145 610 ante
1173 554 1625 610 resurrectionem
1656 552 1855 618 carnis,
1885 559 2038 608 ante-

456 668 621 725 quam
670 650 899 706 animale
946 664 1141 719 corpus
1194 648 1247 702 in
1299 646 1576 718 spirituale
1625 656 1883 712 mutetur,
1934 660 2037 702 nec

455 746 666 810 morbo,
694 758 794 798 nec
813 748 1091 797 senectute
1116 739 1395 805 deﬁciunt,
1418 746 1622 811 quanto
1645 739 1847 811 justius
1868 746 2034 809 atque

450 834 783 907 probabilius
825 833 1015 905 primis
1058 831 1166 888 illis
1194 832 1502 889 hominibus
1537 840 1889 905 praestaretur
1914 831 2033 909 sine

450 928 558 984 ullo
586 943 685 983 suo
702 934 1056 999 parentumve
1082 933 1304 996 peccato
1331 925 1655 990 viventibus,
1686 933 1746 979 ut
1772 924 1828 980 in
1854 923 2035 980 melio-

449 1032 565 1075 rem
593 1017 829 1089 aliquem
857 1022 1055 1073 statum
1085 1015 1213 1075 ﬁliis
1239 1015 1436 1088 genitis
1462 1013 1736 1079 cederent,
1770 1014 1910 1070 unde
1939 1027 2033 1070 saa-

447 1109 566 1166 culo
595 1108 746 1164 ﬁnito
772 1123 896 1165 cum
925 1107 1071 1164 omni
1097 1106 1412 1179 posteritate
1443 1110 1753 1161 sanctorum
1783 1103 1837 1159 in
1866 1119 2030 1176 ange-

446 1200 607 1258 licam
633 1199 885 1266 formam,
910 1216 1016 1255 non
1045 1213 1145 1269 per
1185 1197 1368 1255 carnis
1394 1204 1643 1263 mortem,
1673 1196 1769 1253 sed
1806 1208 1906 1268 per
1932 1192 2029 1252 Dei

448 1293 702 1349 virtutem
730 1291 898 1349 multo
922 1290 1134 1347 felicius
1158 1297 1517 1345 mutarentur.

516 1382 786 1440 Formatis
829 1385 992 1456 igitur
1031 1382 1286 1437 Dominus
1332 1381 1475 1436 Deus
1514 1380 1578 1434 de
1621 1380 1780 1435 humo
1827 1381 2027 1437 cunctis

447 1478 803 1532 animantibus
834 1487 1008 1542 terrte.
1044 1485 1095 1532 et
1140 1476 1390 1530 universis
1422 1473 1715 1530 volatilibus
1756 1472 1900 1541 caeli,
1931 1473 2027 1529 ad-

444 1570 594 1625 duxit
620 1588 683 1625 ea
711 1570 780 1626 ad
826 1570 1017 1625 Adam.
1048 1569 1106 1627 Si
1144 1584 1303 1641 quem
1344 1577 1546 1635 movet,
1573 1570 1699 1640 quia
1731 1585 1838 1625 non
1868 1567 2025 1635 dixit,

442 1661 689 1716 formatis
714 1662 781 1717 de
828 1662 994 1717 humo
1023 1662 1231 1716 cunctis
1258 1661 1622 1716 animantibus
1653 1669 1831 1727 terrae,
1859 1667 1915 1715 et
1959 1660 2053 1716 de.

440 1755 596 1824 aquis
622 1754 888 1809 universis
930 1753 1237 1810 volatilibus
1275 1752 1421 1820 caeli,
1447 1752 1541 1808 sed
1571 1761 1829 1822 tanquam
1872 1758 2026 1806 utra-

2140 570 2328 625 guam,
2377 566 2505 611 tunc
2547 556 2626 609 eis
2671 554 2935 610 credenda
2982 563 3109 610 sunt
3148 554 3313 610 etiam
3364 556 3729 617 animantium

2137 644 2418 712 vocabula,
2442 645 2710 716 quomodo
2736 655 2791 702 et
2817 660 2997 699 rerum
3022 654 3357 713 ceterarum,
3381 646 3544 717 juxta
3576 666 3729 708 suam

2136 736 2331 807 cuique
2380 734 2691 791 distinxisse
2733 734 3050 806 loquelam:
3099 738 3347 806 quamvis
3396 738 3573 794 etiam
3624 757 3729 798 non

2133 827 2266 883 latet
2307 827 2553 885 homines
2589 837 2778 899 postea
2823 827 3068 900 plurimis
3104 845 3224 899 quae
3261 828 3365 885 sibi
3407 846 3556 886 nova
3592 831 3729 892 forte

2131 928 2481 977 occurrerent
2527 922 2707 988 rebus,
2753 921 2869 977 sive
2910 921 3296 988 animantibus,
3328 938 3432 994 per
3475 926 3728 997 Singulas

2131 1022 2320 1085 gentes
2352 1013 2510 1085 juxta
2558 1028 2715 1069 suum
2752 1011 3015 1085 placitum
3053 1012 3312 1070 indidisse
3344 1017 3642 1084 vocabula,
3672 1028 3725 1075 et

2129 1119 2274 1161 nunc
2294 1105 2457 1159 etiam
2481 1102 2606 1160 inde
2630 1103 2937 1161 discernere
2967 1104 3160 1161 solere.
3195 1104 3440 1178 Denique
3464 1108 3538 1163 de
3566 1109 3727 1178 pisci—

2129 1196 2230 1252 bus
2256 1195 2502 1254 adductis
2528 1196 2596 1252 ad
2635 1194 2811 1252 Adam
2836 1206 2897 1251 ut
2922 1195 3001 1252 eis
3026 1197 3242 1251 nomina
3281 1209 3615 1273 .mponeret,
3647 1201 3719 1257 nil

2130 1282 2413 1360 Scriptura
2444 1288 2645 1345 refert:
2679 1286 2875 1360 quibus
2915 1297 3094 1344 tamen
3132 1289 3392 1345 credibile
3420 1298 3509 1346 est
3538 1292 3723 1363 paula-

2127 1383 2226 1438 tim
2249 1382 2481 1455 cognitis
2507 1398 2606 1453 pro
2634 1382 2946 1440 diversitate
2970 1382 3210 1453 gentium
3244 1382 3466 1438 nomina
3506 1383 3583 1438 ab
3615 1402 3722 1441 om-

2126 1474 2284 1532 nibus
2309 1492 2427 1532 esse
2451 1476 2662 1532 diversa
2690 1475 2961 1547 imposita.
2986 1474 3223 1531 Primam
3253 1472 3441 1532 antcin
3476 1476 3718 1551 linguam

2125 1562 2292 1623 fuisse
2312 1568 2496 1641 generi
2522 1569 2758 1624 humano
2787 1567 3067 1624 Hebraeum
3096 1569 3330 1635 videtur,
3361 1585 3433 1637 ex
3472 1586 3545 1625 eo
3576 1570 3716 1642 quod

2124 1659 2342 1713 nomina
2387 1667 2582 1714 cuncta
2632 1659 2911 1715 hominum
2960 1674 3240 1731 quousque
3273 1661 3343 1714 ad
3389 1660 3718 1718 divisionem

2122 1748 2424 1821 linguarum
2450 1748 2505 1804 in
2534 1747 2730 1805 Genesi
2774 1748 3024 1821 legimus.
3063 1748 3207 1806 illius
3234 1757 3455 1806 constat
3484 1767 3615 1808 esse
3641 1752 3716 1809 lo-

439 1861 543 1917 que
589 1862 787 1919 genera
826 1847 895 1904 de
942 1855 1085 1905 terra
1116 1846 1453 1913 formaverit,
1500 1845 1792 1912 Formatis,
1824 1847 2017 1917 inquit,
2048 1864 2097 1927 Β
2123 1839 2313 1911 (ιιιθΙῖΒ.
2340 1839 2516 1896 Causa
2544 1846 2725 1895 autem
2754 1839 3050 1896 adducendi
3077 1840 3147 1897 ad
3172 1840 3345 1897 Adam
3373 1851 3578 1900 cuncta
3604 1845 3714 1919 ani—

434 1937 693 1995 Dominus
726 1938 894 2006 Deus,
922 1939 986 1995 de
1025 1940 1185 1996 Immo
1214 1940 1415 1995 cunctis
1445 1938 1803 1995 animantibus
1838 1948 2018 2005 teme,

434 2038 484 2083 et
528 2031 785 2086 uiuvevsis
833 2028 1128 2087 volatilibus
1178 2028 1324 2095 caeli;
1363 2030 1545 2085 videat
1590 2029 1800 2086 duobus
1840 2029 2019 2088 modis

435 2139 556 2183 esse
582 2127 986 2200 intelligendum
1014 2146 1028 2182 :
1056 2134 1151 2184 aut
1179 2126 1415 2184 tacuisse
1452 2142 1599 2183 nunc
1636 2128 1784 2185 unde
1810 2127 2017 2184 forma-

431 2220 573 2278 verit
596 2220 835 2279 volatilia
860 2222 1006 2289 coeli,
1030 2223 1161 2294 quia
1178 2230 1235 2279 et
1262 2222 1486 2279 tacitum
1508 2222 1680 2295 possit
1703 2238 2015 2292 occurrere,

431 2318 493 2367 ut
532 2328 643 2369 non
686 2314 756 2374 de
801 2322 951 2373 terra
1001 2323 1294 2387 utrumque
1338 2306 1642 2387 accipiatur
1682 2315 1854 2371 Deum
1902 2315 2017 2372 for-

430 2417 642 2473 masse;
669 2405 763 2463 sed
790 2407 1162 2463 tantummodo
1182 2406 1483 2462 animantia
1510 2414 1669 2462 terrae
1698 2417 1755 2464 et
1779 2408 2016 2464 volatilia

431 2494 586 2561 ctuti,
632 2495 799 2553 etiam
844 2504 1057 2553 tacente
1104 2496 1387 2568 Scriptura
1441 2497 1824 2570 intelligamus,
1872 2500 2014 2555 unde

431 2583 746 2643 iormaverit
774 2595 869 2642 aut
914 2595 1118 2644 terram
1159 2587 1539 2644 universaliter
1568 2588 1647 2645 sic
1687 2589 2015 2661 appellatam

431 2674 592 2731 simul
615 2691 737 2734 cum
764 2679 938 2749 aquis,
966 2679 1421 2749 quemadmodum
1440 2681 1708 2752 appellata
1728 2692 1815 2741 est
1837 2685 1892 2740 in
1921 2684 2014 2742 illo

428 2765 659 2838 psalmo,
700 2768 791 2825 ubi
828 2769 1131 2826 caelestium
1173 2770 1422 2829 laudibus
1458 2773 1767 2831 terminatis
1803 2775 1870 2831 ad
1906 2784 2015 2830 ter—

431 2873 546 2922 ram
575 2859 717 2917 facta
746 2870 831 2918 est
867 2864 1151 2920 conversio
1192 2865 1460 2921 sermonis
1501 2873 1559 2922 et
1597 2867 1801 2923 dictum
1829 2886 1841 2922 :
1866 2867 2011 2923 Lau-

428 2950 549 3007 date
572 2951 856 3009 Dominum
889 2955 959 3029 de
980 2964 1144 3021 terra,
1171 2955 1425 3013 dracones
1451 2965 1501 3012 et
1527 2973 1704 3013 omnes
1736 2957 1932 3030 abyssi,
1958 2968 2015 3016 et

427 3052 627 3101 caetera
644 3044 821 3119 (Psal.
845 3046 1026 3119 crux)
1046 3047 1187 3114 ;Nec
1205 3057 1392 3121 postea
1413 3049 1615 3105 dictum
1636 3059 1747 3107 est:
1770 3050 2014 3111 Laudate

428 3138 715 3196 Dominum
737 3142 806 3197 de
832 3142 1006 3213 aquis.
1033 3142 1110 3199 lbi
1132 3142 1280 3199 enim
1302 3151 1429 3199 sunt
1447 3159 1635 3201 omnes
1660 3145 1862 3217 abyssi,
1891 3162 2013 3217 quae

2125 1934 2329 1988 mantia
2357 1942 2518 1989 terra:
2557 1940 2613 1989 et
2644 1932 2882 1989 volatilia
2926 1933 3072 2001 caeli,
3100 1942 3163 1991 ut
3192 1934 3401 1990 videret
3430 1938 3582 2008 quod
3624 1953 3710 1993 vo-

2121 2031 2272 2083 caret
2298 2041 2361 2081 ea
2399 2033 2456 2081 et
2494 2025 2576 2082 eis
2611 2025 2830 2081 nomina
2876 2026 3207 2097 imponeret,
3252 2028 3359 2083 hoc
3386 2036 3508 2095 est,
3540 2038 3606 2084 ut
3636 2029 3710 2085 sic

2120 2118 2263 2176 Deus
2288 2119 2681 2177 demonstraret
2711 2119 2917 2174 homini
2947 2128 3155 2190 quanto
3194 2119 3386 2176 melior
3413 2129 3569 2176 esset
3593 2135 3707 2177 om-

2118 2213 2277 2269 nibus
2332 2211 2792 2270 irrationabilibus
2844 2212 3226 2269 animantibus.
3271 2212 3355 2276 Ei
3408 2214 3527 2271 hoc
3564 2215 3704 2270 enim

2119 2311 2343 2377 apparet
2369 2305 2485 2376 ipsa
2513 2305 2721 2361 ratione
2763 2303 3037 2360 hominem
3084 2303 3365 2360 meliorem
3391 2319 3516 2362 esse
3542 2320 3704 2377 quam

2116 2412 2335 2469 pecora,
2381 2397 2525 2467 quod
2574 2397 2906 2468 distinguere
2936 2403 2990 2451 et
3018 2396 3358 2451 'nominatim
3396 2411 3465 2453 ea
3495 2397 3701 2454 discer—

2116 2503 2247 2545 nere
2271 2504 2379 2545 non
2402 2489 2508 2545 nisi
2537 2488 2678 2545 ratio
2706 2494 2902 2561 potest,
2930 2503 3050 2558 qua:
3077 2487 3271 2543 melior
3295 2495 3399 2544 est.
3435 2485 3705 2558 Spiritu:-

2115 2579 2241 2636 liter
2266 2595 2417 2647 vero,
2448 2579 2707 2651 faciamus
2723 2581 2772 2635 ei
2800 2579 3124 2651 adjutorium
3147 2579 3317 2635 simile
3344 2580 3452 2646 sui,
3483 2582 3614 2653 quia
3654 2581 3707 2635 in

2116 2673 2234 2745 ipso
2276 2672 2494 2728 homine
2540 2679 2789 2744 suscepto
2840 2671 3085 2727 Ecclesia
3134 2671 3247 2728 Deo
3292 2672 3551 2743 capulata
3602 2682 3703 2727 est.

2115 2764 2422 2835 Appellavit
2448 2763 2621 2820 Adam
2665 2763 2974 2819 nominibus
3006 2763 3120 2819 suis
3155 2770 3355 2819 cuncta
3402 2764 3703 2818 animantia
3802 2820 3807 2827 ,

2115 2868 2170 2914 et
2204 2859 2443 2914 volatilia
2469 2859 2610 2926 cteli,
2639 2866 2695 2913 et
2719 2858 2923 2914 bestias
2952 2866 3137 2925 terrm,
3164 2856 3488 2929 signiﬁcans
3518 2867 3705 2929 gentes

2116 2964 2236 3022 quae
2275 2949 2437 3006 salvae
2470 2948 2662 3006 ﬁerent
2694 2949 2751 3004 in
2790 2947 3055 3016 Ecclesia,
3085 2955 3142 3004 et
3172 2961 3272 3020 per
3295 2947 3582 3004 Christum
3612 2965 3705 3005 no-

2115 3057 2239 3099 men
2286 3051 2440 3099 erant
2491 3050 2791 3114 accepturae
2836 3041 2980 3114 quod
3020 3037 3173 3113 prius
3219 3054 3329 3095 non
3377 3040 3703 3108 habuerant,

2115 3139 2258 3194 sicut
2299 3138 2558 3208 scriptum
2583 3144 2666 3193 est
2695 3154 2708 3192 :
2738 3134 2807 3191 Et
2832 3133 3038 3192 vocabo
3080 3147 3269 3189 servos
3300 3147 3455 3189 meos
3486 3134 3707 3190 nomine

427 3238 607 3288 tamen
634 3231 702 3288 de
727 3240 872 3288 terra
896 3233 1119 3290 laudant
1157 3234 1466 3290 Dominum.
1495 3235 1573 3291 lbi
1602 3236 1769 3292 etiam
1798 3238 2012 3307 reptilia
2039 3234 2086 3300 C
2117 3230 2243 3288 alio.

426 3328 482 3377 et
509 3320 748 3378 volatilia
774 3334 1044 3394 pennata,
1072 3339 1198 3396 quae
1228 3325 1578 3383 nihilominus
1610 3326 1677 3382 de
1706 3336 1849 3383 terra
1894 3329 2013 3384 lau-

426 3413 558 3468 dant
586 3414 755 3473 Deum
782 3417 1077 3473 secundum
1102 3418 1269 3475 istam
1297 3419 1662 3477 universalem
1691 3421 2009 3494 appellatio-

426 3521 551 3561 nem
580 3514 762 3576 terra},
804 3511 1100 3568 secundum
1137 3527 1301 3583 quam
1348 3514 1509 3569 etiam
1551 3514 1619 3570 de
1654 3522 1768 3570 toto
1809 3516 2012 3572 mundo

426 3597 624 3654 dicitur
648 3618 661 3654 :
689 3600 831 3657 Deus
871 3602 965 3674 qui
1008 3601 1138 3659 fecit
1180 3604 1379 3660 coelum
1418 3613 1474 3660 et
1503 3612 1738 3673 terram,
1782 3606 1899 3663 sive
1944 3607 2012 3664 de

424 3690 608 3757 arida,
649 3692 765 3748 sive
808 3693 875 3749 de
921 3695 1077 3765 aquis
1123 3710 1462 3767 quaecunque
1508 3705 1694 3754 creata
1735 3705 1896 3767 sunt,
1945 3699 2013 3756 de

423 3788 572 3839 terra
600 3782 871 3841 veraciter
894 3784 1270 3859 intelliguntur
1290 3794 1503 3843 creata.

493 3875 730 3934 Adduxit
759 3895 843 3947 ea,
876 3878 1085 3951 inquit,
1128 3880 1198 3934 ad
1226 3879 1397 3935 Adam
1429 3888 1484 3935 ut
1519 3880 1713 3936 videret
1753 3880 1880 3957 quid
1922 3898 2013 3937 vo-

423 3978 565 4026 caret
602 3987 680 4024 ea.
724 3968 847 4027 Non
876 3977 960 4025 est
1007 3971 1354 4043 cogitandum
1395 3972 1704 4039 carnaliter,
1752 3973 1897 4044 quod
1936 3973 2013 4028 ita

422 4061 709 4117 adduxerit
738 4061 884 4118 Deus
909 4062 1208 4117 animantia
1236 4071 1397 4118 terrae
1432 4062 1518 4119 vel
1553 4078 1682 4118 aves
1724 4064 1793 4121 ad
1816 4062 2010 4131 Adam,

422 4150 694 4222 quomodo
723 4151 862 4208 solet
880 4158 1075 4224 pastor
1100 4166 1323 4224 gregem
1362 4153 1572 4210 minare
1604 4168 1762 4210 suum
1790 4154 1858 4211 de
1894 4153 2014 4211 loco

423 4245 493 4305 ad
533 4243 743 4311 locum;
790 4244 887 4301 sed
930 4244 1104 4317 magis
1139 4245 1569 4318 intelligendum,
1610 4246 1739 4316 quia
1766 4246 1907 4304 sicut
1934 4247 2017 4303 di-

422 4338 551 4393 vina
574 4337 837 4409 potentia,
869 4352 993 4394 cum
1019 4337 1208 4404 voluit,
1238 4338 1357 4394 hzec
1385 4336 1453 4394 de
1480 4337 1637 4409 aquis
1657 4336 1743 4393 vel
1769 4337 1836 4394 de
1865 4345 2014 4394 terra

423 4427 659 4496 creavit;
690 4429 765 4484 ita
793 4429 959 4486 etiam
984 4428 1173 4486 eadem
1206 4429 1423 4485 occulto
1453 4436 1589 4484 nutu
1621 4443 1735 4485 suae
1758 4431 2014 4501 potentiae

422 4523 640 4596 quando
664 4522 855 4591 voluit,
880 4526 952 4579 ad
995 4522 1271 4579 hominem
1310 4520 1692 4591 conspicienda
1738 4520 2010 4593 perduxit.

2184 3324 2356 3379 Adam
2387 3339 2504 3379 vero
2541 3339 2643 3377 non
2677 3321 3037 3377 inveniebatur
3068 3320 3286 3391 adjutor
3324 3318 3519 3375 similis
3556 3318 3705 3389 ejus;

2112 3416 2300 3487 utique
2320 3413 2567 3487 quamvis
2590 3412 2762 3468 ﬁdelis
2787 3421 2881 3466 aut
2902 3410 3082 3481 justus
3105 3411 3174 3467 sit
3198 3410 3459 3481 quisque,
3486 3410 3705 3465 Christo

2112 3515 2296 3563 tamen
2324 3506 2528 3578 aequari
2551 3519 2657 3559 non
2688 3510 2884 3575 potest.
2917 3502 3048 3569 Quis
3074 3503 3233 3567 enim,
3265 3501 3445 3571 inquit
3472 3499 3700 3571 Moyses,

2113 3601 2301 3658 similis
2332 3601 2425 3655 tibi
2449 3598 2506 3655 in
2538 3598 2661 3666 diis,
2695 3596 2957 3653 Domine!
2976 3595 3112 3651 Nam
3139 3603 3194 3651 et
3218 3594 3392 3649 David
3420 3594 3500 3649 ait
3525 3613 3538 3648 :
3577 3593 3702 3664 Spe-

2114 3694 2286 3750 ciosus
2313 3692 2484 3764 forma
2512 3700 2621 3763 prae
2662 3688 2790 3760 ﬁliis
2816 3687 3086 3743 hominum
3128 3682 3303 3760 (Psal.
3330 3682 3503 3756 κων).
3535 3682 3701 3739 Nemo

2114 3786 2257 3841 enim
2286 3791 2498 3856 poterat
2535 3796 2567 3836 a
2609 3788 2785 3837 morte
2811 3794 2980 3852 genus
3023 3778 3302 3835 hominum
3343 3777 3608 3840 liberare,
3649 3784 3699 3831 et

2114 3879 2288 3949 ipsam
2321 3884 2551 3933 mortem
2578 3889 2833 3947 superare
2861 3873 2965 3929 nisi
3008 3872 3276 3935 Christus,
3321 3869 3465 3925 sicut
3489 3869 3697 3939 Apoca-

2114 3969 2281 4042 lypsis
2304 3968 2380 4022 ait
2405 3986 2417 4022 :
2450 3964 2620 4020 Nemo
2659 3964 2899 4020 inventus
2925 3972 3000 4018 est
3023 3963 3240 4034 dignus,
3270 3976 3437 4033 neque
3465 3961 3523 4015 in
3555 3959 3698 4025 etelo,

2114 4076 2278 4133 neque
2316 4061 2375 4116 in
2415 4068 2590 4126 terra,
2632 4073 2795 4129 neque
2826 4056 2971 4128 infra
3015 4063 3210 4110 terram
3258 4054 3466 4125 aperire
3514 4051 3699 4107 librum

2118 4155 2300 4230 (Apoc.
2323 4154 2403 4228 v).

2187 4249 2413 4310 Immisit
2459 4260 2580 4320 ergo
2627 4244 2886 4301 Dominus
2938 4240 3081 4299 Deus
3116 4255 3355 4314 soporem
3400 4240 3458 4295 in
3509 4236 3698 4295 Adam.

2116 4341 2353 4414 Cumque
2399 4337 2770 4404 obdormisset,
2816 4333 2938 4391 tulit
2979 4351 3142 4390 unam
3189 4333 3253 4389 de
3286 4333 3445 4387 costis
3478 4332 3619 4403 ejus,
3650 4338 3699 4385 et

2116 4432 2327 4506 replevit
2357 4445 2566 4485 carnem
2595 4443 2687 4497 pro
2734 4442 2817 4492 ea,
2846 4434 2895 4480 et
2942 4423 3223 4493 wdiﬁcavit
3252 4421 3514 4476 Dominus
3559 4419 3698 4475 Deus

2115 4533 2313 4578 costam
2351 4536 2510 4593 quam
2554 4515 2746 4571 tulerat
2783 4513 2848 4568 de
2894 4512 3065 4566 Adam
3110 4511 3166 4565 in
3208 4508 3501 4564 mulierem.
3550 4507 3699 4576 Quod

421 4615 704 4687 Quomodo
729 4616 896 4673 etiam
938 4614 1008 4671 ad
1034 4629 1221 4671 arcam
1246 4612 1365 4670 Noe
1406 4614 1589 4671 cuncti
1613 4614 1831 4687 generis
1865 4613 2014 4670 vola-
2034 4605 2093 4669 Β
2117 4612 2313 4669 mulier
2338 4609 2403 4666 de
2442 4608 2545 4664 viri
2586 4606 2756 4661 latere
2784 4602 2931 4660 facta
2959 4608 3062 4668 est,
3095 4608 3317 4670 propter
3360 4597 3537 4669 ipsius
3581 4610 3701 4652 con-

421 4709 538 4766 tilia
561 4708 647 4765 vel
673 4708 1046 4783 quadrupedia
1074 4723 1183 4765 non
1208 4706 1448 4764 hominis
1476 4722 1640 4762 manu
1663 4714 2007 4779 congregata,

420 4800 518 4859 sed
542 4801 803 4857 divinitus
826 4809 948 4857 acta
970 4800 1204 4865 venisse,
1227 4814 1456 4870 eamque
1477 4799 1713 4855 intrasse
1737 4799 2008 4870 leguntur,

420 4892 794 4950 nescientibus
828 4892 1049 4962 quidem
1080 4892 1211 4962 ipsis
1235 4891 1304 4946 ad
1340 4892 1471 4962 quid
1501 4891 1768 4954 venirent,
1807 4889 2013 4945 sciente

422 4995 605 5044 autem
647 4985 874 5043 homine
900 4984 994 5056 qui
1034 4998 1098 5039 ea
1142 4984 1417 5041 venientia
1452 4984 1507 5040 in
1546 4997 1733 5038 arcam
1766 4981 1878 5037 Deo
1911 4978 2012 5035 do-

420 5088 580 5138 cente
609 5095 675 5137 ac
693 5076 922 5150 iubente
949 5075 1298 5147 suscipiebat.

497 5170 665 5228 Omne
700 5172 838 5228 enim
891 5169 1031 5245 quod
1084 5170 1284 5227 vocavit
1321 5166 1493 5223 Adam
1531 5165 1724 5221 animo:
1777 5165 2011 5230 viventis,

424 5264 597 5336 ipsum
627 5273 701 5319 est
727 5280 916 5320 nomen
938 5263 1072 5335 ejus.
1101 5259 1493 5334 Appellavitque
1516 5257 1688 5314 Adam
1717 5255 2013 5312 nominibus

422 5358 535 5415 suis
556 5369 745 5415 cuncta
766 5360 1057 5415 animantia
1081 5367 1256 5425 teme,
1282 5366 1330 5412 et
1357 5355 1597 5410 universa
1622 5351 1853 5409 volatilia
1876 5352 2009 5420 caeli,

424 5460 474 5508 et
501 5465 678 5507 omnes
707 5449 895 5507 bestias
937 5460 1110 5508 terras.
1137 5450 1361 5507 Constat
1402 5443 1575 5502 Adam
1620 5445 1675 5500 in
1720 5460 1784 5501 ca
1829 5444 2012 5516 lingua

425 5557 534 5615 qua
560 5549 732 5599 totum
748 5558 921 5617 genus
946 5545 1243 5602 humanum
1268 5554 1440 5611 usque
1465 5538 1530 5593 ad
1556 5537 2010 5593 constructionem

426 5634 613 5703 turris,
650 5636 706 5692 in
735 5652 843 5708 qua
885 5638 1081 5710 linguae
1114 5636 1300 5690 divisae
1328 5638 1476 5697 sunt,
1516 5630 1857 5701 loquebatur,
1895 5629 2011 5684 ani-

426 5728 700 5785 mantibus
741 5738 899 5784 terrae
947 5736 1004 5781 et
1046 5726 1351 5781 volatilibus
1401 5724 1616 5779 nomina
1668 5722 2006 5795 imposuisse.

427 5817 693 5881 Cmterum
716 5820 775 5875 in
813 5817 1111 5889 dejectione
1154 5817 1342 5883 turris,
1388 5831 1509 5871 cum
1544 5816 1685 5872 Deus
1714 5829 1867 5873 suam
1897 5815 2011 5871 cui-

2110 4702 2406 4777 junctionis
2442 4701 2554 4755 vim
2587 4694 3103 4759 commcndendam,
3134 4692 3210 4747 ita
3238 4688 3360 4746 ﬁeri
3398 4688 3701 4761 oportuisse

2117 4795 2443 4853 credendum
2490 4798 2593 4847 est.
2635 4788 2790 4857 Quod
2829 4794 3008 4842 autem
3055 4783 3345 4841 dormienti
3372 4781 3453 4838 illi
3498 4780 3699 4835 factum

2116 4895 2218 4952 est,
2250 4883 2390 4955 quod
2423 4897 2545 4938 osse
2572 4880 2815 4935 detracto
2842 4879 2896 4932 in
2924 4874 3087 4947 hujus
3114 4875 3293 4931 locum
3323 4887 3453 4929 caro
3486 4871 3701 4942 supple-

2116 4989 2287 5044 retur,
2319 4975 2527 5031 altioris
2565 4969 2805 5044 mysterii
2835 4970 3011 5042 gratia
3054 4967 3259 5024 factum
3280 4975 3383 5023 est.
3416 4962 3703 5036 Signiﬁca-

2113 5071 2275 5128 batur
2301 5066 2447 5123 enim
2477 5065 2621 5137 quod
2650 5063 2715 5117 dc
2742 5062 2913 5118 latere
2938 5059 3139 5118 Christi
3169 5061 3225 5116 in
3248 5074 3409 5117 cruce
3435 5072 3537 5130 per
3562 5071 3702 5112 mor—

2113 5176 2224 5223 tem
2251 5163 2428 5235 sopiti,
2474 5168 2813 5218 sacrameuta
2852 5166 3035 5214 essent
3074 5156 3262 5213 salutis
3286 5153 3524 5218 exitura,
3557 5151 3701 5205 vide-

2114 5259 2241 5316 licet
2274 5257 2493 5329 sanguis
2527 5262 2582 5311 et
2610 5269 2770 5325 aqua,
2813 5252 2880 5309 de
2908 5250 3104 5322 quibus
3144 5263 3346 5320 sponsa
3391 5245 3468 5301 illi
3503 5244 3698 5300 condc-

2114 5360 2263 5409 rctur
2304 5348 2568 5406 Ecclesia.
2598 5345 2733 5401 Nam
2774 5344 2822 5402 si
2872 5344 3008 5399 tanti
3046 5340 3374 5397 sacramenti
3402 5354 3509 5394 non
3558 5343 3696 5390 esset

2115 5444 2287 5514 ﬁgura
2323 5442 2379 5497 iu
2424 5439 2698 5497 creatione
2726 5435 2939 5492 feminae
2975 5433 3367 5506 prmmittenda,
3397 5430 3528 5502 quid
3567 5443 3697 5498 opus

2113 5544 2233 5592 erat
2262 5534 2527 5590 dormisse
2555 5532 2749 5596 Adam,
2774 5537 2838 5585 ut
2872 5538 3078 5586 costam
3118 5527 3192 5583 illi
3225 5528 3365 5581 Deus
3392 5526 3460 5579 de
3488 5538 3595 5595 qua
3623 5521 3696 5575 fe-

2114 5628 2318 5685 minam
2364 5625 2569 5681 faceret
2597 5623 2830 5689 tolleret,
2860 5622 2953 5693 qui
2994 5631 3047 5676 et
3088 5619 3330 5692 vigilanti
3364 5633 3428 5673 ac
3454 5631 3565 5672 non
3609 5614 3695 5669 de

2114 5722 2243 5777 lenti
2289 5721 2431 5776 idem
2478 5719 2657 5775 facere
2698 5717 2942 5788 poterat?
2984 5714 3125 5783 Quid
3162 5712 3529 5769 necessarium
3573 5707 3690 5769 fuit,

2111 5825 2171 5872 ut
2197 5832 2317 5871 cum
2346 5831 2406 5872 os
2436 5813 2575 5885 quod
2608 5814 2674 5870 dc
2702 5812 2805 5866 viri
2838 5811 3005 5866 latere
3048 5815 3321 5879 sumptum
3349 5806 3518 5863 estin
3544 5799 3691 5859 fani-
