3974 6484
250 437 365 497 485

1288 398 1661 490 conuerti".
1684 426 1748 482 iN
1787 422 2123 503 GENESIM.
2149 457 2222 470 —
2257 427 2385 485 LIB.
2426 429 2471 485 ι.

3432 438 3538 499 186

248 569 380 611 nam
422 549 779 616 eondebatur,
816 548 871 605 in
918 546 1097 605 locum
1140 544 1298 612 ossis,
1328 559 1435 600 non
1484 559 1565 607 os,
1594 540 1688 595 sed
1717 554 1844 594 caro
1873 540 1923 601 Α
1949 536 2199 595 videlicet
2243 539 2556 599 Christiana
2602 550 2911 615 vocaretur,
2953 558 2985 602 a
3011 544 3160 617 Jesu,
3192 548 3247 605 id
3275 557 3387 620 est,
3419 551 3540 609 Sal-

248 644 617 715 supplcretur,
645 639 749 696 nisi
771 639 896 709 quia
925 638 1259 712 ﬁgurabatur
1284 636 1426 707 quod
1451 633 1700 690 Christus
1728 646 1848 701 pro-

250 745 376 809 pter
404 732 703 791 Ecclesium
734 730 1003 797 inﬁrmus,
1029 738 1084 786 at
1110 745 1239 786 vero
1266 727 1512 784 Ecclesia
1546 741 1644 797 per
1667 724 1845 796 ipsum

246 834 402 885 esset
446 824 602 881 ﬁrma
644 822 864 879 futura?
907 821 1057 879 Unde
1102 820 1341 891 ejusdem
1389 817 1632 891 mystcrii
1672 815 1845 889 gratia

248 922 432 994 typico
452 932 669 990 quoque
694 915 863 972 verbo
882 931 981 971 usa
1006 923 1090 972 est
1114 914 1395 987 Scriptura
1421 922 1480 968 ut
1504 927 1609 967 non
1640 911 1845 966 diceret

244 1011 412 1079 iacit,
442 1018 537 1066 aut
580 1008 867 1074 lormavit,
908 1015 1003 1062 aut
1031 1007 1263 1073 creavit,
1303 1006 1444 1062 sicut
1491 1004 1548 1060 in
1591 1002 1845 1059 omnibus

242 1119 415 1176 supra
436 1101 711 1174 operibus,
741 1100 837 1156 sed
865 1099 1168 1170 tediﬁcavit,
1198 1100 1392 1169 inquit,
1422 1097 1677 1152 Dominus
1698 1093 1842 1150 Deus

244 1204 451 1250 costam
498 1208 661 1264 quam
714 1190 909 1246 tulerat
952 1191 1017 1245 de
1053 1191 1226 1246 Adam
1269 1192 1326 1246 in
1376 1189 1677 1255 mulierem,
1733 1202 1842 1244 non

246 1294 512 1355 tanquam
556 1299 758 1354 corpus
792 1284 1104 1348 humanum,
1154 1282 1247 1339 sed
1293 1291 1547 1354 tanquam
1578 1282 1836 1337 domum:

244 1394 372 1451 qua:
399 1380 594 1436 domus
638 1393 826 1434 minus
866 1393 985 1443 nos,
1014 1377 1062 1434 si
1090 1377 1342 1433 ﬁduciam
1372 1385 1425 1434 et
1453 1376 1678 1449 gloriam
1725 1375 1840 1446 spei

242 1488 420 1544 usque
460 1472 531 1529 ad
578 1470 741 1527 ﬁnem
788 1471 999 1526 ﬁrmam
1045 1471 1396 1527 retineamus.
1448 1470 1651 1526 Taliter
1692 1469 1839 1525 enim

243 1565 508 1631 decebat,
548 1572 613 1621 ut
654 1564 875 1620 humani
914 1564 1129 1635 generis
1170 1564 1325 1635 origo
1360 1564 1472 1620 Deo
1511 1569 1838 1633 cooperante

240 1656 585 1727 procederet,
608 1662 881 1726 quatenus
909 1653 1281 1725 redemptione
1307 1653 1475 1725 ipsius
1497 1668 1619 1724 quae
1647 1654 1703 1709 in
1732 1652 1839 1709 ﬁne

239 1758 364 1806 erat
397 1748 583 1805 caballi
616 1762 715 1818 per
741 1747 992 1804 eumdem
1031 1755 1258 1803 ventura
1281 1746 1618 1803 conditorem
1656 1745 1837 1801 conci-

236 1841 497 1900 nentibus
530 1839 720 1912 ﬁguris
768 1840 1137 1896 testimonium
1173 1840 1348 1896 daret.
1391 1836 1593 1911 (Greg.)
1642 1837 1833 1894 Scien-

1949 640 2157 698 vatorc,
2189 633 2419 690 salutem
2446 648 2872 709 consequeretur
2899 647 3178 696 aeternam.
3208 640 3325 698 Non
3356 654 3539 702 autem

1944 729 2404 797 prmtereundum,
2429 730 2574 802 quod
2609 745 2771 802 sopor
2800 731 2910 799 ille,
2935 733 3050 789 sive
3070 735 3325 803 exstasis,
3351 736 3404 791 id
3430 746 3534 806 est,

1944 819 2144 875 mentis
2169 835 2448 889 excessus,
2477 830 2538 877 ut
2583 822 2806 893 antiqua
2834 823 3117 880 translatio
3146 825 3328 893 habet,
3373 843 3538 899 quam

1943 906 2207 968 Dominus
2248 913 2551 970 transmisit
2594 914 2647 969 in
2680 914 2877 982 Adam,
2927 926 3075 974 recte
3107 917 3447 990 intelligitur,
3478 929 3538 976 ut

1942 1011 2163 1059 sanctus
2189 1004 2524 1076 Augustinus
2552 1007 2700 1073 dicit,
2735 1009 2803 1063 ad
2830 1009 2937 1065 hoc
2972 1010 3235 1078 immissa,
3266 1020 3328 1067 ut
3365 1012 3536 1084 ipsius

1940 1109 2100 1150 mens
2127 1112 2225 1169 per
2244 1099 2484 1155 exstasin
2510 1101 2784 1172 particeps
2813 1100 2969 1159 ﬁeret
2996 1110 3252 1173 tanquam
3281 1105 3537 1176 angelica:

1942 1187 2128 1255 curiae,
2158 1197 2214 1244 et
2257 1190 2470 1246 intrans
2512 1191 2567 1248 in
2618 1192 2987 1248 sanctuarium
3026 1192 3159 1259 Dei,
3210 1194 3539 1268 intelligeret

1939 1280 2256 1336 novissima.
2280 1281 2523 1354 Denique
2546 1284 2805 1357 evigilans
2829 1290 3086 1356 tanquam
3114 1286 3395 1356 prophetia
3422 1285 3536 1357 ple-

1939 1389 2062 1441 nus,
2094 1390 2217 1430 cum
2246 1375 2317 1430 ad
2351 1390 2409 1431 se
2457 1376 2746 1432 adductam
2778 1375 3059 1432 mulierem
3102 1392 3257 1433 suam
3303 1378 3535 1445 videret,

1939 1468 2204 1523 eructavit
2234 1469 2492 1525 continuo
2514 1484 2769 1542 magnum
2800 1474 3200 1526 sacramentum
3228 1472 3371 1542 quod
3395 1486 3538 1526 com.

1936 1562 2215 1619 mandavit
2255 1562 2590 1634 Apostolus:
2625 1562 2741 1620 Hoc
2776 1582 2916 1621 nunc
2950 1582 3005 1620 os
3046 1582 3111 1620 ex
3150 1566 3350 1621 ossibus
3382 1566 3533 1631 meis,

1932 1660 1986 1708 et
2011 1671 2136 1709 caro
2164 1655 2229 1711 de
2262 1672 2421 1711 carne
2455 1673 2592 1711 mea.
2625 1656 2756 1712 Hrec
2793 1658 3062 1714 vocabitur
3088 1660 3282 1731 virago,
3317 1659 3440 1732 quia
3469 1660 3536 1715 de

1934 1745 2048 1800 viro
2081 1756 2289 1819 sumpta
2313 1758 2412 1814 est,
2436 1758 2491 1804 et
2516 1750 2658 1821 quod
2689 1751 2953 1822 sequitur.

2012 1836 2363 1904 Quamobrem
2387 1840 2642 1912 relinquet
2662 1842 2816 1897 homo
2834 1852 3036 1915 patrem
3056 1860 3209 1897 suum
3226 1851 3273 1898 et
3289 1854 3533 1908 matrem,

236 1933 375 1991 dum
418 1948 550 1990 vero
571 1905 673 1990 Vest
707 1932 835 2003 quia
880 1946 1225 2004 nequaquam
1251 1905 1464 1988 culmen
1514 1905 1837 2002 contempla-
1865 1905 1912 1968 Β
1939 1938 1990 1984 et
2012 1929 2300 1987 adhterebit
2336 1934 2492 1988 uxori
2518 1905 2663 2001 iuta,
2711 1944 2758 1989 et
2786 1905 2940 1990 erunt
2980 1936 3084 1991 duo
3119 1937 3179 1991 in
3207 1954 3365 1993 carne
3401 1905 3531 1992 una.

238 2025 412 2083 tionis
452 2025 789 2098 attingimus,
816 2025 863 2082 si
890 2040 999 2081 non
1039 2025 1108 2081 ab
1132 2026 1397 2082 exteriori
1436 2041 1583 2081 cura;
1613 2039 1836 2097 oppres-

237 2122 400 2178 sione
428 2135 722 2179 cessamus.
752 2118 1101 2191 Nequaquam
1139 2120 1500 2190 nosmetipsos
1537 2120 1835 2186 intuemur,

237 2221 302 2269 ut
337 2215 577 2271 sciamus
598 2214 744 2270 aliud
778 2214 835 2270 in
864 2214 1022 2270 nobis
1044 2229 1167 2271 esse
1197 2213 1463 2269 rationale
1492 2214 1637 2285 quod
1675 2213 1835 2285 regit,

235 2304 386 2361 aliud
407 2303 646 2361 ani-ale
666 2304 817 2375 quod
852 2304 1080 2376 regitur,
1106 2304 1213 2361 nisi
1240 2302 1309 2359 ad
1338 2312 1609 2360 secretum
1634 2301 1835 2359 silentii

236 2405 608 2462 recurrentes,
636 2396 705 2451 ab
743 2395 892 2452 omni
926 2395 1168 2452 exterius
1210 2394 1622 2465 perturbatione
1658 2394 1837 2465 sopia—

237 2502 383 2544 mur.
414 2486 571 2555 Quod
600 2486 879 2542 silentium
904 2497 1155 2543 nostrum
1184 2486 1323 2542 bene
1348 2484 1522 2541 Adam
1556 2484 1834 2540 dormiens

238 2578 513 2651 ﬁguravit,
543 2579 613 2635 de
646 2578 808 2650 cujus
831 2594 958 2635 mox
984 2578 1153 2634 latere
1186 2578 1385 2633 mulier
1412 2576 1699 2648 processit,
1727 2590 1836 2646 qua

237 2673 488 2745 quisquis
524 2672 591 2728 ad
633 2672 894 2728 interiora
938 2671 1280 2742 intelligenda
1326 2670 1555 2742 rapitur,
1594 2685 1626 2723 a
1672 2668 1835 2725 rebus

234 2764 599 2824 invisibilibus
629 2764 827 2821 ruentis
867 2763 1055 2820 oculos
1083 2763 1305 2829 claudit,
1330 2770 1385 2817 et
1418 2770 1544 2817 tunc
1572 2762 1626 2817 in
1656 2760 1835 2832 seipso

234 2859 322 2916 vel
358 2873 481 2930 qua:
508 2871 742 2928 prteesse
782 2856 1015 2912 debeant
1040 2855 1289 2921 viriliter,
1334 2853 1416 2910 vel
1447 2868 1565 2923 quae
1610 2853 1835 2909 subesse

228 2951 447 3023 possint
474 2948 691 3005 inﬁrma
715 2947 1021 3021 distinguit,
1059 2957 1121 3004 ut
1156 2947 1303 3003 aliud
1349 2947 1402 3001 in
1433 2947 1548 3017 ipso
1588 2946 1660 3000 sit
1687 2944 1833 3015 quod

232 3060 426 3117 regere
475 3044 653 3099 valeat
699 3052 957 3114 tanquam
1004 3042 1106 3109 vir,
1138 3040 1282 3097 aliud
1332 3048 1587 3111 tanquam
1627 3037 1830 3093 femina

233 3140 381 3211 quod
412 3148 652 3211 regatur.

310 3230 380 3286 Et
420 3231 643 3286 adduxit
685 3246 803 3287 eam
847 3229 917 3284 ad
956 3229 1146 3284 Adam.
1186 3225 1435 3299 Dixitque
1463 3226 1633 3281 Adam
1665 3239 1682 3278 :
1714 3218 1829 3279 Hoc

230 3342 375 3381 nunc
410 3341 471 3380 os
498 3340 563 3379 ea:
590 3316 794 3379 ossibus
816 3322 965 3388 meis,
995 3330 1044 3378 et
1074 3337 1198 3376 caro
1241 3321 1305 3374 de
1332 3336 1490 3374 carne
1516 3335 1653 3373 mea.
1684 3315 1830 3386 Quo—

232 3415 387 3472 niam
410 3413 584 3471 Adam
613 3412 860 3470 adductis
884 3411 953 3468 ad
982 3427 1041 3468 se
1069 3411 1434 3466 animantibus
1468 3418 1625 3464 terra:
1652 3416 1708 3463 et
1734 3422 1830 3464 vo-

231 3507 478 3564 latilibus
498 3506 731 3572 cunctis,
762 3503 971 3561 nullum
1000 3503 1055 3558 in
1082 3502 1169 3558 bis
1196 3501 1298 3557 sibi
1325 3498 1501 3557 simile
1525 3499 1827 3567 invenerat,

229 3599 435 3657 merito
459 3613 604 3654 nunc
624 3596 719 3654 ubi
743 3593 1071 3667 adiutorium
1107 3592 1284 3650 simile
1328 3592 1409 3648 sui
1435 3590 1639 3647 factum
1667 3599 1831 3662 atque

220 3693 307 3749 ad
333 3706 395 3748 se
422 3690 716 3748 adductum
738 3687 895 3755 vidit,
920 3688 1140 3761 agnovit
1160 3695 1218 3743 et
1249 3684 1573 3743 exclamavit
1604 3685 1827 3741 dicens:

116 3846 123 3849 ,
218 3783 358 3843 Hoc
399 3800 539 3840 nunc
580 3798 639 3838 os
672 3799 737 3837 ea:
762 3781 965 3838 ossibus
995 3783 1143 3849 meis,
1179 3790 1226 3835 et
1257 3796 1379 3834 caro
1408 3779 1472 3835 de
1498 3795 1655 3834 carne
1691 3794 1826 3833 mea.

226 3874 396 3932 Nunc
421 3873 706 3942 videlicet,
747 3874 875 3945 quia
917 3874 1069 3944 prius
1110 3872 1242 3929 visis
1288 3870 1659 3929 animantibus
1687 3870 1826 3939 aliis,

227 3967 414 4025 simile
436 3967 544 4023 sibi
575 3982 684 4023 non
713 3967 935 4024 viderat.
968 3965 1040 4022 Os
1068 3975 1243 4044 autem
1271 3966 1336 4022 de
1369 3967 1571 4023 ossibus
1600 3968 1749 4033 meis,
1781 3974 1831 4021 et

224 4074 361 4115 curo
384 4058 453 4114 de
478 4074 638 4113 carne
685 4074 803 4112 mea
826 4071 845 4110 :
870 4058 998 4130 quia
1044 4065 1241 4113 caetera
1284 4073 1406 4129 qua:
1434 4072 1496 4112 os
1525 4064 1580 4111 et
1609 4070 1832 4113 carnem

228 4150 493 4208 habentia
523 4149 734 4206 viderat
769 4149 1200 4221 nominatimque
1246 4149 1582 4213 distinxerat,
1617 4163 1727 4204 non
1764 4163 1833 4204 ex

232 4258 335 4300 sua
383 4243 708 4311 substantia,
745 4245 840 4301 sed
879 4258 947 4300 ex
996 4252 1154 4300 terra
1187 4242 1274 4299 vel
1319 4243 1477 4314 aquis
1522 4257 1643 4299 esse
1686 4242 1831 4299 facta

228 4343 484 4393 noverat.
516 4334 673 4394 Sicut
700 4350 831 4393 vero
873 4335 994 4394 aliis
1022 4336 1343 4393 vocabulum
1378 4336 1447 4392 ad
1478 4351 1537 4392 se
1581 4335 1832 4391 adductis

228 4438 530 4504 pontem,
572 4432 652 4488 sic
707 4434 983 4499 restabat,
1024 4440 1086 4487 ut
1121 4432 1172 4487 ei
1224 4445 1388 4503 quem
1442 4429 1545 4486 sibi
1601 4428 1833 4486 similem

228 4537 305 4581 ac
348 4524 421 4581 de
467 4538 567 4580 suo
610 4539 842 4597 corpore
892 4532 1139 4581 creatum
1194 4521 1449 4596 cognovit
1498 4537 1698 4579 nomen
1746 4522 1832 4577 in-

230 4616 413 4674 deret.

309 4706 461 4773 Hec,
504 4707 712 4780 inquit,
743 4708 1032 4763 vocabatur
1070 4708 1268 4780 virago,
1307 4710 1554 4781 quoniam
1602 4709 1667 4765 de
1714 4711 1826 4765 viro

230 4812 445 4873 sumpta
472 4811 568 4857 est.
590 4801 876 4870 Quomodo
911 4809 1094 4857 autem
1130 4800 1322 4856 Latine
1347 4803 1670 4875 etymologia
1698 4784 1829 4860 eon-

232 4895 387 4968 gruit
410 4894 467 4950 in
494 4894 581 4951 his
624 4894 955 4960 nominibus,
993 4909 1117 4950 cum
1144 4910 1175 4949 a
1213 4894 1330 4950 viro
1366 4904 1710 4967 nuncupatur
1746 4894 1829 4950 vi-

235 5003 389 5060 rago,
418 4986 495 5043 ita
528 4986 781 5042 convenit
808 4995 863 5042 et
888 4986 1140 5054 Hebraea,
1165 4987 1221 5042 in
1243 5002 1349 5061 qua
1371 4987 1624 5045 videlicet
1645 4989 1829 5059 lingua

234 5082 323 5137 vir
371 5080 676 5153 appellatur
716 5080 761 5135 is
797 5088 936 5147 ωνκ,
966 5088 1022 5135 et
1067 5081 1311 5137 derivata
1339 5082 1407 5137 ab
1441 5082 1546 5139 hoc
1586 5084 1833 5153 nomine,

202 5168 213 5259 3'
235 5174 443 5232 femina
494 5173 693 5232 dicitur
737 5174 846 5230 issa
890 5183 1037 5235 rem.
1071 5173 1311 5247 Denique
1340 5174 1485 5247 quod
1514 5177 1560 5231 is
1601 5177 1833 5259 appelle-

206 5254 211 5273 ³
236 5280 329 5328 tur
359 5270 625 5327 Hebraice
654 5270 757 5336 vir,
789 5276 1016 5325 testatur
1041 5269 1208 5326 etiam
1233 5285 1431 5327 nomen
1454 5269 1619 5327 Israel
1642 5254 1830 5333 ὀδε-πυτ

232 5364 335 5438 qui
354 5365 436 5418 vir
456 5364 632 5420 videns
652 5362 822 5419 Deum
837 5362 1246 5434 interpretatur.
1274 5362 1381 5419 Sed
1405 5371 1462 5418 et
1475 5362 1831 5420 sacramentis

234 5459 443 5519 Christi
486 5466 543 5515 et
569 5458 828 5515 Ecclesiae
868 5458 1121 5514 convenit
1157 5457 1456 5528 aptissime,
1480 5461 1629 5529 quod
1657 5457 1831 5515 Adam

236 5552 526 5612 mulierem
553 5552 621 5609 de
656 5566 754 5608 sua
784 5565 946 5607 carne
983 5558 1245 5619 creatam,
1281 5551 1518 5606 nominis
1545 5550 1630 5607 sui
1666 5551 1834 5622 parti-

1942 2021 2073 2090 Quaa
2102 2024 2265 2079 verba
2296 2040 2419 2079 cum
2449 2026 2609 2095 primi
2640 2026 2877 2083 hominis
2907 2026 3075 2084 fuisse
3107 2025 3385 2098 Scriptura
3418 2029 3534 2101 ipsa

1939 2119 2194 2181 testatur,
2226 2115 2487 2173 Dominus
2513 2125 2695 2174 tamen
2726 2118 2783 2173 in
2811 2118 3104 2192 Evangelio
3130 2118 3301 2176 Deum
3331 2119 3536 2178 dixisse

1940 2206 2255 2262 declaravit.
2286 2207 2377 2263 Ait
2409 2208 2556 2264 enim
2599 2228 2611 2266 :
2658 2208 2782 2264 Non
2817 2210 3013 2282 legistis
3040 2210 3166 2283 quia
3196 2211 3286 2285 qui
3312 2209 3438 2283 fecit
3464 2211 3534 2266 ab

1938 2296 2089 2352 initio
2113 2337 2130 2362 ,
2183 2297 2479 2353 masculum
2528 2308 2580 2354 et
2635 2299 2884 2369 feminam
2930 2302 3054 2371 fecit
3098 2302 3227 2358 eos?
3271 2311 3319 2358 et
3348 2301 3482 2359 dixit
3514 2320 3534 2359 :

1942 2386 2169 2460 Propter
2217 2388 2314 2443 hoc
2355 2390 2580 2446 dimittet
2635 2391 2790 2448 homo
2833 2401 3037 2463 patrem
3078 2403 3130 2449 et
3177 2403 3431 2463 matrem,
3484 2405 3535 2451 et

1939 2480 2226 2536 adbwrebit
2280 2484 2436 2537 uxori
2498 2500 2609 2538 sua:
2634 2522 2650 2550 ,
2699 2491 2747 2539 et
2805 2494 2956 2539 erunt
2988 2484 3093 2540 duo
3136 2486 3190 2540 in
3227 2503 3385 2542 carne
3426 2503 3534 2541 una

1943 2571 2161 2645 (Matth.
2191 2572 2331 2647 nux),
2357 2582 2417 2629 ut
2441 2575 2566 2632 hinc
2592 2574 3015 2646 intelligeremus
3041 2587 3264 2650 propter
3293 2580 3535 2636 exstasin

1941 2680 2059 2737 quae
2095 2676 2451 2735 praecesserat
2485 2667 2541 2722 in
2570 2665 2741 2722 Adam
2762 2708 2777 2733 ,
2808 2668 2912 2723 hoc
2947 2684 3069 2723 eum
3110 2669 3369 2726 divinitus
3408 2679 3532 2725 tan-

1938 2775 2102 2832 quam
2150 2761 2471 2832 prophetam
2510 2760 2691 2817 dicere
2720 2761 2982 2832 potuisse.
3024 2760 3081 2817 Si
3124 2778 3253 2834 ergo
3284 2762 3535 2820 Christus

1941 2851 2167 2907 adhaesit
2225 2852 2509 2918 Ecclesia},
2570 2861 2627 2908 ut
2680 2862 2866 2910 essent
2925 2853 3031 2909 duo
3078 2854 3132 2909 in
3187 2871 3353 2911 carne
3382 2872 3530 2923 una,

1940 2943 2211 3015 quomodo
2260 2944 2478 3015 reliquit
2514 2953 2748 3015 patrem,
2798 2944 3067 3016 quomodo
3094 2947 3359 3003 matrem?
3391 2947 3529 3017 Quia

1938 3053 2058 3091 cum
2089 3026 2143 3091 iri
2168 3035 2342 3107 forma
2375 3037 2470 3092 Dei
2512 3046 2675 3105 esset,
2704 3054 2807 3092 non
2835 3039 3077 3110 rapinam
3119 3040 3406 3095 arbitratus
3454 3052 3530 3097 est

1936 3147 2047 3186 esse
2101 3146 2155 3185 se
2208 3130 2462 3201 (aqualem
2511 3130 2622 3185 Deo
2649 3173 2664 3198 ,
2714 3130 2805 3187 sed
2862 3131 3194 3213 semetipsum
3244 3132 3531 3189 exinanivit

1938 3222 2166 3294 formam
2209 3225 2345 3279 servi
2390 3225 2647 3296 accipiens
2705 3221 2871 3298 (Phil.
2918 3223 3004 3297 ιι).
3056 3220 3170 3281 Hoc
3216 3232 3299 3281 est
3346 3224 3528 3295 enim,
3630 3294 3635 3297 _

1938 3315 2159 3388 reliquit
2197 3327 2439 3387 patrem,
2488 3333 2597 3372 non
2640 3318 2768 3389 quia
2810 3318 3088 3383 deseruit,
3135 3327 3189 3374 et
3230 3318 3456 3375 recessit
3500 3335 3532 3374 a

1937 3407 2123 3476 Patre,
2155 3409 2249 3465 sed
2277 3410 2403 3481 quia
2430 3425 2537 3466 non
2566 3408 2623 3465 in
2651 3426 2714 3466 ea
2743 3407 2916 3465 forma
2943 3410 3191 3482 apparuit
3216 3410 3531 3469 hominibus

1936 3501 1994 3559 in
2022 3518 2130 3574 qua
2160 3504 2383 3575 aequalis
2405 3513 2489 3560 est
2513 3503 2681 3560 Patri.
2712 3503 2992 3573 Quomodo
3022 3504 3241 3575 reliquit
3266 3508 3533 3563 matrem?

1935 3596 2314 3669 Relinquendo
2335 3597 2677 3672 Synagogam
2696 3595 3003 3654 Iudaeorum
3025 3596 3091 3654 de
3105 3613 3211 3668 qua
3234 3600 3532 3656 secundum

1936 3706 2156 3747 carnem
2187 3697 2347 3747 natus
2376 3698 2480 3757 est,
2533 3697 2587 3746 et
2633 3688 2947 3746 inhaerendo
2976 3690 3232 3748 Ecclesiae
3256 3706 3419 3763 quam
3460 3707 3532 3749 ex

1932 3784 2451 3855 omnibusgentibus
2462 3783 2830 3855 congregavit,
2846 3792 2906 3838 ut
2925 3798 3059 3854 pace
3075 3783 3199 3839 novi
3222 3785 3530 3841 testamenti

1934 3887 2119 3934 essent
2154 3878 2260 3933 duo
2296 3877 2349 3933 in
2385 3892 2549 3932 carne
2599 3892 2737 3942 una;
2781 3874 2907 3948 quia
2938 3891 3061 3931 cum
3099 3875 3172 3931 sit
3208 3877 3349 3932 Deus
3386 3878 3529 3948 apud

1935 3970 2155 4026 Patrem
2173 3970 2365 4037 Deum,
2387 3969 2562 4027 factus
2584 3979 2667 4027 est
2686 3987 2783 4042 per
2797 3986 3017 4027 carnem
3038 3969 3308 4043 particeps
3322 3978 3530 4039 noster,

1938 4072 2001 4119 ut
2029 4063 2173 4119 illius
2196 4062 2391 4135 capitis
2419 4078 2617 4134 corpus
2649 4078 2770 4119 esse
2798 4077 3101 4134 possemus.

2007 4156 2143 4211 Erat
2186 4167 2367 4212 autem
2416 4167 2633 4229 uterque
2678 4156 2874 4224 nudus,
2898 4156 3071 4210 Adam
3092 4154 3292 4213 scilicet
3318 4165 3368 4213 at
3395 4172 3533 4212 uxor

1933 4250 2051 4323 ejus
2076 4290 2091 4318 ,
2142 4260 2194 4307 et
2240 4268 2347 4308 non
2391 4252 2783 4319 erubescebant,
2830 4258 2885 4308 et
2938 4250 3156 4308 merito.
3197 4250 3336 4319 Quid
3382 4251 3531 4309 enim

1934 4346 2184 4418 puderet,
2210 4345 2429 4416 quando
2455 4344 2659 4401 nullam
2680 4345 2856 4415 legem
2880 4351 3169 4402 senserunt
3188 4344 3245 4400 in
3272 4344 3534 4401 membris

1932 4438 2051 4495 suis
2076 4446 2467 4509 repugnantem
2510 4437 2616 4507 legi
2642 4437 2840 4494 mentis
2873 4437 3021 4494 sum?
3059 4450 3181 4509 qua:
3207 4436 3329 4494 illos
3366 4450 3532 4508 pinna

1930 4529 2173 4601 peccati,
2212 4537 2335 4600 post
2354 4530 2817 4601 perpetrationem
2844 4528 3311 4600 praavaricationis
3345 4534 3532 4584 secuta

1853 4648 1910 4709 Β
1935 4628 2042 4688 est,
2089 4627 2384 4691 usurpante
2423 4618 2793 4675 inobedientia
2830 4619 3196 4689 prohibitum,
3245 4626 3300 4673 et
3319 4617 3533 4689 justitia

1942 4714 2199 4787 puniente
2242 4711 2613 4769 commissum.
2671 4709 2827 4779 Quod
2854 4718 3142 4781 antequam
3193 4707 3375 4775 ﬁeret,
3403 4708 3533 4764 nudi

1942 4814 2123 4871 erant,
2147 4812 2207 4859 ut
2239 4804 2443 4861 dictum
2470 4811 2571 4870 est,
2600 4811 2655 4858 et
2689 4818 2797 4858 non
2824 4800 3316 4860 confundebantur.
3344 4799 3534 4857 Nullus

1944 4906 2068 4956 erat
2089 4905 2267 4954 motus
2287 4897 2341 4953 in
2361 4910 2593 4967 corpore
2620 4896 2708 4952 cui
2732 4896 3060 4953 verecundia
3087 4895 3376 4952 deberetur
3398 4893 3534 4950 nihil

1942 4991 2207 5064 putabant
2233 4989 2551 5058 velandum,
2596 4989 2719 5062 quia
2753 4988 2889 5046 nihil
2935 4968 3219 5046 senserant
3249 4984 3530 5042 refrenan-

1944 5085 2092 5142 dum.

2530 5173 2757 5233 CAPUT
2794 5172 2913 5231 XV.

1936 5289 2020 5347 De
2038 5289 2366 5362 suggestione
2387 5289 2639 5361 serpentis
2661 5298 2715 5370 et.
2732 5286 3037 5343 seducttonc
3063 5281 3194 5339 Ade:
3217 5289 3268 5338 et
3286 5281 3530 5354 conjugis

2012 5453 2164 5527 (CAP.
2220 5453 2327 5528 tn).
2370 5446 2475 5509 Sed
2520 5462 2568 5509 et
2619 5375 2829 5523 sciretis
2872 5456 2985 5504 erat
3037 5443 3283 5502 callidior
3331 5445 3532 5501 cunctis

1940 5551 2295 5608 animantibus
2317 5559 2472 5605 terra;-
2508 5564 2625 5620 qua:
2649 5546 2845 5616 fecerat
2870 5542 3129 5599 Dominus
3156 5540 3321 5596 Deus.
3345 5537 3534 5596 Potest

237 5645 418 5715 cipem
468 5643 589 5701 ﬁeri
621 5643 827 5710 voluit,
870 5642 999 5713 quia
1042 5649 1097 5698 et
1132 5641 1393 5699 Dominus
1443 5650 1628 5698 noster
1678 5639 1836 5699 Jesus
1941 5644 2045 5701 iste
2084 5657 2308 5714 serpens
2335 5656 2447 5697 non
2496 5636 2799 5694 irrationali
2830 5635 3011 5690 anima
3053 5650 3182 5700 sua,
3212 5631 3308 5690 sed
3351 5629 3532 5687 alieno

236 5737 518 5805 Christus,
543 5752 696 5808 teque
730 5734 988 5791 Ecclesia:
1034 5750 1196 5806 quam
1242 5750 1341 5805 per
1388 5736 1468 5791 sui
1511 5734 1757 5806 corporis
1786 5744 1842 5790 ct
1933 5735 2049 5806 jam
2076 5735 2291 5807 spiritu,
2321 5736 2372 5790 id
2419 5742 2524 5798 est,
2553 5730 2849 5797 diabolico,
2897 5728 3141 5786 callidior
3165 5727 3273 5784 dici
3314 5727 3532 5782 cunctis

238 5829 530 5901 sanguinis
555 5829 789 5899 pretium
818 5828 1044 5884 redemit
1069 5827 1277 5898 sibique
1301 5827 1575 5898 adoptavit
1599 5828 1651 5882 in
1680 5843 1841 5898 spon-
1944 5828 2327 5883 animantibus.
2405 5822 2812 5892 Quantumlibet
2874 5821 3017 5876 enim
3084 5818 3531 5891 praevaricatores

239 5937 385 5993 eam,
416 5922 761 5995 participium
803 5922 888 5981 sui
918 5938 987 5979 no
1014 5921 1154 5979 ..iuis
1180 5920 1421 5991 donavit,
1467 5928 1528 5977 ut
1555 5935 1588 5977 a
1622 5920 1841 5980 Christo
1945 5918 2121 5991 angeli
2144 5919 2211 5979 de
2243 5918 2494 5990 supernis
2525 5916 2741 5976 sedibus
2773 5930 2884 5973 suae
2926 5910 3300 5981 perversitatis
3330 5917 3385 5965 et
3435 5922 3530 5966 su-
