3974 6466
247 367 352 427 489

1271 364 1624 424 COMMENT.
1659 363 1725 419 ΙΝ
1765 362 2084 420 GENESIM.
2122 396 2192 409 —-
2228 366 2356 424 LIB.
2394 369 2438 425 Ι.

3389 376 3494 435 490

247 487 452 542 minem
487 491 767 555 parentem
794 490 1037 538 nostrum
1062 482 1119 538 in
1144 481 1316 538 tribus
1342 496 1399 538 se
1441 481 1825 536 tentationibus
1851 485 1904 545 Α
1919 480 2032 550 jam
2062 483 2145 537 vir
2171 483 2424 554 deceptus
2451 495 2554 551 est,
2576 485 2690 555 jam
2718 487 2912 543 mulier
2939 489 3150 546 dedisse
3173 491 3292 548 viro
3316 494 3498 551 cibum

245 579 443 639 erexit,
473 577 596 646 quia
622 577 763 631 hunc
791 575 1042 631 videlicet
1075 576 1218 646 gula,
1252 591 1388 630 vana
1419 575 1587 646 gloria
1612 585 1668 630 et
1694 590 1825 630 ava-

246 671 378 725 ritia
403 669 652 734 tentavit,
680 669 773 724 sed
818 668 1076 724 tentando
1101 669 1392 741 superavit,
1421 668 1548 738 quia
1576 669 1679 724 sibi
1701 683 1827 723 eum

246 777 352 832 per
377 775 701 817 consensum
749 760 1006 818 subdidit.
1053 761 1133 816 Ex
1177 761 1299 833 gula
1342 763 1538 832 quippe
1564 762 1824 827 tentavit,

251 868 378 908 cum
399 852 579 908 cibum
593 850 722 922 ligni
735 852 960 907 vetitum
981 853 1236 919 ostendit,
1260 862 1421 922 atque
1440 845 1828 909 comedendum

250 945 445 1000 suasit.
491 943 570 998 Ex
598 958 737 998 vana
765 953 944 1000 autem
969 945 1139 1016 gloria
1168 946 1413 1012 tentavit,
1450 961 1574 1002 cum
1599 946 1826 1012 diceret,

249 1035 421 1090 Eritis
449 1036 582 1090 sicut
609 1035 704 1089 dii.
733 1036 799 1090 Et
819 1036 1060 1107 profecto
1087 1053 1154 1093 ex
1183 1038 1411 1094 avaritia
1435 1039 1678 1105 tentavit,
1706 1054 1829 1094 cum

251 1128 503 1184 diceret:
537 1127 772 1184 Scientes
820 1129 1009 1183 bonum
1037 1141 1086 1184 et
1134 1129 1354 1184 malum.
1399 1130 1640 1187 Avaritia
1683 1131 1828 1186 enim

249 1234 362 1274 non
385 1219 561 1274 solum
581 1220 824 1288 pecunia:
850 1229 955 1286 est,
985 1221 1080 1276 sed
1111 1222 1275 1276 etiam
1303 1221 1622 1277 altitudinis.
1662 1221 1830 1278 Recte

250 1309 398 1364 enim
429 1308 657 1363 avaritia
686 1308 904 1374 dicitur,
934 1325 1059 1366 cum
1085 1325 1245 1380 supra
1270 1311 1487 1366 modum
1528 1310 1830 1367 sublimitas

251 1398 510 1453 ambitur.
560 1398 618 1454 Si
648 1398 792 1454 enim
823 1414 928 1454 non
977 1401 1044 1454 ad
1071 1399 1353 1455 avaritiam
1393 1399 1616 1455 honoris
1644 1401 1829 1470 rapina

250 1487 574 1557 pertineret,
620 1502 959 1557 nequaquam
1011 1488 1210 1544 Paulus
1259 1489 1325 1544 de
1369 1488 1644 1560 unigenito
1694 1487 1831 1545 Filio

252 1577 462 1633 diceret
486 1596 498 1630 :
535 1577 660 1633 Non
688 1580 930 1648 rapinam
957 1578 1240 1633 arbitratus
1271 1588 1478 1634 estesse
1504 1596 1558 1634 se
1578 1578 1830 1650 «aqualem

249 1669 362 1725 Deo
399 1669 566 1740 (Phil.
609 1671 694 1740 ιι).
722 1670 782 1725 ln
829 1672 934 1726 hoc
959 1685 1088 1742 ergo
1127 1660 1374 1728 diabolus
1409 1680 1688 1742 parentem
1735 1686 1831 1726 no-

248 1771 425 1819 strum
462 1764 530 1819 ad
555 1765 861 1836 superbiam
899 1766 1094 1832 traxit,
1136 1781 1245 1836 quo
1286 1780 1410 1822 eum
1448 1767 1516 1820 ad
1547 1766 1831 1821 avaritiam

1923 574 2150 629 videtur.
2182 574 2448 633 lllecebrae
2477 578 2623 634 enim
2654 580 2984 647 consentire,
3029 583 3096 637 de
3136 583 3282 656 ligno
3310 586 3496 655 prohi-

1925 665 2037 721 bito
2075 667 2404 724 manducare
2433 679 2536 726 est.
2569 671 2720 728 Tunc
2744 673 2941 744 quippe
2977 673 3100 744 jure
3126 693 3157 732 a
3201 678 3360 734 beata
3389 681 3500 737 vita

1926 762 2180 825 tanquam
2206 773 2237 812 a
2281 760 2532 827 paradiso
2559 761 2846 832 expellitur
2873 763 3066 830 homo,
3113 776 3502 839 peccatumque

1923 845 1976 901 ei
1998 846 2312 918 imputatur,
2342 849 2554 905 etiamsi
2581 867 2687 906 non
2718 854 3078 923 subsequatur
3101 855 3346 923 eﬂ‘ectus,
3376 859 3504 930 quia

1924 936 2029 992 etsi
2055 951 2162 992 non
2201 946 2286 994 est
2320 939 2376 996 in
2401 939 2561 996 factis
2598 941 2788 1012 culpa,
2836 943 2892 999 in
2933 945 3274 1004 confessione
3316 956 3503 1006 tamen

1926 1041 2020 1084 rea
2050 1036 2266 1084 tenetur
2291 1031 2642 1088 conscientia.
2672 1033 2798 1090 Haec
2848 1038 3142 1092 secundum
3187 1055 3500 1112 anagogen;

1925 1125 2181 1175 ueterum
2214 1120 2370 1191 juxta
2393 1123 2766 1194 metaphoram
2786 1127 3006 1195 poterit
3030 1127 3257 1185 callidus
3282 1145 3508 1201 serpens

1927 1209 2032 1266 iste
2056 1250 2072 1276 ,
2123 1210 2504 1279 haereticorum
2552 1217 2847 1272 versutiam
2895 1217 3200 1290 designare.
3251 1219 3505 1277 Nonnulli

1928 1299 2074 1355 enim
2097 1298 2376 1370 loquacius
2396 1311 2558 1372 atque
2580 1304 2830 1360 subtilius
2850 1308 3174 1376 promittunt
3192 1310 3509 1366 curiositate

1928 1398 2258 1446 secretorum
2307 1392 2707 1463 adapertionem
2755 1404 2916 1465 atque
2966 1398 3245 1453 scientiam
3291 1401 3419 1455 boni
3452 1412 3510 1456 et

1879 1511 1883 1516 -
1929 1481 2096 1547 mali,
2144 1491 2200 1539 et
2230 1484 2288 1540 in
2330 1485 2448 1554 ipso
2491 1486 2707 1542 homine
2744 1496 2997 1559 tanquam
3023 1491 3077 1545 in
3115 1492 3342 1560 arbore,
3390 1509 3510 1564 qua:

1929 1576 2168 1646 plantata
2193 1586 2276 1633 est
2304 1577 2360 1633 in
2384 1579 2562 1634 medio
2590 1580 2849 1650 paradisi,
2879 1594 2999 1637 eam
3028 1583 3191 1638 etiam
3219 1584 3509 1641 dinoscen-

1930 1668 2055 1724 dam
2103 1670 2494 1726 demonstrare.
2545 1670 2744 1726 Contra
2783 1672 2926 1727 hunc
2957 1682 3267 1745 serpentem
3311 1675 3510 1732 clamat

1930 1760 2242 1832 Apostolus,
2274 1776 2397 1818 cum
2427 1762 2558 1818 dicit
2584 1777 2598 1815 :
2631 1761 2808 1817 Metuo
2832 1779 2895 1817 ne
2915 1763 3049 1818 sicut
3067 1781 3275 1834 serpens
3305 1763 3507 1819 Hevam

247 1854 598 1912 sublimitatis
644 1857 919 1912 excitavit.
968 1855 1077 1914 Sed
1125 1859 1322 1929 quibus
1372 1859 1548 1915 modis
1592 1859 1827 1930 primum
1855 1853 1904 1912 B
1930 1852 2138 1907 εεάιιιυὶι
2181 1853 2376 1907 astutia
2404 1869 2540 1919 ενα,
2592 1853 2668 1908 δίο
2714 1869 2896 1908 εεηδιιδ
2926 1855 3078 1909 vestri
3108 1864 3514 1922 οοιήιηιραηηιτ

247 1945 528 2003 hominem
581 1949 772 2003 stravit
795 1989 811 2015 ,
867 1949 1071 2005 eisdem
1129 1949 1302 2005 modis
1341 1950 1579 2006 secundo
1623 1949 1830 2006 homini

250 2045 464 2094 tentato
491 2039 787 2095 succubuit.
820 2039 925 2094 Per
966 2040 1148 2112 gulam
1179 2041 1409 2096 tentavit
1457 2056 1580 2097 cum
1625 2041 1762 2096 dixit
1813 2059 1826 2094 :

249 2127 356 2182 Dic
385 2139 441 2182 ut
465 2128 662 2199 lapides
691 2130 780 2184 isti
796 2147 958 2200 panes
985 2130 1117 2200 ﬁant
1138 2130 1353 2202 (Matth.
1377 2130 1475 2206 tv).
1511 2131 1612 2188 Per
1636 2147 1831 2189 vanam

249 2218 478 2291 gloriam
505 2221 732 2275 tentavit
758 2233 883 2275 cum
911 2221 1048 2276 dixit
1079 2239 1093 2274 :
1123 2219 1181 2276 Si
1209 2219 1382 2276 Filius
1425 2221 1527 2277 Dei
1568 2239 1655 2290 es,
1685 2223 1831 2277 mitte

248 2319 301 2366 te
328 2310 572 2364 deorsum
603 2309 814 2384 (1ὸίά.).
845 2311 950 2366 Per
971 2311 1318 2368 sublimitatis
1347 2312 1630 2368 avaritiam
1649 2300 1829 2370 tenta-

248 2399 348 2465 vit,
390 2415 514 2455 cum
542 2415 710 2472 regna
738 2401 918 2456 omnia
947 2402 1132 2459 mundi
1154 2404 1392 2459 ostendit
1416 2403 1603 2460 dicens
1629 2421 1643 2458 :
1699 2404 1830 2460 Htec

247 2488 343 2542 tibi
365 2490 541 2544 omnia
559 2490 696 2545 dabo
720 2491 767 2545 si
784 2492 1060 2561 precidem
1075 2492 1374 2548 adoraveris
1392 2511 1474 2549 me
1487 2494 1698 2566 (lbid.).
1724 2494 1831 2552 Sed

247 2578 455 2634 eisdem
503 2580 678 2636 modis
707 2596 738 2635 a
778 2583 1016 2637 secundo
1041 2583 1258 2638 homine
1279 2583 1453 2640 victus
1487 2593 1600 2650 est,
1636 2587 1830 2655 quibus

248 2673 484 2743 primum
523 2675 798 2731 hominem
827 2676 1026 2732 vicisse
1067 2692 1126 2731 se
1174 2675 1530 2744 gloriabatur,
1561 2685 1622 2733 ut
1664 2693 1694 2733 a
1735 2694 1832 2734 no-

247 2764 380 2817 stris
421 2764 675 2821 cordibus
702 2766 821 2836 ipso
840 2765 991 2822 aditu
1018 2775 1207 2837 captus
1236 2774 1393 2822 exeat
1424 2781 1534 2836 quo
1557 2782 1654 2823 nos
1683 2765 1829 2825 aditu

248 2855 596 2913 intromissus
625 2859 862 2914 tenebat.

325 2946 429 3012 Qui
457 2948 698 3015 comedit,
727 2959 778 3003 et
827 2952 993 3020 aperti
1041 2960 1163 3006 sunt
1186 2951 1327 3007 oculi
1355 2953 1656 3021 amborum,
1700 2971 1827 3027 quo,

249 3037 356 3092 nisi
388 3038 691 3095 adinvicem
721 3043 1246 3112 concupiscendum?
1276 3046 1344 3100 ad
1374 3047 1583 3116 peccati
1611 3063 1829 3118 pmnam

247 3131 436 3187 carnis
466 3131 635 3202 ipsius
661 3141 837 3190 morte
862 3137 1212 3209 conceptam}
1238 3146 1299 3192 ut
1313 3137 1424 3210 jam
1453 3149 1598 3196 esset
1631 3155 1828 3213 corpus

246 3237 360 3275 non
390 3222 618 3277 animale
644 3231 873 3290 tantum,
909 3227 1053 3296 quod
1081 3236 1323 3298 poterat,
1373 3231 1418 3286 si
1463 3233 1828 3289 obedientiam

247 3322 660 3380 conservarent,
691 3315 746 3370 in
773 3316 1051 3372 meliorem
1101 3318 1546 3392 spiritualemquc
1585 3323 1830 3380 habitum

245 3405 369 3460 sine
382 3415 555 3461 morte
577 3408 798 3474 mutari,
811 3410 906 3464 sed
918 3410 1081 3464 etiam
1094 3424 1292 3479 corpus
1305 3414 1515 3480 mortis,
1542 3415 1594 3468 in
1617 3431 1723 3485 quo
1744 3416 1830 3472 lex

245 3495 309 3550 in
337 3497 595 3553 membris
622 3507 942 3570 repugnaret
965 3499 1070 3570 legi
1084 3503 1301 3558 mentis.
1318 3503 1503 3574 Neque
1519 3507 1661 3560 enim
1677 3509 1828 3565 clau-

243 3589 327 3644 sis
355 3590 526 3646 oculis
556 3590 682 3646 facti
707 3600 882 3656 erant,
924 3600 979 3647 et
1006 3593 1061 3646 in
1089 3594 1340 3663 paradiso
1361 3595 1674 3653 deliciarum
1701 3601 1831 3656 cazci

243 3681 642 3752 palpantesque
656 3681 1000 3739 oberrabant.
1017 3684 1147 3739 Tale
1158 3695 1240 3740 est
1253 3685 1378 3741 illud
1396 3687 1694 3760 Evangelii,
1706 3707 1831 3748 cum

239 3775 464 3832 diceret
488 3776 554 3830 de
587 3776 692 3830 illis
723 3777 950 3844 duobus,
975 3793 1203 3848 quorum
1232 3795 1371 3835 unus
1398 3791 1518 3838 erat
1544 3782 1828 3856 Cleophas,

239 3867 396 3938 quod
422 3881 546 3921 cum
577 3866 826 3939 fregisset
853 3870 932 3924 eis
959 3870 1217 3927 Dominus
1243 3888 1439 3942 panem
1457 3915 1472 3941 ,
1517 3879 1684 3945 aperti
1709 3887 1832 3933 sunt

241 3957 391 4013 oculi
419 3975 629 4025 eorum,
661 3970 709 4014 et
759 3970 1102 4032 cognoverunt
1131 3980 1249 4018 eum
1290 3963 1442 4036 (Luc.
1498 3966 1646 4037 ult.),
1669 3983 1832 4038 quem

241 4063 349 4120 per
370 4049 514 4104 viam
541 4066 647 4106 non
668 4064 1058 4122 cognoverunt,
1086 4070 1195 4110 non
1221 4056 1406 4126 utique
1434 4056 1632 4114 clausis
1659 4059 1830 4117 oculis

241 4139 610 4204 ambulantes,
655 4143 750 4198 sed
790 4159 915 4198 eum
955 4160 1280 4216 cognoscere
1309 4163 1415 4202 non
1457 4148 1717 4206 valentes.
1746 4150 1832 4207 Ad

241 4229 357 4286 hoc
379 4245 508 4302 ergo
539 4233 712 4301 aperti
741 4242 869 4288 sunt
895 4235 1036 4290 oculi
1061 4235 1356 4306 primorum
1402 4238 1680 4294 hominum
1705 4281 1718 4303 ,
1761 4240 1830 4296 ad

242 4320 396 4393 quod
427 4330 585 4388 antea
614 4337 722 4378 non
757 4324 1030 4394 patebant,
1058 4328 1308 4396 quamvis
1331 4329 1398 4383 ad
1421 4327 1524 4383 alia
1553 4339 1825 4398 paterent.

244 4408 489 4480 Serpens
529 4421 708 4467 autem
737 4413 845 4479 ille,
889 4415 1184 4484 sapientior
1209 4418 1451 4473 omnium
1497 4419 1828 4488 bestiarum,

243 4500 454 4558 indicat
479 4501 772 4568 diabolum,
800 4504 893 4572 qui
919 4504 1042 4559 inde
1065 4520 1289 4576 serpens
1315 4506 1532 4574 dicitur,
1560 4511 1702 4578 quod
1730 4526 1828 4566 vo-

1857 3205 1903 3269 C

1937 1942 2020 2014 (Il
2051 1940 2173 1996 Cor.
2203 1942 2302 2016 xi).
2329 1942 2618 1999 Seducitur
2643 1952 2825 1999 autem
2844 1945 3027 2000 verbis
3056 1943 3214 2013 hujus
3245 1946 3514 2017 serpentis

1935 2035 2168 2091 carnalis
2190 2043 2376 2091 nostra
2396 2037 2830 2107 concupiscentia
2857 2055 2870 2091 :
2899 2045 2955 2092 et
2972 2053 3071 2108 per
3090 2037 3237 2092 illam
3256 2037 3515 2107 deceptus

1933 2135 2020 2183 est
2041 2127 2241 2196 Adam,
2265 2143 2373 2184 non
2395 2128 2662 2195 Christus,
2693 2130 2789 2186 sed
2818 2129 3181 2186 Christianus.
3220 2131 3361 2186 Dicit
3384 2147 3514 2203 ergo

1933 2216 2038 2274 iste
2066 2218 2136 2273 ad
2172 2213 2454 2274 mulierem
2482 2233 2497 2273 :
2526 2218 2634 2273 Cur
2667 2220 2911 2290 prcecepit
2949 2220 3090 2275 vobis
3115 2220 3258 2275 Deus
3289 2231 3344 2275 ut
3373 2237 3515 2275 com-

1931 2309 2150 2366 ederetis
2185 2325 2251 2364 ex
2281 2310 2421 2364 omni
2447 2309 2590 2380 ligno
2615 2311 2892 2380 paradisi?
2917 2311 3009 2367 Sic
3034 2321 3089 2366 et
3131 2313 3515 2368 haereticorum

1932 2399 2150 2456 curiosa
2175 2399 2462 2470 cupiditas,
2492 2400 2572 2455 sic
2600 2400 2755 2470 pravi
2785 2402 3166 2472 praedicatores
3194 2403 3262 2458 ad
3291 2401 3516 2473 diligen-

1932 2489 2058 2544 dam
2102 2489 2306 2546 erroris
2351 2489 2621 2546 fallaciam
2671 2492 2977 2548 auditorum
3009 2492 3309 2548 carnalium
3351 2494 3517 2549 corda

1932 2582 2304 2649 succendunt,
2371 2583 2616 2638 dicentes
2674 2601 2686 2637 :
2747 2583 2925 2651 Quare
2972 2583 3187 2657 fugistis
3231 2585 3514 2642 scientiam

1932 2675 2136 2731 habere
2189 2675 2529 2732 latitantem?
2573 2676 2723 2734 Nova
2765 2693 2981 2749 semper
3033 2681 3334 2751 exquirite,
3388 2682 3518 2737 boni

1931 2767 2168 2836 malique
2184 2767 2465 2823 scientiam
2487 2777 2816 2840 perpetrate.
2836 2770 2988 2826 Unde
3009 2772 3151 2842 apud
3173 2770 3518 2828 Salomonem

1930 2862 2128 2917 mulier
2149 2861 2261 2927 illa,
2286 2863 2663 2918 haereticorum
2685 2865 2923 2935 speciem
2945 2872 3154 2930 tenens,
3179 2865 3520 2938 dicitquu¢e

1932 2953 2141 3024 furtiva:
2186 2953 2447 3008 dulciores
2469 2964 2610 3021 sunt,
2652 2965 2701 3010 et
2738 2959 2891 3027 panis
2934 2957 3270 3012 absconditus
3302 2959 3519 3013 suavior

1932 3039 2116 3112 (Prov.
2142 3041 2241 3114 ιχ).
2276 3040 2519 3114 Subjecit
2547 3043 2780 3116 denique
2810 3046 2952 3101 idem
2975 3060 3240 3116 serpens:
3263 3045 3517 3113 Quacun-

1928 3148 2028 3203 que
2054 3133 2139 3186 die
2171 3133 2517 3202 comederitis,
2547 3136 2723 3190 statim
2745 3137 3047 3206 aperientur
3074 3137 3212 3191 oculi
3249 3138 3427 3203 vestri,
3471 3147 3521 3193 et

1934 3226 2082 3280 eritis
2107 3227 2241 3281 sicut
2258 3227 2352 3292 dii,
2377 3229 2593 3283 scientes
2621 3229 2812 3284 bonum
2833 3241 2879 3284 et
2902 3229 3119 3283 malum.
3142 3228 3234 3286 Sic
3249 3238 3304 3285 et
3327 3245 3519 3286 omnes

1933 3319 2259 3390 generaliter
2289 3320 2528 3375 haeretici
2556 3320 2856 3377 divinitatis
2889 3323 3145 3376 meritum
3172 3321 3518 3392 profitentur,

1934 3417 2099 3480 atque
2125 3410 2364 3465 scientia:
2389 3410 2774 3479 pollicitatione
2802 3411 3079 3482 decipiunt
3123 3419 3180 3466 et
3227 3413 3509 3482 reprehen-

1934 3501 2070 3557 dunt
2097 3517 2213 3567 eos,
2235 3502 2282 3556 si
2306 3516 2443 3572 quos
2464 3502 2784 3572 simpliciter
2807 3505 3092 3559 credentes
3113 3503 3438 3569 invenerint;
3462 3512 3516 3560 et

1936 3591 2062 3660 quia
2077 3591 2257 3646 omnia
2270 3592 2506 3646 carnalia
2520 3593 2866 3663 persuadent,
2887 3593 3044 3664 quasi
3058 3593 3126 3648 ad
3139 3593 3374 3649 carnalis
3391 3608 3521 3650 ocu-

1935 3682 2111 3739 lorum
2136 3684 2541 3755 adapertionem
2569 3695 2836 3740 conantur
2862 3686 3153 3753 adducere,
3203 3695 3264 3742 ut
3287 3687 3514 3744 interior

1935 3778 2123 3833 oculus
2147 3778 2485 3835 obscuretur.
2527 3778 2670 3834 Vidit
2701 3781 2862 3850 igitur
2904 3781 3096 3836 mulier
3133 3783 3273 3854 quod
3321 3783 3515 3838 bonum

1933 3880 2063 3925 esset
2076 3871 2295 3942 lignum,
2319 3871 2537 3944 tulitque
2547 3871 2611 3926 de
2635 3871 2809 3942 fructu
2833 3873 2976 3928 illius
2996 3883 3042 3928 et
3065 3875 3305 3930 comedit.
3325 3875 3516 3932 Mulier

1934 3961 2167 4016 comedit
2187 3971 2346 4016 antea
2372 3975 2426 4017 et
2455 3977 2562 4016 non
2591 3965 2697 4029 vir,
2722 3963 2865 4029 ideo,
2889 3964 3015 4034 quia
3040 3963 3255 4020 facilius
3276 3966 3523 4022 carnales

1933 4055 2332 4126 persuadentur
2362 4053 2427 4108 ad
2455 4063 2760 4124 peccatum,
2797 4071 2899 4112 nec
2925 4056 3186 4112 velociter
3214 4057 3520 4129 spirituales

1935 4144 2297 4215 decipiuntur.
2350 4143 2419 4198 Et
2455 4144 2596 4216 dedit
2628 4147 2738 4200 viro
2768 4162 2894 4212 suo,
2937 4155 2986 4201 et
3029 4146 3288 4213 comedit,
3332 4147 3524 4217 utique

1933 4234 2061 4304 quia
2113 4243 2238 4305 post
2295 4235 2712 4292 delectationem
2772 4237 3008 4292 carnalis
3068 4238 3520 4310 concupiscentia:

1933 4335 2154 4393 nostrae,
2178 4327 2342 4382 etiam
2372 4329 2511 4383 ratio
2554 4336 2739 4383 nostra
2774 4328 3061 4399 subjicitur
3103 4329 3172 4385 ad
3198 4341 3481 4401 peccatum
3501 4371 3518 4397 ,

1932 4420 2076 4474 unde
2105 4419 2350 4489 quaedam
2373 4419 2579 4476 lubrica
2610 4420 2666 4475 in
2697 4421 3028 4491 cogitatione
3051 4436 3350 4478 versemus.
3383 4422 3490 4479 Pro
3516 4453 3520 4458 -

1939 4513 2229 4568 videndum
2250 4514 2405 4568 nobis
2429 4522 2535 4579 est,
2564 4514 2692 4582 quia
2711 4513 2906 4570 intueri
2929 4530 3036 4569 non
3062 4516 3221 4570 debet
3247 4517 3389 4585 quod
3412 4533 3519 4573 non

251 4591 413 4646 lubili
443 4600 690 4649 versetur
713 4595 933 4649 astutia.
983 4594 1091 4649 Sed
1137 4597 1267 4666 quid
1316 4608 1397 4653 est
1426 4601 1570 4669 quod
1598 4601 1714 4671 ipse
1740 4618 1838 4673 per
1861 4591 1917 4622 ν
1941 4608 2068 4663 licet
2091 4609 2416 4680 concupisci.
2446 4609 2516 4665 Ut
2540 4610 2683 4664 enim
2709 4609 2908 4664 munda
2936 4625 3088 4665 mens
3111 4610 3166 4664 in
3194 4611 3521 4681 cogitatione

244 4685 533 4740 mulierem
559 4686 771 4758 decepit
799 4697 854 4742 et
878 4702 984 4742 non
1009 4703 1107 4758 per
1130 4689 1343 4742 virum?
1377 4691 1502 4760 quia
1527 4707 1633 4745 non
1659 4700 1834 4762 potest
1937 4708 2185 4755 servetur
2215 4715 2250 4754 a
2286 4699 2507 4755 lascivia
2534 4700 2826 4768 voluptatis
2851 4715 2963 4754 suae
2981 4741 2995 4766 ,
3032 4700 3368 4771 deprimendi
3395 4710 3522 4757 sunt

246 4777 390 4830 ratio
418 4785 603 4832 nostra
634 4777 817 4834 seduci
859 4777 927 4832 ad
966 4778 1298 4848 peccandum
1319 4819 1334 4845 υ
1355 4779 1468 4842 nisi
1498 4782 1834 4851 pmcedenle
1935 4793 2100 4858 oculi,
2131 4792 2286 4862 quasi
2318 4793 2535 4863 quidam
2562 4801 2830 4863 raptores,
2863 4810 2892 4848 a
2922 4793 3100 4864 culpa.
3147 4793 3333 4864 Neque
3371 4795 3517 4850 enim

245 4866 607 4926 delectatione
641 4869 843 4925 carnali
883 4870 1214 4926 infirmitatis
1242 4870 1436 4927 affectu
1459 4913 1473 4938 ,
1509 4888 1628 4942 qua:
1659 4877 1831 4946 magis

244 4959 412 5030 debet
438 4960 813 5032 obtemperare
845 4962 1041 5017 rationi
1073 4969 1327 5031 tanquam
1363 4964 1479 5019 viro
1509 4965 1826 5022 dominanti.

244 5050 367 5105 Hoc
391 5050 533 5106 enim
559 5052 613 5106 in
643 5067 856 5122 unoque
879 5053 1086 5124 geritur
1113 5053 1349 5120 homine,
1383 5055 1437 5110 in
1459 5056 1668 5113 occulto
1695 5073 1830 5127 quo-

245 5142 377 5197 dam
404 5151 724 5213 secretoque
752 5142 1018 5214 coniugio.
1049 5143 1460 5217 Suggestionem
1487 5149 1682 5219 quippe
1709 5165 1825 5204 ser-

242 5244 471 5306 pentem
487 5234 806 5306 accipimus,
829 5236 1110 5292 mulierem
1131 5253 1260 5294 vero
1278 5239 1566 5296 animalem
1587 5243 1828 5312 corporis

244 5341 472 5383 sensum
499 5369 514 5393 ,
564 5328 830 5383 rationem
855 5338 1034 5385 autem
1062 5331 1260 5386 virum.
1291 5332 1434 5405 Ergo
1475 5336 1692 5404 quando
1738 5352 1828 5392 oc-

245 5417 426 5473 currit
451 5417 593 5472 mala
622 5419 894 5488 suggestio
923 5421 1074 5489 quasi
1103 5437 1325 5492 serpens
1352 5421 1624 5493 loquitur;
1661 5427 1754 5480 sed
1780 5427 1827 5481 si

246 5513 369 5568 sola
389 5512 647 5583 cogitatio
660 5512 960 5568 oblectetur
981 5514 1122 5570 illius
1143 5517 1522 5588 suggestionis,
1545 5526 1599 5572 et
1619 5519 1829 5575 ratione

245 5604 564 5660 refrenante
590 5619 886 5660 consensus
914 5605 1159 5674 explendi
1189 5610 1370 5678 cperis
1391 5625 1500 5664 non
1541 5610 1822 5675 succedat,

246 5695 371 5752 sola
401 5696 596 5750 mulier
617 5695 831 5750 videtur
861 5696 1157 5751 comedisse
1183 5696 1450 5753 illicitum.
1479 5699 1632 5767 Quod
1668 5701 1713 5756 si
1748 5701 1828 5772 ip-

246 5804 376 5852 sum
387 5796 668 5862 peccatum
688 5789 850 5843 etiam
869 5795 923 5841 et
940 5803 1092 5842 ruens
1113 5792 1527 5860 perpetrandum
1546 5791 1824 5859 decernat,

689 5879 959 5943 Panos.
994 5879 1177 5942 CVll.

1934 4883 2083 4939 Heva
2109 4884 2312 4955 lignum
2338 4884 2566 4940 vetitum
2595 4884 2939 4957 contigisset,
2971 4885 3076 4941 nisi
3102 4885 3206 4942 hoc
3233 4886 3386 4957 prius
3428 4887 3514 4940 in-

1930 4986 2087 5033 caute
2117 4977 2428 5047 respiceret.
2459 4976 2597 5033 Hinc
2625 4992 2754 5049 ergo
2785 4979 3151 5049 pensandum,
3184 4984 3389 5046 quanto
3418 4976 3515 5032 de-

1934 5068 2126 5124 bemus
2151 5069 2521 5124 moderamine
2564 5083 2693 5138 erga
2734 5069 2922 5124 illicita
2952 5071 3126 5124 visum
3154 5067 3514 5138 restringere,

1935 5172 2036 5212 nos
2052 5157 2144 5228 qui
2173 5157 2454 5214 moraliter
2472 5158 2723 5226 vivimus,
2755 5159 2800 5214 si
2825 5167 2882 5215 et
2904 5167 3075 5214 mater
3103 5157 3397 5213 viventium
3419 5172 3518 5228 per

1935 5248 2121 5304 oculos
2165 5250 2233 5304 ad
2262 5258 2488 5305 mortem
2517 5249 2680 5305 venit.
2711 5248 2850 5304 Hinc
2875 5249 3039 5304 etiam
3075 5248 3175 5304 sub
3207 5247 3358 5304 Juda:
3383 5263 3518 5304 voce

1935 5341 2028 5410 qui
2053 5340 2321 5396 exteriora
2345 5341 2594 5408 videndo,
2625 5356 2733 5396 non
2761 5341 3148 5410 concupiscens
3175 5341 3345 5404 bona,
3377 5340 3516 5396 inte-

1935 5431 2081 5486 riora
2111 5430 2438 5501 perdiderat,
2459 5432 2722 5502 propheta
2740 5430 2901 5485 dicit:
2921 5429 3118 5484 Oculus
3146 5447 3289 5485 meus
3312 5430 3517 5501 depra-

1934 5521 2091 5576 datus
2122 5531 2196 5576 est
2240 5523 2471 5576 animam
2510 5539 2677 5576 meam
2710 5520 2924 5593 (Thren.
2968 5520 3071 5593 Ill).
3115 5519 3516 5592 Concupiscens

1936 5614 2082 5668 enim
2112 5613 2344 5668 visibilia
2364 5654 2378 5678 ,
2410 5613 2707 5668 invisibiles
2737 5613 2966 5668 virtutes
2990 5614 3189 5668 amisit.
3235 5612 3337 5680 Qui
3382 5627 3514 5683 ergo

1937 5703 2250 5759 interiorem
2279 5704 2511 5758 fructum
2545 5720 2642 5774 per
2667 5704 2990 5759 exteriorem
3035 5704 3209 5759 visum
3259 5703 3508 5774 perdidit,

1940 5809 2037 5867 per
2073 5795 2285 5852 oculum
2317 5796 2562 5868 corporis
2590 5796 2809 5851 pertulit
2854 5797 3090 5867 pnedam
3131 5796 3329 5853 cordis.
3359 5793 3510 5856 Unde

2981 5889 3056 5949 16
