3974 6448
473 323 571 394 tot

1112 327 1176 382 Β.
1217 323 1474 381 RABANI
1510 321 1733 379 M'AURI
1769 318 2092 377 ARCHIEP.
2132 316 2445 377 MOGUNT.
2481 319 2773 379 OPEBUM
2809 319 2995 378 PARS
3031 321 3072 377 Ι.

3642 317 3752 381 ω

468 447 627 508 nobis
654 446 725 502 ad
759 440 1168 502 custodiendam
1202 438 1381 495 cordis
1409 435 1763 502 munditiam,
1819 432 2055 489 exterio-
2081 437 2134 498 A
2160 450 2276 493 rem
2295 450 2550 492 cursuum
2581 452 2804 493 suorum
2831 438 2953 508 paci
2983 445 3038 494 et
3080 437 3283 495 laetitiae
3315 445 3754 509 consecrantes,

388 608 395 613 ,
471 556 594 598 rum
615 552 833 610 quoque
852 547 1113 590 sensuum
1143 529 1427 600 disciplina
1472 528 1739 584 servanda
1780 535 1884 582 est.
1919 525 2057 581 Nam

468 634 807 709 quantalibet
836 632 1039 686 virtute
1062 642 1215 683 mens
1237 626 1456 697 polleat,
1486 623 1824 696 quantalibet
1870 625 2057 696 gravi-

466 736 581 787 tate
615 727 812 796 vigeat,
838 721 1085 779 carnales
1114 728 1293 775 tamen
1332 733 1528 775 sensus
1552 717 1760 788 puerile
1800 717 2057 788 quiddam

465 820 708 879 exterius
754 821 1129 889 perstrepunt;
1184 820 1242 869 et
1289 812 1395 868 nisi
1444 812 1723 867 interioris
1772 809 2059 884 gravitatis

464 913 731 985 pendere,
762 918 821 964 et
844 907 1000 979 quasi
1024 904 1251 978 juvenili
1276 904 1512 975 quodam
1540 904 1725 974 vigore
1749 902 2053 969 frenentur,

461 1007 529 1061 ad
558 1006 701 1062 ﬂuxa
724 1017 955 1076 quaeque
979 1008 1035 1056 et
1065 1000 1210 1055 levia
1239 1007 1477 1055 mentem
1517 998 1784 1054 inermem
1808 999 2052 1053 trahunt.

460 1097 516 1152 ln
548 1099 725 1169 primo
758 1105 985 1167 parente
1014 1101 1204 1150 nostro
1224 1092 1514 1148 didicimus
1532 1091 1663 1160 quia
1686 1091 1862 1147 tribus
1879 1092 2056 1147 modis

464 1192 643 1247 omnis
691 1190 861 1261 culpae
894 1189 1193 1259 nequitiam
1222 1195 1602 1260 perpetramus
1640 1204 1654 1238 :
1710 1186 2057 1256 suggestione

463 1285 694 1349 scilicet,
726 1281 1107 1347 delectatione,
1134 1293 1424 1334 consensu.
1452 1277 1697 1331 Primum
1730 1277 1915 1347 itaque
1956 1291 2057 1347 per

463 1379 697 1441 hostem,
748 1374 1045 1430 secundum
1074 1385 1205 1426 vero
1254 1385 1351 1441 per
1375 1385 1596 1425 carnem
1624 1410 1638 1435 ,
1691 1368 1911 1424 tertium
1956 1382 2057 1449 per

464 1468 716 1540 Spiritum
736 1472 1104 1537 perpetretur.
1120 1462 1409 1518 lnsidiator
1427 1463 1573 1517 enim
1593 1476 1764 1532 prava
1787 1462 2055 1533 suggerit,

465 1573 595 1614 caro
641 1570 699 1612 se
748 1555 1097 1611 delectationi
1148 1553 1383 1623 subjicit,
1414 1562 1581 1623 atque
1627 1552 1697 1608 ad
1748 1561 2055 1608 extremum

453 1632 688 1722 spiritus
715 1648 892 1704 vietus
928 1646 1293 1704 delectatione
1332 1645 1623 1701 consentit.
1662 1644 1817 1701 Unde
1840 1652 1899 1700 et
1937 1660 2056 1701 ser-

462 1757 597 1813 pens
625 1753 795 1811 prava
819 1739 1107 1810 suggessit.
1134 1737 1282 1793 Heva
1306 1744 1485 1792 autem
1514 1737 1671 1806 quasi
1712 1751 1843 1792 caro
1868 1751 1928 1793 se
1960 1737 2055 1793 de-

2158 543 2229 584 ne
2249 528 2387 585 licus
2407 530 2582 586 adhuc
2625 530 2682 587 id
2707 539 2823 598 est,
2866 530 3185 586 illecebrosa
3210 530 3534 587 deliciarum
3561 532 3756 588 obum-

2157 618 2280 675 bret
2303 621 2524 692 prurigo
2550 621 2737 677 mundi
2758 660 2777 688 ,
2809 621 3028 683 humilis
3053 621 3121 676 ad
3145 622 3515 689 altitudinem,
3543 621 3755 695 fragilis

2157 712 2227 770 ad
2254 712 2520 781 laborem,
2550 714 2728 773 mollis
2753 716 2820 771 ad
2848 731 3030 783 usum,
3058 716 3259 773 sterilis
3285 718 3355 772 ad
3378 715 3649 773 fructum.
3688 718 3753 775 Et

2157 806 2214 863 in
2243 806 2350 864 alio
2377 807 2499 864 loco
2531 826 2543 862 :
2578 808 2734 876 Quod
2759 810 2924 881 igitur
2945 810 3166 882 gravius
3191 818 3296 877 est,
3325 810 3529 881 inquit,
3562 811 3669 867 hac
3694 827 3753 870 se

2154 897 2327 957 Adam
2359 901 2812 971 interpretatione
2845 904 3146 970 succinxit,
3173 918 3241 960 eo
3264 904 3390 961 loco
3417 906 3511 961 ubi
3572 906 3749 963 fructu

2154 993 2331 1064 magis
2360 994 2628 1051 caetitatis
2672 1010 2733 1051 se
2773 996 3090 1065 succingere
3110 995 3407 1053 debuisset.
3443 996 3509 1055 ιιι
3554 997 3749 1057 lumbis

2157 1089 2321 1153 uim,
2347 1089 2545 1159 quibus
2566 1088 2978 1159 prmeingimur,
3000 1089 3247 1158 quaedam
3278 1089 3492 1147 semina
3520 1104 3749 1158 genere.

2156 1183 2321 1239 tionis
2368 1198 2491 1239 esse
2539 1182 2830 1248 dicuntur;
2878 1189 2937 1238 et
2972 1182 3098 1238 ideo
3126 1182 3266 1238 male
3310 1181 3388 1239 ibi
3435 1182 3750 1239 succinctus

2154 1274 2328 1332 Adam
2372 1275 2515 1332 foliis
2536 1275 2838 1341 inutilibus,
2888 1274 2982 1330 ubi
3008 1274 3206 1330 futurae
3233 1275 3616 1346 generationis
3647 1290 3751 1331 non

2156 1367 2394 1424 fructum
2439 1369 2713 1434 futurum,
2768 1369 2865 1424 sed
2911 1368 3160 1438 quadam
3203 1374 3434 1438 peccata
3484 1368 3749 1439 signaret.

2157 1460 2387 1532 Cumque
2411 1462 2767 1531 cognovissent
2792 1477 2849 1515 se
2877 1460 3048 1515 nudos
3074 1476 3184 1515 esse
3201 1500 3218 1526 ,
3268 1471 3599 1514 consuerunt
3626 1460 3752 1530 [olis

2155 1555 2264 1625 fici,
2300 1564 2349 1609 et
2369 1571 2424 1609 se
2458 1563 2755 1635 contegunt,
2786 1553 2915 1622 quia
2943 1553 3038 1624 qui
3063 1552 3319 1631 sarculum
3342 1567 3613 1622 asperum
3641 1568 3753 1605 am-

2154 1645 2494 1715 plectuntur,“
2509 1645 2604 1716 qui
2624 1645 2907 1717 prurigine
2925 1644 3161 1703 carnalis
3182 1643 3474 1714 voluptatis
3502 1651 3750 1703 arantur.

2155 1735 2355 1806 quique
2380 1735 2592 1804 decepti
2622 1734 2876 1790 haeretica
2905 1735 3197 1806 pravitate,
3228 1736 3482 1806 etgratia
3517 1735 3620 1789 Dei
3658 1750 3754 1789 nu-

460 1833 753 1888 lectatione
802 1830 1068 1896 subdidit,
1103 1828 1278 1883 Adam
1311 1842 1444 1883 vero
1478 1827 1624 1883 velut
1652 1828 1876 1898 spiritus
1920 1844 2051 1901 sug—
2078 1813 2128 1873 Β
2155 1827 2301 1891 dati,
2352 1834 2664 1898 tegumenta
2713 1828 3125 1883 mendaciorum
3176 1837 3445 1898 tanquam
3482 1828 3621 1885 folia
3666 1828 3752 1883 ﬁci

459 1925 732 1996 gestione,
767 1923 1123 1980 delectatione
1153 1929 1469 1991 superatus,
1522 1920 1775 1975 assensit.
1818 1917 2052 1990 Sugges-

463 2018 666 2073 tionem
690 2017 875 2087 itaque
893 2032 989 2087 per
1008 2022 1291 2086 peccatum
1308 2014 1676 2086 agnoscimus,
1695 2013 2053 2069 delectatione

460 2112 750 2177 vincimur,
777 2124 1048 2166 consensu
1093 2108 1258 2163 etiam
1284 2106 1540 2178 ligamur.
1595 2105 1746 2163 Unde
1771 2115 1828 2162 et
1866 2105 2052 2162 excla-

459 2206 718 2261 mandum
740 2204 897 2259 nobis
919 2217 1042 2259 cum
1062 2201 1321 2274 Apostolo
1350 2218 1363 2256 :
1392 2200 1593 2272 Infelix
1615 2217 1707 2272 ego
1730 2200 1905 2267 homo,
1935 2202 2052 2272 quis

458 2311 541 2351 me
566 2293 803 2350 liberabit
829 2293 893 2348 de
933 2308 1152 2364 corpore
1192 2293 1375 2347 mortis
1415 2292 1616 2361 hujus?
1641 2289 1815 2363 (Rom.
1845 2289 1965 2364 vn.)
1991 2298 2055 2345 ut

459 2386 813 2443 exaudiamus
836 2385 1257 2454 subsequentem
1283 2398 1383 2438 nos
1407 2381 1834 2438 consolationem
1868 2399 1880 2435 :
1908 2378 2052 2434 Gra-

459 2479 534 2532 tia
558 2475 657 2531 Dei
679 2493 771 2547 per
790 2474 973 2531 Iesum
995 2473 1264 2529 Christum
1279 2474 1563 2529 Dominum
1586 2483 1823 2528 nostrum
1836 2472 1889 2546 (1
1896 2471 2050 2546 bid.).

458 2569 593 2625 item
615 2578 848 2639 quatuor
870 2569 1048 2626 modis
1096 2576 1381 2639 peccatum
1402 2575 1751 2640 perpetratur
1786 2567 1844 2622 in
1866 2568 2050 2633 corde,

460 2670 695 2732 quatuor
722 2667 1136 2717 consummatur
1181 2660 1237 2715 in
1282 2674 1468 2731 opere.
1515 2658 1576 2714 In
1618 2659 1782 2715 corde
1817 2672 2054 2729 namque

460 2754 831 2826 suggestione,
862 2753 1243 2817 delectatione,
1278 2767 1577 2817 consensu,
1616 2760 1673 2807 et
1722 2752 2056 2808 defensionis

458 2846 687 2901 audacia
712 2853 1079 2916 perpetratur.
1110 2843 1203 2899 Fit
1243 2845 1387 2898 enim
1422 2844 1697 2915 suggestio
1736 2859 1833 2914 per
1862 2844 2057 2899 adver-

461 2939 687 3004 sarium,
718 2936 1006 2993 delectatio
1034 2951 1132 3008 per
1160 2950 1379 2992 carnem
1401 2976 1415 3001 ,
1444 2949 1741 2994 consensus
1767 2950 1867 3007 per
1892 2935 2056 3006 spiri~

458 3039 574 3085 tum
591 3029 941 3096 defensionis,
972 3030 1196 3084 audacia
1216 3043 1314 3098 per
1335 3026 1653 3083 elationem.
1672 3027 1867 3083 iisdem
1888 3028 2053 3082 etiam

458 3128 692 3190 quatuor
745 3119 918 3175 modis
973 3127 1257 3189 peccatum
1309 3127 1720 3174 consummatur
1758 3118 1815 3174 in
1865 3133 2049 3189 opere.

461 3207 618 3265 Prius
643 3225 877 3280 namque
901 3210 1078 3265 latens
1106 3209 1263 3281 culpa
1292 3210 1499 3281 agitur;
1548 3211 1894 3281 postmodum
1922 3225 2055 3267 vero

458 3304 627 3359 etiam
658 3310 785 3359 ante
821 3303 1010 3359 oculos
1039 3303 1319 3359 hominum
1366 3303 1484 3360 sine
1521 3302 1838 3359 confusione
1870 3310 2053 3359 reatus

461 3395 738 3466 aperitur;
784 3396 981 3452 dehinc
1009 3404 1064 3452 et
1089 3397 1145 3451 in
1198 3395 1648 3453 consuetudinem
1693 3398 1939 3466 ducitur;
1985 3397 2056 3453 ad

460 3496 767 3543 extremum
814 3503 1051 3559 quoque,
1079 3487 1166 3543 vel
1194 3485 1346 3544 falsa:
1374 3489 1491 3560 spei
1518 3489 1941 3558 seductionibus,
1970 3489 2054 3546 vel

459 3577 827 3634 obstinatione
851 3579 1066 3633 miserae
1094 3579 1513 3649 desperationis,
1542 3581 1836 3636 enutritur.

1061 3690 1289 3748 CAPUT
1320 3693 1459 3750 XVI.

690 3758 791 3816 Ubi
815 3778 871 3817 se
892 3762 1062 3818 nudos
1092 3763 1331 3819 viderunt
1363 3766 1535 3820 Adam
1566 3774 1613 3821 et
1639 3762 1805 3821 Hera.

528 3850 762 3926 Cumque
778 3855 1138 3926 cognovissent
1165 3870 1273 3911 esse
1296 3872 1350 3911 se
1372 3855 1565 3924 nudos,
1584 3865 1899 3913 consuerunt
1923 3857 2055 3929 folia

459 3946 592 4017 ficus
613 3989 627 4013 ,
659 3946 990 4020 feceruntque
1016 3949 1117 4003 sibi
1155 3952 1504 4021 perizomata.
1534 3952 1728 4007 Anima
1770 3952 2053 4008 rationalis

458 4039 751 4096 bestialem
778 4048 983 4096 motum
1036 4042 1090 4096 in
1118 4041 1381 4098 membris
1415 4058 1527 4098 suae
1577 4045 1757 4099 carnis
1804 4044 2051 4110 erubuit,

461 4132 622 4204 eique
660 4133 890 4189 incussit
922 4132 1184 4205 pudorem
1232 4151 1246 4190 :
1292 4150 1401 4189 non
1434 4134 1609 4189 solum
1655 4136 1784 4205 quia
1834 4137 1943 4191 hoc
1976 4134 2055 4191 ibi

464 4228 760 4294 sentiebat,
785 4226 878 4283 ubi
902 4242 1181 4298 nunquam
1224 4234 1383 4282 antea
1416 4226 1523 4282 tale
1546 4226 1749 4298 aliquid
1776 4237 2053 4297 senserat,

458 4328 651 4375 Verum
693 4319 859 4375 etiam
882 4317 1025 4390 quod
1072 4318 1161 4373 ille
1188 4317 1473 4389 pudendus
1501 4326 1682 4373 motus
1708 4317 1774 4375 de
1798 4320 2055 4391 praecepti

462 4417 895 4489 transgressione
931 4415 1200 4471 veniebat.
1248 4414 1327 4471 lbi
1357 4415 1505 4470 enim
1547 4414 1715 4471 sensit
1751 4429 1859 4486 qua
1904 4416 2056 4486 prius

467 4508 641 4580 gratia
672 4508 985 4575 vestiretur,
1014 4507 1233 4578 quando
1263 4507 1317 4561 in
1347 4522 1443 4563 sua
1471 4506 1717 4563 nuditate
1742 4506 1878 4562 nihil
1905 4507 2059 4563 inde—

464 4616 595 4657 cens
622 4601 969 4674 patiebatur;
1003 4599 1238 4672 denique
1266 4598 1357 4655 illa
1384 4599 1803 4656 conturbatione
1831 4600 1898 4655 ad
1928 4599 2056 4656 folia

463 4692 707 4751 ﬁculneae
762 4702 1160 4761 cucurrerunt,
1199 4709 1319 4765 quae
1358 4690 1500 4749 forte
1551 4693 1854 4764 perturbati
1879 4692 2055 4764 prima

464 4780 811 4851 invenerunt,
836 4785 1189 4856 perizomata,
1218 4785 1273 4839 id
1296 4792 1399 4849 est,
1432 4783 1794 4840 succinctoria
1823 4794 2055 4839 consue-

464 4882 614 4943 runt,
649 4882 706 4929 et
732 4873 859 4947 quia
884 4873 1166 4945 glorianda
1193 4873 1578 4941 deseruerant,
1606 4874 1855 4945 pudenda
1901 4882 2056 4928 texe-

465 4975 612 5024 runt.
644 4966 758 5022 Nec
786 4964 1025 5020 arbitror
1047 4978 1143 5020 eos
1170 4964 1438 5035 cogitasse
1458 4950 1666 5035 aliquid
1696 4965 1752 5020 in
1778 4963 1886 5019 illis
1908 4963 2056 5019 foliis

466 5062 610 5134 quod
641 5057 838 5116 talibus
864 5065 1191 5131 congrueret
1239 5058 1451 5125 contegi
1480 5056 1594 5125 jam
1640 5058 1882 5113 membra
1922 5073 2057 5128 pru-

467 5152 683 5218 rientia,
715 5149 812 5208 sed
837 5149 1051 5206 occulto
1079 5146 1340 5203 instinctu
1367 5145 1434 5201 ad
1470 5146 1576 5202 hoc
1604 5147 1679 5202 illi
1708 5160 1807 5218 per
1832 5154 2057 5203 contur-

465 5243 744 5300 bationem
793 5241 1056 5316 compulsi
1094 5249 1258 5309 sunt,
1312 5246 1375 5294 ut
1402 5238 1569 5294 etiam
1597 5237 1722 5293 talis
1744 5252 1919 5310 poena:
1946 5255 2057 5297 suae

469 5334 795 5409 signiﬁcatio
839 5353 871 5391 a
919 5332 1288 5393 nescientibus
1325 5332 1515 5399 ﬁeret,
1562 5348 1683 5404 quae
1710 5340 2056 5404 peccatorem

467 5426 617 5485 facta
648 5426 1016 5493 convinceret,
1040 5433 1097 5481 et
1121 5424 1342 5482 doceret
1374 5422 1578 5495 scripta
1605 5423 1884 5480 lectorem.
1916 5424 2057 5495 Mys-

470 5518 670 5578 terium
698 5526 881 5576 autem
915 5518 1076 5590 hujus
1119 5516 1333 5574 arboris
1356 5559 1372 5584 ,
1415 5518 1516 5573 sub
1539 5533 1645 5588 qua
1673 5525 1729 5574 et
1758 5516 2059 5574 Nathanael

470 5611 650 5670 adhuc
675 5610 911 5685 positum
959 5611 1244 5666 Dominum
1287 5609 1450 5676 vidit,
1500 5609 1696 5665 beatus
1736 5609 2058 5667 Ambrosius

469 5706 709 5764 breviter
755 5704 971 5776 quidem
998 5745 1012 5768 ,
1072 5704 1168 5759 sed
1212 5712 1458 5776 patenter
1495 5705 1744 5775 exposuit
1792 5705 1982 5762 dicens
2039 5726 2052 5762 :

452 5772 621 5857 ‘Beati
652 5801 744 5872 qui
771 5772 887 5855 “sub
914 5798 1022 5853 vite
1044 5804 1099 5852 et
1123 5772 1241 5852 olea
1274 5812 1443 5868 equos
1465 5772 1590 5854 suos
1617 5798 1875 5872 alligant,
1906 5802 2058 5859 labo-
2082 5850 2085 5855 λ

2156 1916 2434 1988 colligunt,
2466 1915 2730 1973 facimtes
2752 1919 2857 1974 sibi
2890 1920 3153 1975 cincteria
3178 1921 3503 1992 pravitatis,
3535 1937 3665 1978 cum
3690 1922 3756 1977 de

2156 2008 2387 2064 Domino
2409 2009 2495 2065 vel
2526 2009 2767 2064 Ecclesia
2793 2011 3152 2066 mentiuntur.

2224 2100 2299 2155 Et
2322 2116 2441 2155 eum
2466 2102 2740 2157 audissent
2775 2118 2948 2157 uocent
2973 2103 3190 2159 Domini
3217 2104 3315 2159 Dei
3359 2106 3753 2162 deambulanti}

2154 2194 2213 2247 in
2258 2193 2508 2263 paradiso
2552 2192 2623 2246 ad
2661 2207 2852 2246 auram
2890 2204 3007 2264 post
3044 2195 3333 2263 meridiem,
3374 2198 3661 2251 abscondit
3700 2215 3756 2253 se

2156 2282 2329 2337 Adam
2354 2292 2404 2337 et
2424 2298 2563 2338 umor
2582 2283 2721 2354 ejus.
2756 2283 2888 2339 Post
2926 2285 3210 2341 meridiem
3250 2286 3389 2344 tales
3408 2286 3532 2357 jam
3560 2304 3757 2345 conm.

2156 2377 2569 2445 neratvisitari,
2594 2379 2689 2449 qui
2723 2378 3041 2434 defecerant
3077 2395 3109 2434 a
3136 2379 3254 2435 luce
3291 2382 3566 2440 veritatis.
3607 2385 3757 2440 Unde

2156 2476 2281 2539 apte
2306 2468 2811 2527 Dominuscrucem
2830 2472 3063 2528 meridie
3089 2475 3355 2540 escendit,
3372 2485 3450 2541 et,
3481 2480 3755 2548 promissa

2156 2561 2351 2618 latroni
2381 2563 2727 2621 habitatione
2754 2565 3016 2636 paradisi,
3052 2575 3176 2638 post
3202 2569 3516 2638 meridiem,
3558 2571 3615 2626 id
3648 2582 3751 2633 est.

2154 2669 2299 2710 nona
2346 2657 2504 2722 hora,
2558 2657 2814 2727 spiritum
2862 2660 3105 2727 tradidit,
3156 2671 3216 2716 ut
3254 2662 3507 2719 videlicet
3565 2665 3754 2721 eadem

2156 2746 2313 2815 liora,
2337 2762 2443 2818 qua
2456 2749 2672 2819 primus
2704 2750 2868 2808 homo
2898 2751 3106 2824 lignum
3128 2755 3606 2823 przevaricationis
3626 2758 3754 2811 teti-

2157 2850 2330 2910 gerat,
2361 2844 2631 2899 secundus
2658 2845 2820 2900 homo
2843 2845 3049 2915 lignum
3088 2847 3477 2917 redemptionis
3500 2850 3756 2905 ascende-

2155 2940 2261 3000 ret,
2290 2944 2344 2989 et
2379 2949 2485 3004 qua
2516 2935 2654 2990 hora
2682 2937 2790 2991 diei
2820 2938 3267 3006 praevaricatores
3290 2941 3551 3010 paradiso
3587 2959 3756 3015 eapu-

2156 3024 2316 3090 lcrat,
2341 3038 2409 3080 ea
2438 3024 2807 3081 confessorem
2831 3028 2884 3081 in
2910 3028 3221 3098 paradisum
3247 3030 3554 3087 induceret.

2230 3116 2513 3172 Abscondit
2537 3133 2612 3184 se,
2634 3117 2833 3187 inquit,
2861 3119 3030 3174 Adam
3055 3130 3102 3174 et
3130 3137 3263 3176 umor
3283 3124 3399 3193 ejus
3422 3141 3456 3177 α
3486 3125 3630 3195 facie
3652 3127 3758 3182 Do-

2156 3207 2289 3262 mini
2308 3206 2429 3273 Dei,
2473 3208 2531 3261 in
2571 3208 2743 3262 medio
2769 3209 2898 3279 ligni
2918 3211 3177 3280 paradisi.
3200 3212 3419 3285 (Beda.)
3442 3214 3587 3272 Cum
3619 3219 3757 3275 Deus

2156 3303 2359 3358 avertit
2405 3301 2601 3358 faciem
2632 3316 2786 3357 suam
2820 3304 3166 3373 intrinsecus,
3209 3325 3319 3363 non
3346 3310 3622 3369 miremur
3647 3316 3757 3372 haec

2154 3392 2275 3449 ﬁeri
2305 3408 2425 3464 quae
2461 3393 2659 3449 similia
2684 3401 2813 3449 sunt
2851 3394 3155 3464 dementiae,
3184 3410 3286 3467 per
3319 3400 3550 3457 nimium
3586 3407 3758 3476 pudo-

2154 3499 2275 3540 rem
2309 3500 2374 3540 ac
2398 3486 2673 3544 timorem.
2704 3486 2802 3543 illo
2826 3500 3039 3559 quoque
3078 3490 3292 3548 occulto
3320 3486 3608 3552 instinctu
3652 3514 3757 3554 non

2152 3574 2492 3645 quiescente,
2516 3585 2581 3630 ut
2607 3592 2670 3632 ea
2693 3578 3003 3635 nescientes
3022 3579 3285 3648 facerent,
3312 3599 3437 3654 qua:
3461 3586 3666 3658 aliquid
3692 3590 3757 3643 si-

2152 3666 2501 3738 gniﬁcarent,
2519 3670 2844 3740 quandoque
2868 3672 3087 3727 scituris
3098 3676 3357 3744 posteris,
3373 3687 3606 3749 propter
3625 3695 3757 3751 quos

2150 3764 2263 3819 ista
2290 3764 2597 3834 conscripta
2638 3774 2782 3821 sunt.
2811 3764 3164 3825 Abscondunt
3196 3784 3255 3825 se
3285 3786 3527 3843 namque
3564 3790 3599 3828 a
3622 3774 3758 3832 facie

2114 3940 2117 3941 ν
2152 3855 2275 3921 Dei,
2304 3857 2397 3928 qui
2442 3866 2692 3927 peccant,
2751 3860 2879 3930 quia
2925 3860 3177 3933 indignos
3220 3878 3283 3920 se
3310 3863 3515 3921 divina:
3540 3869 3759 3939 pietatis

2154 3947 2391 4005 reddunt
2411 3949 2755 4021 aspectibus;
2797 3952 3134 4010 abscondunt
3162 3970 3221 4012 se
3251 3971 3285 4011 a
3317 3956 3463 4013 facie
3498 3957 3616 4021 Dei,
3650 3975 3755 4015 non

2154 4048 2220 4096 ut
2236 4041 2481 4112 ipsorum
2504 4043 2895 4100 conscientiam
2914 4046 3163 4102 internus
3188 4047 3397 4103 arbiter
3414 4064 3529 4105 non
3554 4051 3754 4118 videat,

2157 4133 2257 4190 sed
2290 4141 2355 4188 ut
2390 4134 2495 4205 ipsi
2531 4134 2758 4206 gloriam
2778 4134 2962 4192 vuitus
2994 4135 3112 4207 ejus
3147 4153 3428 4210 nunquam
3482 4139 3593 4197 nisi
3626 4141 3760 4197 resi-

2154 4222 2421 4294 piscendo
2447 4225 2802 4297 conspiciant.

2725 4340 2953 4401 CAPUT
3010 4336 3172 4401 XVII.

2163 4430 2265 4488 Ubi
2287 4432 2548 4491 Dominus
2572 4436 2703 4491 Ada:
2725 4438 2780 4490 in
2798 4438 3053 4522 paradiso
3064 4439 3298 4511 loquitur
3318 4451 3438 4512 post
3463 4452 3755 4518 transgres-

2763 4524 2962 4563 ειοηεηι
3003 4526 3136 4581 εμιε.

2247 4594 2556 4669 Vocavilque
2570 4596 2827 4654 Dominus
2842 4599 2984 4655 Deus
3000 4602 3194 4669 Adam,
3213 4613 3259 4658 el
3282 4605 3419 4661 dixit
3440 4608 3491 4661 ei
3505 4621 3525 4660 :
3542 4607 3587 4663 Π
3596 4609 3652 4664 bi
3668 4610 3756 4664 es?

2163 4705 2272 4745 non
2297 4690 2487 4761 utique
2525 4690 2825 4762 ignorando
2862 4695 3136 4764 quaesivit,
3181 4696 3276 4751 sed
3301 4697 3643 4770 increpando
3665 4701 3756 4756 ad-

2163 4783 2391 4850 monuit,
2430 4791 2491 4838 ut
2536 4783 2839 4840 attenderet
2872 4786 2925 4840 in
2961 4802 3069 4857 quo
3099 4804 3208 4843 non
3252 4799 3400 4845 esset
3444 4791 3612 4848 Deus.
3639 4792 3756 4848 1am

2163 4873 2307 4929 enim
2336 4872 2463 4945 quia
2495 4874 2562 4929 de
2592 4875 2787 4931 arbore
2809 4877 2975 4931 vetita
3000 4878 3332 4945 comederat,
3360 4890 3617 4938 mortuus
3641 4891 3757 4937 erat

2162 4973 2338 5021 morte
2375 4967 2589 5033 animae,
2623 4982 2747 5023 cum
2781 4982 2903 5022 eam
2937 4967 3268 5024 deseruisset
3294 4969 3406 5024 vita
3446 4987 3547 5026 sua
3589 4971 3752 5028 Deus.

2154 5054 2228 5112 Et
2262 5058 2368 5113 hoc
2410 5072 2542 5114 sane
2574 5059 2640 5113 ad
2694 5057 2928 5130 aliquam
2970 5060 3206 5130 pertinet
3253 5061 3752 5134 significationem:
3846 5066 3853 5069 “

2160 5152 2303 5223 quod
2336 5151 2477 5206 sicut
2502 5159 2829 5221 praeceptum
2860 5152 2978 5205 viro
3004 5153 3187 5209 datum
3214 5162 3317 5221 est,
3348 5169 3447 5231 per
3472 5170 3642 5226 quem
3666 5170 3759 5210 ve-

2160 5244 2302 5299 niret
2331 5243 2399 5298 ad
2425 5242 2700 5310 feminam,
2732 5244 2807 5298 ita
2832 5243 2913 5298 vir
2943 5244 3092 5315 prior
3114 5244 3481 5316 interrogatur
3505 5263 3519 5313 ;
3547 5262 3757 5317 praece-

2158 5345 2311 5410 ptum
2351 5339 2499 5393 enim
2527 5354 2558 5393 a
2582 5336 2808 5393 Domino
2834 5352 2932 5409 per
2960 5338 3137 5393 virum
3162 5352 3332 5407 usque
3365 5337 3435 5394 ad
3464 5335 3753 5403 feminam,

2163 5440 2449 5502 peccatum
2486 5441 2669 5488 autem
2725 5448 2755 5486 a
2792 5432 3006 5489 diabolo
3040 5447 3140 5503 per
3170 5431 3428 5487 feminam
3472 5448 3646 5503 usque
3687 5431 3757 5486 ad

2169 5526 2365 5581 virum.
2400 5520 2713 5597 Vocavitque
2733 5523 2877 5579 Deus
2910 5524 3101 5589 Adam,
3142 5521 3241 5577 Ubi
3262 5523 3356 5577 es?
3391 5523 3489 5578 Hic
3513 5522 3761 5577 ostendit

2165 5618 2287 5688 quia
2319 5615 2409 5687 qui
2439 5633 2468 5671 a
2508 5614 2613 5672 fide
2639 5615 2719 5671 vel
2746 5614 2905 5673 bonis
2934 5615 3189 5686 operibus
3216 5614 3283 5669 ad
3327 5613 3607 5669 mendacia
3654 5628 3757 5667 sua

2167 5710 2539 5782 desiderioque
2577 5710 2853 5778 labuntur,
2886 5726 2993 5765 non
3036 5708 3265 5781 despicit
3312 5708 3435 5763 illos
3460 5708 3624 5775 Deus,
3658 5704 3760 5762 sed

2169 5803 2342 5859 adhuc
2384 5810 2445 5861 ut
2473 5802 2697 5857 redeant
2730 5817 2830 5873 per
2855 5801 3229 5873 paenitentiam
3272 5810 3447 5867 vocat,
3481 5801 3607 5872 quia
3641 5814 3761 5857 non
