3974 6464
264 391 377 449 493

1302 382 1655 445 causam.
1695 381 1763 441 IN
1797 360 2121 445 causam.
2159 411 2231 425 -
2267 380 2395 443 Lis.
2424 378 2496 437 ι.-

3422 385 3533 455 4οὸ

260 505 378 562 vult
406 509 641 560 mortem
663 499 984 572 peccatoris,
1016 499 1113 558 sed
1138 506 1199 555 ut
1223 505 1572 555 convertatur
1589 506 1646 554 et
1674 498 1842 554 vivat.
1872 509 1927 574 Α
1950 504 2056 553 tur.
2100 495 2206 564 Qui
2234 480 2356 555 cum
2399 504 2720 567 argueretur
2746 511 2778 551 a
2819 496 3068 565 Domino,
3099 500 3246 570 quod
3270 498 3342 563 de
3381 519 3529 576 .igno

260 599 410 671 Ergo
434 612 544 653 non
567 604 653 651 est
676 592 1069 664 desperandum
1096 589 1422 661 quibuslibet
1444 589 1847 661 peccatoribus,

264 693 394 749 dum
416 699 475 747 et
499 688 601 760 ipsi
626 684 782 757 impii
818 684 888 741 ad
914 698 1064 754 spem
1091 682 1435 754 indulgentiae
1461 688 1846 753 provocentnr.

338 782 444 850 Qui
472 781 547 835 ait
573 777 805 851 :,Vocens
836 784 983 835 tum
1008 774 1187 835 audivi
1216 773 1270 828 in
1290 772 1559 843 paradiso,
1590 780 1640 827 et
1673 769 1849 838 timui,

265 892 326 931 eo
349 873 492 945 quod
515 870 690 933 nudus
713 883 897 934 essent,
923 876 973 927 et
997 865 1245 929 abscondi
1272 881 1373 920 me.
1402 862 1550 923 Satis
1570 861 1852 944 probabile

261 974 353 1022 est
379 952 557 1020 solere
578 962 748 1018 Deum
766 973 870 1029 per
885 964 1194 1021 creaturam
1214 954 1311 1011 tali
1332 953 1532 1011 actioni
1556 967 1852 1025 congruam

268 1059 324 1113 in
369 1056 546 1111 forma
572 1053 810 1111 humana
844 1050 1034 1121 primis
1063 1049 1170 1111 illis
1206 1047 1518 1107 hominibus
1545 1059 1849 1121 apparere:

269 1165 407 1222 quos
452 1159 728 1216 nunquam
754 1143 1004 1213 permisit
1032 1142 1318 1207 advertere
1347 1140 1647 1205 nuditatem
1675 1154 1850 1209 suam,

269 1255 461 1298 eorum
502 1236 859 1295 intentionem
898 1235 953 1300 in
991 1248 1223 1305 super-na
1264 1232 1570 1297 sustollens,
1598 1230 1703 1287 nisi
1731 1236 1856 1301 post

269 1340 590 1405 peccatum,
642 1328 949 1400 pudendum
995 1327 1051 1384 in
1097 1324 1354 1383 membris
1406 1335 1613 1381 motum
1652 1320 1854 1393 poenali

271 1424 641 1481 membrorum
661 1420 778 1492 lege
797 1418 1113 1479 sensissent.
1135 1415 1227 1473 Sic
1256 1431 1385 1487 ergo
1413 1414 1589 1470 allecti
1620 1422 1762 1478 sunt,
1794 1420 1856 1475 ut

273 1521 449 1578 solent
487 1518 736 1574 homines
763 1514 903 1573 allici
942 1514 1043 1573 sub
1076 1510 1249 1575 oculis
1291 1511 1610 1577 hominum;
1654 1517 1711 1565 θι
1734 1508 1858 1564 talis

274 1611 489 1668 affectio
514 1608 722 1680 peccati
744 1608 811 1663 de
838 1620 999 1676 pinna
1016 1614 1155 1669 erat,
1177 1619 1304 1659 eum
1325 1602 1497 1658 latere
1518 1601 1676 1667 velle;
1695 1615 1859 1671 quem

275 1706 410 1763 nihil
449 1704 620 1759 latere
670 1708 867 1771 potest.
913 1698 1067 1766 Quod
1110 1697 1256 1757 enim
1278 1695 1393 1764 jam
1445 1696 1591 1765 ipsos
1620 1693 1859 1764 pudebat

277 1813 407 1869 erga
448 1796 678 1866 seipscs,
727 1793 870 1849 unde
927 1791 1029 1849 sibi
1085 1798 1142 1851 et
1178 1788 1543 1849 succinctoria
1594 1786 1856 1851 fecerant,

1953 590 2118 647 vetito
2143 589 2487 655 comedisset,
2514 590 2685 649 Adam
2710 590 2920 648 scilicet
2953 601 3008 650 et
3047 609 3184 653 uxor
3210 594 3345 663 eius,
3385 597 3531 658 illico

1951 683 2518 753 respondit:Serpens
2561 682 2909 754 decepit”,
2957 693 3006 739 et
3042 686 3266 747 comedi.
3298 688 3383 745 Ad
3426 690 3537 747 hoc

1952 776 2150 847 quippe
2192 774 2441 845 requisiti
2475 774 2717 841 fuerunt.
2749 782 2810 837 ut
2845 784 3128 845 peccantur
3174 780 3320 848 quod
3349 791 3530 841 trans-

1952 868 2246 941 grediendo
2285 866 2692 931 commiserant,
2723 866 3034 931 conﬁtendo
3073 869 3333 933 delerent.
3379 872 3537 933 Unde

1952 968 2013 1019 et
2034 974 2262 1030 serpens
2291 958 2380 1019 ilic
2417 973 2731 1029 persuasor,
2759 959 2854 1029 qui
2879 975 2990 1021 non
3033 968 3156 1021 erat
3199 965 3538 1023 revocandus

1953 1053 2025 1109 ad
2052 1053 2290 1123 veniam,
2318 1068 2427 1109 non
2454 1060 2539 1111 est
2562 1051 2629 1109 de
2650 1052 2805 1123 culpa
2830 1052 3143 1124 requisims.
3170 1055 3538 1129 interrogatus

1954 1147 2120 1204 homo
2142 1146 2342 1216 quippe
2384 1155 2470 1200 est
2497 1144 2586 1205 ubi
2637 1154 2799 1212 esset,
2826 1154 2888 1205 ut
2912 1156 3281 1217 perpetratam
3323 1150 3539 1221 culpam

1954 1240 2274 1310 respiceret,
2318 1247 2374 1294 et
2414 1236 2723 1323 conﬁtendo
2752 1248 3106 1308 cognosceret
3132 1256 3297 1311 quam
3321 1242 3481 1315 longe
3508 1258 3541 1299 ι

1954 1332 2266 1397 Conditoris
2288 1331 2374 1387 sui
2407 1330 2548 1387 faeie
2577 1332 2811 1387 abesset.
2841 1336 2853 1352 ‘
2880 1331 2987 1393 Sed
3023 1334 3284 1392 adhibere
3325 1336 3544 1393 sibimet

1954 1425 2178 1495 utrique
2204 1424 2535 1480 defensionis
2569 1424 2761 1483 solatia
2789 1440 2953 1495 quam
2978 1426 3337 1489 confessionis
3366 1430 3545 1501 elege-

1952 1528 2108 1573 runt.
2133 1515 2379 1587 Cumque
2405 1530 2667 1572 excusare
2690 1525 2973 1586 peccamm
3004 1518 3173 1574 voluit
3190 1520 3276 1574 vir
3300 1534 3398 1591 per
3425 1536 3546 1576 mu-

1952 1611 2146 1665 lierem
2166 1649 2182 1675 ,
2233 1608 2427 1667 mulier
2461 1623 2560 1679 per
2591 1619 2897 1681 serpentem
2917 1652 2932 1677 ,
2989 1623 3258 1670 auxerunt
3286 1615 3499 1685 culpam
3524 1657 3540 1683 ,

1954 1715 2124 1771 quam
2171 1700 2309 1755 tueri
2356 1701 2537 1755 conati
2586 1713 2715 1756 sunt
2748 1702 3008 1772 oblique:
3038 1703 3213 1759 Adam
3256 1707 3541 1762 Dominum

1961 1802 2214 1863 tangens,
2250 1790 2393 1861 quod
2430 1792 2548 1862 ipse
2589 1794 2794 1863 peccati
2820 1808 3011 1851 eorum
3034 1804 3229 1851 auctor
3253 1797 3545 1864 exstiterit,

278 1890 450 1946 multo
473 1884 845 1943 vehementius
884 1883 953 1941 ab
978 1882 1072 1937 illo
1099 1881 1264 1947 etiam
1294 1881 1375 1936 sic
1404 1878 1669 1935 succincti
1690 1877 1862 1933 Videl‘i
1892 1873 1941 1941 Β
1966 1885 2061 1955 qui
2083 1885 2365 1941 mulierem
2387 1884 2551 1950 fecit;
2581 1884 2729 1940 ileva
2756 1886 2969 1957 culpam
3000 1888 3067 1941 ad
3093 1886 3378 1944 Dominum
3410 1889 3553 1945 refe-

276 1982 630 2043 verebantur,
655 1976 748 2047 qui
776 1985 1031 2044 tanquam
1061 1972 1313 2037 familiari
1336 1978 1758 2041 temperamento
1793 1968 1862 2023 ad

278 2088 378 2129 eos
398 2069 677 2135 videndos,
704 2084 801 2139 per
830 2074 1136 2127 creaturam
1172 2064 1457 2131 visibilem,
1485 2063 1633 2117 velut
1670 2059 1865 2119 buma-

282 2178 386 2219 nos
426 2160 609 2218 oculos
654 2157 929 2217 adorabat.
978 2156 1238 2213 Dominus
1291 2168 1419 2209 \‘ero
1467 2154 1654 2209 volens
1698 2152 1864 2207 etiam

252 2267 599 2331 peccatores
624 2268 792 2310 more
844 2252 1069 2322 jnsﬁtia:
1113 2252 1477 2319 interrogatos
1513 2248 1707 2319 punire
1749 2262 1867 2302 am-

280 2351 422 2421 plius
457 2362 625 2419 quam
674 2353 793 2402 erat
832 2344 923 2401 illa
968 2359 1127 2414 pinna
1187 2343 1253 2398 de
1298 2356 1405 2411 qua
1436 2338 1551 2409 jam
1600 2334 1867 2409 cogeban-

281 2451 372 2498 tur
417 2440 783 2497 erubescere:
828 2436 959 2502 Qui:
1010 2437 1175 2501 enim,
1228 2433 1425 2503 inquit,
1481 2431 1728 2486 indicavit
1772 2429 1867 2485 tibi

283 2534 421 2607 quod
452 2534 626 2588 nudus
650 2547 811 2597 esses,
834 2530 938 2587 nisi
956 2528 1096 2599 quod
1139 2542 1205 2583 es:
1230 2526 1371 2598 ligno
1402 2524 1466 2581 de
1485 2540 1586 2596 quo
1611 2538 1869 2595 prmcepe-

286 2644 398 2683 ram
433 2643 495 2680 ne
538 2623 829 2679 comederes
875 2619 1181 2677 comedisti?
1204 2618 1341 2675 Hinc
1382 2616 1526 2671 enim
1565 2628 1713 2668 mors
1742 2628 1869 2668 con-

284 2727 444 2791 cepta
467 2725 691 2789 propter
718 2716 815 2772 Dei
841 2714 1184 2779 sententiam,
1215 2711 1307 2781 qui
1336 2710 1418 2766 sic
1440 2708 1617 2763 fuerat
1643 2705 1870 2762 commi-

282 2822 467 2879 natus,
504 2810 636 2866 fecit
657 2808 864 2865 adverti
891 2802 1461 2875 concupiscentialiter
1484 2799 1748 2865 membra,
1775 2797 1870 2854 ubi

289 2904 437 2962 ducti
458 2900 637 2976 [dicti]
680 2907 804 2956 sunt
848 2897 1023 2970 aperti
1059 2896 1240 2963 oculi,‘
1255 2902 1312 2953 et
1339 2900 1585 2957 secutum
1619 2898 1705 2955 est
1727 2888 1870 2961 quod

287 2994 533 3065 puderet.
1109 3024 1117 3031 α

358 3083 605 3154 Dicitque
634 3081 806 3136 Adam
830 3096 848 3135 :
875 3078 1069 3137 Mulier
1087 3094 1246 3149 quam
1271 3076 1462 3133 dedisti
1485 3075 1615 3130 mihi
1647 3074 1869 3140 sociam,

286 3176 431 3232 dedit
480 3175 608 3233 mihi
641 3174 706 3228 de
750 3172 912 3244 ligno,
946 3181 993 3228 et
1020 3170 1240 3227 comedi.
1292 3169 1557 3240 Superbia
1592 3180 1872 3238 nunquam

288 3273 427 3329 dixit
463 3269 921 3327 Peccavi:habet
963 3250 1362 3325 deformitatem
1411 3262 1769 3329 confusionis,
1817 3251 1943 3317 etC

287 3376 398 3418 non
441 3361 604 3416 habet
650 3358 1009 3415 confessionis
1054 3355 1435 3411 humilitatem.
1483 3353 1568 3409 Ad
1612 3354 1718 3411 hoc
1766 3352 1872 3409 ista

286 3453 494 3523 scripta
533 3460 681 3519 sunt,
727 3451 854 3521 quia
884 3458 944 3504 et
964 3449 1097 3518 ipsae
1128 3447 1585 3517 interrogationes
1616 3447 1874 3503 nimirum

289 3545 358 3600 ad
392 3538 497 3599 hoc
520 3543 677 3600 facta
696 3550 838 3603 sunt,
862 3548 923 3596 ut
947 3539 1150 3594 utiliter
1172 3537 1569 3602 scriberentur,
1598 3545 1658 3591 ut
1684 3536 1877 3593 adver-

288 3648 472 3695 tamus
505 3638 775 3709 quomodo
820 3635 1073 3707 superbia
1120 3632 1370 3688 laborent
1404 3630 1653 3687 homines
1694 3629 1873 3696 hodie,

285 3749 400 3789 non
430 3733 536 3787 nisi
571 3732 625 3785 in
654 3729 967 3785 Creatorem
1003 3733 1267 3782 conantes
1308 3723 1513 3779 referre
1536 3722 1582 3778 si
1605 3722 1734 3792 quid
1757 3734 1879 3792 cge-

282 3829 401 3883 rint
423 3825 574 3891 mali,
604 3839 726 3881 cum
754 3823 857 3878 sibi
876 3821 1044 3876 velint
1074 3819 1237 3876 tribui
1269 3819 1314 3874 si
1334 3817 1465 3889 quid
1496 3816 1706 3887 egerint
1724 3814 1873 3873 boni.

291 3917 509 3983 Mulier,
542 3917 735 3985 inquit,
774 3929 931 3985 quam
955 3912 1147 3967 dedisti
1174 3911 1373 3966 sociam
1399 3909 1553 3974 mihi,
1576 3907 1719 3963 dedit
1744 3906 1877 3965 mihi

289 4010 355 4065 de
383 4010 544 4081 tigno,
565 4018 614 4062 et
637 4007 860 4071 comedi,
882 4005 1037 4076 quasi
1058 4005 1127 4061 ad
1150 4005 1253 4059 hoc
1275 4004 1399 4059 data
1425 4002 1520 4068 sit,
1550 4008 1610 4056 ut
1630 4015 1738 4057 non
1762 3998 1879 4069 ipsa

288 4103 472 4172 potius
494 4101 740 4157 obediret
762 4098 905 4163 viro,
934 4106 990 4153 et
1023 4097 1184 4151 ambo
1212 4097 1341 4152 Deo.

367 4194 436 4248 Et
473 4193 604 4248 dixit
645 4192 907 4249 Dominus
945 4190 1085 4245 Deus
1122 4190 1192 4245 ad
1236 4188 1551 4244 mulierem:
1578 4186 1756 4252 Quare
1782 4186 1881 4239 hoc

293 4287 506 4359 fecisti?
533 4286 665 4353 Quin
690 4286 953 4356 respondit
982 4300 1000 4339 :
1030 4286 1259 4356 Serpens
1294 4284 1495 4354 decepit
1522 4299 1623 4347 me,
1646 4291 1693 4336 et
1741 4297 1882 4335 com-

293 4381 417 4435 edi.-
451 4379 563 4435 Nec
604 4380 705 4434 ista
735 4380 1026 4435 confitetur
1071 4387 1378 4448 peccatum,
1421 4376 1517 4431 sed
1552 4375 1609 4429 in
1650 4374 1883 4429 alterum

294 4471 462 4528 refert
486 4472 683 4542 impari
713 4486 865 4537 sexu,
893 4471 1008 4541 pari
1038 4470 1202 4525 fastu.
1227 4467 1473 4538 Serpens,
1507 4466 1705 4536 inquit,
1733 4467 1884 4519 dece-

290 4563 369 4634 pit
409 4578 511 4626 nte,
535 4570 584 4616 et
619 4561 838 4626 comedi,
877 4560 1033 4629 quasi
1076 4557 1355 4628 cujusdam
1385 4557 1569 4612 suasio
1610 4563 1882 4626 praecepto

1969 1993 2113 2045 rens,
2157 1979 2249 2048 qui
2294 1989 2602 2051 serpentem
2644 1980 2698 2034 in
2728 1982 2982 2051 paradiso
3020 1984 3223 2053 posuit.
3252 1983 3355 2052 Qui
3404 1985 3550 2041 enim

1962 2085 2063 2126 ore
2088 2070 2283 2126 diaboli
2322 2070 2560 2127 fallentis
2599 2072 2902 2139 audierant,
2932 2072 3099 2129 Erilis
3133 2075 3267 2129 sicut
3295 2076 3391 2141 dii,
3418 2075 3551 2146 quia

1970 2166 2082 2221 Deo
2105 2182 2227 2222 esse
2261 2166 2467 2222 similes
2490 2167 2543 2221 in
2582 2166 2867 2222 divinitate
2894 2168 3273 2237 nequiverunt,
3305 2170 3374 2225 ad
3400 2183 3554 2226 erro-

1970 2257 2048 2312 ris
2070 2257 2153 2311 sui
2178 2257 2477 2323 cumulum,
2510 2257 2680 2312 Deum
2709 2256 2809 2313 sibi
2842 2256 3022 2313 facere
3047 2258 3276 2314 similem
3307 2259 3363 2314 in
3392 2262 3552 2333 culpa

1971 2346 2150 2401 conati
2189 2355 2335 2401 sunt.
2362 2346 2456 2402 Sic
2483 2361 2615 2417 ergo
2657 2356 2868 2402 reatum
2912 2363 3069 2403 suum
3093 2348 3221 2403 dum
3261 2348 3554 2409 defendere

1969 2439 2284 2504 moliuntur,
2316 2440 2660 2507 addiderunt,
2691 2449 2749 2496 ut
2776 2442 2933 2512 culpa
2960 2456 3146 2497 eorum
3176 2443 3417 2497 atrocior
3445 2444 3557 2498 dis-

1970 2545 2131 2586 cussa
2179 2532 2353 2598 fieret,
2401 2547 2566 2603 quam
2614 2531 2790 2589 fuerat
2838 2540 3169 2603 perpetrata.
3216 2532 3370 2589 Unde
3407 2547 3555 2589 nunc

1968 2637 2187 2693 quoque
2228 2624 2453 2679 humani
2495 2626 2709 2695 generis
2744 2625 2883 2679 rami
2912 2640 2980 2679 ex
3029 2625 3131 2680 hac
3169 2625 3348 2681 adhuc
3372 2624 3559 2683 radice

1970 2715 2393 2771 amaritudinem
2422 2718 2666 2783 trahunt,
2708 2725 2769 2772 ut
2792 2732 2919 2773 cum
2942 2717 3009 2775 de
3034 2717 3168 2773 vitio
3200 2733 3302 2774 suo
3323 2719 3560 2789 quisque

1972 2811 2241 2882 arguitur,
2271 2810 2370 2866 sub
2401 2812 2730 2869 defensionis
2756 2814 2942 2879 verba,
2972 2815 3127 2883 quasi
3167 2816 3266 2870 sub
3309 2817 3558 2885 qundam

1974 2919 2034 2961 se
2056 2903 2313 2959 arborum
2339 2904 2467 2959 folia
2492 2906 2798 2971 abscondit,
2826 2914 2881 2960 et
2913 2906 3057 2961 velut
3094 2908 3160 2961 ad
3186 2907 3434 2976 quaedam
3465 2924 3563 2964 ex-

1972 2995 2269 3051 cusationis
2298 3009 2409 3050 sum
2447 3010 2614 3066 opaca
2654 3003 2864 3051 secreta
2906 2996 3099 3051 faciem
3126 2995 3439 3054 Conditoris
3479 2998 3561 3054 fu-

1972 3084 2073 3156 git,
2106 3085 2235 3140 dum
2274 3099 2380 3141 non
2406 3085 2523 3139 vult
2552 3086 2806 3156 cognosci
2834 3086 2976 3157 quod
3010 3085 3157 3141 fecit.
3186 3086 3244 3140 ln
3285 3102 3389 3156 qua
3420 3087 3564 3142 vide-

1974 3177 2104 3233 licet
2129 3177 2494 3235 occultatione
2519 3193 2629 3233 non
2656 3193 2715 3233 se
2733 3178 2978 3244 Domino,
3002 3180 3095 3234 sed
3118 3179 3404 3233 Dominum
3437 3180 3561 3234 abs-

1974 3273 2161 3327 condit
2204 3271 2347 3338 sibi,
2408 3273 2520 3343 agit
2552 3272 2752 3342 quippe
2798 3286 2865 3326 ne
2909 3272 3091 3326 omnia
3160 3272 3433 3326 videntem
3482 3271 3564 3326 vi-

1975 3364 2117 3428 deat,
2144 3380 2250 3419 non
2272 3371 2451 3419 autem
2480 3379 2551 3420 ne
2571 3365 2686 3434 ipse
2714 3364 2980 3418 videatur.
3010 3363 3130 3430 Quo
3157 3372 3344 3418 contra
3368 3365 3564 3434 cuique

1972 3454 2249 3523 peccaturi
2266 3453 2380 3523 jam
2410 3455 2693 3509 exordium
2736 3454 3140 3509 illuminationis
3168 3462 3252 3509 est
3287 3455 3563 3513 humilitas

1975 3540 2353 3611 confessionis,
2401 3546 2529 3615 quia
2566 3545 2886 3615 sibimetipsi
2922 3543 3037 3613 iam
3084 3559 3311 3615 parcere
3354 3546 3560 3614 renuit,

1976 3638 2069 3708 qui
2119 3637 2321 3692 malum
2372 3652 2479 3692 non
2527 3637 2799 3693 erubescit
2843 3637 3091 3692 confiteri
3121 3638 3264 3708 quod
3304 3636 3454 3694 fecit.
3498 3639 3569 3700 Et

1978 3730 2070 3799 qui
2095 3730 2434 3785 defendendo
2458 3744 2719 3786 excusare
2745 3730 2940 3799 potuit,
2971 3731 3276 3786 accusando
3301 3745 3361 3787 se
3400 3731 3547 3802 celer

1979 3820 2116 3874 rime
2145 3820 2401 3875 defendit.
2453 3820 2610 3877 Unde
2656 3828 2713 3876 et
2754 3828 2970 3877 mortuo
3012 3820 3240 3888 Lazaro,
3283 3822 3375 3892 qui
3422 3822 3565 3879 mole

1980 3928 2173 3984 magna
2200 3914 2567 3983 premebatur,
2615 3929 2956 3985 nequaquam
2999 3915 3216 3976 dicitur,
3257 3913 3561 3983 Revivisce,

1980 4006 2095 4069 sed,
2142 4003 2272 4059 Veni
2304 4006 2465 4075 foras.
2499 4006 2579 4060 Ex
2608 4021 2716 4077 qua
2757 4006 2965 4062 scilicet
2997 4005 3415 4072 resurrectione,
3444 4021 3568 4076 qua:

1979 4102 2129 4166 gesta
2152 4102 2240 4149 est
2274 4095 2330 4149 in
2360 4094 2504 4151 illius
2530 4110 2775 4166 corpore,
2810 4096 3055 4166 signatur
3080 4094 3314 4164 qualiter
3340 4110 3441 4150 nos
3470 4109 3562 4151 re-

1980 4189 2310 4244 suscitemur
2343 4190 2397 4243 in
2429 4190 2616 4256 corde,
2643 4204 2766 4244 cum
2791 4188 3044 4245 videlicet
3092 4195 3308 4245 mortuo
3342 4188 3563 4256 dicitur,

1994 4277 2120 4334 Veni
2148 4280 2311 4349 foras.
2344 4279 2415 4336 Ut
2452 4280 2710 4335 nimirum
2756 4282 2919 4336 homo
2944 4281 2999 4335 in
3030 4287 3255 4351 peccato
3277 4293 3378 4334 suo
3412 4292 3565 4334 mor-

1982 4377 2126 4435 tuus,
2155 4376 2213 4423 et
2245 4384 2345 4441 per
2376 4370 2572 4425 molem
2624 4369 2780 4424 malai
2803 4370 3209 4427 consuetudinis
3239 4371 3353 4442 jam
3391 4368 3569 4441 sepul-

1984 4469 2093 4529 tus,
2118 4463 2246 4533 quia
2294 4463 2437 4517 intra
2480 4463 2866 4519 conscientiam
2896 4479 3050 4519 suam
3091 4464 3388 4519 absconsus
3420 4462 3574 4532 jacet

1985 4567 2082 4621 per
2124 4554 2445 4622 nequitiam,
2474 4568 2508 4607 a
2553 4554 2734 4622 seipso
2769 4551 2917 4608 foras
2945 4561 3105 4608 exeat
3146 4567 3245 4622 per
3270 4553 3571 4609 confessio-

292 4620 393 4709 Dei
693 4620 980 4721 anteponi;
1011 4659 1067 4705 et
1089 4620 1203 4719 ipsa
1232 4657 1415 4702 autern
1447 4620 1627 4719 culpae
1654 4620 1881 4703 causam
1909 4620 1958 4679 D
1986 4660 2132 4700 nem.
2182 4620 2394 4701 blortuo
2426 4645 2572 4701 enim
2614 4620 2742 4699 Ueni
2771 4646 2917 4716 foras
2942 4620 3163 4712 dicitur,
3190 4653 3251 4699 ut
3302 4645 3373 4699 ab
3407 4660 3572 4701 excu-

290 4744 349 4801 in
376 4743 690 4801 Creatorem
720 4743 904 4807 refert,
937 4742 1031 4813 qui
1069 4749 1378 4811 serpentem
1404 4741 1458 4794 in
1484 4740 1761 4810 paradiso,
1786 4754 1885 4809 per

291 4849 458 4906 quem
475 4835 839 4905 deciperetur,
871 4832 1162 4889 creaverit.
1192 4830 1348 4887 Verte
1378 4830 1699 4886 humilitatis
1728 4831 1882 4885 testi-

293 4930 480 4985 monia
507 4937 648 4993 sunt,
678 4928 1023 4999 iniquitatem
1050 4942 1204 4983 suam
1233 4938 1505 4997 quemque
1530 4936 1880 4995 cognoscere,

292 5020 647 5091 «cognitam
690 5034 823 5075 voce
856 5017 1212 5075 confessionis
1258 5016 1491 5087 aperire.
1550 5015 1623 5070 At
1665 5022 1876 5082 contra,

293 5113 558 5168 usitatam
585 5113 804 5167 humani
824 5113 1048 5185 generis
1069 5111 1262 5165 vitium
1284 5118 1388 5175 est,
1410 5116 1467 5164 et
1500 5108 1730 5165 labendo
1756 5122 1881 5178 pec-

294 5211 480 5261 eatum
516 5205 974 5272 committerent
1012 5204 1363 5261 commissum
1406 5202 1653 5273 negando
1688 5201 1879 5258 defen—

252 5300 257 5305 ’
295 5301 449 5365 dere,
472 5307 529 5355 et
562 5301 870 5357 convictum
896 5299 1235 5355 defendendo
1271 5296 1649 5367 multiplicare.
1682 5297 1761 5351 Ex
1786 5296 1887 5351 illo

295 5393 499 5464 quippe
524 5392 680 5463 lapsu
702 5391 869 5463 primi
884 5390 1147 5456 hominis,
1176 5389 1294 5445 hac
1317 5395 1604 5459 augmenta
1630 5385 1885 5457 nequitiae

297 5484 568 5551 ducimus,
596 5498 663 5539 ex
684 5497 794 5554 quo
823 5482 995 5552 ipsam
1025 5483 1261 5537 radicem
1286 5480 1549 5536 traxlnms
1569 5480 1763 5550 culpa.
1791 5478 1885 5534 Sic

297 5590 539 5647 namque
588 5577 681 5632 ille
725 5577 851 5632 dum
890 5576 1093 5647 lignum
1122 5576 1345 5631 vetitum
1383 5575 1718 5645 contigisset,
1763 5573 1885 5627 abs-

299 5671 479 5727 condit
506 5688 560 5725 sc
600 5688 635 5725 a
671 5671 804 5741 facie
834 5670 1041 5725 Domini
1078 5671 1213 5723 inter
1240 5669 1383 5740 ligna
1410 5668 1665 5739 paradisi.
1694 5667 1752 5721 In
1772 5680 1885 5735 qua

296 5761 661 5839 ‘MSiODB
690 5762 917 5826 scilicet,
948 5762 1073 5830 quia
1108 5761 1276 5814 Deum
1308 5761 1481 5814 latere
1512 5774 1616 5813 non
1644 5765 1882 5828 poterat,

298 5866 418 5921 non
463 5853 665 5911 latendi
692 5852 916 5911 edoctus
936 5852 1290 5919 describitur,
1318 5851 1414 5907 sed
1465 5848 1692 5907 affectus
1733 5858 1887 5906 nota—

1987 4735 2196 4791 satione
2220 4743 2384 4805 atque
2402 4734 2774 4790 occultatione
2807 4736 3018 4805 peccati
3044 4735 3117 4790 ad
3156 4734 3567 4790 accusationem

1986 4843 2137 4883 suam
2167 4843 2261 4883 ore
2281 4829 2499 4898 proprio
2521 4828 2673 4882 exire
2694 4835 3036 4899 provocetur.
3066 4826 3223 4884 Unde
3246 4827 3418 4882 David
3442 4841 3572 4899 pro-

1984 4922 2147 4991 pheta
2174 4920 2242 4976 ab
2268 4921 2359 4977 illa
2386 4922 2524 4976 tanti
2547 4928 2722 4977 morte
2747 4920 3007 4978 facinoris
3033 4920 3364 4977 reviviscens
3383 4918 3450 4973 ad
3476 4933 3572 4974 vo-

1987 5030 2106 5073 cem
2133 5017 2347 5073 Domini
2371 5017 2526 5087 quasi
2553 5015 2702 5073 foras
2721 5016 2874 5083 exiit,
2904 5015 3054 5082 dum,
3080 5029 3180 5087 per
3209 5012 3424 5069 Natban
3449 5026 3575 5069 cor-
3654 5088 3669 5098 ο

1985 5117 2192 5181 reptas,
2228 5110 2374 5181 quod
2399 5108 2606 5165 fecerat
2633 5107 2928 5165 accusavit.

2548 5218 2778 5280 CAPUT
2826 5218 3012 5276 XVIII.

2264 5294 2370 5351 Ubi
2398 5294 2654 5351 sententia
2673 5294 2844 5365 fertur
2868 5293 2926 5346 in
2960 5297 3265 5363 serpentem.

2058 5387 2128 5443 Et
2168 5388 2242 5443 ait
2282 5387 2537 5443 Dominus
2578 5386 2649 5441 ad
2694 5390 2979 5456 serpentem
3003 5395 3023 5434 :
3054 5379 3196 5448 Quia
3239 5382 3409 5453 fecisti
3450 5381 3572 5450 hoc,

1985 5479 2295 5535 maledicus
2331 5496 2384 5534 es
2413 5480 2552 5533 inter
2579 5478 2755 5532 omnia
2777 5475 3072 5530 animantia
3098 5484 3147 5529 et
3174 5473 3364 5529 bestias
3391 5482 3569 5529 terrae.

1988 5572 2144 5639 Quod
2180 5585 2404 5641 serpens
2435 5586 2534 5625 cur
2558 5570 2664 5624 hoc
2688 5566 2880 5621 fecerit
2919 5581 3028 5622 non
3058 5574 3144 5621 est
3181 5565 3571 5634 interrogatus,

1988 5671 2169 5734 potest
2188 5664 2359 5718 rideri
2396 5662 2539 5733 quod
2582 5675 2692 5714 non
2721 5659 2835 5730 ipse
2860 5659 3047 5727 utique
3072 5658 3127 5713 id
3152 5672 3251 5713 sua
3294 5665 3487 5712 natura
3517 5662 3575 5713 et

1992 5757 2268 5811 voluntate
2314 5755 2539 5819 inccrat,
2570 5752 2670 5807 sed
2694 5747 2943 5808 diabolus
2978 5752 3047 5806 de
3082 5751 3175 5806 illo
3198 5759 3258 5805 et
3278 5763 3384 5821 per
3416 5747 3571 5804 illum

1994 5846 2171 5903 fuerat
2200 5854 2477 5919 operatus,
2505 5844 2599 5915 qui
2633 5843 2744 5918 jam
2792 5857 2859 5899 ex
2903 5848 3130 5915 peccato
3170 5837 3468 5917 impietatis
3508 5850 3575 5899 ac
