3974 6458
385 1018 396 1051 i

419 377 612 455 ηδ’

1073 387 1137 443 Β.
1174 379 1434 442 ΒΑΒΑΝΙ
1470 379 1692 438 MAURI
1729 373 2050 433 ARCHIEP.

2158 370 2398 432 )GUNT.
2437 369 2726 429 OPERUM
2764 367 2942 427 PARS
2980 366 3024 424 l.

3599 330 3706 414 sas

423 509 691 584 aperbite
721 521 834 564 sua
858 503 966 577 igni
1001 500 1302 557 destinatus
1327 494 1520 550 fuerat.
1544 492 1699 549 Nunc
1721 507 1851 563 ergo
1869 493 2014 563 quod
2041 498 2094 560 Α
2119 495 2396 560 calcaneo,
2441 507 2565 548 cum
2613 489 2668 544 in
2711 487 2816 542 fine
2864 484 2990 539 vitae
3025 465 3332 552 prtesentis,
3371 488 3476 531 nos
3514 485 3712 542 rapere

426 599 668 670 serpenti
705 597 923 657 dicitur,
955 597 1010 647 et
1038 590 1106 645 ad
1144 602 1268 643 eum
1299 585 1391 656 qui
1431 599 1528 656 per
1552 591 1860 654 serpentem
1886 596 2014 652 ope-

404 698 579 768 fratus
618 701 703 747 est
748 689 937 757 utique
983 683 1241 748 refertur,
1288 678 1477 752 procul
1523 677 1687 734 dubio
1728 677 2017 748 figuratum

426 793 529 840 est.
564 783 698 838 Nam
729 782 785 835 in
812 779 898 834 his
927 777 1107 832 verbis
1135 782 1370 830 tentator
1391 772 1481 830 ille
1507 769 1856 835 describitur,
1878 783 2015 840 qua-

427 874 497 931 lis
526 874 711 948 generi
739 873 978 927 humano
1007 868 1225 923 futurus
1252 874 1425 921 esset.

431 993 448 1014 ι
505 966 679 1036 Super
721 969 900 1033 pectus
931 970 1078 1014 tuum
1108 957 1389 1030 gradieris,
1441 964 1490 1010 et
1538 963 1733 1009 terram
1788 950 2021 1007 comedes

433 1057 632 1112 cunctis
673 1053 855 1107 diebus
903 1052 1021 1106 vitae
1049 1059 1178 1116 ture,
1233 1056 1338 1104 etc.
1385 1045 1560 1116 Super
1598 1053 1785 1116 pectus
1826 1043 2026 1113 quippe

371 1148 377 1155 ’
433 1161 594 1204 suum
624 1146 870 1220 graditur
907 1156 1156 1213 serpens,
1185 1140 1316 1211 quia
1350 1154 1540 1195 omnes
1570 1150 1791 1208 gressus
1826 1133 2026 1190 diaboli

435 1239 690 1309 nequitia:
714 1244 840 1291 sunt
865 1242 922 1290 et
949 1233 1187 1289 fraudes.
1237 1230 1372 1284 Nam
1419 1230 1472 1283 in
1502 1237 1720 1301 pectore
1756 1224 2026 1280 callidita-

437 1341 548 1386 tem
577 1337 632 1385 et
667 1326 938 1383 versutias
983 1323 1375 1394 cogitationum
1401 1320 1519 1390 ejus
1561 1317 1789 1382 indicat,
1832 1315 2028 1386 quibus

440 1425 509 1480 ad
536 1438 631 1478 eos
659 1437 795 1490 quos
832 1418 946 1473 vult
997 1417 1269 1487 decipere,
1317 1414 1504 1483 serpit.
1538 1413 1645 1467 Pro
1670 1425 1778 1481 quo
1807 1409 2030 1478 antiqua

440 1513 730 1570 translatio
775 1511 939 1566 habet
968 1528 980 1563 :
1007 1507 1225 1563 Pectore
1247 1518 1292 1562 et
1320 1517 1491 1562 ventre
1520 1521 1685 1575 repes.
1730 1503 1889 1572 Repit
1931 1518 2030 1556 au-

443 1617 552 1660 tem
573 1612 815 1672 pectore,
840 1614 962 1654 cum
989 1598 1221 1653 terrenis
1242 1597 1552 1651 hominibus
1577 1609 1712 1664 quos
1734 1608 1832 1648 sua
1856 1606 2029 1647 mem-

442 1694 540 1750 bra
573 1692 753 1748 facere
782 1690 1078 1752 desiderat,
1129 1689 1344 1759 iniquas
1371 1687 1728 1758 cogitationes
1772 1683 2030 1756 suggerit.

440 1783 604 1854 ﬁepit
663 1791 718 1838 et
771 1791 985 1848 ventre,
1046 1795 1172 1836 cum
1225 1794 1319 1834 eos
1368 1779 1602 1850 ingluvie
1648 1784 1936 1848 superatos
1978 1775 2034 1829 in

2119 587 2336 657 satagit.
2362 584 2628 639 Calcaneo
2643 591 2895 648 namque,
2923 575 3015 646 qui
3045 571 3170 628 finis
3196 579 3282 626 est
3302 565 3578 636 corporis,
3605 576 3712 617 non

2118 656 2395 733 immerito
2418 674 2541 729 finis
2566 673 2692 726 vita:
2717 677 2914 724 nostra:
2938 664 3256 735 designatur
3282 679 3296 714 :
3320 656 3471 728 quod
3497 663 3712 710 utrum-

2120 786 2225 842 que
2264 770 2377 840 ipsa
2405 781 2620 838 quoque
2664 761 2929 834 serpentis
2956 755 3194 814 conditio
3233 753 3466 824 ﬁgurate
3511 749 3718 804 denun-

2123 865 2244 931 tiat,
2273 863 2364 934 qui
2392 871 2447 919 et
2475 858 2680 916 conteri
2706 855 2843 914 solet
2865 855 2933 911 ab
2973 851 3224 908 omnibus
3252 847 3346 917 qui
3376 850 3636 917 possunt,
3667 849 3721 895 et

2123 957 2240 1028 ipse
2269 932 2526 1010 feriendis
2566 951 2845 1007 hominum
2871 943 3116 1016 vestigiis
3145 937 3395 997 insidiari
3436 950 3553 1010 non
3582 932 3724 988 desi-

2125 1050 2224 1105 nit.
2267 1047 2449 1120 (Isid.)
2500 1045 2730 1112 Quidam
2776 1049 2956 1096 autem
3004 1036 3107 1092 hoc
3150 1033 3296 1104 quod
3336 1031 3562 1120 dictum,
3600 1035 3718 1120 est:

2125 1118 2444 1199 Inimicitias
2474 1155 2664 1211 ponam
2711 1137 2846 1191 inter
2885 1144 2934 1189 te
2963 1141 3014 1188 et
3056 1128 3350 1190 mulierem,
3395 1123 3464 1179 de
3499 1118 3720 1190 Virgine

2128 1237 2197 1292 de
2223 1250 2329 1305 qua
2375 1210 2634 1288 Dominus
2673 1237 2834 1284 natus
2877 1233 2963 1282 est
3008 1221 3430 1279 intellexerunt:
3467 1229 3538 1270 eo
3582 1210 3722 1282 quod

2129 1324 2221 1380 illo
2245 1303 2490 1392 tempore
2521 1337 2588 1375 ex
2623 1335 2687 1374 ea
2716 1317 2977 1372 Dominus
3004 1313 3312 1368 nasciturus
3340 1307 3412 1362 ad
3441 1303 3726 1360 inimicum

2131 1415 2542 1476 devincendum,
2573 1419 2629 1467 et
2676 1410 2743 1465 ad
2788 1415 3042 1470 mortem,
3070 1402 3222 1472 cujus
3249 1401 3342 1457 ille
3389 1405 3586 1452 auctor
3612 1400 3728 1448 erat

2132 1508 2539 1570 destruendam,
2561 1502 2997 1574 promittebatur,
3019 1498 3160 1554 sicut
3184 1496 3239 1550 in
3266 1490 3439 1546 David
3461 1486 3728 1556 scriptum

2133 1609 2218 1658 est
2246 1615 2261 1654 :
2286 1599 2363 1653 De
2409 1597 2585 1667 [ructu
2615 1594 2806 1650 ventris
2841 1593 2918 1646 tui
2949 1604 3139 1662 ponant
3181 1601 3338 1656 super
3368 1581 3550 1637 sedem
3586 1588 3729 1630 tuam

2136 1691 2309 1766 (Psal.
2349 1665 2479 1762 cxx).
2507 1687 2644 1742 Nam
2676 1695 2731 1741 et
2759 1685 2890 1740 illud
2916 1681 3060 1753 quod
3090 1675 3435 1747 subiunctum
3461 1665 3730 1766 estzIpse

2137 1761 2360 1841 conteret
2389 1791 2544 1854 caput
2569 1791 2739 1845 tuum,
2763 1787 2811 1832 et
2845 1787 2902 1832 tu
2936 1771 3271 1830 insidiaberis
3304 1767 3558 1822 calcaneo
3595 1761 3730 1830 ejus,

436 1883 637 1932 335mm
661 1873 903 1928 libidinis
931 1873 1156 1928 θκθίιθίο
1181 1871 1374 1928 omnia
1420 1886 1653 1942 ηειηιίιιιθ
1679 1885 1798 1941 qua?
1840 1876 2038 1940 relmm
2065 1865 2114 1927 Β
2141 1883 2246 1938 hoc
2266 1881 2333 1935 de
2353 1852 2753 1934 fructuiventris
2774 1870 2978 1936 Mariae,
3009 1867 3101 1939 qui
3124 1873 3209 1920 est
3228 1860 3500 1920 Christus,
3537 1852 3732 1909 intelli-

439 1979 641 2035 corpus
685 1979 783 2034 per
819 1973 1024 2019 terram
1069 1964 1312 2018 trahunt.
1359 1962 1572 2033 Corpus
1615 1971 1797 2017 autem
1839 1959 2039 2015 diaboli

441 2065 573 2114 sunt
612 2071 804 2112 omnes
839 2056 1094 2127 reprobi;
1127 2064 1184 2111 et
1209 2056 1323 2126 ipse
1368 2063 1590 2125 pectore
1614 2062 1669 2108 et
1703 2060 1896 2108 ventre
1941 2066 2040 2108 suo

445 2149 609 2219 repit,
649 2164 772 2205 cum
809 2164 908 2220 per
945 2149 1162 2220 iniquas
1205 2149 1582 2220 cogitationes,
1627 2148 1712 2203 vel
1761 2146 2043 2202 illecebras

442 2240 861 2297 comessationis
899 2255 965 2296 ac
1014 2240 1265 2306 luxuriae,
1293 2242 1358 2296 ad
1399 2239 1585 2296 infima
1629 2237 2043 2311 deprimit.-De—

434 2340 803 2387 tvoratautem
835 2341 1059 2398 terram,
1096 2348 1219 2388 cum
1247 2347 1433 2387 errore
1479 2331 1824 2402 peccantium
1859 2329 2040 2400 pasci-

448 2430 538 2476 tur
573 2438 637 2476 ac
673 2421 994 2489 delectatur,
1043 2438 1246 2493 eosque
1291 2423 1610 2479 seducentes
1647 2421 1713 2476 ad
1762 2419 2044 2475 interitum

451 2516 614 2585 rapit.
646 2515 802 2573 Sicut
823 2520 969 2571 enim
1002 2517 1176 2572 sancti
1215 2531 1360 2585 saepe
1381 2514 1667 2579 caelorum,
1702 2514 1777 2568 ita
1825 2510 2046 2566 nomine

446 2617 616 2664 terra:
640 2610 695 2664 hi
725 2611 817 2680 qui
843 2620 1060 2665 terrena
1092 2610 1308 2680 sapiunt
1331 2609 1658 2664 indicantur.
1685 2605 1965 2673 Quomodo
1988 2603 2044 2657 in

451 2701 807 2770 sequentibus
829 2701 959 2755 Ada:
989 2702 1186 2756 dicitur
1211 2720 1223 2754 :
1253 2700 1416 2755 Terra
1442 2717 1519 2766 es,
1548 2709 1597 2754 et
1619 2700 1674 2754 in
1701 2709 1898 2753 terram
1925 2695 2044 2761 ibis,

451 2791 598 2861 quod
631 2801 815 2847 nostra
857 2793 1140 2848 translatio
1184 2792 1346 2848 habet
1376 2809 1388 2847 :
1417 2791 1557 2858 Quia
1593 2789 1762 2862 pulvis
1805 2807 1880 2855 es,
1919 2797 1966 2844 et
1993 2789 2049 2842 in

452 2881 715 2951 pulverem
758 2884 1045 2938 reverteris.
1102 2883 1160 2938 In
1203 2883 1354 2952 cujus
1387 2883 1601 2954 signum
1645 2881 2044 2947 devorationis,

455 2973 756 3056 spiritualis
797 2975 912 3043 ipse
939 2975 1103 3030 etiam
1134 2990 1358 3046 serpens
1402 2974 1754 3040 irrationalis,
1783 2974 1928 3043 quod
1958 2974 2051 3028 de-

455 3061 767 3130 cipiendum
796 3064 1072 3117 hominem
1104 3064 1248 3118 velut
1287 3079 1493 3134 organo
1529 3080 1628 3119 suo
1669 3079 1802 3118 usus
1827 3071 1912 3118 est
1937 3062 2051 3117 dia-

462 3153 638 3218 bolus,
681 3170 824 3209 nunc
856 3164 1060 3210 terram
1106 3156 1448 3211 materialem
1499 3155 1785 3211 comedere
1806 3153 2048 3224 jubetur,

457 3243 546 3298 cui
574 3243 728 3312 prius
753 3259 859 3298 una
890 3260 1012 3300 cum
1034 3247 1248 3301 czeteris
1272 3246 1638 3302 animantibus
1680 3255 1839 3302 terra:
1868 3245 2055 3302 herbis
2082 3228 2127 3292 Ο

461 3346 517 3391 et
543 3336 820 3404 lignorum,
839 3336 1107 3393 fructibus
1135 3339 1281 3394 vesci
1308 3355 1629 3396 concessum
1654 3347 1792 3395 erat.

535 3425 850 3481 Inimicitias
893 3445 1084 3498 ponam
1118 3430 1254 3484 inter
1296 3439 1345 3485 te
1382 3440 1428 3484 et
1455 3429 1746 3494 mulierem,
1792 3439 1840 3484 et
1882 3447 2059 3484 semen

462 3525 614 3569 tuum
641 3526 691 3570 et
721 3535 896 3572 semen
943 3518 1108 3574 ξιίξωυ.
1140 3519 1338 3576 Semen
1369 3522 1616 3577 mulieris
1641 3531 1816 3577 totum
1858 3531 1942 3577 est
1969 3539 2060 3593 ge-

470 3621 575 3661 nus
618 3609 918 3662 humanum
938 3650 953 3674 ,
983 3625 1171 3666 semen
1215 3613 1434 3678 diaboli,
1460 3615 1907 3684 praevaricatores
1933 3623 2060 3669 sunt

465 3699 672 3771 angeli,
699 3700 793 3768 qui
828 3703 1078 3773 exemplo
1107 3711 1234 3766 sunt
1255 3705 1518 3774 superbiae
1540 3705 1684 3760 illius
1715 3721 1781 3761 ac
1812 3704 2061 3761 rebellio-

470 3795 557 3850 nis
601 3796 899 3864 depravati.
943 3795 1141 3852 Semen
1174 3796 1319 3853 illius
1343 3807 1427 3853 est
1453 3812 1707 3868 perversa
1743 3799 2056 3870 suggestio;

468 3899 660 3942 Semen
700 3885 964 3950 mulieris,
999 3885 1208 3942 fructus
1246 3888 1374 3942 boni
1415 3887 1615 3958 operis,
1645 3902 1755 3957 quo
1789 3903 2062 3957 perversae

471 3977 808 4046 suggestioni
838 3978 1132 4032 resistitur.
1166 3977 1337 4046 Hujus
1365 3989 1546 4034 autem
1587 3981 1857 4050 serpentis
1887 3995 1951 4034 ac
1977 3994 2064 4034 se-

471 4067 637 4122 minis
690 4065 807 4134 ejus
847 4067 1187 4122 inimicitiam
1235 4071 1552 4134 memorati,
1584 4079 1847 4141 quantum
1892 4086 2062 4142 genus

473 4161 773 4214 humanum
820 4159 1055 4225 tolleret,
1083 4170 1346 4229 quantum
1375 4161 1635 4217 adversus
1671 4177 1791 4217 eam
1835 4163 2066 4217 inimici-

475 4249 608 4304 tiam
635 4263 827 4303 omnes
855 4250 1016 4305 electi
1063 4261 1212 4305 recte
1242 4252 1472 4307 vivendo
1515 4261 1829 4318 exerceant,
1857 4253 2068 4308 cunctis

477 4340 592 4395 sole
621 4339 822 4395 clarius
861 4340 1112 4396 fidelibus
1131 4350 1364 4396 constat.
1395 4341 1560 4410 Cujus
1587 4343 1802 4413 signum
1835 4343 2068 4398 inimici-

480 4435 569 4489 tia:
606 4433 658 4488 in
691 4441 888 4489 natura
929 4433 1093 4489 etiam
1139 4443 1367 4504 apparet
1403 4435 1735 4491 irrationalis
1775 4436 2067 4506 serpentis,

477 4527 605 4598 quia
636 4527 846 4582 cunctis
871 4527 1236 4583 animantibus
1258 4536 1313 4582 et
1340 4529 1531 4584 bestiis
1558 4537 1738 4594 terrae,
1776 4545 1875 4600 pro
1907 4529 2069 4584 insita

479 4617 582 4672 sibi
613 4627 763 4687 peste
789 4617 981 4673 veneni
1023 4617 1314 4688 generalis,
1340 4633 1554 4688 semper
1579 4619 1764 4673 existit
1795 4619 2069 4686 inimicus,

481 4713 628 4784 quod
655 4713 910 4770 videlicet
933 4713 984 4768 ei
1015 4729 1047 4768 a
1085 4722 1330 4784 tempore
1369 4712 1770 4770 maledictionis
1794 4712 1972 4783 hujus,
2017 4722 2074 4770 et

481 4821 590 4860 non
615 4814 761 4868 ante,
792 4805 1016 4859 insitum
1035 4819 1158 4861 esse
1179 4805 1517 4861 credendum
1545 4815 1648 4861 est.

555 4894 685 4958 Ipsa
714 4904 945 4948 conteret
970 4905 1124 4964 caput
1161 4904 1331 4961 tuum,
1369 4906 1418 4950 et
1451 4894 1515 4951 'tu
1543 4897 1874 4952 insidiaberis
1907 4894 2078 4949 calca-

486 5005 582 5043 neo
604 4988 742 5058 ejus.
772 4986 965 5042 Mulier
979 4995 1223 5042 conteret
1243 4996 1408 5058 caput
1427 4989 1714 5059 serpentis,
1743 5002 1865 5044 cum
1881 4986 2071 5041 Eccle-

485 5082 567 5136 sia
605 5088 795 5136 sancta
823 5078 1047 5134 insidias
1091 5078 1313 5144 diaboli,
1341 5090 1396 5135 et
1443 5079 1728 5135 suasiones
1753 5091 2074 5141 venenosas,

489 5171 543 5226 in
566 5172 681 5241 ipso
711 5187 836 5226 mox
865 5170 1018 5224 initio
1056 5169 1424 5238 deprehensas
1457 5171 1647 5240 abigit,
1679 5177 1735 5224 et
1761 5169 1916 5238 quasi
1949 5182 2078 5222 con-

490 5259 712 5315 culcans
734 5260 804 5314 ad
832 5243 1062 5314 nihilum
1096 5260 1332 5316 deducit.
1374 5258 1629 5314 Conteret
1661 5265 1824 5328 caput
1851 5272 2076 5326 serpen-

493 5350 583 5414 tis,
616 5365 740 5404 cum
767 5351 1032 5420 superbiai
1068 5365 1166 5422 per
1195 5366 1358 5421 quam
1387 5349 1534 5404 Heva
1577 5348 1804 5418 decepta
1829 5356 1934 5413 est,
1958 5363 2081 5404 sese

493 5443 597 5496 sub
625 5445 832 5511 potenti
875 5460 1042 5500 manu
1072 5445 1168 5500 Dei
1216 5444 1552 5501 humiliando
1582 5444 1810 5500 resistit.
1857 5443 2081 5500 Initium

493 5537 641 5590 enim
681 5537 850 5591 omnis
890 5540 1090 5609 peccati
1121 5539 1385 5610 superbia.
1428 5537 1496 5592 Et
1527 5552 1750 5606 serpens
1795 5535 2083 5594 insidiatur

497 5631 754 5687 calcaneo
802 5631 1068 5698 mulieris,
1118 5632 1244 5702 quia
1300 5631 1598 5686 Ecclesiam
1643 5631 1892 5688 diabolus
1938 5632 2086 5688 velut

497 5724 578 5780 leo
616 5723 825 5795 rugiens
851 5725 1063 5790 circuit,
1105 5739 1345 5794 quarens
1369 5739 1524 5794 quem
1561 5723 1787 5789 devoret,
1813 5726 2084 5794 quomodo

497 5831 719 5897 gressus
765 5817 920 5882 bona:
967 5827 1170 5874 nostrae
1220 5815 1452 5875 actionis
1508 5825 1738 5876 avertat.
1792 5818 2082 5878 lnsidiatur

2142 1981 2290 2047 gunt,
2327 1971 2382 2026 id
2416 1978 2522 2035 est,
2549 1977 2609 2022 tu
2635 1981 2762 2022 eum
2805 1959 3178 2034 supplantabis
3206 1961 3267 2010 ut
3309 1950 3617 2010 moriatur;
3647 1945 3735 1998 ille

2143 2044 2324 2120 autem
2357 2068 2408 2117 te
2434 2060 2578 2115 victo
2625 2063 2892 2126 resurget,
2938 2060 2996 2108 et
3040 2056 3204 2120 caput
3253 2052 3411 2100 tuum
3466 2044 3734 2101 conteret,

2143 2157 2287 2228 quod
2319 2162 2404 2211 est
2441 2167 2616 2216 mors;
2663 2149 2803 2205 sicut
2833 2155 2888 2204 et
2921 2143 3094 2201 David
3137 2141 3350 2197 dixerat
3391 2151 3462 2192 ex
3503 2145 3737 2204 persona

2143 2226 2325 2305 Datris
2355 2245 2422 2300 ad
2462 2243 2660 2299 Filium
2691 2259 2704 2295 :
2735 2239 2905 2310 Super
2933 2235 3182 2309 aspidem
3209 2242 3258 2286 et
3287 2226 3598 2284 basiliscum
3625 2237 3738 2275 am-

2146 2339 2369 2403 bulabis,
2400 2332 2789 2392 etconculcabis
2813 2329 3012 2386 leonem
3037 2337 3086 2382 et
3107 2326 3388 2379 draconem
3416 2315 3596 2389 (Psal.
3627 2311 3734 2384 xc).

2145 2430 2404 2502 Aspidem
2445 2427 2582 2482 dixit
2621 2431 2875 2488 mortem,
2921 2418 3234 2476 basiliscum
3270 2417 3584 2484 peccatum,
3625 2405 3737 2460 leo-

2121 2538 2123 2541 '
2148 2540 2272 2582 nem
2300 2520 2716 2585 Antichristum,
2748 2517 3043 2572 draconem
3069 2507 3365 2567 diabolum.

2718 2617 2959 2684 CAPUT
3002 2621 3143 2678 XIX.

2285 2705 2384 2760 Ubi
2415 2701 2621 2758 mulieri
2643 2715 2839 2754 necnon
2877 2695 3007 2750 Adae
3038 2691 3303 2762 corruptio
3335 2685 3612 2742 indicitur.

2224 2797 2439 2854 Mulieri
2473 2808 2675 2866 quoque
2703 2789 2877 2844 dixit:
2906 2783 3272 2857 Multiplicabo
3297 2792 3567 2835 (erumnas
3601 2786 3742 2839 tuas,

2152 2901 2200 2948 et
2229 2895 2502 2958 conceptus
2532 2895 2647 2938 tuos
2669 2898 2688 2937 :
2711 2882 2766 2936 in
2792 2879 2972 2935 dolore
2996 2878 3166 2950 paries
3194 2872 3353 2944 ﬁlios.
3379 2869 3506 2924 Haec
3527 2881 3745 2958 quoque

2155 2985 2210 3040 in
2240 2981 2524 3038 mulierem
2555 2975 2651 3032 Dei
2672 2972 2838 3029 verba
2868 2971 3098 3044 ﬁgurate
3133 2983 3195 3022 ac
3233 2962 3557 3036 pmphetice
3579 2957 3747 3014 multo

2154 3071 2491 3132 commodius
2517 3067 2916 3137 intelliguntur;
2950 3069 3325 3118 verumtamen
3349 3054 3478 3126 quia
3508 3051 3746 3107 nondum

2155 3173 2445 3239 pepererat
2490 3161 2711 3225 femina,
2764 3172 2866 3212 nec
2912 3155 3066 3210 dolor
3095 3160 3152 3207 et
3197 3148 3433 3222 gemitus
3483 3141 3749 3214 parientis

2159 3233 2266 3313 nisi
2287 3271 2356 3311 ex
2385 3264 2614 3322 corpore
2643 3247 2834 3304 mortis
2861 3239 3190 3317 [morientis]
3220 3247 3327 3305 est,
3351 3250 3474 3306 quae
3497 3233 3587 3288 illa
3618 3245 3751 3304 prae-

2159 3344 2302 3415 cepti
2362 3339 2793 3412 transgressione
2849 3341 3108 3402 concepta
3173 3337 3286 3395 est,
3347 3325 3588 3381 refertur
3642 3324 3751 3378 hac

2160 3412 2323 3507 poena
2349 3441 2406 3488 et
2426 3432 2492 3487 ad
2517 3428 2906 3501 proprietatem
2934 3423 3148 3478 litteras.
3179 3419 3315 3475 Nam
3344 3426 3401 3472 et
3423 3416 3484 3470 in
3512 3429 3583 3470 eo
3613 3412 3752 3482 quod

2163 3504 2426 3598 sequitur,
2462 3524 2529 3580 Et
2550 3523 2644 3580 sub
2672 3523 2768 3576 viri
2793 3526 3044 3592 potestate
3073 3515 3196 3580 eris,
3225 3522 3274 3567 et
3303 3512 3414 3582 ipse
3450 3504 3752 3562 dominabi-

2163 3631 2251 3676 tur
2283 3621 2382 3685 tui,
2408 3633 2534 3674 cum
2568 3623 2624 3670 et
2659 3622 2784 3668 ante
2833 3618 3114 3683 peccatum
3145 3606 3304 3661 aliter
3343 3601 3550 3657 factam
3593 3598 3755 3654 fuisse

2164 3727 2274 3769 non
2304 3711 2494 3767 deceat
2527 3706 2750 3762 credere
2775 3702 3078 3765 mulierem,
3105 3697 3213 3752 nisi.
3236 3703 3297 3750 ut
3319 3694 3403 3748 vir
3432 3692 3487 3746 ei
3507 3689 3751 3746 domina—

2167 3811 2338 3866 retur,
2371 3809 2427 3857 et
2455 3800 2555 3855 sub
2581 3795 2697 3866 ejus
2743 3795 2858 3866 ipsa
2890 3797 3159 3862 potestate
3201 3787 3443 3858 degeret,
3477 3791 3633 3838 recte
3669 3794 3756 3834 ac-

2167 3895 2274 3966 cipi
2295 3901 2476 3966 potest
2506 3892 2647 3946 hanc
2668 3887 2986 3945 servitutem
3016 3880 3404 3956 significatam,
3433 3891 3559 3946 quae
3580 3873 3757 3943 cujus-

2169 3989 2294 4044 dam
2351 3983 2676 4042 conditionis
2731 3989 2814 4037 est
2865 3979 3045 4048 potius
3089 3991 3254 4048 quam
3309 3971 3655 4034 dilectionis,
3702 3979 3760 4024 ut

2171 4080 2335 4135 etiam
2377 4079 2492 4148 ipsa
2549 4074 2674 4130 talis
2725 4072 2961 4129 servitus
2995 4083 3103 4140 qua
3153 4067 3401 4124 homines
3451 4059 3757 4120 hominibus

2172 4181 2357 4244 postea
2385 4170 2528 4225 servi
2557 4183 2681 4224 esse
2719 4172 3020 4236 coeperunt,
3070 4163 3138 4218 de
3161 4175 3322 4232 paena
3363 4159 3574 4230 peccati
3609 4168 3759 4227 repe-

2173 4263 2346 4318 riatur
2373 4267 2581 4316 exorta.
2613 4257 2758 4312 Dixit
2782 4255 2998 4325 quidem
3036 4249 3324 4323 Apostolus
3350 4265 3361 4300 :
3397 4246 3505 4300 Per
3530 4246 3756 4300 charita-

2175 4363 2277 4409 tem
2303 4352 2488 4406 servile
2512 4350 2732 4404 invicem
2763 4345 2964 4419 (Galat.
2992 4344 3070 4416 v),
3100 4344 3191 4399 sed
3217 4354 3567 4410 nequaquam
3604 4337 3755 4400 dixit,

2176 4444 2409 4499 Invicem
2457 4439 2824 4495 dominamini.
2870 4439 3104 4494 Possunt
3145 4435 3330 4504 itaque
3377 4430 3638 4502 conjuges
3674 4443 3762 4500 per

2179 4535 2501 4592 charitatem
2529 4533 2735 4588 servire
2765 4532 3018 4595 invicem,
3061 4530 3155 4585 sed
3183 4527 3468 4582 mulierem
3513 4539 3623 4579 non
3650 4537 3761 4592 per-

2180 4627 2346 4682 mittit
2379 4623 2670 4695 Apostolus
2709 4622 2978 4678 dominari
3020 4621 3076 4675 in
3104 4621 3300 4674 virum.
3332 4617 3452 4674 Hoc
3475 4617 3627 4674 enim
3655 4615 3761 4669 viro

2177 4717 2358 4788 potius
2386 4715 2652 4771 sententia
2689 4712 2786 4767 Dei
2822 4711 3034 4776 detulit,
3064 4718 3120 4766 et
3145 4707 3418 4771 maritum,
3442 4706 3650 4762 habere
3670 4703 3758 4758 do-

2178 4811 2386 4865 minum
2411 4807 2612 4863 meruit
2632 4805 2874 4860 mulieris
2904 4820 3012 4860 non
3042 4812 3256 4867 natura,
3286 4801 3382 4856 sed
3401 4799 3563 4870 culpa
3590 4817 3604 4852 :
3627 4795 3761 4869 quod

2180 4910 2359 4955 tamen
2390 4899 2497 4955 nisi
2525 4907 2794 4962 servetur,
2816 4895 3197 4967 depravabitur
3216 4892 3451 4964 amplius
3475 4901 3688 4954 natura,
3713 4897 3764 4944 et

2183 4989 2468 5060 augebitur
2493 4987 2670 5059 culpa.
2700 4987 2955 5058 Figurate
2986 4995 3166 5041 autem
3210 4983 3374 5040 verba
3418 4983 3541 5040 haec
3570 4982 3638 5038 ad
3663 4981 3762 5036 Ec-

2182 5083 2438 5148 clesiam,
2482 5081 2770 5154 conjugem
2815 5079 3067 5136 videlicet
3105 5077 3340 5141 Christi,
3395 5075 3760 5132 conveniunt:

2184 5175 2339 5244 cujus
2368 5191 2623 5232 aerumnae
2665 5183 2790 5246 post
2823 5181 3036 5229 reatum
3077 5169 3542 5244 praevaricationis
3590 5167 3764 5224 multi-

2184 5269 2451 5340 plicantur
2487 5269 2543 5323 in
2572 5269 2674 5324 hac
2703 5268 2832 5332 vita,
2870 5273 2931 5320 ut
2950 5265 3018 5320 ad
3058 5265 3226 5320 vitam
3268 5272 3593 5334 perpetuam
3617 5259 3768 5317 casti-

2185 5369 2310 5432 gata
2347 5360 2650 5430 perveniat.
2695 5358 3122 5428 Multiplicantur
3155 5363 3212 5411 et
3255 5365 3556 5426 conceptus
3581 5396 3598 5410 .
3652 5369 3765 5409 cum

2185 5453 2525 5523 spiritualem
2573 5452 2684 5506 Deo
2737 5449 2979 5506 sobolem
3022 5447 3365 5518 pradicando
3408 5463 3477 5502 ac
3517 5454 3664 5502 recte
3696 5444 3770 5496 vi-

2187 5547 2385 5612 vendo,
2415 5545 2635 5616 gignere
2676 5542 2888 5612 satagit.
2921 5539 3074 5596 Unde
3107 5541 3283 5596 eidem
3327 5553 3437 5596 suae
3473 5536 3643 5593 soboli
3679 5549 3771 5606 per

2187 5636 2463 5708 egregium
2495 5633 2905 5705 praedicatorem
2934 5633 3104 5688 dicit.
3136 5629 3321 5686 Filioli
3364 5629 3493 5694 mei,
3520 5645 3649 5700 quos
3675 5626 3770 5680 ite-

2189 5747 2306 5786 rum
2337 5729 2600 5800 parturio,
2637 5727 2802 5781 donec
2827 5722 3067 5780 Christus
3094 5724 3352 5793 formetur
3377 5724 3433 5776 in
3480 5720 3623 5776 vobis
3649 5715 3774 5790 (Ga-

2191 5823 2283 5878 lat.
2317 5823 2416 5890 iv).
2450 5821 2599 5878 Parit
2636 5821 2690 5880 in
2715 5819 2900 5878 dolore
2927 5819 3092 5889 filios,
3134 5833 3258 5876 cum
3297 5815 3534 5877 sollicita
3567 5813 3775 5876 metuit.
