3974 6464
277 367 400 430 ἰω
1340 375 1698 437 COMMENT.
1737 345 1820 436 IN.
1843 379 2166 441 casusne
2206 414 2279 427 -
2313 384 2440 440 LIB.
2475 385 2518 441 ι.
3452 391 3558 451 tas

287 501 359 544 ne
389 485 533 542 sicut
551 495 776 558 serpens
805 479 1019 543 seduxit
1043 487 1246 546 Hevam
1275 493 1474 548 astutia
1505 509 1622 558 sua,
1651 494 1725 550 ita
1751 509 1867 551 cor-
1891 500 1943 560 Α
1971 498 2247 555 sciendum
2270 508 2374 566 est,
2430 500 2573 570 quod
2614 497 2892 570 Scriptura
2941 516 3094 558 sacra
3142 503 3350 561 duobus
3385 507 3562 564 modis

285 588 611 651 rumpantur
635 595 826 636 sensus
857 595 1064 648 eorum,
1097 592 1153 638 et
1180 584 1434 639 excidant
1461 600 1492 640 a
1522 585 1867 657 simplicitate
1974 591 2317 646 maledictum
2343 598 2632 658 memorat,
2662 591 2806 648 aliud
2831 594 3082 650 videlicet
3103 595 3246 664 quod
3275 597 3557 666 approbat,

285 687 407 743 qtae
434 681 518 729 est
539 673 593 728 in
621 671 858 728 Christo.
884 673 1008 743 Agit
1037 674 1136 729 sub
1161 675 1264 730 viri
1295 684 1585 746 potestate,
1608 678 1733 747 quia
1753 692 1871 732 ser—
1974 681 2117 735 aliud
2140 681 2280 751 quod
2305 683 2542 737 damnat.
2585 682 2754 737 Aliter
2782 683 2924 738 enim
2958 684 3303 740 maledictum
3343 685 3556 756 profer-

283 764 365 819 vit
393 764 623 819 Domino
647 763 700 817 in
739 764 951 829 timore,
988 773 1042 819 et
1079 765 1316 822 exsultat
1351 766 1403 822 ei
1432 768 1621 824 nonin
1664 768 1869 824 securi-
1975 781 2064 826 tur
2108 770 2312 840 judicio
2360 772 2605 842 justitiae,
2653 773 2809 828 aliter
2855 773 3024 828 livore
3073 775 3342 830 vindictae.
3388 775 3556 829 Male-

283 864 421 923 tate,
464 856 559 912 sed
587 871 709 911 cum
752 864 1018 924 tremore;
1051 857 1139 915 cui
1167 859 1212 914 si
1255 875 1528 930 nunquam
1564 869 1865 930 peccasset,

282 950 398 1006 solo
426 949 733 1006 dilectionis
759 949 1106 1020 cepularetur
1148 951 1417 1022 amplexu.
1450 952 1520 1008 Et
1547 953 1662 1023 ipse
1690 954 1864 1010 domi-

279 1039 502 1095 nabitur
528 1039 600 1104 ei,
621 1028 868 1096 carnales
893 1040 1012 1109 ejus
1036 1040 1294 1097 cohibens
1321 1050 1522 1108 motus,
1547 1058 1776 1114 eamque
1796 1044 1866 1099 ad

278 1129 709 1199 redemptionem
734 1129 858 1185 vita:
880 1129 1118 1186 caelestis
1145 1131 1407 1186 continuo
1432 1147 1681 1203 supernae
1707 1133 1863 1189 insti-

279 1220 502 1276 tutionis
524 1220 786 1276 exercitio
819 1222 1144 1291 provehens,
1176 1238 1207 1276 a
1236 1237 1340 1292 qua
1381 1223 1426 1278 si
1466 1237 1742 1292 nunquam
1769 1238 1861 1279 re-

275 1312 552 1380 cessisset,
595 1313 743 1368 socia
771 1328 894 1368 cum
923 1313 1015 1371 illo
1060 1329 1274 1383 semper
1300 1313 1552 1369 libertate
1589 1320 1858 1384 regnaret.

275 1402 552 1460 Moraliter
586 1412 768 1459 autem
804 1404 870 1460 de
908 1419 1069 1476 poena
1108 1405 1373 1471 mulieris,
1416 1404 1546 1474 quid
1592 1403 1864 1475 significat

273 1495 418 1566 quod
445 1495 496 1550 ei
522 1495 740 1561 dicitur,
775 1494 844 1550 In
868 1496 1048 1550 dolore
1072 1497 1246 1567 paries
1268 1495 1431 1565 ﬁlios,
1474 1495 1580 1551 nisi
1611 1496 1736 1566 quia
1766 1511 1862 1552 vo-

270 1585 452 1657 luptas
479 1586 716 1642 carnalis
742 1602 863 1658 qua:
909 1602 1031 1642 cum
1070 1587 1253 1642 dolore
1280 1587 1646 1643 reluctaverat
1674 1597 1732 1642 ut
1781 1587 1860 1643 fa-

269 1688 421 1736 ceret
451 1680 896 1736 consuetudinem
936 1681 1157 1747 bonam,
1198 1695 1320 1735 cum
1355 1680 1590 1750 aliquam
1631 1695 1858 1735 consue-

270 1771 511 1827 tudinem
540 1771 737 1826 malam
764 1771 880 1826 vult
918 1771 1156 1837 vincere,
1187 1771 1391 1842 patitur
1420 1771 1474 1825 in
1503 1771 1726 1826 exordio
1756 1772 1852 1826 do-

1970 865 2173 919 dictum
2202 865 2397 935 quippe
2437 864 2644 935 judicio
2665 863 2909 933 justitiaa,
2963 865 3081 936 ipso
3118 867 3297 936 primo
3334 868 3557 923 homine

1967 964 2234 1028 peccante
2252 956 2522 1027 prolatum
2559 966 2644 1013 est
2671 973 2795 1012 cum
2825 957 3068 1013 audivit:
3100 957 3384 1012 Maledicta
3413 967 3555 1012 terra

1966 1050 2022 1104 in
2043 1065 2194 1121 opere
2223 1057 2333 1104 tuo.
2378 1049 2721 1107 Maledictum
2758 1051 2982 1122 justitiae
3015 1052 3220 1121 judicio
3254 1051 3550 1122 profertur,

1966 1159 2088 1201 cum
2113 1143 2181 1199 ad
2205 1143 2480 1198 Abraham
2511 1144 2706 1200 dicitur
2733 1163 2746 1198 :
2778 1144 3093 1199 Maledicam
3124 1143 3552 1199 maledicentibus

1962 1237 2076 1292 tibi.
2127 1237 2470 1313 Rursumque
2499 1237 2627 1307 quia
2653 1236 2996 1292 maledictum
3028 1251 3136 1290 non
3162 1236 3310 1308 justo
3347 1235 3553 1305 judicio

1965 1329 2060 1382 sed
2084 1327 2250 1382 livore
2269 1328 2519 1383 vindictae
2541 1328 2828 1398 promitur,
2858 1342 2992 1383 voce
3017 1326 3169 1382 Pauli
3197 1327 3552 1382 admonemur

1962 1419 2326 1491 prtedicantis,
2354 1413 2445 1489 q'ui
2473 1419 2585 1473 ait:
2618 1418 2934 1482 Benedicite,
2973 1427 3022 1472 et
3044 1416 3203 1472 nolite
3240 1416 3551 1471 ntaledicere

1966 1510 2138 1582 (Rom.
2164 1511 2282 1583 xu).
2320 1511 2389 1565 Et
2413 1527 2628 1566 rursum
2659 1511 2875 1566 Veritas
2899 1510 3027 1565 dicit
3053 1527 3065 1563 :
3099 1507 3284 1580 Neque
3304 1507 3549 1562 maledici

1964 1620 2177 1674 regnum
2207 1603 2306 1657 Dei
2324 1603 2678 1674 possidebunt.
2730 1602 2872 1658 Deus
2915 1617 3044 1672 ergo
3091 1601 3415 1657 maledicere
3463 1601 3547 1658 di.-

1962 1697 2124 1760 citur,
2164 1702 2219 1751 et
2247 1703 2423 1749 tamen
2479 1695 2640 1750 homo
2667 1695 2982 1765 prohibetur
3017 1694 3358 1758 maledicere,
3419 1693 3547 1761 quia

1961 1790 2106 1861 quod
2135 1790 2295 1844 homo
2324 1789 2435 1861 agit
2455 1789 2659 1844 malitia
2680 1789 2949 1853 vindicttc,
2974 1789 3118 1843 Deus
3144 1803 3252 1842 non
3278 1785 3406 1841 facit
3439 1785 3545 1842 nisi

267 1864 432 1933 lores,
474 1875 636 1937 atque
672 1867 746 1921 ita
787 1881 886 1938 per
923 1867 1202 1922 meliorem
1244 1866 1689 1952 consuetudinem
1716 1865 1849 1935 parit

1959 1881 2208 1938 examine
2265 1890 2318 1936 et
2339 1882 2537 1936 virtute
2561 1881 2806 1952 justitiae.
2852 1879 2986 1934 Nam
3011 1890 3064 1935 et
3094 1879 3266 1935 sancti
3296 1881 3543 1933 vimcum

264 1956 468 2012 bonum
518 1973 653 2026 opus
700 1958 853 2028 quasi
903 1957 1043 2012 ﬁlios
1075 1957 1272 2025 ?Quod
1325 1972 1455 2012 vero
1517 1943 1750 2025 adjecit:
1784 1955 1855 2009 Et

267 2053 534 2107 conversio
554 2063 642 2106 tua
669 2053 737 2106 ad
763 2053 930 2106 virum
952 2062 1121 2117 tuum,
1151 2062 1198 2106 et
1231 2052 1341 2122 ipse
1373 2052 1450 2105 tui
1473 2051 1851 2116 dominabitur,

267 2143 370 2197 hoc
401 2143 684 2215 signiﬁcat,
716 2144 860 2214 quod
909 2144 998 2199 illa
1029 2144 1280 2212 voluptas
1309 2143 1546 2199 carnalis
1569 2157 1691 2213 quae
1729 2157 1852 2198 cum

264 2235 450 2290 dolore
497 2237 874 2302 reluctaverat,
907 2245 969 2291 ut
1007 2236 1211 2292 faceret
1264 2235 1715 2292 consuetudinem
1749 2236 1851 2291 bo-

263 2342 410 2391 nam,
439 2325 558 2395 jam
589 2327 721 2398 ipsis
766 2327 1044 2383 doloribus
1089 2327 1300 2382 erudita
1329 2327 1541 2382 cautior
1578 2325 1660 2391 ﬁt,
1691 2333 1745 2380 et
1785 2340 1854 2381 ne

261 2430 482 2474 corruat
521 2420 858 2491 obtemperat
885 2419 1106 2486 rationi,
1140 2427 1196 2475 et
1241 2418 1476 2475 libenter
1500 2417 1670 2473 servit
1697 2417 1850 2487 quasi

253 2509 467 2580 jubenti
495 2513 637 2567 viro.

329 2605 460 2660 Adte
489 2623 608 2660 vero
631 2605 765 2660 dixit
794 2621 812 2660 :
839 2605 979 2673 Quia
1007 2605 1205 2661 audisti
1231 2622 1404 2662 vocem
1427 2604 1609 2659 uxoris
1645 2611 1773 2670 tute,
1797 2610 1850 2657 et

259 2699 530 2754 comedisti
561 2699 626 2752 de
650 2698 791 2770 ligno
816 2715 880 2753 ex
908 2715 1010 2770 quo
1032 2714 1379 2769 prteceperam
1403 2696 1496 2751 tibi
1523 2713 1586 2750 ne
1615 2694 1850 2750 comede-

259 2807 362 2854 res,
392 2789 674 2845 maledicta
706 2799 846 2844 terra
876 2791 932 2844 in
972 2805 1122 2858 opere
1163 2798 1275 2842 tuo.
1314 2787 1382 2842 In
1411 2786 1675 2841 laboribus
1702 2801 1846 2839 com-

255 2883 378 2940 cdes
403 2900 468 2939 ea:
495 2901 556 2938 ea
580 2884 780 2938 cunctis
815 2883 996 2937 diebus
1033 2881 1150 2937 vitw
1174 2891 1315 2946 tute;
1345 2880 1524 2951 spinas
1551 2887 1597 2931 et
1629 2876 1847 2930 tribulos

254 2976 564 3047 geminabit
603 2975 717 3042 tibi,
765 2984 814 3034 et
859 2973 1094 3028 comedes
1138 2972 1324 3027 herbas
1366 2981 1542 3036 terraz,
1586 2979 1691 3023 etc.
1737 2967 1847 3024 Hos

254 3083 378 3124 esse
404 3068 459 3123 in
492 3076 640 3124 terra
674 3067 889 3122 labores
935 3065 1157 3121 humani
1197 3063 1413 3136 generis
1440 3061 1562 3132 quis
1605 3063 1847 3131 ignorat?

254 3161 349 3230 qui
395 3174 504 3216 non
534 3167 752 3225 essent,
799 3159 846 3213 si
890 3157 1120 3213 felicitas
1161 3171 1281 3227 qua:
1319 3157 1376 3209 in
1422 3155 1676 3226 paradiso
1725 3155 1842 3210 fue-

253 3260 341 3307 rat
386 3260 683 3308 teneretur.
730 3250 836 3306 Per
879 3257 1162 3321 peccatum
1217 3249 1365 3304 enim
1417 3248 1654 3303 hominis
1696 3257 1842 3303 terra
1872 3238 1916 3302 C

252 3344 545 3401 maledicta
609 3351 693 3399 est
745 3351 806 3398 ut
861 3342 1047 3413 spinas
1097 3349 1354 3411 pareret,
1427 3354 1535 3395 non
1612 3347 1672 3396 ut
1730 3340 1846 3409 ipsa

249 3450 442 3507 pmnas
487 3435 738 3501 sentiret,
780 3448 902 3505 quae
956 3433 1075 3489 sine
1114 3446 1276 3486 sensu
1330 3437 1438 3496 est,
1476 3430 1571 3486 sed
1610 3439 1671 3484 ut
1713 3445 1846 3501 pec-

251 3529 363 3584 cati
394 3529 617 3584 humani
654 3528 861 3584 crimen
895 3541 1110 3597 semper
1151 3523 1464 3580 hominibus
1501 3532 1626 3578 ante
1661 3523 1848 3578 oculos

248 3629 499 3692 poneret,
548 3634 656 3689 quo
685 3619 1110 3674 admonerentur
1157 3614 1446 3684 aliquando
1468 3615 1639 3670 averti
1669 3631 1700 3670 a
1721 3630 1847 3686 pec-

247 3713 414 3778 catis,
470 3720 526 3766 et
551 3713 619 3768 ad
645 3711 742 3766 Dei
784 3718 1053 3780 praecepta
1081 3710 1344 3765 converti.
1395 3707 1532 3763 Nam
1566 3717 1622 3763 et
1664 3709 1846 3765 herbae

246 3817 541 3860 venenosae
577 3803 646 3858 ad
679 3817 899 3874 poenam
949 3803 1036 3858 vel
1065 3801 1134 3856 ad
1167 3801 1611 3857 exercitationem
1642 3811 1847 3858 morta-

246 3900 389 3956 lium
435 3906 632 3954 creala:
654 3907 781 3954 sunt
808 3915 824 3965 ;
865 3906 921 3953 et
944 3898 1046 3954 hoc
1067 3905 1240 3953 totum
1283 3904 1506 3966 propter
1533 3904 1840 3967 peccatum,

249 3994 380 4066 quia
432 3992 692 4049 mortales
736 4000 956 4064 propter
983 3999 1266 4062 peccatum
1312 3990 1441 4046 facti
1479 4006 1684 4047 sumus.
1741 3990 1847 4046 Per

248 4082 616 4139 infructuosas
657 4097 870 4152 quoque
899 4082 1121 4137 arbores
1172 4081 1462 4136 insultatur
1511 4081 1842 4149 hominibus,

249 4183 312 4231 ut
364 4175 664 4247 intelligant
704 4189 866 4245 quam
907 4173 978 4228 sit
1019 4173 1450 4228 erubescendum
1501 4174 1619 4228 sine
1662 4171 1843 4228 fructu

251 4268 519 4324 bonorum
563 4282 788 4338 operum
825 4280 946 4322 esse
972 4267 1027 4322 in
1049 4281 1180 4338 agro
1215 4266 1333 4332 Dei,
1365 4267 1470 4322 hoc
1510 4273 1613 4332 est,
1647 4267 1702 4322 in
1742 4267 1845 4322 Ec-

252 4363 444 4430 clesia,
497 4370 639 4418 etut
669 4362 894 4417 timeant
919 4377 990 4417 ne
1020 4362 1233 4418 deserat
1257 4360 1376 4416 illos
1417 4361 1583 4426 Deus,
1625 4361 1756 4430 quia
1789 4367 1847 4416 et

253 4455 356 4526 ipsi
389 4456 444 4510 in
473 4454 614 4526 agris
643 4455 756 4509 suis
784 4454 1144 4509 infructuosas
1174 4453 1395 4508 arbores
1423 4453 1698 4519 deserunt,
1745 4468 1846 4510 nec

253 4553 490 4623 aliquam
524 4551 788 4608 culturam
814 4551 895 4608 eis
919 4550 1192 4606 adhibent.
1240 4549 1380 4604 Ante
1407 4559 1688 4620 peccatum
1713 4563 1845 4620 ergo

253 4647 492 4702 hominis
536 4661 642 4702 non
672 4654 756 4703 est
788 4646 1052 4716 scriptum
1080 4644 1224 4714 quod
1247 4652 1395 4700 terra
1419 4643 1710 4713 protulerit
1736 4645 1840 4700 nisi

253 4746 482 4802 herbam
523 4744 704 4816 pabuli
752 4752 808 4800 et
845 4744 990 4816 ligna
1031 4742 1340 4808 fructuosa;
1389 4749 1512 4812 post
1560 4751 1842 4812 peccatum

254 4845 439 4893 autem
464 4837 708 4893 videmus
739 4836 907 4892 multa
943 4834 1162 4890 horrida
1208 4842 1262 4889 et
1288 4831 1622 4888 infructuosa
1661 4832 1839 4898 nasci,

254 4937 481 5002 propter
523 4943 642 4984 eam
667 4927 922 4984 videlicet
968 4939 1132 4997 quam
1158 4924 1394 4980 diximus
1431 4938 1671 4978 causam.
1731 4921 1844 4994 My-

255 5021 395 5077 stice
422 5035 574 5086 vero,
623 5027 768 5075 terra
800 5033 920 5088 qua:
949 5017 1004 5072 in
1033 5030 1196 5086 opere
1221 5014 1682 5085 prmvaricationis
1715 5012 1846 5069 Adae

257 5114 547 5171 maledicta
591 5125 715 5168 esse
765 5110 1100 5182 perhibetur,
1164 5122 1270 5162 non
1301 5105 1406 5160 alia
1444 5105 1639 5161 melius
1678 5120 1843 5175 quam

258 5222 391 5264 caro
429 5204 693 5276 accipitur
735 5210 942 5269 nostra,
982 5215 1103 5272 quae
1143 5200 1327 5270 spinas
1368 5197 1482 5267 jam
1533 5205 1588 5253 et
1620 5197 1846 5253 tribulos

257 5301 528 5373 germinat
579 5297 752 5364 nobis,
811 5297 934 5368 quia
988 5311 1088 5366 per
1136 5293 1314 5350 carnis
1356 5290 1848 5362 concupiscentiam

257 5393 560 5467 propagati,
611 5390 932 5463 punctiones
958 5396 1015 5443 et
1038 5387 1305 5442 incentiva
1335 5385 1590 5440 vitiorum
1634 5381 1702 5438 de
1730 5383 1847 5452 ipsa

257 5503 427 5545 carne
473 5486 727 5558 patimur.
778 5482 913 5539 Cum
949 5480 1341 5536 maledictiouis
1372 5476 1612 5549 jaculum
1663 5476 1844 5533 divina

256 5597 366 5638 vox
396 5583 545 5653 gravi
583 5581 818 5637 instruat
842 5576 1046 5632 ultione
1091 5576 1455 5648 plectendum,
1501 5575 1576 5629 ita
1609 5580 1667 5628 ut
1692 5572 1844 5643 regni

257 5690 476 5746 quoque
496 5675 733 5730 caelestis
764 5672 968 5728 aditum
991 5669 1226 5735 claudat,
1257 5669 1386 5740 quid
1414 5675 1500 5723 est
1528 5668 1670 5738 quod
1703 5682 1847 5722 nunc

254 5776 520 5840 peccante
543 5766 780 5831 homine,
839 5763 893 5818 in
921 5771 1081 5818 terra:
1106 5760 1482 5815 maledictione
1513 5760 1691 5816 divina
1715 5773 1847 5814 voce

253 5866 366 5926 hoc
400 5862 547 5939 quod
596 5863 760 5921 homo
813 5859 991 5917 facere
1032 5854 1352 5928 prohibetur
1401 5853 1683 5910 infertur?
1734 5853 1845 5913 Sed

1957 1971 2352 2027 maledictionis
2380 1972 2703 2027 sententiam
2734 1971 3040 2042 proferunt,
3081 1987 3188 2025 non
3219 1971 3284 2024 ad
3314 1970 3450 2023 hanc
3475 1984 3544 2024 ex

1956 2072 2084 2119 voto
2112 2063 2352 2130 ultionis,
2408 2064 2507 2118 sed
2555 2079 2624 2118 ex
2667 2063 2892 2134 justitizc
2930 2063 3179 2117 examine
3225 2069 3539 2130 erumpunt.

1955 2153 2104 2208 Intus
2129 2155 2274 2208 enim
2321 2154 2515 2210 subtile
2556 2153 2650 2210 Dei
2675 2154 2937 2225 judicium
2971 2153 3260 2223 aspiciunt,
3309 2161 3363 2206 et
3401 2151 3543 2206 mala

1955 2244 2086 2301 foris
2123 2246 2467 2316 exsurgentia
2520 2246 2646 2315 quia
2678 2245 2962 2302 maledicto
2999 2247 3231 2300 debeant
3262 2245 3425 2300 ferire
3452 2260 3544 2298 co—

1953 2347 2256 2408 gnoscunt;
2293 2347 2346 2394 et
2373 2355 2439 2394 eo
2468 2339 2523 2394 in
2547 2338 2832 2394 maledicto
2862 2355 2967 2392 non
2997 2347 3244 2409 peccant,
3299 2339 3440 2406 quod
3474 2337 3545 2391 ab

1953 2429 2165 2485 interno
2185 2427 2390 2497 judicio
2410 2445 2516 2485 non
2548 2429 2880 2484 discordant.
2913 2429 3048 2482 llinc
3074 2428 3319 2498 estquod
3347 2426 3544 2482 Petrus

1951 2522 2007 2577 in
2045 2520 2358 2577 oﬁ'erentem
2395 2520 2498 2576 sibi
2551 2520 2807 2590 pecunias
2855 2519 3151 2584 Simonem,
3217 2519 3542 2574 sententiam

1949 2614 2350 2672 maledictionis
2379 2613 2613 2678 intorsit,
2669 2613 2855 2669 dicens
2899 2631 2911 2666 :
2957 2609 3192 2666 Pecunia
3237 2619 3332 2666 tua
3372 2619 3542 2665 tecum

1949 2709 2018 2762 sit
2059 2710 2113 2762 in
2143 2707 2484 2778 perditionem
2507 2703 2646 2778 (Act.
2679 2706 2820 2775 vin).
2873 2704 2974 2771 Qui
3003 2704 3145 2760 enim
3175 2717 3280 2757 non
3309 2701 3404 2765 ait,
3436 2709 3537 2762 est,

1949 2802 2044 2857 sed
2081 2802 2171 2866 sit,
2216 2816 2323 2854 non
2369 2799 2679 2863 indicativo,
2729 2798 2823 2852 sed
2869 2797 3109 2866 optativo
3153 2795 3313 2850 modo
3339 2809 3398 2848 se
3424 2793 3542 2850 haec

1949 2893 2150 2948 dixisse
2179 2891 2430 2962 signavit.
2479 2890 2616 2946 Hinc
2653 2889 2798 2944 Elias
2827 2889 3038 2944 duobus
3065 2888 3133 2941 ad
3163 2901 3223 2941 se
3267 2885 3539 2955 quinqua-

1947 2985 2182 3057 genariis
2208 2981 2546 3038 venientibus
2572 2981 2746 3036 dixit:
2779 2980 2839 3036 Si
2862 2981 3014 3034 homo
3043 2978 3140 3033 Dei
3161 2993 3300 3040 sum,
3322 2977 3539 3033 descen-

1946 3079 2036 3131 dat
2069 3094 2204 3132 nunc
2224 3076 2442 3148 ignisde
2463 3074 2611 3141 casto,
2634 3083 2682 3128 et
2706 3082 2977 3128 consumat
3000 3088 3089 3126 vos
3136 3069 3242 3143 (IV
3268 3069 3397 3140 Reg.
3415 3068 3537 3137 vn).

1948 3170 2188 3238 Quorum
2220 3177 2576 3238 utrorumque
2595 3167 2861 3222 sententia
2888 3171 3150 3234 quantum
3172 3162 3415 3218 veritatis
3443 3176 3537 3216 ra-

1951 3262 2096 3316 tione
2121 3259 2413 3331 convaluit,
2440 3257 2702 3314 terminus
2727 3272 2904 3312 causae
2926 3254 3265 3309 monstravit.
3309 3250 3445 3306 Nam
3483 3259 3540 3306 et

1951 3354 2138 3410 Simon
2175 3363 2379 3409 aeterna
2425 3352 2730 3423 perditione
2757 3349 2920 3420 periit
2962 3356 3017 3402 et
3044 3349 3179 3401 duos
3208 3345 3538 3414 quinquage-

1947 3446 2133 3501 narios
2184 3446 2415 3514 desuper
2461 3443 2687 3497 veniens
2718 3439 2931 3494 ﬂamma
2971 3435 3325 3506 consumpsit,
3363 3433 3536 3488 virtus

1947 3554 2076 3610 ergo
2103 3539 2438 3608 subsequens
2471 3533 2812 3600 testiﬁcatur,
2861 3548 2969 3603 qua
2998 3538 3180 3585 mente
3208 3527 3540 3584 maledictio-

1948 3635 2035 3688 nis
2075 3633 2341 3689 sententia
2396 3632 2683 3702 promitur.
2728 3629 2862 3686 Cum
2893 3628 3042 3684 enim
3081 3635 3138 3681 et
3165 3623 3537 3680 maledicentis

1947 3726 2256 3782 innocentia
2282 3733 2584 3795 permanet,
2635 3731 2692 3779 et
2711 3734 2892 3778 tamen
2920 3735 3045 3776 eum
3074 3719 3166 3790 qui
3195 3715 3538 3772 maledicitur

1947 3830 2120 3888 usque
2155 3816 2223 3871 ad
2251 3815 2528 3872 interitum
2557 3812 2870 3870 maledictio
2897 3810 3172 3875 absorbet,
3231 3822 3298 3862 ex
3326 3804 3532 3860 utrius-

1947 3925 2052 3980 que
2080 3908 2252 3980 partis
2276 3907 2381 3962 line
2403 3906 2696 3977 colligitur,
2734 3904 2860 3976 quia
2888 3918 2919 3956 a
2948 3902 3092 3966 bono
3123 3907 3177 3955 et
3205 3897 3397 3954 intimo
3441 3895 3534 3966 ju-

1945 3999 2066 4056 dice
2100 4001 2154 4054 in
2176 4014 2327 4054 reum
2344 3997 2612 4054 sententia
2641 4004 2855 4066 sumpta
2881 3994 3171 4064 jaculalur.

2018 4089 2086 4146 In
2106 4091 2297 4146 sudore
2326 4089 2493 4145 vultus
2521 4091 2598 4143 tui
2622 4089 2840 4144 vesceris
2877 4103 3012 4159 pane
3030 4097 3141 4152 tuo,
3177 4085 3341 4142 donec
3366 4099 3539 4140 reuer-

1947 4185 2077 4239 taris
2110 4185 2165 4238 in
2189 4193 2400 4248 terram,
2433 4183 2497 4237 de
2523 4199 2625 4255 qua
2645 4190 2884 4253 sumptus
2907 4198 2979 4245 es,
3024 4179 3149 4252 quia
3179 4178 3346 4250 pulvis
3375 4195 3451 4246 es,
3487 4186 3536 4231 et

1945 4277 2001 4331 in
2022 4275 2280 4347 pulverem
2303 4275 2589 4330 reverteris.
2644 4273 2797 4328 Illum
2829 4272 2918 4327 hic
2943 4286 3138 4342 panem
3163 4269 3402 4340 intellige
3441 4268 3536 4338 qui

1947 4369 2024 4422 ait
2055 4387 2066 4422 :
2095 4365 2207 4438 Ego
2234 4383 2349 4422 sum
2369 4367 2522 4437 panis
2553 4366 2670 4420 vita:
2719 4364 2808 4435 qui
2838 4363 2902 4417 de
2924 4361 3050 4417 caelo
3075 4360 3318 4416 descendi
3349 4357 3532 4432 (Joan.

1945 4461 2043 4535 vr).
2098 4461 2216 4528 Quo
2247 4461 2297 4514 in
2327 4461 2524 4517 sudore
2544 4459 2726 4512 vultus
2754 4458 2923 4512 nostri
2965 4456 3256 4519 vescimur,
3305 4453 3432 4523 quia
3468 4453 3536 4507 ad

1947 4564 2296 4626 conspectum
2319 4554 2512 4610 divinae
2541 4552 2879 4608 celsitudinis
2901 4565 3008 4606 non
3031 4550 3135 4604 nisi
3171 4564 3266 4618 per
3291 4548 3536 4602 laborem

1947 4651 2265 4706 necessaria:
2297 4647 2603 4702 albictionis
2630 4645 2992 4700 ascendimus.
3023 4641 3238 4696 Primus
3267 4641 3429 4694 homo
3459 4640 3533 4693 ita

1945 4744 2195 4799 conditus
2225 4742 2345 4806 fuit,
2391 4749 2450 4795 ut
2475 4747 2726 4794 manente
2767 4737 2858 4792 illo
2894 4735 3220 4792 decederent
3264 4742 3533 4803 tempora,

1945 4850 2048 4891 nec
2106 4849 2228 4888 cum
2267 4831 2600 4901 temporibus
2646 4831 2762 4900 ipse
2808 4828 3088 4884 transiret.
3150 4825 3342 4882 Stabat
3387 4826 3533 4880 enim

1946 4926 2236 4982 momentis
2263 4922 2696 4987 decurrentibus,
2738 4921 2865 4992 quia
2893 4935 3234 4991 nequaquam
3261 4919 3327 4972 ad
3355 4927 3536 4972 extre-

1947 5035 2095 5075 mum
2134 5019 2260 5073 vitae
2308 5031 2407 5087 per
2427 5017 2634 5072 dierum
2665 5015 2997 5070 incrementa
3033 5012 3304 5068 tendebat.
3339 5009 3532 5065 Stabat

1947 5120 2099 5166 tanto
2123 5109 2417 5174 robustior,
2459 5117 2664 5178 quanto
2694 5121 2906 5176 semper
2930 5105 3092 5159 stanti
3119 5102 3321 5157 arctius
3366 5102 3533 5156 inluc-

1949 5206 2123 5261 rebat.
2151 5203 2222 5258 At
2252 5201 2343 5258 ubi
2365 5200 2592 5255 vetitum
2615 5198 2861 5266 contigit,
2890 5211 3012 5250 mox
3039 5193 3244 5250 offenso
3259 5204 3530 5258 creatore,

1951 5297 2119 5367 C(Bpit
2158 5297 2239 5352 ire
2296 5309 2420 5350 cum
2466 5300 2730 5363 tempore.
2796 5289 2948 5345 Unde
2987 5294 3042 5343 et
3065 5286 3116 5342 ei
3146 5286 3348 5342 dictum
3403 5294 3530 5340 est:

1955 5388 2117 5444 Terra
2151 5405 2228 5454 es,
2282 5395 2329 5442 et
2374 5388 2431 5440 in
2457 5395 2652 5439 terram
2677 5383 2975 5448 ibis;statu
3019 5378 3269 5436 videlicet
3311 5379 3536 5433 immor-

1951 5479 2175 5535 talitatis
2213 5478 2433 5541 amisso,
2461 5489 2654 5532 cursus
2687 5488 2810 5527 eum
2850 5470 3193 5527 mortalitatis
3213 5469 3532 5535 absorbuit,

1951 5582 2007 5630 et
2050 5572 2176 5627 dum
2206 5571 2490 5642 juventute
2531 5569 2599 5622 ad
2638 5567 2864 5626 senium.
2921 5565 3073 5620 senio
3113 5563 3421 5619 traheretur
3463 5561 3533 5618 ad

1947 5676 2202 5729 mortem,
2235 5659 2564 5718 transeundo
2595 5659 2783 5715 didicit
2832 5658 3026 5713 stando
3053 5657 3182 5726 quid
3210 5656 3330 5711 fuit.
3362 5654 3531 5724 Cujus

1948 5775 2047 5815 nos
2084 5758 2210 5828 quia
2233 5757 2299 5811 dc
2323 5753 2620 5825 propagine
2651 5751 2944 5815 nascimur,
2981 5748 3182 5804 radicis
3211 5743 3530 5801 amaritudi-

1946 5867 2096 5922 nem,
2125 5848 2281 5922 quasi
2311 5849 2366 5904 in
2394 5843 2629 5920 virgulto
2658 5844 2975 5900 retinemus.
3022 5842 3158 5898 Nam
3187 5840 3314 5914 quia
3345 5851 3413 5890 ex
3433 5833 3530 5894 illo
