3974 6442
483 365 590 487 ιᾲθ
685 354 699 360 ’

1120 403 1182 460 Β.
1225 403 1476 460 RABANI
1516 401 1736 462 MAURI
1774 401 2094 459 ARCHIEP.
2133 397 2444 457 MOGUNT.
2488 397 2774 458 OPERUM
2812 400 2994 456 PARS
3035 401 3076 458 Ι.

3653 397 3756 459 500

480 521 745 594 originem
774 522 1041 587 ducimus,
1091 519 1209 590 eius
1229 537 1449 577 cursum
1477 519 1750 576 nascendo
1781 520 2047 585 sortimur,

2165 511 2462 581 Quomodo,
2503 514 2698 584 inquit,
2741 514 2843 570 hoc
2891 527 2988 584 per
3008 511 3283 583 quodlibet
3330 508 3415 568 vel
3457 517 3764 583 quomodo-

479 624 542 670 ut
568 630 635 671 eo
657 615 774 690 ipso
797 613 1108 686 quotidiano
1139 623 1414 670 momento
1452 629 1560 683 quo
1580 612 1831 679 vivimus,
1889 613 2062 668 inces-

479 717 666 764 santer
689 723 720 763 a
745 706 856 762 vita
882 715 1240 772 transeamus,
1284 705 1583 762 et-vivendi
1634 705 1789 761 nobis
1828 705 2060 776 spatium

477 799 619 854 unde
645 814 890 857 crescere
915 799 1179 867 creditur,
1229 798 1355 854 inde
1397 799 1698 864 decrescat,
1757 797 1883 869 quia
1934 797 2061 852 dum

476 891 701 948 infantia
731 893 798 948 ad
835 894 1144 964 pueritiam,
1194 892 1558 948 adolescentia
1607 887 1672 946 ad
1695 888 2056 960 juventutem,

465 978 721 1048 juventus
742 983 810 1039 ad
831 990 1183 1048 senectutem,
1211 993 1465 1039 senectus
1494 981 1689 1037 transit
1711 983 1778 1038 ad
1808 991 2056 1048 mortem,

472 1080 527 1126 et
565 1072 620 1127 in
645 1089 809 1129 cursu
829 1075 954 1130 vitae
979 1073 1286 1147 praesentis,
1343 1074 1476 1145 ipsis
1514 1073 1627 1128 suis
1655 1073 1958 1145 augmentis
1991 1072 2060 1127 ad

473 1163 796 1222 detrimenta
847 1167 1178 1239 impellitur;
1203 1177 1256 1222 et
1285 1165 1411 1221 inde
1440 1181 1656 1237 semper
1677 1165 1882 1232 deﬁcit,
1919 1165 2060 1221 unde

472 1255 739 1326 proiicere
781 1271 840 1313 se
872 1258 924 1312 in
959 1258 1188 1328 spatium
1216 1257 1340 1311 νὶιυθ
1369 1257 1564 1323 credit,
1613 1255 1804 1311 Fixum
1855 1255 2057 1311 etenim

471 1356 674 1404 statum
713 1349 802 1404 hic
853 1347 1055 1405 habere
1107 1365 1215 1404 non
1247 1364 1551 1420 possumus,
1597 1348 1702 1402 .ubi
1750 1345 2058 1401 transitoria

470 1439 722 1507 vivimus,
775 1450 937 1510 atque
970 1443 1074 1496 hoc
1102 1441 1276 1512 ipsum
1305 1448 1551 1495 nostrum
1575 1440 1775 1506 vivere,
1821 1437 2058 1510 quotidie

473 1530 634 1586 avita
684 1533 917 1586 transire
959 1541 1061 1587 est.
1121 1532 1290 1598 Quem
1315 1531 1564 1586 videlicet
1590 1530 1798 1600 lapsum
1849 1527 2058 1600 primus

472 1621 634 1676 homo
674 1631 798 1676 ante
818 1620 1029 1692 culpam
1055 1621 1255 1677 habere
1281 1638 1386 1677 non
1412 1623 1605 1693 potuit,
1661 1624 1784 1692 quia
1813 1630 2056 1693 tempora

469 1730 534 1768 co
563 1702 740 1769 stante
772 1715 1095 1770 transibant.
1123 1714 1228 1769 Sed
1263 1725 1550 1787 postquam
1570 1715 1815 1785 deliquit,
1841 1714 1894 1769 in
1924 1730 2058 1784 quo-

469 1806 590 1860 dam
614 1821 672 1861 se
697 1806 850 1876 quasi
891 1804 1100 1860 lubrico
1143 1805 1554 1876 temporalitatis
1592 1805 1804 1876 posuit;
1845 1814 1898 1860 et
1929 1805 2055 1876 quia

2165 603 2296 661 libet
2329 605 2532 661 dictum
2562 606 2657 671 sit,
2688 603 2829 660 Deus
2851 611 3030 660 tamen
3059 603 3238 670 dixit,’
3269 601 3388 660 Non
3412 604 3579 660 aliter
3607 605 3768 661 intel-

2162 696 2438 770 ligendum
2463 705 2546 754 est
2597 700 2739 769 quod
2769 700 2866 762 ait,
2903 715 3040 753 unus
3068 715 3133 752 ea:
3161 695 3328 764 nobis,
3385 699 3494 754 nisi
3543 707 3768 770 propter

2164 790 2466 848 trinitatem
2508 809 2763 848 numerus
2785 791 3011 864 pluralis
3036 791 3355 862 accipiatur,
3383 790 3533 845 sicut
3565 789 3766 846 dictum

2162 893 2316 941 erat:
2351 881 2639 941 Faciamus
2676 885 2935 939 hominem
2983 883 3052 938 ad
3079 885 3354 956 imaginem
3414 893 3463 938 et
3518 885 3769 939 similitu-

2161 974 2336 1030 dinem
2361 986 2616 1042 nostram,
2655 975 2796 1032 sicut
2820 976 2982 1032 etiam
3014 975 3273 1030 DOminus
3303 973 3369 1030 de
3398 987 3457 1030 se
3483 984 3543 1032 et
3569 975 3762 1031 Patre:

2169 1067 2447 1125 Veniamus
2475 1069 2544 1124 ad
2583 1089 2720 1137 eum,
2745 1082 2790 1125 et
2823 1072 3146 1126 mansionem
3183 1070 3326 1139 apud
3351 1086 3472 1124 eum
3507 1069 3765 1142 faciemus

2161 1155 2343 1234 (Joan.
2381 1159 2512 1234 xlv).
2563 1159 2900 1232 Replicatum
2939 1159 3220 1234 estigitur
3251 1161 3305 1215 in
3340 1167 3506 1232 caput
3546 1159 3764 1232 superbi

2159 1271 2267 1328 quo
2293 1255 2441 1310 exitu
2499 1255 2831 1328 concupierit
2883 1255 3028 1327 quod
3075 1271 3105 1309 a
3141 1263 3394 1324 serpente
3440 1260 3764 1324 suggestum

2159 1343 2282 1405 est?
2311 1345 2476 1403 Erilis
2497 1349 2630 1402 sicut
2665 1345 2759 1402 dii.
2798 1346 2958 1414 Ecce,
3002 1345 3193 1420 inquit,
3245 1345 3415 1399 Adam
3463 1341 3656 1415 factus
3695 1355 3765 1399 est

2157 1443 2291 1496 sicut
2317 1457 2451 1496 unus
2481 1457 2546 1494 ex
2573 1438 2743 1494 nobis.
2795 1441 2970 1495 Verba
3008 1439 3154 1494 enim
3179 1447 3304 1494 sunt
3337 1439 3456 1494 haec
3495 1435 3623 1504 Dei,
3662 1453 3764 1492 non

2159 1539 2271 1585 tam
2319 1530 2447 1586 huic
2474 1527 2806 1596 insultantis,
2867 1547 3030 1600 quam
3061 1538 3288 1585 cteteros
3335 1543 3403 1583 ne
3443 1527 3522 1582 ita
3583 1541 3766 1598 super-

2155 1624 2309 1679 biant
2338 1624 2686 1690 deterrentis,
2731 1635 2950 1695 propter
2973 1619 3109 1696 quos
3144 1625 3244 1681 ista
3273 1623 3594 1694 conscripta
3618 1633 3762 1678 sunt.

2157 1711 2358 1770 Factus
2385 1725 2481 1782 est,
2538 1712 2732 1786 inquit,
2788 1726 3036 1788 tanquam
3079 1736 3212 1771 imus
3259 1735 3322 1770 ex
3358 1717 3535 1782 nobis,
3600 1717 3765 1770 sciens

2161 1806 2353 1861 bonum
2399 1818 2447 1862 ct
2491 1807 2708 1862 malum.
2761 1807 2902 1876 Quid
2963 1807 3107 1863 aliud
3166 1807 3600 1878 intelligendum,
3662 1805 3763 1862 nisi

465 1896 646 1951 cibum
675 1896 912 1953 comedit
943 1897 1194 1965 vetitum,
1240 1905 1413 1953 status
1451 1897 1532 1953 sui
1557 1898 1804 1971 protinus
1848 1897 2054 1952 invenit
2081 1881 2130 1946 Β
2157 1899 2462 1969 exemplum
2497 1900 2706 1956 timoris
2751 1899 3046 1955 incutiendi
3067 1915 3185 1956 esse
3211 1899 3591 1972 prOpositum?
3612 1897 3765 1966 Quod

465 1985 752 2040 defectum.

537 2075 606 2129 Et
631 2078 822 2132 vocavit
849 2095 1037 2132 nomen
1064 2079 1242 2132 uxoris
1273 2093 1384 2132 sua:
1415 2073 1577 2140 Hera,
1631 2093 1690 2130 co
1721 2077 1859 2148 quod
1888 2086 2054 2131 mater

462 2167 528 2220 sit
555 2181 859 2224 cunctorum
888 2171 1186 2225 viventium.
1213 2171 1278 2225 Et
1299 2171 1401 2226 hoc
1433 2188 1626 2226 nomen
1667 2171 1838 2224 Adam
1871 2171 2052 2226 divino

466 2260 722 2316 instinctu
781 2271 995 2317 constat
1028 2263 1182 2318 uxori
1209 2280 1320 2317 suae
1349 2264 1613 2332 posuisse,
1672 2263 1815 2332 quod
1842 2263 2053 2332 aptissi—

468 2364 554 2402 me
597 2351 842 2421 congruit
893 2352 1146 2407 Ecclesia:
1195 2364 1398 2407 sancta:
1448 2369 1558 2406 sum
1612 2353 1663 2406 in
1693 2353 1845 2422 cujus
1877 2354 2052 2408 solum

467 2438 694 2505 unitate,
752 2457 871 2512 qua:
899 2442 1166 2497 catholica
1194 2452 1437 2510 vocatur,
1479 2443 1603 2498 vitae
1631 2444 1840 2499 cunctis
1881 2442 2050 2513 janua

464 2537 634 2602 patet.

534 2617 684 2674 Fecit
721 2639 921 2693 quoque
971 2623 1226 2678 Dominus
1275 2622 1418 2679 Deus
1462 2625 1610 2688 Adte,
1661 2634 1708 2680 et
1739 2626 1894 2681 uxori
1933 2627 2050 2696 ejus

465 2712 670 2766 tunicas
708 2711 975 2783 pelliccas,
1022 2726 1070 2769 et
1105 2715 1277 2770 induit
1321 2733 1427 2771 eos.
1468 2713 1535 2771 Et
1573 2717 1674 2772 hoc
1702 2716 2052 2788 signiﬁcatio-

463 2801 546 2858 nis
597 2805 767 2876 gratia
821 2806 1022 2862 factum
1063 2816 1166 2863 est.
1207 2805 1343 2863 Nam
1375 2805 1681 2878 hujusmodi
1736 2809 2048 2864 indumento

462 2893 720 2951 Dominus
767 2914 861 2954 eos
909 2899 1167 2955 mortales
1210 2901 1322 2971 jam
1370 2899 1544 2957 factos
1581 2900 1749 2957 fuisse
1786 2900 2043 2958 insinuat.

462 2987 632 3043 Pelles
678 3006 796 3060 qme
860 2991 1071 3047 nonnisi
1105 2992 1330 3048 mortuis
1377 2993 1674 3062 pecudibus
1717 2993 2048 3050 subtrahun-

457 3071 560 3134 tur,
593 3072 780 3126 mortis
812 3071 1038 3143 ﬁguram
1073 3075 1370 3128 continent.
1403 3076 1506 3142 ita,
1540 3075 1662 3131 cum
1691 3085 1876 3130 contra
1905 3091 2050 3145 pra:-

459 3174 694 3236 ceptum,
723 3183 830 3222 non
871 3168 1172 3224 imitatione
1217 3169 1477 3240 legitima,
1511 3169 1604 3225 sed
1647 3167 1832 3223 illicita
1868 3181 2056 3237 super-

2160 2006 2265 2044 non
2293 1990 2464 2045 solum
2496 2007 2600 2046 non
2635 1989 2797 2046 fuerit
2821 1991 2994 2046 factus
3027 1991 3201 2062 qualis
3227 1991 3342 2045 ﬁeri
3366 1989 3628 2054 voluerit,
3667 1989 3761 2044 sed

2159 2098 2259 2136 nec
2313 2081 2440 2136 illud
2469 2081 2613 2152 quod
2656 2079 2832 2137 factus
2862 2081 3042 2136 fuerat
3071 2081 3496 2137 conservaret-it.
3561 2079 3636 2134 De
3663 2079 3762 2134 hoc

2159 2175 2264 2229 alio
2292 2175 2447 2229 loco:
2481 2171 2591 2229 Nec
2639 2173 2731 2230 Dei
2769 2173 3100 2238 confitentis,
3155 2173 3350 2243 inquit,
3402 2171 3574 2226 verba
3619 2181 3761 2235 sunt,

2158 2269 2252 2322 sed
2279 2267 2456 2338 potius
2500 2267 2880 2338 exprobrantis
2909 2286 2921 2320 :
2948 2263 3084 2320 Ecce
3126 2263 3294 2319 Adam
3327 2266 3503 2336 {actus
3531 2273 3609 2318 est
3656 2275 3766 2314 tan-

2156 2376 2316 2429 quam
2346 2376 2480 2413 umts
2503 2375 2566 2412 ea:
2591 2358 2760 2425 nobis,
2805 2358 2942 2412 sicut
2965 2355 3255 2428 Apostolus
3276 2355 3406 2412 dicit
3434 2371 3450 2411 :
3484 2353 3619 2410 Date
3637 2355 3762 2408 mihi

2155 2449 2291 2506 hanc
2318 2453 2572 2522 injuriam
2597 2449 2686 2524 (II
2711 2449 2834 2506 Cor.
2866 2449 2987 2523 xu),
3036 2451 3222 2522 utique
3263 2463 3294 2506 e
3320 2448 3605 2506 contrario
3649 2446 3763 2502 vult

2157 2544 2408 2614 intelligi.

2229 2633 2388 2690 Nunc
2425 2653 2549 2707 ergo
2599 2652 2664 2689 ne
2683 2633 2819 2706 forte
2850 2634 3025 2689 mittat
3046 2649 3258 2689 manum
3280 2649 3462 2700 suam,
3507 2640 3559 2687 et
3588 2642 3760 2685 sumat

2155 2728 2310 2783 etiam
2337 2727 2400 2783 de
2431 2725 2573 2799 ligno
2600 2728 2737 2793 vitta,
2777 2737 2824 2782 et
2856 2727 3116 2794 comedat,
3155 2735 3204 2782 et
3230 2727 3365 2781 vivat
3387 2727 3447 2781 in
3473 2735 3751 2788 a'ternum,

2155 2822 2328 2876 emisit
2349 2838 2468 2876 eum
2505 2820 2766 2876 Dominus
2789 2819 2930 2876 Deus
2957 2821 3022 2875 de
3051 2820 3300 2892 paradiso
3325 2817 3634 2888 voluptatis,
3691 2829 3743 2872 ut
3833 2893 3838 2897 _

2154 2924 2461 2986 operaretur
2510 2924 2724 2981 terram,
2771 2913 2836 2968 de
2871 2931 2973 2982 qua
3014 2922 3252 2983 sumptus
3305 2919 3402 2967 est.
3459 2909 3756 2980 Superiora

2152 3003 2320 3060 verba
2373 3003 2469 3059 Dei
2521 3013 2691 3060 sunt:
2731 3003 2836 3060 hoc
2881 3009 3064 3058 autem
3112 2999 3320 3060 factum
3362 3009 3596 3074 propter
3645 3002 3756 3071 ips

2151 3099 2316 3154 verba
2349 3107 2595 3154 secutum
2626 3107 2728 3152 est.
2779 3095 3063 3152 Alienatus
3111 3095 3255 3152 enim
3285 3111 3315 3150 a
3356 3095 3495 3162 vita,
3537 3107 3651 3150 non
3673 3105 3756 3148 so-

2152 3175 2271 3246 lum.
2292 3206 2454 3263 quam
2477 3189 2670 3256 fuerat,
2711 3185 2756 3247 si
2785 3199 3114 3262 praeceptum
3143 3195 3438 3254 servasset,
3493 3201 3619 3243 cum
3658 3201 3754 3240 an-

460 3257 544 3313 bia
595 3257 737 3358 θῇυδ
785 3275 906 3358 οδείξ
940 3261 1159 3358 ’θρρθῑίῑ
1197 3262 1392 3358 δοἮον
1427 3273 1598 3358 υὲςῐιιθ
1636 3259 1732 3358 ,ηδ’
2077 3257 2123 3330 C
2154 3283 2290 3358 gelis
2310 3257 2656 3354 accepturus,
2828 3279 2896 3338 ab
2923 3257 3013 3337 illa
3037 3281 3202 3337 etiam
3228 3298 3391 3353 quam
3421 3279 3662 3336 ducebat
3701 3281 3750 3334 in

459 3347 843 3406 mortalitatem
869 3349 1109 3422 dejectus
1134 3362 1236 3408 est.
1284 3353 1350 3408 Et
1383 3353 1601 3424 quidem
1631 3353 1734 3424 ipsi
1779 3352 1878 3407 sibi
1912 3351 2053 3408 fece-

460 3445 587 3497 runt
633 3443 963 3512 perizomata
1013 3445 1078 3499 de
1122 3443 1262 3499 foliis
1303 3443 1414 3509 ﬂci,
1450 3446 1654 3516 quibus
1689 3443 1934 3514 pudenda
1979 3453 2057 3500 te-

464 3537 688 3602 gerent;
739 3533 834 3588 sed
883 3533 1141 3590 Dominus
1179 3533 1308 3591 fecit
1354 3535 1459 3590 illis
1497 3535 1715 3591 tunicas
1769 3535 2048 3606 pelliceas,

464 3620 660 3692 quibus
678 3635 838 3678 omne
857 3639 1052 3694 corpus
1076 3623 1290 3680 illorum
1320 3623 1514 3691 induit,
1537 3627 1663 3696 quia
1691 3627 1811 3696 ipsi,
1843 3627 2054 3696 perdita

461 3723 561 3783 per
597 3714 1098 3782 praevaricationem
1140 3715 1309 3788 gloria
1360 3718 1708 3784 innocentiae,
1757 3717 2058 3788 praetende-

460 3811 588 3859 runt
631 3801 733 3860 sibi
771 3805 1014 3863 velamen
1059 3809 1442 3877 excusationis,
1497 3823 1601 3881 qua
1641 3823 1794 3864 suam
1841 3810 2057 3880 culpam

459 3893 514 3953 in
543 3895 888 3956 Conditorem
914 3899 1386 3967 transfunderent;
1423 3911 1478 3958 et
1509 3901 1622 3973 ipse
1651 3899 1910 3957 Conditor
1935 3901 2058 3958 illos

457 3999 556 4054 per
585 3990 910 4044 sententiam
935 3991 1068 4060 justi
1095 3990 1307 4060 judicii,
1337 3991 1521 4048 ablato
1543 4001 1686 4048 statu
1707 3994 1835 4048 vita:
1860 3994 2059 4048 immu-

463 4073 660 4142 tabilis,
701 4077 754 4132 in
789 4081 966 4135 anima
994 4081 1154 4136 simul
1181 4091 1236 4138 et
1265 4093 1428 4138 carne
1456 4085 1682 4139 mutavit
1717 4095 1878 4154 ptena
1906 4096 2055 4140 mor-

459 4168 704 4226 talitatis.
755 4169 952 4228 Narrat
998 4184 1178 4230 antem
1224 4175 1535 4246 evangelica
1579 4177 1838 4248 parabola
1888 4177 2050 4250 (Luc.

457 4257 546 4328 xv)
587 4259 715 4330 quia
759 4261 881 4332 pius
909 4272 1067 4335 pater
1113 4271 1406 4324 revertenti
1449 4271 1522 4326 ad
1545 4285 1604 4328 se
1652 4285 1748 4343 per
1771 4275 2042 4342 pmnitcm-

453 4349 583 4406 tiam
608 4351 717 4408 lilio
739 4353 1034 4422 luxurioso,
1087 4357 1230 4414 inter
1257 4359 1360 4416 alia
1380 4375 1628 4430 munera,
1659 4365 1822 4420 etiam
1846 4367 2038 4424 stolam

451 4445 684 4516 primam
731 4448 963 4520 proferri
993 4460 1050 4508 et
1081 4467 1205 4509 eum
1234 4454 1382 4510 indui
1430 4460 1766 4529 prmceperit,
1812 4462 2039 4534 mystice

450 4539 732 4598 insinuans
767 4543 894 4615 quia
931 4543 1086 4602 electi
1118 4545 1358 4603 habitum
1385 4549 1825 4619 immortalitatis,
1875 4570 2035 4625 quem

445 4635 500 4690 in
558 4631 730 4692 Adam
780 4637 835 4692 in
892 4639 1116 4696 exordio
1172 4641 1352 4698 seaculi
1409 4643 1778 4715 perdiderunt,
1835 4647 1888 4702 in
1929 4649 2033 4702 line

443 4725 625 4781 δῖνοι]ιί
654 4725 763 4782 sint
785 4731 1052 4799 recepturi
1083 4733 1134 4786 in
1161 4731 1398 4802 Christo,
1441 4743 1495 4790 et
1523 4736 1740 4806 quidem
1777 4739 2036 4808 ampliore

445 4817 640 4887 gratia.
674 4813 809 4872 Nam
835 4818 1006 4874 Adam
1043 4821 1114 4876 ita
1147 4819 1473 4882 immortalis
1498 4826 1672 4884 factus
1693 4835 1800 4896 est,
1833 4839 1890 4884 ut
1912 4845 2034 4902 [ξοδδ

445 4916 528 4961 set
589 4921 695 4963 non
735 4911 870 4964 mori
922 4911 967 4967 si
1022 4925 1348 4986 praeceptum
1378 4927 1661 4988 servaret;
1705 4921 1798 4976 filii
1853 4933 2032 4979 autem

445 4997 860 5055 resurrecti‘tnis
917 4999 992 5057 ita
1029 5011 1189 5060 erunt
1234 5007 1588 5077 immortales,
1639 5021 1698 5066 ut
1743 5029 1845 5067 nec
1894 5017 2030 5071 mori

445 5105 704 5161 unquam,
755 5107 856 5151 nec
893 5103 1038 5150 metu
1083 5099 1272 5154 mortis
1324 5103 1534 5170 possint
1569 5101 1727 5158 aﬂlei.
1762 5103 1842 5160 De
1877 5105 2030 5175 cujus

447 5182 754 5240 recontione
775 5183 927 5241 stolae
949 5185 1080 5243 dicit
1110 5187 1398 5260 Apostolus
1426 5211 1438 5245 :
1475 5192 1690 5263 Oportet
1737 5196 1874 5248 enim
1916 5213 2031 5251 cor-

449 5274 688 5343 ruptibite
750 5276 848 5332 hoc
909 5279 1127 5335 induere
1167 5283 1610 5354 incorruptionem
1649 5328 1662 5351 ,
1711 5295 1761 5342 et
1813 5291 2032 5348 mortale

445 5365 544 5421 hoc
591 5367 810 5425 induere
850 5370 1297 5430 immortalitatem
1339 5375 1404 5448 (f
1439 5375 1562 5431 Cor.
1616 5379 1741 5450 xv).
1793 5381 1893 5438 Ubi
1945 5385 2028 5440 in-

447 5458 614 5514 duere
655 5469 832 5530 sonat,
888 5465 1124 5522 ablatam
1164 5469 1349 5540 utique
1393 5467 1664 5541 significat
1708 5475 2024 5545 nuditatem,

443 5561 605 5640 quam
635 5547 808 5608 Adam
835 5553 891 5612 in
925 5569 984 5614 se
1028 5566 1083 5613 et
1116 5557 1262 5613 Heva
1294 5567 1416 5629 post
1448 5571 1731 5630 peccatum
1786 5569 2027 5640 agnitam

440 5639 851 5702 erubescebant.

515 5731 584 5790 Et
621 5737 696 5792 ait
725 5751 745 5791 :
767 5737 904 5795 Ecce
930 5739 1100 5795 Adam
1121 5742 1294 5812 factus
1317 5753 1393 5798 est
1421 5747 1574 5818 quasi
1607 5763 1741 5803 unus
1766 5767 1831 5805 ex
1855 5755 2024 5822 nobis,

463 5833 604 5888 ciens
629 5831 821 5890 bonum
841 5843 889 5890 et
911 5833 1128 5890 malum.
1171 5835 1246 5893 De
1275 5837 1379 5896 hoc
1407 5847 1627 5900 sanctus
1653 5843 2024 5919 Augustinus:

2147 3377 2426 3448 paradiso,
2491 3373 2635 3432 felici
2685 3373 2924 3448 quodam
2971 3375 3218 3446 corporis
3265 3381 3434 3440 statu,
3507 3385 3749 3445 separari

2149 3470 2338 3541 utique
2361 3469 2547 3526 debuit
2577 3485 2608 3523 a
2629 3467 2774 3542 ligno
2793 3467 2937 3536 vitae,
2967 3464 3080 3525 sive
3110 3465 3254 3540 quod
3281 3483 3348 3522 ex
3377 3467 3499 3538 ipso
3523 3465 3602 3522 illi
3630 3466 3751 3522 sub-

2149 3561 2367 3617 sisteret
2411 3559 2536 3616 felix
2577 3560 2667 3616 ille
2694 3561 2810 3632 ipse
2848 3567 3024 3616 status
3069 3561 3314 3631 corporis
3353 3575 3422 3615 ex
3454 3575 3515 3615 re
3551 3557 3748 3614 visiliili

2147 3653 2349 3708 virtute
2387 3653 2668 3718 invisibili,
2714 3651 2829 3709 sive
2871 3651 3015 3723 quod
3064 3651 3118 3708 in
3153 3668 3219 3708 eo
3270 3660 3420 3708 esset
3465 3659 3522 3707 et
3567 3665 3746 3706 sacra-

2147 3753 2390 3800 mentum
2444 3743 2659 3800 visibile
2701 3743 2990 3800 invisibilis
3045 3743 3348 3816 sapientiae.
3410 3741 3744 3799 Alienandus

2147 3835 2272 3890 inde
2320 3835 2507 3907 utique
2555 3833 2734 3891 fuerat
2785 3834 2870 3890 vel
2907 3833 3022 3905 jam
3079 3835 3403 3899 moriturus,
3461 3833 3548 3890 vel
3587 3834 3744 3889 etiam

2146 3933 2406 3997 tanquam
2435 3925 2955 3993 excommunicatus,
3000 3927 3140 3983 sicut
3173 3927 3335 3984 etiam
3364 3923 3420 3982 in
3453 3925 3556 3982 hoc
3593 3939 3743 3997 para-

2145 4017 2285 4083 diso,
2332 4017 2386 4072 id
2417 4023 2522 4084 est,
2575 4017 2631 4072 in
2670 4017 2930 4083 Ecclesia,
2972 4017 3148 4076 solent
3185 4035 3216 4075 a
3251 4020 3618 4075 sacramentis
3666 4015 3741 4071 al-

2146 4109 2278 4164 taris
2339 4107 2644 4167 visibilibus
2702 4109 2951 4166 homines
3011 4109 3296 4184 disciplina
3367 4111 3738 4168 ecclesiastica

2144 4211 2435 4254 removeri.

2739 4281 2970 4348 CAPUT
3003 4288 3124 4348 XX.

2372 4374 2628 4452 Expulsio
2665 4379 3107 4454 protoplastorum
3137 4379 3202 4438 de
3220 4381 3491 4454 paradiso.

2214 4471 2489 4544 Ejecitque
2527 4473 2720 4543 Adam,
2771 4485 2819 4530 et
2842 4475 3112 4532 collocavit
3134 4487 3253 4532 ante
3295 4475 3607 4549 paradisum
3653 4493 3730 4533 N-

2140 4557 2358 4633 luptatis
2395 4563 2662 4619 cherubim
2705 4575 2752 4620 et
2779 4560 3079 4636 ﬂammeum
3108 4565 3344 4640 gladium
3373 4580 3534 4641 atque
3558 4587 3728 4625 versa-

2139 4653 2280 4710 titem
2330 4655 2400 4710 ad
2437 4651 2833 4712 custodiendam
2866 4659 3002 4713 viam
3045 4657 3172 4730 tigni
3211 4661 3346 4716 vita.
3381 4659 3538 4718 Hune
3559 4662 3724 4718 locum

2141 4747 2360 4816 antiqua
2424 4747 2710 4803 translatio
2757 4749 2836 4805 sic
2890 4749 3104 4806 habet:
3139 4751 3208 4807 Et
3247 4753 3400 4825 ejecit
3445 4756 3637 4819 Adam,
3681 4766 3724 4810 et

2137 4835 2412 4893 collocarit
2460 4855 2580 4892 eum
2625 4849 2808 4896 contra
2855 4841 3164 4913 paradisum
3205 4844 3530 4917 adaptatis;
3561 4857 3611 4904 et
3653 4865 3727 4904 orL

2138 4927 2335 4982 dinavit
2359 4929 2623 4984 cherubim
2645 4939 2693 4984 et
2717 4929 3016 5001 ﬂammeam
3037 4934 3413 5008 rhomptrazam,
3429 4951 3540 4996 etc.
3558 4939 3722 5009 Quam

2137 5017 2180 5073 si
2213 5019 2512 5090 sequimur,
2557 5030 2612 5078 et
2645 5021 2750 5078 hoc
2775 5023 3116 5096 signiﬁcandi
3147 5029 3320 5100 gratia
3360 5030 3564 5088 factum
3613 5047 3721 5088 cre-

2135 5111 2262 5168 dere
2287 5113 2586 5184 debemus;
2626 5117 2720 5174 sed
2751 5125 2930 5175 tamen
2980 5119 3181 5177 factum
3235 5131 3294 5179 ut
3329 5133 3521 5182 contra
3571 5141 3720 5198 para-

2135 5201 2334 5272 disum,
2367 5219 2473 5275 quo
2495 5209 2650 5263 beata
2677 5209 2788 5265 vita
2815 5211 2980 5268 etiam
3005 5214 3358 5284 spiritualiter
3385 5219 3718 5292 signiﬁcaba—

2135 5299 2245 5360 tur,
2295 5293 2776 5373 habitaretutique
2801 5314 3054 5372 peccator
3077 5306 3131 5360 in
3151 5309 3395 5368 miseria.
3447 5312 3604 5379 Quod
3625 5329 3714 5368 aa-

2136 5391 2244 5440 tcm
2303 5387 2500 5444 dicitur
2537 5391 2829 5449 collocasse
2875 5395 3016 5454 Deus
3080 5407 3206 5456 ante
3253 5404 3568 5471 paradisum
3622 5421 3711 5461 vo-

2135 5475 2358 5547 luptatis
2405 5481 2687 5538 cherubim
2732 5495 2788 5540 et
2813 5485 3130 5546 ﬂammeum
3168 5493 3430 5565 gladium,
3475 5498 3582 5555 hoc
3621 5515 3712 5570 per

2131 5574 2380 5632 caelestes
2406 5580 2586 5648 utique
2617 5591 2910 5650 potestates
2933 5584 2984 5639 in
3021 5589 3270 5656 paradiso
3291 5593 3490 5648 visibili
3519 5593 3707 5660 factum

2131 5683 2252 5722 esse
2292 5671 2618 5724 credendum
2655 5683 2758 5736 est,
2793 5683 2852 5728 ut
2892 5691 2987 5747 per
3009 5680 3310 5749 angelicum
3349 5685 3704 5742 ministerium

2129 5771 2265 5814 esset
2301 5760 2406 5814 illic
2432 5762 2582 5832 ignea
2610 5765 2852 5833 qumdam
2879 5772 3149 5838 custodia;
3181 5787 3286 5828 non
3311 5781 3490 5831 tamen
3517 5777 3704 5832 fntstra

2131 5854 2332 5910 factum
2381 5871 2524 5922 esse,
2581 5857 2682 5912 nisi
2719 5859 2845 5930 quia
2887 5862 3156 5936 significat
3189 5868 3393 5940 aliquid
3435 5872 3598 5928 etiam
3639 5869 3705 5928 th
