3974 6472
307 470 404 529 501
1332 470 1683 529 COMMENT.
1723 471 1790 528 IN
1822 471 2143 529 GENESIM.
2183 505 2253 515 —
2290 474 2417 530 LIB.
2458 474 2519 528 ll.
3471 471 3574 529 592

314 586 589 662 spirituali
609 585 881 659 paradiso,
927 599 1033 639 non
1059 592 1143 640 est
1168 584 1543 643 dubitandum.
1574 588 1702 657 Quae
1724 586 1970 649 etiam’A
1994 599 2118 642 ante
2176 587 2486 658 paradisum
2533 600 2651 641 esse
2682 585 3003 643 collocatum
3026 628 3039 652 ,
3097 593 3157 640 ut
3195 584 3465 642 feriendus
3521 588 3575 642 in

307 680 556 741 custodia
593 679 730 736 bene
770 692 890 734 esse
932 678 1201 735 versatilis
1252 689 1615 748 asseveratur,
1668 692 1766 750 pro
1819 693 1885 734 eo
1991 679 2145 733 nobis
2180 676 2463 735 illecebras
2502 678 2952 749 concupiscentia:
2987 678 3302 751 temporalis
3342 677 3579 735 insinuet

310 773 456 844 quod
485 771 809 843 quandoque
833 773 1045 827 veniret
1082 781 1296 842 tempus
1337 771 1587 828 utetiam
1620 771 1886 829 removeri

306 861 591 938 potuisset.
623 862 847 919 Remota
873 870 957 919 est
992 878 1226 935 namque
1250 864 1433 919 Enocb
1459 880 1488 919 a
1515 865 1890 935 peccatoribus

311 955 597 1021 translato,
632 960 835 1010 remota
862 952 978 1009 Elia
1004 955 1160 1024 igneo
1182 954 1235 1008 in
1268 968 1430 1010 curru
1453 963 1609 1026 rapto
1636 970 1650 1023 ;
1682 962 1889 1009 remota

308 1047 561 1100 omnibus
591 1045 794 1109 electis,
824 1061 948 1099 cum
980 1044 1205 1100 Domino
1230 1046 1525 1115 baptizato,
1579 1048 1743 1118 aperti
1768 1055 1890 1101 sunt

308 1140 355 1195 ei
375 1140 531 1205 creti;
571 1148 778 1195 remota
811 1139 938 1194 item
967 1138 1191 1210 singulis
1210 1139 1418 1207 electis,
1468 1154 1588 1196 cum
1634 1139 1890 1209 baptismi

307 1233 459 1290 ferite
478 1234 754 1299 lavantur;
786 1242 992 1288 remota
1025 1232 1215 1288 iisdem
1236 1230 1545 1303 perfectius,
1579 1247 1702 1287 cum
1729 1232 1889 1287 soluti

308 1339 339 1380 a
374 1325 606 1381 vinculis
632 1325 830 1389 carnis,
880 1325 946 1380 ad
986 1325 1220 1380 caelestis
1246 1325 1483 1395 paradisi
1509 1325 1737 1394 gloriam
1771 1324 1885 1394 qui—

309 1431 412 1484 que
435 1432 534 1471 suo
564 1424 802 1487 tempore
828 1415 1216 1471 conscendunt.
1273 1416 1403 1471 Item
1434 1417 1560 1486 quia
1608 1416 1889 1471 cherubim

307 1509 539 1562 scientia:
578 1507 880 1572 multitudo,
920 1509 1025 1563 sive
1076 1509 1293 1563 scientia
1334 1507 1680 1580 multiplicata
1718 1507 1889 1564 inter-

305 1606 575 1670 pretatur,
630 1599 767 1654 bene
802 1599 1083 1654 cherubim
1123 1608 1177 1654 et
1223 1596 1504 1653 flammeus
1556 1596 1767 1669 gladius
1818 1597 1885 1654 ad

1986 769 2167 842 gladio
2197 771 2414 841 spiritus
2450 770 2588 842 quod
2621 779 2697 826 est
2740 772 2952 827 verbum
2990 770 3088 827 Dei
3126 770 3343 845 (Ephes.
3373 770 3474 843 γι),
3532 772 3576 826 si

1989 861 2056 916 ad
2079 862 2279 934 lignum
2304 864 2446 931 vitae,
2463 864 2605 934 quod
2625 872 2709 921 est
2721 862 2981 920 Dominus
3001 863 3269 934 Christus,
3291 875 3579 937 penetrare

1988 954 2442 1024 boneupiscimus.
2492 955 2637 1011 Bene
2686 957 2938 1012 eumdem
2974 955 3212 1029 gladium
3267 956 3577 1013 versatilem

1988 1060 2109 1103 esse
2153 1044 2342 1112 refert,
2373 1052 2435 1101 ut
2482 1047 2686 1103 indicet
2736 1049 2964 1121 mystice
3012 1064 3122 1104 non
3156 1046 3314 1106 nobis
3363 1058 3579 1118 semper

1988 1138 2135 1195 hunc
2180 1141 2550 1196 necessarium
2581 1156 2699 1196 esse
2728 1140 3002 1213 gladium,
3044 1143 3161 1211 sed,
3213 1150 3273 1198 ut
3314 1143 3575 1215 scriptum

1989 1236 2090 1293 est,
2121 1239 2331 1301 tempus
2352 1244 2472 1287 esse
2493 1232 2640 1297 belli,
2673 1239 2887 1304 tempus
2918 1234 3067 1305 pacis
3102 1234 3385 1291 denuntiet
3410 1250 3424 1289 :
3450 1233 3577 1291 belli
3662 1266 3679 1281 .

1989 1321 2261 1387 videlicet,
2294 1339 2417 1378 cum
2445 1323 2501 1377 in
2528 1322 2688 1392 hujus
2716 1326 2841 1379 vitae
2863 1328 3041 1383 studio
3072 1328 3359 1383 adversum
3386 1343 3577 1385 aereas

1989 1420 2309 1483 potestates,
2361 1413 2445 1469 vel
2500 1415 2666 1470 etiam
2716 1426 2915 1472 nostrae
2977 1417 3177 1474 mentis
3216 1425 3270 1474 et
3319 1420 3576 1489 corporis

1989 1505 2146 1573 vitia,
2177 1516 2481 1574 certamus;
2514 1510 2668 1581 pacis
2701 1519 2907 1578 autem,
2938 1527 3061 1566 cum
3085 1511 3328 1583 perfecta
3348 1513 3581 1570 victoria

1989 1612 2335 1653 coronamur.
2371 1599 2496 1657 Haec
2545 1616 2675 1673 ergo
2730 1600 2795 1658 de
2846 1603 3123 1659 creatione
3169 1604 3354 1660 mundi
3413 1614 3578 1676 atque

307 1690 713 1747 Custodiendam
752 1693 893 1746 viam
922 1691 1051 1764 ligni
1079 1693 1206 1748 vitae
1255 1693 1550 1749 collocatus
1587 1708 1708 1749 esse
1759 1709 1886 1765 per-

304 1776 561 1850 hibetur;
603 1783 727 1853 quia
766 1782 1018 1838 nimirum
1066 1800 1165 1855 pcr
1190 1784 1487 1856 disciplinae
1532 1787 1687 1842 nobis
1714 1787 1889 1842 scien~

306 1870 439 1925 tiam
469 1868 725 1938 caelestis,
753 1879 806 1927 et
836 1887 933 1943 per
954 1872 1192 1928 laborem
1219 1874 1592 1944 temporalium
1638 1874 1885 1931 amictio-
1993 1887 2058 1928 ac
2100 1884 2315 1929 sensum
2363 1874 2604 1931 breviter
2640 1877 3011 1948 explauantes,
3086 1878 3285 1935 librum
3342 1878 3580 1950 primum

308 1977 461 2028 num,
514 1964 723 2017 reditus
758 1963 825 2019 ad
853 1980 1140 2034 supernam
1176 1965 1407 2035 patriam
1453 1972 1619 2035 patet,
1668 1980 1737 2022 ex
1776 1982 1884 2037 qua
1913 1958 1961 2023 B
1987 1962 2147 2037 hujus
2187 1968 2367 2039 operis
2396 1970 2497 2025 hoc
2519 1969 2638 2026 loco
2677 1973 2954 2027 terminari
2988 1971 3338 2038 censuimus;
3378 1978 3439 2028 ut
3475 1988 3580 2029 cae-

304 2067 404 2124 per
449 2053 732 2108 stultitiam
784 2055 1267 2125 praevaricationis,
1327 2070 1532 2130 perque
1592 2058 1888 2130 appetitum
1992 2064 2111 2115 tera
2149 2074 2269 2131 quae
2325 2059 2604 2133 Scriptura
2655 2079 2812 2120 sacra
2852 2073 2976 2135 post
3002 2062 3357 2137 dejectionem
3404 2064 3577 2121 Adam

307 2144 609 2201 carnalium
654 2145 991 2219 voluptatum
1046 2148 1413 2206 discessimus.
1470 2150 1539 2205 Et
1586 2151 1725 2206 bene
1779 2164 1889 2205 non
1993 2150 2061 2207 de
2099 2152 2354 2222 paradiso
2390 2164 2784 2213 commemorat
2817 2157 2972 2214 initio
3000 2158 3277 2230 sequentis
3300 2154 3427 2213 libri
3450 2172 3579 2213 con-

304 2236 624 2306 simpliciter
650 2236 939 2305 ﬂammam,
998 2241 1093 2296 sed
1123 2239 1359 2312 gladium
1399 2239 1533 2297 dicit
1575 2239 1887 2298 ﬂammeum
1992 2242 2296 2301 Sideremus

1988 1688 2224 1745 hominis
2247 1692 2632 1749 constitutione
2670 1694 2727 1748 in
2767 1697 3019 1766 paradiso
3065 1695 3423 1753 bistorialiter
3466 1698 3580 1754 sive

1991 1782 2364 1854 spiritualiter,
2428 1785 2722 1841 secundum
2766 1788 3029 1859 majorum
3077 1796 3387 1844 nostrorum
3437 1788 3578 1845 dicta

310 2383 3574 2423 Mm

1476 2491 1771 2573 LIBER
1827 2493 2396 2577 SECUNDUS.

821 2774 1053 2834 CAPUT
1077 2776 1369 2837 PRIMUM.

341 2887 419 2945 De
441 2888 666 2956 duobus,
704 2889 759 2944 id
787 2896 878 2955 est,
917 2889 1046 2946 Cain
1074 2902 1120 2947 et
1142 2893 1270 2948 Abel
1290 2894 1576 2969 fratribus;
1614 2900 1662 2951 ei
1698 2914 1851 2969 quem

681 2969 858 3032 typum
889 2976 1065 3016 eorum
1088 2973 1303 3035 uterque
1327 2966 1501 3037 gessit.

1992 2786 2113 2841 erit.
2145 2785 2252 2842 Sed
2283 2786 2378 2842 sub
2406 2796 2455 2842 te
2486 2789 2584 2844 erit
2604 2792 2867 2862 appetitus
2894 2791 3033 2862 ejus,
3056 2802 3103 2847 et
3138 2801 3195 2847 tu
3228 2794 3578 2855 dominaberis

1990 2874 2156 2934 illius.
2208 2876 2543 2938 Necessitate
2590 2884 2966 2955 compeliimur
3012 2884 3066 2940 in
3114 2885 3337 2959 singulis
3376 2889 3578 2946 diutius

1994 2970 2295 3028 immorari.
2335 2972 2613 3045 Siquidem
2647 2982 2701 3029 et
2722 2990 2866 3031 nunc
2892 2976 3062 3031 multo
3092 2976 3148 3031 in
3177 2976 3404 3034 Hebraeo
3441 2979 3578 3036 alius

409 3053 558 3127 (Car.
604 3055 705 3127 iv.)
755 3054 924 3111 Adam
971 3072 1097 3114 vero
1140 3064 1392 3132 cognovit
1432 3062 1631 3131 Herum
1668 3078 1885 3120 uxorem
1995 3076 2157 3135 quam
2200 3067 2255 3122 in
2289 3064 2639 3139 Septuaginta
2682 3068 3101 3126 translatoribus
3140 3084 3329 3127 sensus
3358 3076 3459 3127 est.
3490 3072 3581 3127 Ait

302 3162 454 3205 suam
471 3168 490 3217 ;
521 3168 637 3222 (μιαν
663 3154 894 3223 concepit
931 3163 980 3208 et
1010 3156 1205 3226 peperit
1231 3153 1381 3219 Cain,
1425 3155 1603 3212 dicens
1624 3171 1642 3208 :
1666 3154 1887 3212 Possedi
1992 3158 2140 3213 enim
2167 3158 2309 3215 Deus
2343 3160 2409 3215 ad
2437 3159 2570 3216 Cain
2595 3179 2607 3214 :
2643 3160 2821 3227 Quare
2863 3163 3126 3228 irasceris,
3150 3171 3198 3217 et
3220 3178 3380 3234 quare
3405 3163 3579 3217 conci-

302 3240 560 3295 hominem
587 3258 677 3313 per
700 3241 884 3297 Deum.
913 3242 1047 3299 Cain
1078 3243 1351 3315 acquisino
1376 3245 1489 3301 sive
1514 3247 1770 3317 possessio
1802 3247 1887 3302 ine
1912 3235 1957 3300 C
1989 3251 2067 3307 dit
2100 3252 2271 3309 vultus
2301 3255 2464 3309 tuus?
2498 3253 2689 3309 Nonne
2722 3257 2768 3310 si
2798 3250 2923 3311 bene
2948 3257 3112 3327 egeris
3133 3256 3424 3311 dimittetur
3446 3255 3579 3309 tibi?

300 3330 652 3400 terpretatur,
690 3328 744 3385 id
772 3338 884 3397 est,
917 3341 1096 3392 κτῆσις
1138 3333 1278 3387 unde
1302 3332 1684 3405 etymologiam
1714 3334 1884 3406 ipsius

1990 3350 2041 3401 et
2080 3345 2127 3398 si
2165 3358 2267 3400 non
2312 3345 2435 3400 bene
2480 3347 2680 3417 egeris,
2747 3354 2867 3401 ante
2925 3347 3064 3417 fores
3111 3352 3378 3417 peccatum
3428 3356 3589 3403 tuum.

301 3421 636 3491 exprimens,
667 3422 779 3477 ait:
816 3423 1018 3479 canithi
1048 3431 1229 3491 ηψπ),
1278 3425 1333 3480 id
1357 3434 1462 3493 est,
1490 3428 1694 3496 possedi
1718 3427 1888 3482 homi-

302 3522 422 3564 nem
456 3524 548 3581 per
570 3511 759 3566 Deum.

377 3602 708 3677 Rursumque
741 3609 937 3679 peperit
971 3609 1086 3681 ejus
1119 3611 1336 3681 fratrem
1368 3610 1514 3668 Abel.
1556 3612 1691 3670 Abel
1719 3614 1887 3672 inter-

297 3703 551 3767 pretatur
596 3697 788 3766 iactus,
828 3699 944 3758 sive
980 3704 1203 3770 vanitas,
1234 3702 1319 3759 vel
1348 3718 1508 3776 vapor
1537 3714 1628 3763 aut
1668 3707 1886 3765 misera-

299 3782 446 3840 bilis.

378 3874 510 3933 Fuit
537 3888 711 3936 autem
744 3880 874 3937 Abel
909 3892 1091 3954 pastor
1127 3886 1318 3953 ovium,
1361 3897 1409 3942 et
1447 3887 1581 3943 Cain
1628 3891 1882 3962 agricola.

301 3966 532 4024 Factum
568 3978 644 4026 est
682 3978 852 4027 autem
883 3984 998 4045 post
1035 3974 1227 4032 multos
1268 3978 1397 4045 dies,
1426 3989 1483 4034 ut
1514 3978 1722 4051 offerret
1752 3984 1888 4039 Cain

301 4061 368 4115 de
381 4061 637 4131 fructibus
665 4071 818 4120 terrre
836 4074 1054 4122 munera
1075 4069 1300 4125 Domino
1315 4089 1335 4137 ;
1353 4070 1480 4127 Abel
1503 4083 1677 4129 autem
1702 4074 1888 4130 obtulit

300 4150 367 4205 de
389 4137 751 4221 'primogenitis
778 4157 947 4227 gregis
974 4159 1090 4225 sui,
1133 4170 1181 4214 et
1215 4160 1281 4215 de
1308 4162 1549 4234 adipibus
1588 4179 1803 4232 eorum;
1839 4173 1891 4221 et

302 4243 525 4312 respexit
564 4243 817 4301 Dominus
868 4246 940 4301 ad
978 4247 1107 4304 Abel
1159 4260 1209 4305 et
1257 4252 1327 4306 ad
1368 4270 1587 4309 munera
1629 4256 1787 4326 ejus:
1816 4257 1888 4312 ad

282 4326 436 4388 Cain
464 4350 581 4389 vero
616 4345 665 4390 ct
685 4338 756 4391 ad
778 4354 996 4394 munera
1024 4341 1137 4411 ejus
1167 4358 1269 4398 non
1296 4348 1536 4417 respexit.
1567 4344 1722 4405 Unde
1748 4350 1889 4406 scire

300 4425 479 4495 potuit
514 4424 648 4481 Cain
690 4427 831 4497 quod
872 4426 1058 4488 fratris
1094 4444 1319 4490 munera
1368 4436 1696 4509 suscepisset
1721 4436 1884 4506 Deus,

301 4520 357 4569 et
392 4528 488 4570 sua
525 4516 879 4587 repudiasset,
916 4520 1021 4577 nisi
1061 4520 1151 4578 ilia
1192 4525 1567 4599 interpretatio
1602 4544 1733 4586 vera
1779 4539 1886 4601 est,

1988 3437 2206 3506 sedebit,
2235 3450 2282 3494 ‘et
2313 3440 2383 3494 ad
2417 3448 2465 3495 te
2486 3442 2706 3496 societas
2736 3438 2872 3512 ejus,
2902 3442 2991 3496 sed
3027 3450 3083 3495 tu
3109 3443 3276 3514 magis
3307 3442 3577 3496 dominare

1987 3524 2122 3600 ejus.
2157 3529 2310 3598 Quod
2350 3538 2531 3587 autem
2569 3530 2719 3598 dicit,
2762 3531 2938 3598 Quare
2960 3532 3222 3599 irasceris,
3264 3538 3320 3588 et
3362 3531 3578 3587 invidiae

1990 3618 2045 3674 in
2081 3619 2306 3676 Fratrem
2341 3621 2513 3678 livore
2552 3622 2847 3690 cruciatus,
2884 3622 3092 3678 vultum
3122 3618 3364 3679 demittis
3383 3623 3435 3677 in
3464 3630 3575 3677 ter-

1990 3712 2144 3765 ram?
2180 3711 2369 3767 Nonne
2396 3714 2439 3768 si
2462 3712 2586 3768 bene
2617 3713 2819 3784 feceris,
2846 3715 3138 3770 dimittetur
3165 3716 3258 3771 tibi
3287 3728 3448 3770 omne
3476 3713 3574 3771 de-

1988 3800 2221 3858 lictum?
2258 3804 2390 3870 sive,
2432 3812 2493 3859 ut
2518 3805 2866 3881 Theodotion.
2896 3807 2991 3872 ait,
3014 3805 3329 3877 acceptabile
3364 3806 3482 3874 erit,
3521 3804 3575 3860 id

1992 3902 2095 3961 est,
2128 3906 2324 3950 munus
2352 3902 2505 3951 tuum
2548 3895 2862 3967 suscipiam,
2894 3905 2955 3951 ut
2986 3897 3195 3968 sttscepi
3233 3908 3430 3951 munus
3458 3893 3572 3950 fra-

1992 3988 2094 4043 tris
2123 3987 2222 4042 t’ui.
2272 3984 2428 4055 Quod
2454 3989 2501 4045 si
2536 3988 2677 4044 male
2708 3990 2905 4061 egeris,
2938 3986 3083 4045 illico
3110 3996 3392 4061 peccatum
3421 3996 3574 4044 tuum

1991 4086 2117 4135 ante
2142 4078 2467 4137 vestibulum
2497 4081 2723 4149 sedebit,
2754 4090 2810 4137 et
2834 4081 2925 4137 tali
2948 4082 3184 4154 janitore
3209 4080 3573 4137 comitaberis.

1990 4170 2192 4230 Verum
2238 4175 2361 4247 quia
2408 4174 2565 4232 liberi
2619 4172 2831 4230 arbitrii
2876 4191 2955 4242 es,
3002 4184 3197 4232 maneo
3240 4182 3302 4230 ut
3341 4186 3449 4230 non
3496 4174 3573 4229 tui

1987 4272 2295 4337 peccatum,
2328 4268 2421 4325 'sed
2459 4272 2514 4324 tu
2540 4277 2764 4342 peccato
2812 4269 3126 4325 domineris.
3174 4266 3329 4337 Quod
3352 4280 3483 4323 vero
3518 4265 3572 4319 in

1990 4356 2344 4430 Septuaginta
2372 4358 2572 4430 legitur
2597 4377 2611 4413 :
2636 4360 2783 4415 Dixit
2812 4359 3069 4414 Dominus
3104 4359 3174 4414 ad
3204 4357 3371 4414 Cain:
3398 4355 3575 4423 Quare

1990 4448 2155 4502 tristis
2174 4448 2343 4518 factus
2379 4448 2471 4504 es?
2503 4458 2551 4504 et
2584 4460 2747 4520 quare
2773 4450 2999 4504 concidit
3026 4449 3188 4520 facies
3223 4447 3354 4502 tua?
3384 4444 3576 4500 Nonne

1991 4532 2038 4594 si
2077 4549 2212 4595 recte
2248 4540 2459 4609 biferas,
2506 4548 2640 4595 recte
2679 4549 2852 4595 autem
2902 4556 3005 4595 non
3042 4540 3271 4605 dividas,
3310 4536 3577 4610 peccasti?

301 4614 465 4677 quam
496 4606 832 4701 Theodotion
859 4613 1039 4682 posuit
1078 4631 1093 4671 :
1135 4612 1205 4671 Et
1248 4618 1593 4688 inﬂammavit
1624 4620 1884 4679 Dominus
1910 4624 1965 4686 D
1992 4629 2118 4701 quia
2161 4606 2488 4686 noni—elucet
2532 4645 2629 4684 cur
2670 4630 2755 4685 vel
2800 4629 2943 4685 unde
2986 4632 3054 4685 sit
3101 4606 3328 4695 dictum,
3376 4620 3573 4683 multos

300 4704 459 4770 super
484 4700 610 4754 Abel
639 4710 688 4755 et
709 4702 1025 4772 sacriﬁcium
1054 4705 1202 4776 ejus;
1228 4724 1381 4779 super
1400 4709 1536 4769 Cain
1569 4728 1687 4768 vero
1716 4723 1766 4770 et
1794 4730 1885 4771 su-

299 4808 396 4865 per
430 4796 752 4865 sacrificium
785 4797 899 4869 ejus
939 4810 1043 4855 non
1069 4802 1435 4872 inﬂammavit.
1486 4805 1669 4879 Ignem
1703 4817 1885 4865 autem

300 4887 371 4942 ad
398 4886 723 4943 sacrificium
760 4886 1124 4948 devorandum
1161 4892 1377 4950 solitum
1406 4898 1595 4956 venire
1624 4900 1689 4957 de
1721 4900 1879 4966 coelo,

302 4977 359 5035 et
397 4974 454 5033 in
495 4979 832 5037 dedicatione
874 4982 1061 5055 templi
1100 4985 1203 5041 sub
1223 4984 1511 5045 Salomone
1548 4988 1799 5063 legimus,
1830 5001 1886 5049 et

302 5070 520 5140 quando
542 5069 688 5127 Eiias
735 5072 792 5128 in
840 5082 1022 5131 monte
1067 5074 1319 5134 Carmelo
1357 5083 1660 5138 construxit
1688 5083 1880 5141 altare.

300 5158 386 5216 Ab
432 5161 800 5232 omnipotente
846 5172 1077 5238 namque
1112 5164 1224 5226 Deo
1248 5182 1446 5229 munus
1482 5187 1551 5229 ex
1571 5188 1736 5231 manu
1775 5190 1885 5233 non

304 5251 591 5322 accipitur,
629 5254 772 5324 quod
809 5256 972 5312 corde
1000 5257 1232 5330 obligato
1264 5261 1319 5316 in
1354 5262 1559 5319 malitia
1587 5262 1881 5337 profertur.

303 5341 565 5399 "undare
616 5346 815 5403 etenim
862 5349 1013 5425 prius
1059 5350 1218 5408 debet
1263 5355 1523 5424 animum,
1555 5357 1648 5429 qui
1688 5372 1886 5417 munus

300 5432 502 5491 eterra
548 5436 663 5493 vult
706 5438 840 5505 Deo,
894 5442 1017 5510 quia
1065 5458 1226 5501 omne
1270 5446 1415 5518 quod
1458 5448 1621 5506 datur
1652 5450 1786 5521 Deo,
1818 5460 1885 5508 et

302 5524 489 5584 dantis
515 5537 696 5585 mente
723 5538 999 5602 pensatur.

376 5618 660 5695 [ratusque
692 5633 770 5679 est
804 5620 939 5679 Cain
978 5626 1313 5695 vehanenter,
1360 5639 1411 5686 et
1449 5634 1674 5690 concidit
1715 5638 1885 5696 vultus

303 5712 442 5784 ἔμε.
482 5714 553 5770 Et
582 5717 716 5773 dixit
740 5714 996 5773 Dominus
1028 5719 1099 5773 ad
1121 5736 1240 5775 eum
1263 5735 1281 5775 :
1308 5720 1486 5790 Quare
1521 5729 1691 5785 iratus
1733 5748 1805 5799 es,
1837 5742 1888 5788 et

305 5806 406 5859 cur
429 5808 654 5862 concidit
676 5809 835 5879 facies
854 5810 987 5865 tua?
1014 5810 1204 5867 Nonne
1228 5816 1274 5869 si
1294 5816 1418 5871 bene
1444 5822 1610 5890 egeris
1634 5824 1889 5895 recipies?

301 5898 390 5953 sin
406 5904 592 5955 υκαι
607 5900 770 5969 male,
788 5903 966 5958 statim
990 5906 1048 5958 in
1076 5901 1274 5961 foribus
1297 5919 1568 5978 peccatum
1604 5923 1751 5971 tuum
1790 5915 1889 5972 ad-

1987 4732 2181 4775 sensus
2214 4718 2427 4790 peperit
2462 4718 2542 4775 eis
2579 4719 2903 4786 obscuritas,
2936 4734 3058 4775 cum
3084 4718 3390 4774 divinarum
3423 4716 3572 4773 Scri-

1986 4817 2271 4882 pturarum
2301 4812 2529 4881 quisque
2558 4819 2825 4868 tractator
2854 4811 3150 4868 secundum
3176 4810 3301 4869 fidei
3330 4812 3571 4885 regulam

1989 4900 2045 4956 id
2070 4910 2297 4957 conatur
2325 4912 2614 4975 exponere.
2667 4896 2835 4960 Reate
2868 4902 3064 4976 Quippe
3106 4902 3331 4963 offertur
3365 4903 3575 4960 sacrifi-

1988 4992 2131 5048 cium
2159 4991 2268 5048 Deo
2296 5004 2448 5060 vero,
2494 4993 2580 5049 cui
2610 4992 2704 5051 uni
2741 4992 3113 5055 tantummodo
3156 4995 3572 5053 sacriﬁcandum

1988 5088 2104 5153 est;
2142 5096 2251 5140 non
2282 5092 2463 5141 autem
2493 5094 2644 5142 recte
2669 5082 2943 5152 dividitur,
2974 5086 3100 5145 dum
3125 5102 3232 5143 non
3259 5086 3572 5142 discernun-

1988 5180 2081 5232 tur
2119 5185 2268 5233 recte
2301 5172 2386 5232 vel
2425 5177 2560 5243 ioca,
2601 5172 2686 5233 vei
2730 5186 2994 5250 tempora,
3038 5178 3122 5236 vel
3160 5179 3290 5249 ipsae
3327 5190 3415 5234 res
3451 5188 3572 5248 quas

1989 5264 2321 5337 oderantur;
2374 5270 2460 5325 vel
2505 5270 2598 5342 qui
2643 5266 2820 5337 offert,
2864 5278 2919 5327 et
2960 5271 3050 5326 cui
3094 5269 3348 5338 oli‘ertur;
3383 5269 3471 5326 vel
3517 5270 3573 5326 in

1988 5358 2184 5432 quibus
2212 5360 2281 5417 ad
2304 5362 2633 5418 vescendum
2660 5352 3001 5419 distribuitur
3028 5362 3172 5433 quod
3197 5361 3436 5418 oblatum
3464 5370 3569 5429 est,

1987 5456 2052 5508 ut
2082 5451 2405 5510 divisionem
2449 5452 2539 5511 hic
2584 5453 2966 5510 discretionem
3017 5454 3414 5529 intelligamus;
3456 5456 3569 5513 sive

1992 5560 2115 5602 cum
2137 5543 2362 5602 oti‘ertur
2391 5546 2484 5602 ubi
2518 5562 2627 5603 non
2655 5552 2885 5618 oportet,
2909 5546 3004 5602 au't
3029 5550 3170 5619 quod
3210 5560 3315 5605 non
3352 5547 3451 5616 ibi,
3476 5549 3571 5605 sed

1991 5639 2123 5697 alibi
2151 5648 2394 5712 Oportet;
2429 5642 2542 5698 sive
2571 5658 2695 5698 cum
2718 5640 2942 5699 oil‘ermr
2964 5644 3178 5714 quando
3204 5661 3312 5701 non
3335 5648 3569 5715 opertet,

1992 5742 2089 5790 aut
2116 5735 2258 5806 quod
2298 5752 2406 5793 non
2444 5744 2589 5802 tunc,
2621 5736 2714 5792 sed
2756 5736 2890 5793 alias
2917 5744 3158 5809 oportet;
3196 5739 3313 5794 sive
3351 5748 3473 5793 cum
3518 5733 3573 5788 id

1992 5825 2219 5884 odertur
2244 5827 2385 5897 quod
2414 5840 2680 5897 nusquam
2713 5834 2768 5883 et
2802 5844 3073 5901 nunquam
3111 5832 3326 5902 penitus
3348 5825 3564 5892 debuit;

1994 5918 2111 5980 sive
2135 5930 2260 5978 cum
2288 5918 2545 5977 electiora
2577 5920 2681 5979 sibi
2704 5918 2944 5993 ejusdem
2973 5924 3187 5994 generis
3210 5930 3395 5984 rerum
3421 5926 3577 5981 tenet
