3974 6446
463 428 570 486 503

1105 429 1166 484 B.
1208 427 1464 484 RABANI
1504 427 1724 484 MAUBI
1762 425 2079 481 ARClllEP.
2125 425 2432 484 MOGUNT.
2474 427 2758 486 OPERUM
2791 427 2970 484 PARS
3019 425 3058 481 Ι.

3619 430 3722 484 504

459 513 624 596 homo
660 554 824 611 quam
862 544 1086 595 sunt-ea
1129 555 1251 610 qua:
1295 538 1452 595 oll‘ert
1477 538 1617 603 Deo;
1651 535 1914 605 sive'ejus
1957 536 2034 590 rei
2063 539 2343 598 Arentur.
2399 539 2552 595 Nunc
2597 550 2775 596 autem
2826 543 3136 611 ignorantes
3186 538 3278 595 Dei
3321 540 3620 608 justitiam,
3667 552 3724 598 et

460 649 582 705 quae
620 634 798 689 oblata
837 641 920 688 est
939 632 1019 686 ‘ﬁt
1053 633 1326 703 particeps
1369 630 1628 702 profanus
1663 639 1755 704 aut
1790 629 2031 699 quilibet,

459 739 621 794 quem
655 723 734 778 fas
758 737 866 778 non
896 731 979 778 est
1013 721 1149 778 ﬁeri.
1190 722 1248 776 In
1275 737 1382 792 quo
1417 729 1598 776 autem
1630 722 1820 776 horum
1850 719 2036 790 displi-

457 814 632 868 cuerit
675 812 807 869 Cain
856 814 997 879 Deo,
1046 813 1202 868 facile
1247 829 1354 868 non
1399 821 1577 882 potest
1621 813 1863 868 inveniri.
1928 811 2034 866 Sed

455 904 711 973 quoniam
758 903 992 959 Joannes
1037 905 1330 974 apostolus,
1384 919 1506 958 cum
1550 905 1616 960 de
1661 904 1744 959 his
1778 901 2034 958 fratribus

453 995 784 1066 loqueretur.
825 994 948 1049 Non
974 996 1132 1060 sicut,
1166 997 1360 1065 inquit,
1389 993 1522 1049 Cain
1553 994 1874 1064 caumaligno
1899 1001 2032 1055 erat,

453 1096 501 1140 et
538 1087 724 1141 occidit
759 1086 977 1156 fratrem
1011 1103 1184 1140 suum.
1219 1085 1296 1151 Et,
1318 1086 1470 1154 cujus
1498 1085 1571 1140 rei
1597 1086 1772 1156 gratia
1808 1084 2036 1138 occidit?

455 1179 581 1249 quia
614 1194 769 1248 opera
805 1176 949 1233 illius
979 1178 1211 1248 maligna
1239 1176 1475 1246 fuerunt,
1505 1176 1686 1246 fratris
1715 1185 1888 1229 autem
1921 1176 2035 1244 ejus

443 1269 595 1339 justa
644 1269 694 1342 (1
721 1268 883 1324 Joan.
925 1268 1030 1340 ιιι).
1076 1268 1245 1322 Datur
1291 1283 1420 1338 ergo
1475 1265 1698 1337 intelligi
1749 1273 2034 1335 propterea

453 1376 561 1416 non
610 1361 912 1430 respexisse
936 1359 1225 1414 Dominum
1271 1359 1328 1413 in
1365 1373 1560 1412 munus
1605 1355 1739 1425 ejus,
1772 1356 1897 1425 quia
1933 1356 2037 1411 hoc

453 1454 572 1523 ipso
613 1453 754 1508 male
798 1453 1088 1516 dividebat,
1129 1452 1265 1522 dans
1307 1452 1417 1507 Deo
1466 1450 1667 1520 aliquid
1702 1465 1881 1513 suum,
1932 1448 2036 1503 sibi

453 1554 637 1601 autem
678 1546 933 1616 seipsum.
981 1545 1134 1614 Quod
1168 1560 1358 1621 omnes
1399 1543 1626 1611 faciunt,
1653 1544 1745 1614 qui
1784 1558 1888 1598 non
1918 1543 2034 1608 Dei,

451 1636 547 1691 sed
589 1651 743 1691 suam
787 1644 1058 1692 sectantes
1096 1635 1451 1700 voluntatem,
1503 1635 1556 1689 id
1590 1643 1692 1700 est,
1733 1649 1839 1688 non
1886 1641 2036 1688 recto

448 1728 544 1783 sed
586 1742 847 1798 perverso
889 1729 1052 1784 corde
1094 1729 1388 1792 venientes,
1431 1725 1664 1781 offerunt
1706 1733 1886 1780 tamen
1922 1725 2035 1779 Deo

449 1836 668 1886 munus,
700 1835 807 1892 quo
836 1828 1030 1892 putant
1057 1835 1180 1876 eum
1220 1820 1435 1885 redimi,
1463 1829 1524 1874 ut
1549 1833 1738 1874 eorum
1775 1832 1882 1872 non
1917 1816 2036 1886 opi-

2137 643 2290 684 suam
2326 631 2566 688 volentes
2604 632 2963 698 constituere,
3009 631 3133 686 elati
3169 631 3234 685 de
3270 632 3528 700 operibus
3565 632 3718 700 legis,

2135 736 2242 776 non
2282 723 2546 778 humiliati
2573 724 2639 779 de
2662 723 2902 793 peccatis
2942 723 3075 788 suis,
3107 737 3217 776 non
3243 723 3594 794 quieverunt,
3628 724 3722 779 sed

2135 813 2473 870 offenderunt
2515 817 2569 870 in
2618 815 2848 887 lapidem
2891 815 3237 882 offensionis,
3293 824 3355 872 et.
3389 827 3724 872 διέλιπε-ωλι

2135 905 2408 962 iracundia
2457 907 2713 962 adversus
2747 907 3043 972 Christum,
3081 904 3235 975 cujus
3261 922 3428 976 opera
3471 908 3724 969 ridentes

2137 997 2247 1051 Deo
2294 1006 2515 1066 accepta
2555 1012 2696 1063 esse,
2743 997 3048 1052 doluerunt.
3115 997 3316 1070 (Ct-eg.)
3362 998 3727 1069 Tropologice

2138 1097 2318 1144 autem
2366 1099 2512 1147 recte
2549 1091 2793 1158 offertur,
2824 1109 2944 1149 cum
2988 1102 3130 1149 recta
3176 1095 3473 1150 intentione
3520 1095 3726 1164 aliquid

2137 1169 2345 1253 agitur;
2378 1185 2472 1240 sed
2501 1199 2608 1240 non
2643 1195 2790 1240 recte
2815 1187 3089 1250 dividitur,
3119 1187 3165 1242 si
3194 1203 3302 1242 non
3328 1188 3431 1244 hoc
3460 1189 3614 1258 quod
3642 1190 3726 1258 pie

2139 1275 2337 1345 agitur,
2387 1277 2553 1331 etiam
2599 1278 2868 1341 subtiliter
2913 1279 3270 1334 discernatur.
3333 1279 3532 1336 Oblata
3579 1281 3725 1335 enim

2137 1375 2284 1422 recte
2311 1367 2564 1431 dividere,
2597 1376 2681 1422 est
2710 1368 2962 1438 quaelibet
2982 1371 3121 1424 bona
3147 1378 3335 1426 nostra
3359 1372 3544 1426 studia
3575 1373 3725 1427 solli-

2138 1457 2242 1511 cite
2270 1456 2624 1514 discernendo
2662 1474 2890 1528 pensare
2925 1475 2937 1513 :
2967 1460 3118 1530 ‘quod
3149 1460 3404 1516 nimirum
3436 1462 3533 1531 qui
3565 1477 3726 1532 agere

2139 1543 2459 1610 dissimulat,
2500 1544 2662 1599 etiam
2690 1553 2835 1600 recte
2860 1544 3094 1600 oﬁ‘erens
3122 1553 3329 1615 peccat.
3381 1544 3546 1616 Saepe
3569 1562 3727 1600 nam-

2139 1648 2246 1704 que
2282 1642 2337 1690 et
2379 1635 2522 1703 quod
2554 1634 2696 1690 bono
2737 1636 2916 1690 studio
2959 1636 3216 1706 gerimus,
3245 1637 3372 1691 dum
3409 1636 3727 1692 discernere

2139 1738 2296 1783 caute
2318 1727 2657 1799 negligimus,
2673 1743 2780 1799 quo
2793 1728 3068 1798 judicetur
3082 1730 3197 1784 sine
3210 1728 3316 1784 ﬁne
3335 1729 3650 1792 nescimus;
3677 1739 3732 1782 et

2138 1834 2525 1889 nonnunquam
2563 1820 2665 1875 hoc
2703 1819 2763 1874 ﬁt
2796 1829 2978 1876 reatus
3013 1821 3277 1886 criminis,
3326 1820 3475 1890 quod
3505 1829 3729 1891 putatur

448 1912 654 1968 tuletur
700 1914 959 1968 sanandis
999 1912 1182 1983 pravis
1218 1912 1626 1983 cupiditatibus,
1665 1909 1760 1965 sed
1804 1909 2032 1980 explen-
2058 1895 2108 1956 Β
2137 1924 2302 1964 causa
2324 1909 2561 1964 virtutis.
2599 1910 2765 1966 Recte
2791 1925 2920 1981 ergo
2955 1908 3251 1976 offerimus,
3280 1925 3405 1966 cum
3442 1910 3590 1964 bono
3615 1921 3729 1964 stuv

450 2004 534 2060 dis
560 2023 573 2034 ο
614 2013 670 2060 et
716 2005 819 2060 hoc
852 2013 938 2061 est
966 2013 1196 2061 terrenae
1239 2006 1519 2076 proprium
1567 2004 1824 2070 civitatis,
1870 2003 2030 2060 deum

448 2097 534 2152 vel
559 2099 689 2153 deos
715 2097 893 2153 colere
931 2098 1127 2167 quibus
1153 2097 1532 2168 adjuvantibus
1561 2106 1750 2170 regnet
1780 2098 1835 2152 in
1862 2097 2032 2152 victo-

447 2192 547 2248 riis
574 2199 629 2247 et
668 2207 801 2262 pace
828 2199 1066 2257 terrena,
1107 2207 1215 2248 non
1259 2193 1523 2249 charitate
1568 2191 1900 2257 consulendi,
1935 2190 2031 2247 sed

447 2285 759 2340 dominandi
799 2283 1114 2356 cupiditate.
1164 2284 1298 2340 Boni
1333 2285 1530 2354 quippe
1563 2282 1630 2338 ad
1670 2284 1774 2338 hoc
1807 2290 2033 2337 utuntur

449 2377 673 2441 mundo,
697 2385 756 2432 ut
776 2375 1026 2432 fruantur
1037 2376 1180 2443 Deo;
1209 2376 1337 2431 mali
1365 2384 1544 2430 autem
1568 2383 1755 2430 contra
1775 2383 1834 2428 ut
1854 2374 2034 2429 fruan-

446 2478 537 2524 tur
558 2471 783 2536 mundo,
818 2472 898 2526 uti
922 2471 1110 2525 volunt
1133 2470 1265 2536 Deo,
1289 2469 1381 2539 qui
1412 2478 1595 2525 tamen
1624 2483 1747 2524 eum
1775 2467 1859 2522 vel
1887 2481 2029 2534 esse,

445 2561 531 2617 vel
555 2575 646 2616 res
674 2562 941 2618 humanas
969 2577 1162 2618 curare
1191 2578 1298 2617 non
1322 2562 1566 2617 credunt.

513 2650 765 2724 Dixitque
791 2651 926 2707 Cain
967 2652 1038 2707 ad
1068 2651 1196 2707 Abel
1236 2652 1454 2722 fratrem
1497 2667 1670 2717 suum,
1713 2649 2032 2707 subauditur

442 2759 507 2800 ea
537 2760 660 2816 quae
691 2745 903 2802 locutus
936 2753 1021 2801 est
1045 2745 1324 2802 Dominus.
1374 2743 1716 2814 Superﬁuum
1757 2752 1842 2800 est
1877 2758 2029 2816 ergo,

444 2837 590 2907 quod
638 2837 692 2891 in
716 2835 1187 2893 Samaritanorum
1231 2846 1287 2891 et
1313 2842 1499 2892 nostro
1523 2834 1799 2891 volumine
1826 2834 2033 2905 reperi-

441 2919 568 2984 tur:
593 2926 945 2984 Transeamus
968 2931 1025 2984 in
1054 2945 1315 2998 campum.

518 3016 752 3090 Cumque
775 3030 941 3074 essent
967 3021 1023 3073 in
1050 3036 1200 3091 agro,
1225 3016 1454 3074 surrexit
1479 3016 1612 3072 Cain
1633 3017 1883 3072 adversus
1903 3014 2031 3072 Abel

445 3110 666 3181 fratrem
701 3127 878 3175 suum,
905 3120 952 3165 et
979 3110 1238 3179 interfecit
1269 3125 1410 3175 eum,
1437 3118 1493 3164 et
1517 3117 1734 3165 ctetera.
1765 3109 2030 3166 Nativitas

443 3201 672 3256 duorum
699 3201 932 3257 ﬁliorum
956 3201 1149 3268 Adam,
1180 3199 1585 3256 similitudinem
1616 3199 1778 3254 habet
1799 3198 2029 3253 duorum

2137 2003 2226 2058 dio
2256 2004 2456 2058 bonum
2494 2016 2630 2072 opus
2665 2002 2908 2074 agimus;
2956 2001 3052 2057 sed
3093 2011 3241 2057 recte
3273 2017 3379 2056 non
3411 1999 3727 2064 dividimus,

2135 2096 2182 2151 si
2209 2096 2411 2151 habere
2437 2095 2817 2151 discretionem
2861 2094 2915 2148 in
2951 2094 3095 2150 bono
3119 2108 3282 2164 opere
3308 2099 3727 2162 postponamus.

2134 2189 2319 2259 Itaque
2353 2197 2480 2259 post
2505 2188 2620 2244 haec
2647 2188 2912 2243 occiditur
2936 2185 3070 2242 A'bel
3104 2187 3282 2241 minor
3308 2195 3462 2249 natu,
3495 2199 3530 2238 a
3560 2182 3729 2238 fratre

2134 2278 2340 2348 majore
2363 2287 2516 2334 natu.
2563 2277 2840 2334 Occiditur
2866 2277 3114 2334 Christus
3155 2285 3319 2348 caput
3361 2275 3598 2331 minoris
3637 2289 3730 2344 po-

2132 2372 2245 2444 puli
2276 2381 2427 2437 natu,
2469 2387 2500 2427 a
2525 2371 2723 2443 populo
2744 2371 3054 2427 Judaeorum
3093 2371 3316 2442 majoris
3341 2379 3492 2424 natu.
3556 2368 3649 2423 Ille
3674 2368 3728 2422 in

2135 2477 2364 2534 campo,
2418 2465 2519 2520 iste
2566 2466 2619 2519 in
2662 2462 2926 2520 Calvariae
2974 2463 3114 2519 loco.
3183 2461 3368 2534 (Isid.)
3423 2461 3730 2531 Interroga:

2133 2555 2277 2613 Deus
2298 2555 2453 2624 Cain,
2486 2572 2592 2612 non
2626 2564 2883 2627 tanquam
2919 2557 3138 2628 ignarus
3166 2569 3289 2610 eum
3319 2570 3349 2608 a
3381 2568 3491 2622 quo
3532 2553 3726 2616 discat,

2133 2649 2229 2706 sed
2267 2658 2525 2720 tanquam
2556 2647 2722 2719 judex
2760 2663 2934 2714 reum,
2964 2661 3125 2717 quem
3159 2645 3368 2716 puniat,
3393 2643 3488 2699 ubi
3520 2642 3595 2698 sit
3624 2641 3730 2696 fra-

2136 2751 2218 2798 ter
2233 2735 2382 2814 'ejus.
2416 2744 2716 2814 Respondit
2757 2743 2848 2798 ille
2877 2742 3087 2798 nescire
3121 2756 3202 2806 se,
3230 2755 3335 2796 nec
3369 2740 3489 2810 ejus
3513 2753 3576 2793 se
3607 2751 3729 2793 esse

2135 2837 2433 2892 custodem.
2462 2835 2644 2906 Usque
2667 2851 2813 2891 nunc
2841 2835 2969 2906 quid
3000 2833 3327 2904 respOndent
3351 2829 3511 2884 nobis
3530 2827 3727 2892 Judaei,

2133 2943 2260 2985 cum
2290 2941 2385 2983 eos
2409 2927 2526 2993 Dei,
2561 2928 2665 2984 hoc
2695 2935 2780 2983 est
2812 2936 3126 2983 sanctarum
3157 2924 3568 2993 Scripturarum
3597 2935 3727 2976 voce

2134 3019 2535 3091 interrogamus
2572 3019 2640 3074 de
2673 3018 2924 3075 Christo?
2966 3017 3044 3071 Illi
3088 3015 3302 3072 nescire
3346 3029 3405 3069 se
3445 3012 3726 3068 Christum

2134 3113 2482 3183 respondent.
2540 3111 2724 3166 Fallax
2765 3111 2909 3167 enim
2945 3109 3077 3166 Cain
3114 3107 3383 3179 ignoratio
3409 3104 3726 3160 Iudaeorum

2135 3212 2220 3258 est
2247 3203 2383 3258 falsa
2410 3203 2644 3274 negatio.
2670 3203 2870 3258 Essent
2891 3209 3072 3257 autem
3097 3196 3496 3270 quodammodo
3519 3196 3724 3252 Christi

439 3291 783 3363 populorum,
811 3292 906 3362 qui
944 3299 1102 3347 erant
1127 3291 1360 3347 diversis
1400 3290 1732 3360 temporibus
1766 3289 1834 3344 ad
1867 3289 2028 3345 ﬁdem
2055 3278 2101 3342 C
2133 3293 2406 3358 custodes,
2439 3293 2486 3348 si
2511 3291 2872 3349 Christianam
2904 3289 3063 3346 ﬁdem
3091 3289 3336 3358 accipere
3364 3295 3420 3343 et
3445 3287 3726 3343 custodire

441 3386 678 3453 venturi,
703 3386 822 3457 pari
848 3400 1011 3458 opere
1035 3393 1092 3442 et
1115 3386 1365 3442 dissimili
1396 3385 1666 3442 charitate
1690 3393 1816 3440 ante
1834 3385 2026 3441 Deum.

441 3474 571 3534 Fuit
609 3488 785 3532 autem
819 3477 946 3532 Abel
977 3487 1158 3548 pastor
1180 3478 1374 3543 ovium,
1397 3486 1446 3530 et
1467 3477 1600 3533 Cain
1633 3477 1885 3548 agricola.
1922 3477 2030 3533 Sed

442 3568 586 3624 sicut
636 3568 769 3624 Cain
815 3569 1142 3633 sacriﬁcium
1204 3585 1271 3624 ex
1316 3577 1476 3624 terrae
1525 3569 1791 3625 fructibus
1841 3583 2029 3640 repro-

438 3659 619 3725 batur,
652 3657 788 3716 Abel
835 3669 1016 3716 autem
1061 3661 1392 3716 sacriﬁcium
1436 3675 1505 3716 ex
1534 3660 1725 3716 ovibus
1753 3669 1807 3716 et
1840 3676 2027 3716 earum

440 3751 598 3821 adipe
633 3750 948 3822 suscipitur,
993 3751 1069 3806 ita
1107 3750 1241 3806 Novi
1277 3751 1611 3807 Testamenti
1649 3750 1804 3818 ﬁdes,
1846 3766 1914 3806 ex
1945 3753 2027 3807 in-

439 3841 706 3899 nocentia:
758 3844 936 3916 gratia
960 3843 1129 3901 Deum
1178 3844 1424 3912 laudans,
1453 3845 1664 3901 Veteris
1693 3845 2027 3903 Testamenti

436 3937 671 3991 terrenis
697 3935 952 4006 operibus
984 3937 1351 4007 anteponitur.
1393 3937 1541 3991 Dixit
1590 3937 1732 3992 Deus
1760 3938 1830 3992 ad
1859 3937 2026 3993 Cain:

437 4027 496 4082 Si
525 4037 660 4082 recte
686 4029 901 4097 offeras,
928 4037 978 4083 et
996 4038 1131 4085 recte
1151 4046 1256 4084 non
1281 4030 1506 4096 dividas,
1533 4032 1780 4100 peccasti,
1812 4032 2021 4102 utique,

434 4119 561 4188 quia
590 4127 645 4174 et
680 4121 725 4174 si
757 4127 917 4174 antea
943 4117 1112 4175 Judaei
1161 4128 1312 4176 recte
1347 4129 1496 4176 recta
1542 4121 1631 4176 illa
1669 4123 1937 4193 fecerunt,
1969 4125 2025 4180 in

436 4225 498 4265 ea
527 4218 710 4264 tamen
732 4209 1064 4266 inﬁdelitatis
1090 4210 1169 4265 rei
1184 4219 1328 4278 sunt,
1342 4213 1488 4280 quia,
1513 4211 1731 4270 Christo
1751 4217 2023 4283 veniente,

430 4300 544 4369 jam
560 4308 769 4370 tempus
786 4299 922 4356 Novi
935 4301 1266 4358 Testamenti
1295 4319 1324 4358 a
1355 4314 1597 4374 tempore
1613 4307 1825 4364 Veteris
1836 4309 2026 4366 Testa-

434 4389 605 4446 menti
647 4405 756 4446 non
779 4391 1160 4447 distinxerunt.
1193 4392 1328 4461 Quia
1356 4396 1496 4451 sicut
1521 4397 1567 4452 si
1595 4399 2026 4470 obtemperasset

432 4480 570 4536 Cain
589 4479 702 4537 Deo
730 4481 932 4537 dicenti
962 4500 975 4536 :
1004 4483 1257 4551 Quiesce,
1287 4486 1384 4541 sub
1412 4496 1460 4541 te
1481 4490 1580 4542 erit
1603 4490 1860 4559 appetitus
1884 4492 2021 4562 ejus,

2131 3382 2445 3438 voluissent.

2201 3475 2348 3530 Dixit
2371 3475 2513 3531 Deus
2547 3476 2617 3530 ad
2648 3472 2821 3530 Cain:
2848 3474 2988 3542 Quid
3019 3473 3232 3545 fecisti?
3284 3471 3402 3528 Vos:
3447 3471 3722 3544 sanguinis

2131 3567 2312 3636 fratris
2337 3568 2415 3623 tui
2442 3567 2636 3622 clamat
2667 3568 2736 3622 ad
2765 3585 2846 3622 me
2873 3568 2937 3622 de
2965 3576 3127 3622 terra.
3155 3565 3250 3623 Sic
3272 3565 3456 3638 arguit
3483 3565 3538 3621 in
3571 3565 3722 3620 Scri-

2129 3659 2304 3728 pturis
2339 3658 2545 3714 sanctis
2577 3673 2680 3714 vox
2710 3659 2892 3714 divina
2919 3656 3166 3724 Iudaeos;
3220 3657 3386 3713 habet
3413 3657 3568 3712 enim
3609 3671 3722 3710 ma-

2131 3762 2293 3818 gnam
2313 3763 2500 3804 vocem
2527 3748 2725 3806 Christi
2768 3751 2990 3821 sanguis
3024 3750 3077 3804 in
3105 3757 3249 3805 terra
3280 3764 3424 3816 cum,
3473 3764 3540 3804 eo
3569 3763 3720 3804 acce-

2129 3846 2246 3910 pto,
2280 3838 2348 3894 ab
2384 3839 2637 3896 omnibus
2683 3842 2934 3912 gentibus
2979 3839 3335 3911 respondetur
3369 3854 3551 3894 amen.
3596 3838 3720 3893 Haec

2129 3943 2214 3991 est
2246 3950 2353 4005 vos,
2385 3935 2552 4002 clara,
2593 3949 2700 3991 vox
2760 3935 3069 4008 sanguinis,
3125 3950 3290 4006 quam
3337 3935 3563 4007 sanguis
3609 3935 3720 4005 ipse

2129 4031 2386 4100 exprimit
2430 4045 2498 4086 ex
2543 4045 2640 4087 ore
2676 4030 2914 4087 ﬁdelium
2958 4031 3150 4087 eodem
3196 4029 3460 4101 sanguine
3511 4029 3720 4084 redem-

2126 4127 2345 4191 ptorum
2363 4138 2377 4176 :

2198 4213 2342 4268 Dicit
2365 4213 2511 4269 Deus
2537 4214 2607 4270 ad
2629 4214 2760 4270 Cum
2785 4232 2804 4269 :
2837 4212 3153 4269 Maledictus
3178 4213 3282 4268 eris
3309 4229 3470 4284 super
3497 4220 3716 4278 terram,

2127 4320 2244 4375 qua:
2284 4306 2489 4374 aperuit
2531 4322 2587 4358 os
2615 4322 2789 4370 suum,
2827 4314 2874 4358 et
2902 4305 3126 4375 suscepit
3167 4307 3481 4376 sanguinem
3534 4305 3716 4376 fratris

2128 4394 2206 4448 tui
2240 4395 2305 4448 de
2328 4411 2490 4448 manu
2524 4404 2638 4450 tua.
2679 4395 2830 4451 Unde
2858 4394 2992 4451 Cain
3025 4395 3366 4450 maledicitur
3401 4396 3454 4450 in
3493 4402 3714 4466 peccato

2127 4500 2255 4551 suo,
2297 4486 2353 4540 in
2389 4494 2616 4555 peccato
2651 4500 2782 4541 vero
2805 4483 2935 4540 Adae
2983 4492 3128 4540 terra
3174 4483 3560 4540 maledicitur?
3611 4483 3710 4539 nisi

432 4581 483 4628 et
517 4572 870 4628 dominaberis
893 4584 950 4628 tu
973 4575 1140 4644 illius,
1182 4577 1249 4633 ad
1276 4592 1336 4635 se
1363 4580 2023 4651 convertissetpeccatum
2051 4639 2095 4651 __
2126 4577 2255 4647 quia
2304 4576 2436 4633 Cain
2505 4576 2714 4632 sciebat
2780 4576 3180 4632 damnationem
3248 4575 3710 4644 praevaricationis

431 4678 589 4719 suum
618 4663 722 4720 sibi
753 4664 856 4720 hoc
881 4639 1147 4734 tribuens,
1189 4677 1244 4723 et
1268 4669 1546 4726 confidens
1585 4672 1641 4726 in
1676 4639 1816 4739 De'o;
1851 4689 1915 4729 ac
1939 4675 2021 4732 sic
2046 4639 2100 4699 Β
2123 4639 2348 4741 prima},
2394 4680 2450 4726 et
2493 4685 2600 4726 non
2640 4671 2820 4725 timuit
2865 4669 3114 4741 originali
3157 4639 3382 4740 peccato
3428 4669 3708 4726 fratricidii

430 4756 646 4827 adjutus
683 4771 782 4826 per
812 4756 1158 4830 indulgentiae
1198 4761 1452 4831 gratiam,
1495 4763 1611 4831 ipse
1655 4773 1880 4833 peccato
1920 4779 2019 4821 suo
2122 4763 2486 4833 superaddere
2513 4761 2708 4827 scelus,
2741 4761 2862 4817 ideo
2884 4762 3090 4832 majore
3110 4760 3492 4817 maledictione
3521 4761 3707 4834 dignus

429 4851 821 4916 dominaretur,
847 4864 959 4906 non
983 4850 1076 4907 illo
1103 4851 1207 4907 sibi
1235 4853 1564 4921 dominante,
1593 4869 1782 4912 servus
1808 4857 2018 4926 peccati
2121 4855 2442 4911 habebatur.
2481 4853 2796 4909 Maledictus
2830 4861 2915 4908 est
2949 4853 3094 4908 enim
3139 4851 3370 4924 populus
3401 4851 3706 4909 Iudaeorum

429 4944 657 4999 fratrem
691 4942 962 4998 occideret
1002 4943 1364 5001 innocentem.
1397 4945 1488 5002 Sic
1517 4955 1568 5003 et
1594 4947 1765 5003 Judaei
1797 4948 1851 5002 in
1885 4963 2019 5018 quo-

429 5049 551 5089 rum
600 5034 716 5089 haec
761 5033 934 5105 ﬁgura
970 5034 1318 5104 gerebantur,
1362 5037 1409 5092 si
1448 5037 1791 5107 quiescerent
1844 5053 1875 5092 a
1914 5052 2014 5093 sua

422 5126 858 5196 perturbatione,
886 5134 942 5180 et
971 5134 1184 5198 tempus
1213 5128 1401 5184 salutis
1429 5142 1528 5199 per
1552 5129 1782 5200 gratiam
1809 5128 1864 5183 in
1886 5143 2016 5200 pec-

429 5225 676 5273 calorum
721 5219 1094 5274 remissionem
1140 5229 1550 5292 cognoscentes,
1583 5222 1836 5278 audirent
1862 5221 2016 5278 Chri-

429 5316 575 5363 stum
601 5308 870 5365 dicentem
899 5327 912 5364 :
940 5309 1062 5366 Non
1085 5313 1202 5367 veni
1227 5329 1412 5368 vocare
1431 5313 1627 5383 justas,
1657 5314 1748 5368 sed
1775 5325 2015 5385 peccato-

430 5416 511 5454 res
545 5399 614 5453 ad
639 5402 1014 5472 paenitentiam,
1055 5411 1186 5459 tunc
1216 5405 1284 5458 ad
1318 5418 1376 5460 se
1409 5413 1791 5460 converterent
1816 5421 2012 5474 pecca-

428 5491 544 5546 tum
582 5505 738 5546 suum
769 5491 822 5546 in
851 5492 1209 5558 confessione,
1250 5494 1389 5549 sicut
1425 5493 1478 5548 in
1505 5492 1712 5562 psalmo
1749 5495 2008 5566 scriptum

426 5587 533 5641 est,
573 5581 834 5653 propheta
872 5584 1122 5639 dicente:
1163 5583 1278 5653 Ego
1313 5584 1445 5648 dixi,
1476 5581 1722 5649 Domine,
1767 5588 2010 5643 miserere

426 5675 577 5730 mei:
616 5692 748 5728 sana
790 5677 1022 5729 animam
1062 5690 1254 5740 meam,
1280 5675 1404 5744 quia
1446 5676 1650 5744 peccavi
1696 5677 1788 5730 tibi
1831 5675 2004 5749 (Psal.

425 5766 539 5838 ιι),
587 5769 873 5838 eidemque
924 5778 1146 5837 peccato
1205 5769 1443 5840 quandiu
1501 5781 1683 5827 essent
1733 5773 1909 5829 adhuc
1950 5775 2006 5831 in

425 5859 644 5915 mortali
682 5874 930 5929 corpore,
981 5877 1078 5932 per
1122 5876 1268 5932 spem
1322 5862 1508 5936 gratia:
1557 5863 1710 5921 liberi
1759 5864 2007 5922 domina-

2120 4945 2354 5002 infidelis
2394 4961 2425 5000 a
2455 4953 2620 5011 terra,
2650 4944 2703 5000 id
2737 4953 2842 5010 est,
2875 4945 2942 5000 ab
2970 4944 3221 5012 ecclesia,
3251 4961 3373 5016 quae
3406 4946 3624 5016 aperuit
3647 4959 3706 5000 os

2119 5052 2278 5093 suum
2309 5037 2364 5091 in
2389 5037 2728 5093 confessione
2751 5047 3096 5107 peccatorum
3119 5037 3364 5107 accipere
3388 5038 3705 5110 sanguinem

2118 5126 2344 5192 Christi,
2379 5128 2472 5197 qui
2502 5127 2706 5183 effusus
2731 5135 2815 5182 est
2864 5128 2918 5182 in
2949 5126 3323 5182 remissionem
3352 5136 3702 5198 peccatorum

2117 5217 2395 5284 omnium,
2436 5217 2502 5273 de
2546 5234 2708 5273 manu
2742 5219 3108 5289 persecutoris
3150 5217 3387 5273 nolentis
3432 5233 3557 5275 esse
3606 5217 3701 5272 sub

2117 5310 2310 5382 gratia,
2337 5311 2431 5366 sed
2458 5311 2556 5365 sub
2581 5309 2716 5379 lege,
2743 5318 2803 5364 ut
2829 5319 2975 5365 esset
3000 5313 3068 5366 ab
3093 5310 3333 5366 Ecclesia
3359 5311 3698 5376 maledictus.

2117 5402 2172 5457 id
2200 5409 2302 5468 est,
2333 5411 2393 5456 ut
2423 5406 2778 5473 responderet
2815 5417 2939 5460 eum
2971 5403 3039 5458 ab
3069 5403 3307 5459 Ecclesia
3355 5405 3698 5460 maledictum

2119 5496 2441 5552 testiﬁcante
2473 5496 2776 5566 Apostolo:
2822 5497 3136 5568 Quicunque
3175 5498 3312 5550 enim
3348 5513 3416 5551 ea:
3459 5497 3694 5567 operibus

2114 5590 2241 5657 legis
2269 5596 2411 5652 sunt,
2443 5585 2539 5640 sub
2565 5586 2840 5641 maledicto
2863 5597 2983 5641 sunt
3019 5587 3144 5658 legis
3170 5586 3358 5660 (Hebr.
3381 5587 3483 5660 Vt).

2185 5678 2318 5734 Cum
2361 5687 2605 5751 operatus
2637 5679 2801 5749 fueris
2841 5697 2987 5745 eam,
3031 5697 3133 5734 non
3175 5679 3320 5734 dabit
3358 5680 3455 5734 tibi
3492 5681 3691 5750 fructu

2112 5789 2253 5828 suos.
2296 5771 2352 5826 In
2393 5771 2507 5840 ipsa
2545 5771 2689 5826 enim
2721 5780 2863 5826 terra
2894 5788 3054 5842 quam
3085 5771 3330 5828 Christus
3355 5774 3608 5843 portavit,
3638 5771 3693 5828 id

2111 5873 2215 5930 est,
2244 5864 2297 5920 in
2326 5862 2442 5933 ejus
2467 5879 2654 5933 carne,
2684 5864 2785 5936 ipsi
2812 5866 3016 5936 operati
3045 5874 3170 5922 sunt
3193 5865 3419 5922 salutem
3451 5875 3690 5930 nostram
