3974 6498
315 437 420 494 505

1347 434 1701 496 COMMENT.
1742 439 1808 496 1N
1845 401 2166 498 GENESIM.
2206 472 2277 484 -
2314 443 2443 501 LIB.
2485 443 2549 501 ιι.

3479 463 3582 523 506

313 552 678 624 cruciﬁgendo
705 528 998 618 Christum,
1037 554 1128 622 qui
1167 563 1412 612 mortuus
1441 565 1523 612 est
1551 567 1771 629 propter
1799 559 1890 613 de-
1917 560 1968 620 A
1995 559 2157 614 diosa:
2203 561 2395 617 mortis
2436 561 2593 619 ﬁnire
2645 565 2908 632 cruciatu,
2966 581 3068 624 nec
3117 570 3336 627 tradens
3382 585 3580 643 poenae,

312 649 438 705 licla
462 657 678 714 nostra;
717 662 818 703 nec
847 655 1026 702 tamen
1057 649 1136 703 eis
1163 650 1310 705 dedit
1339 651 1526 706 eadem
1556 661 1701 707 terra
1725 653 1897 707 virtu-

310 750 420 798 tem
455 757 634 807 suam,
663 741 790 812 quia
825 756 932 797 non
962 741 1239 812 justiﬁcati
1278 755 1402 799 sunt
1423 746 1623 800 virtute
1654 760 1896 802 resurre-

308 835 506 892 ctionis
550 833 687 903 ejus,
724 833 817 905 qui
848 836 1143 890 resurrexit
1184 847 1404 907 propter
1448 839 1893 908 justiﬁcationem

307 935 574 982 nostram.
608 927 711 994 Qui
741 935 798 982 et
825 927 869 982 si
902 928 1190 984 cruciﬁxus
1217 936 1298 983 est
1333 944 1400 982 ex
1430 929 1767 994 inﬁrmitate,
1798 931 1893 985 sed

305 1020 443 1076 vivit
475 1021 530 1075 in
554 1020 755 1076 virtute
781 1020 898 1075 Dei.
931 1019 1054 1075 Hzec
1077 1029 1159 1076 est
1186 1035 1316 1092 ergo
1343 1023 1516 1076 virtus
1543 1029 1699 1077 terrae
1727 1023 1888 1088 illius,

306 1126 471 1181 quam
516 1129 624 1169 non
657 1112 893 1170 ostendit
942 1113 1120 1184 impiis
1169 1122 1224 1169 et
1263 1113 1573 1170 incredulis.
1615 1114 1766 1172 Unde
1792 1130 1892 1172 nec

307 1217 599 1276 resurgens
650 1206 731 1262 eis
787 1223 819 1261 a
865 1206 1061 1275 quibus
1111 1215 1228 1262 erat
1276 1207 1568 1262 cruciﬁxus
1619 1209 1887 1278 apparuit,

307 1307 567 1369 tanquam
614 1299 749 1354 Cain
805 1300 1049 1370 operanti
1094 1307 1330 1367 terram,
1379 1309 1439 1356 ut
1486 1316 1712 1370 granum
1759 1301 1890 1358 illud

304 1391 692 1446 seminaretur.

290 1517 292 1530 ε
383 1484 562 1556 Vagus
604 1495 652 1540 et
692 1487 968 1558 profugus,
997 1487 1129 1552 sive,
1165 1496 1226 1543 ut
1267 1488 1322 1543 in
1359 1485 1707 1559 Septuaginta
1759 1488 1890 1544 scri-

300 1585 454 1650 ptum
475 1587 576 1643 est,
604 1578 825 1635 Gemens
853 1589 900 1635 et
929 1590 1152 1635 tremens
1177 1582 1280 1636 eris
1309 1581 1551 1636 initerra.
1580 1581 1732 1636 Nunc
1760 1596 1888 1636 ecce

301 1673 424 1743 quis
462 1688 570 1727 non
600 1672 814 1739 videat,
854 1672 976 1744 quis
1017 1689 1124 1728 non
1165 1680 1425 1744 agnoscat
1461 1674 1514 1728 in
1559 1681 1670 1728 tota
1719 1683 1886 1740 terra,

299 1781 622 1836 quacunque
660 1767 938 1836 dispersus
969 1775 1052 1822 est
1085 1765 1173 1822 ille
1209 1767 1472 1837 populus,
1513 1769 1782 1837 quomodo
1817 1769 1888 1823 sit

295 1873 466 1930 vagus
515 1859 569 1913 in
619 1858 885 1928 gentibus,
935 1866 990 1912 et
1027 1857 1286 1928 profugus
1316 1857 1705 1913 aJcrusalem?
1751 1872 1884 1928 quo-

2000 667 2105 722 qua
2133 654 2308 723 seipse
2336 655 2686 712 damnaverat
2736 660 2812 714 ait
2839 678 2851 714 :
2877 658 3001 717 Non
3027 663 3120 730 sic,
3157 663 3208 718 id
3229 673 3333 730 est,
3371 682 3478 722 non
3507 669 3579 724 ita

1996 753 2056 800 ut
2082 747 2320 803 aestimas
2367 750 2633 818 morieris,
2662 761 2715 807 et
2751 762 2978 809 mortem
3013 772 3113 827 pro
3158 760 3397 816 remedio
3441 761 3582 817 acci-

1996 839 2133 908 pies,
2162 854 2348 898 verum
2378 841 2527 896 vives
2552 859 2720 913 usque
2750 844 2814 899 ad
2844 846 3126 915 septimam
3155 851 3578 919 generationem,
3621 901 3627 907 .

1995 938 2049 983 et
2076 931 2419 986 conscientiae
2446 939 2550 988 tua)
2588 933 2709 1004 igne
2743 937 3102 1006 torqueberis,
3136 938 3212 994 ita
3249 949 3308 994 ut
3349 941 3580 1011 quicun-

1994 1037 2100 1093 que
2133 1032 2185 1078 te
2214 1026 2496 1092 occiderit,
2530 1030 2824 1084 secundum
2856 1031 3123 1101 duplicem
3150 1034 3579 1106 intelligentiam,

1993 1125 2087 1171 aut
2135 1117 2189 1171 in
2233 1118 2463 1187 septima
2516 1122 2885 1189 generatione,
2926 1131 3016 1178 aut
3058 1140 3256 1195 magno
3295 1133 3348 1180 te
3392 1126 3582 1182 liberet

1993 1209 2233 1265 cruciatu
2264 1229 2276 1264 :
2304 1226 2410 1266 non
2461 1214 2605 1282 quod
2654 1213 2768 1283 ipse
2821 1215 2912 1284 qui
2964 1217 3296 1284 percusserit
3323 1217 3456 1272 Cain
3498 1233 3583 1273 se-

1991 1310 2136 1373 ptem
2191 1303 2490 1359 ultionibus
2535 1304 2901 1373 subjiciendus
2940 1308 3030 1373 sit,
3060 1310 3153 1364 sed
3183 1310 3326 1379 quod
3374 1319 3579 1380 septem

1990 1393 2259 1450 vindictas
2287 1411 2407 1465 quae
2455 1397 2508 1450 in
2534 1396 2666 1451 Cain
2705 1407 2854 1453 tanto
2906 1408 3149 1471 tempore
3196 1411 3579 1468 cucurrerunt,

1991 1485 2164 1542 solvat
2205 1487 2260 1541 in
2296 1488 2615 1556 interfecto,
2665 1491 2917 1547 occidens
2954 1508 3078 1548 eum
3108 1493 3200 1562 qui
3234 1493 3413 1548 fuerat
3458 1494 3582 1548 vita:

1989 1579 2278 1634 derelictus
2321 1581 2388 1634 ad
2430 1597 2668 1651 poenam.
2711 1582 2973 1654 Majorum
3014 1596 3322 1640 nostrorum
3367 1587 3468 1641 ista
3500 1595 3585 1642 est

1990 1673 2276 1735 sententia,
2305 1675 2445 1742 quod
2471 1682 2662 1743 putant
2700 1674 2754 1730 in
2794 1677 3021 1746 septima
3049 1680 3395 1749 generatione
3425 1695 3453 1733 a
3480 1678 3583 1735 La-

1989 1763 2145 1817 mech
2183 1763 2524 1819 interfectum
2565 1763 2718 1820 Cain.
2765 1766 2936 1821 Adam
2965 1769 3164 1838 quippe
3193 1770 3377 1840 genuit
3403 1769 3578 1838 Cain;

1988 1851 2122 1908 Cain
2154 1855 2339 1925 genuit
2367 1855 2584 1923 Enoch;
2618 1857 2804 1912 Enocli
2832 1852 3015 1929 genuit
3048 1860 3201 1925 lrad;
3250 1860 3369 1914 lrad
3399 1861 3585 1930 genuit

293 1949 459 2005 modo
503 1958 684 2020 gemat
719 1965 956 2004 mmrore
995 1949 1180 2005 amissi
1224 1949 1395 2020 regni,
1441 1957 1496 2004 et
1537 1956 1732 2004 tremat
1773 1956 1882 2004 tre-
1908 1937 1957 1996 Β
1986 1947 2284 2012 Mahuiael;
2322 1949 2589 2004 Mahuiael
2615 1952 2804 2021 genuit
2846 1951 3135 2019 Matusael;
3197 1951 3461 2009 Matusael
3491 1968 3584 2025 ge-

290 2058 451 2099 mere
485 2043 585 2097 sub
615 2043 1094 2098 innumerabilibus
1115 2042 1326 2114 populis
1354 2041 1712 2097 Christianis?
1734 2041 1885 2096 Ideo-

292 2149 402 2204 que
437 2135 712 2204 respondit
739 2133 872 2190 Cain
904 2136 1089 2191 dicens
1325 2144 1331 2150 ‘

365 2225 546 2297 Major
579 2237 655 2281 est
689 2228 939 2299 iniquitas
968 2246 1108 2294 mea,
1139 2247 1299 2301 quam
1339 2237 1396 2284 ut
1430 2231 1630 2285 veniam
1658 2247 1879 2284 merear.
1941 2235 1951 2245 ‘

293 2317 429 2373 Ecce
470 2319 619 2388 ejicis
659 2337 741 2374 me
773 2321 927 2374 hodie
973 2339 1005 2376 α
1050 2321 1187 2388 facie
1221 2332 1411 2389 teme,
1463 2331 1511 2376 et
1554 2340 1585 2375 a
1615 2321 1750 2390 facie
1791 2330 1882 2375 tua

291 2412 621 2479 abscondar;
665 2424 715 2469 et
741 2431 830 2469 ero
857 2432 1020 2486 vagus
1050 2425 1097 2470 et
1128 2415 1382 2485 profugus
1407 2416 1462 2469 in
1495 2424 1660 2469 terra.
1706 2413 1885 2483 Igitur

287 2503 458 2558 omnis
477 2506 567 2576 qui
596 2505 845 2560 invenerit
885 2523 982 2569 me,
1018 2506 1218 2560 occidet
1251 2522 1350 2560 me.
1402 2504 1750 2575 Desperando
1781 2504 1883 2558 hoc

285 2598 441 2653 dixit.
475 2598 766 2669 Postquam
794 2599 938 2655 enim
966 2599 1097 2655 Cain
1126 2599 1402 2655 occiderat
1434 2596 1679 2661 fratrem,
1712 2596 1882 2650 inter-

284 2698 508 2761 rogatus
542 2706 573 2745 a
603 2689 858 2759 Domino,
899 2689 1000 2745 Ubi
1020 2701 1094 2746 est
1127 2689 1254 2746 Abel
1289 2691 1457 2760 frater
1495 2689 1657 2743 tuus?
1690 2695 1892 2742 contu--

283 2784 510 2840 meliose
554 2785 906 2856 responderat
933 2783 1158 2848 Nescio;
1191 2782 1446 2854 numquid
1487 2791 1660 2836 custos
1697 2779 1880 2850 fratris

282 2879 388 2931 mei
416 2878 575 2932 sum?
607 2892 769 2949 quam
805 2892 875 2934 ou
912 2894 1031 2933 rem
1069 2877 1449 2934 maledictione
1479 2876 1790 2937 damnatus,
1819 2878 1880 2925 ut

281 2980 509 3038 gemens
536 2975 591 3022 et
618 2976 861 3022 tremens
883 2966 1093 3022 viveret
1137 2981 1300 3037 super
1330 2973 1555 3030 terram,
1584 2963 1752 3018 voluit
1780 2979 1874 3019 ve-

281 3059 432 3113 niam
463 3058 771 3128 deprecari;
810 3059 904 3114 sed
942 3059 1180 3130 peccatis
1213 3066 1437 3129 peccata
1468 3056 1873 3128 congeminans,

282 3157 498 3205 tantum
524 3151 736 3220 putavit
787 3151 959 3217 nefas,
992 3151 1076 3207 cui
1109 3167 1140 3206 a
1165 3152 1274 3207 Deo
1302 3166 1409 3206 non
1437 3158 1624 3222 posset
1644 3149 1872 3222 ignosci.

277 3239 528 3312 Denique
570 3244 852 3313 respondit
887 3245 954 3299 ad
975 3243 1262 3300 Dominum
1290 3263 1304 3298 :
1334 3243 1515 3313 Major
1551 3259 1712 3296 causa
1736 3256 1871 3305 mea,

277 3349 442 3404 quam
465 3343 518 3387 ut
541 3301 797 3401 dimittar,
837 3335 889 3390 id
918 3344 1022 3401 est,
1053 3335 1174 3405 plus
1200 3301 1444 3406 peccavi,
1477 3350 1638 3405 quam
1665 3342 1726 3388 ut
1762 3348 1874 3389 me-
1902 3301 1946 3365 Ο

277 3441 411 3480 rear
438 3425 663 3482 absolvi.
699 3427 840 3482 Ecce
867 3427 1014 3498 ejicis
1047 3444 1128 3481 me
1166 3445 1198 3481 a
1225 3427 1360 3497 facie
1389 3435 1566 3493 teme,
1608 3437 1657 3481 et
1684 3443 1717 3480 a
1739 3427 1875 3496 facie

279 3527 380 3571 tua
416 3518 748 3584 abscondar;
791 3527 840 3572 et
868 3535 956 3572 ero
985 3534 1191 3588 gemens
1237 3529 1285 3572 et
1318 3527 1541 3572 tremens
1583 3533 1738 3587 super
1773 3526 1874 3571 ter-

277 3623 420 3661 ram.
472 3607 541 3661 Et
584 3609 705 3673 erit,
754 3608 922 3661 omnis
946 3609 1035 3678 qui
1076 3608 1327 3662 invenerit
1366 3623 1481 3672 me,
1531 3607 1728 3661 occidet
1771 3623 1870 3661 me.

273 3699 508 3770 Ejicior,
538 3699 731 3769 inquit,
756 3715 786 3754 a
816 3708 1106 3770 conspectu
1129 3708 1240 3765 tuo,
1269 3708 1324 3755 et
1343 3700 1674 3756 conscientia
1700 3701 1872 3756 scele-

273 3794 362 3848 ris
391 3793 567 3848 lucem
615 3794 786 3863 ipsam
830 3792 976 3850 ferre
1012 3809 1117 3848 non
1168 3795 1462 3860 sustinens,
1486 3793 1790 3849 abscondar
1815 3801 1874 3849 ut

272 3887 495 3943 latitem
521 3905 534 3940 :
565 3887 797 3958 eritque,
813 3887 991 3943 omnis
1014 3888 1102 3958 qui
1129 3887 1395 3944 invenerit
1418 3903 1506 3944 me
1522 3889 1732 3944 occidet
1761 3902 1871 3954 me,

275 3979 412 4035 dum
442 3993 509 4033 ex
541 3986 778 4036 tremore
806 3980 1050 4050 corporis
1081 3987 1137 4036 et
1168 3979 1379 4036 furiata:
1419 3980 1617 4036 mentis
1643 3980 1868 4051 agitata,

275 4086 341 4127 se
370 4085 492 4126 esse
516 4070 784 4142 intelligat
803 4072 894 4141 qui
928 4083 1204 4127 mereatur
1228 4072 1481 4129 interﬁci.
1518 4072 1699 4145 (lsid.)
1728 4072 1873 4127 Alle-

275 4161 462 4234 gorice
501 4172 700 4228 autem,
746 4179 874 4220 vere
917 4163 1040 4220 inde
1083 4180 1254 4236 vagus
1299 4172 1355 4220 et
1399 4162 1662 4235 profugus
1706 4165 1871 4235 gemit

275 4252 507 4324 populus
529 4251 805 4321 Iudaicus,
847 4268 915 4310 ne
955 4271 1121 4328 regno
1159 4257 1325 4312 etiam
1374 4265 1594 4313 terreno
1634 4258 1866 4329 perdito,

277 4344 383 4400 ista
424 4345 621 4401 visibili
671 4356 846 4402 morte
881 4349 1178 4404 occidatur.
1235 4347 1387 4406 Hanc
1433 4349 1564 4404 dicit
1607 4348 1906 4417 majorem,

279 4451 502 4492 causam
543 4453 705 4508 quam
756 4439 899 4494 illam
947 4442 1088 4510 quod
1137 4442 1187 4496 ei
1231 4449 1377 4496 terra
1419 4449 1604 4497 nostra
1642 4457 1748 4497 non
1775 4442 1868 4496 dat

275 4529 528 4586 virtutem
557 4547 733 4600 suam,
764 4548 833 4588 ne
869 4535 1225 4604 spiritualiter
1247 4536 1531 4591 moriatur.
1563 4536 1866 4592 Camaliter

1989 2040 2109 2096 nuit
2138 2040 2412 2106 Lamcch;
2451 2042 2545 2112 qui
2590 2043 2849 2112 septimus
2873 2044 2955 2099 ab
2985 2042 3178 2110 Adam,
3216 2059 3320 2098 non
3369 2052 3579 2115 sponte,

1989 2135 2130 2190 sicut
2151 2135 2206 2189 in
2238 2136 2472 2204 quodam
2502 2135 2728 2192 Hebraeo
2753 2136 3027 2192 volumine
3057 2136 3334 2201 scribitur,
3365 2135 3584 2193 interfe-

1987 2225 2060 2280 cit
2088 2224 2239 2280 Cain.
2273 2225 2340 2279 Et
2366 2227 2483 2295 ipse
2511 2234 2702 2294 postea
2741 2226 3072 2282 conﬁtetur:
3100 2225 3239 2292 Quia
3270 2227 3441 2280 virum
3489 2242 3582 2280 oe-

1987 2316 2092 2369 cidi
2130 2318 2182 2369 in
2212 2316 2418 2370 vulnere
2455 2333 2588 2381 meo,
2633 2325 2681 2370 et
2713 2316 2960 2386 juvenem
2994 2317 3050 2370 in
3084 2315 3248 2371 livore
3277 2332 3425 2382 meo;
3452 2331 3584 2386 quo-

1986 2408 2127 2461 niam
2168 2407 2356 2478 septies
2395 2407 2747 2461 vindicabitur
2775 2407 2839 2462 de
2866 2404 3018 2471 Cain,
3046 2407 3110 2461 de
3130 2405 3357 2460 Lamech
3404 2414 3581 2459 autem

1982 2504 2275 2574 septuagies
2315 2503 2517 2573 septies.
2559 2501 2850 2558 Referebat
2894 2501 3028 2556 mihi
3075 2501 3292 2571 quidem
3321 2499 3581 2555 Hebraeus

1982 2597 2039 2652 in
2068 2596 2391 2667 apocryphis
2413 2611 2602 2651 eorum
2645 2594 2821 2661 libris,
2849 2592 3190 2664 septuaginta
3227 2600 3435 2662 septem
3465 2589 3583 2645 ani-

1983 2707 2101 2747 mas
2127 2708 2194 2747 ex
2223 2692 2461 2747 Lameeh
2501 2690 2758 2760 progenie
2793 2687 3053 2758 reperiri,
3102 2701 3221 2757 quae
3259 2684 3460 2739 diluvio
3487 2683 3582 2738 de-
3647 2695 3660 2706 '

1980 2785 2100 2842 Ietae
2127 2785 2266 2851 sint;
2301 2793 2356 2839 et
2397 2785 2450 2839 in
2482 2785 2586 2839 hoc
2614 2780 3082 2837 numero-factam
3126 2793 3247 2834 esse
3278 2775 3576 2831 vindictam

1980 2879 2046 2934 de
2073 2877 2332 2944 Lamech,
2377 2876 2524 2948 quod
2571 2891 2740 2947 genus
2788 2874 2956 2945 ipsius
2994 2885 3166 2942 usque
3203 2871 3269 2925 ad
3314 2868 3581 2937 cataclys-

1980 2987 2129 3027 mum
2160 2987 2314 3042 aqua:
2342 2968 2797 3042 perseveraverit.
2835 2966 2943 3020 Alii
2977 2965 3042 3020 de
3081 2971 3288 3034 septem
3324 2958 3578 3038 vindictis

1979 3065 2112 3121 Cain
2154 3065 2305 3118 varia
2354 3063 2700 3134 suspicantur
2725 3101 2740 3125 ,
2786 3066 2844 3114 et
2887 3058 3125 3129 primum
3169 3052 3284 3123 ejus
3327 3056 3580 3107 asserunt

1977 3163 2260 3226 peccatum
2291 3153 2460 3209 fuisse
2486 3153 2630 3222 quod
2657 3166 2765 3208 non
2793 3157 2941 3206 recte
2971 3147 3247 3212 diviserit;
3281 3143 3578 3200 secundum

1978 3247 2122 3317 quod
2170 3246 2424 3301 inviderit
2475 3244 2660 3310 fratri;
2712 3243 2935 3298 tertium
2983 3239 3126 3310 quod
3177 3237 3362 3293 dolose
3400 3234 3573 3305 egerit

1980 3339 2166 3394 dicens
2194 3356 2206 3391 :
2235 3337 2587 3391 Transeamus
2627 3335 2684 3388 in
2710 3347 2985 3403 campum;
3013 3336 3268 3399 quartum
3299 3325 3443 3396 quod
3494 3324 3577 3378 in-

1980 3427 2288 3494 terfecerit;
2321 3426 2570 3497 quintum
2599 3424 2743 3494 quod
2787 3423 3099 3493 procaciter
3128 3417 3428 3488 negaverit,
3463 3414 3573 3469 Ne-

1975 3521 2120 3587 scio;
2150 3527 2364 3575 sextum
2388 3518 2530 3588 quod
2556 3516 2793 3587 seipsum
2817 3509 3188 3569 damnaverit:
3217 3508 3398 3578 Major
3417 3505 3572 3576 culpa

1975 3631 2091 3668 mea
2112 3622 2187 3668 est
2209 3627 2366 3683 quam
2391 3620 2448 3664 ut
2471 3610 2749 3673 dimittar;
2800 3607 3094 3678 septimum
3124 3604 3270 3673 quod
3297 3616 3398 3656 nec
3421 3599 3572 3656 dam-

1975 3715 2137 3762 natus
2204 3703 2376 3776 egerit
2429 3701 2831 3774 paenitentiam,
2890 3698 3186 3755 secundum
3218 3695 3488 3750 Ninivitas
3518 3699 3574 3748 et

1975 3797 2265 3852 Ezechiam
2313 3812 2495 3868 regem
2540 3795 2709 3860 Judae,
2760 3793 2854 3865 qui
2907 3792 3280 3848 imminentem
3335 3795 3568 3844 mortem

1975 3890 2231 3962 lacrymis
2281 3889 2631 3954 distulerunt,
2681 3895 2743 3941 ut
2789 3887 2882 3958 qui
2933 3881 3428 3941 damnati~fuerant
3460 3894 3570 3936 non

1971 3984 2238 4054 perirent,
2267 3983 2361 4038 sed
2397 3988 2620 4054 agentes
2648 3978 3026 4052 paenitentiam
3069 3976 3428 4047 impetrarent
3465 3971 3568 4027 mi-

1973 4074 2325 4132 sericordiam
2367 4072 2489 4138 Dei,
2537 4079 2593 4127 et
2637 4071 2825 4126 dicunt
2879 4069 3028 4124 illum
3079 4082 3110 4121 a
3145 4062 3568 4121 clementissimo

1971 4168 2082 4222 Deo
2121 4181 2293 4235 usque
2335 4165 2402 4218 ad
2439 4171 2646 4235 septem
2685 4161 3066 4233 generationes
3113 4156 3280 4212 fuisse
3316 4155 3563 4220 dilatum,

1971 4259 2091 4315 ideo
2133 4267 2196 4314 ut
2239 4257 2431 4314 saltem
2475 4255 2631 4311 malis
2671 4255 2805 4326 ipsis
2857 4260 2915 4308 et
2949 4253 3122 4322 longae
3157 4251 3280 4305 vita:
3323 4263 3564 4305 maerore

1969 4350 2297 4420 compulsus,
2336 4347 2712 4417 paenitentiam
2757 4351 2974 4416 ageret,
3023 4352 3079 4398 et
3125 4350 3430 4397 mereretur
3466 4341 3564 4397 ab-

1969 4441 2122 4496 solvi.
2161 4439 2467 4496 Secundum
2498 4438 2781 4510 mysticam
2825 4450 2954 4508 ergo
2996 4433 3408 4506 intelligentiam
3447 4432 3564 4488 haec

1968 4534 2245 4603 responsio
2289 4531 2503 4586 Domini
2554 4531 2620 4584 ad
2664 4529 2828 4595 Cain,
2883 4529 2956 4581 ita
3013 4527 3080 4581 ad
3123 4525 3338 4580 Judaeos
3387 4531 3564 4594 potest

273 4623 420 4678 enim
453 4625 593 4693 sapit
620 4633 677 4680 et
712 4625 994 4680 abscondit
1033 4641 1090 4681 se
1122 4641 1151 4680 a
1190 4625 1327 4682 facie
1357 4625 1474 4692 Dei,
1509 4627 1562 4681 id
1605 4635 1710 4692 est,
1754 4627 1862 4681 ira-
1888 4663 1942 4722 Β
1971 4623 2277 4687 transferri,
2315 4621 2674 4676 trementibus
2701 4633 2800 4689 pro
2826 4617 3119 4673 amissione
3165 4615 3320 4683 regni
3353 4623 3561 4682 tempo-

274 4721 387 4767 tum
421 4714 621 4770 habere
643 4715 810 4770 Deum
837 4729 1000 4786 grave
1021 4731 1126 4770 non
1148 4724 1331 4786 putat;
1367 4717 1460 4770 sed
1477 4717 1581 4771 hoc
1599 4717 1770 4780 timet,
1798 4732 1864 4772 ne

272 4804 582 4859 inveniatur
619 4812 674 4861 et
709 4805 1007 4861 occidatur.
1053 4805 1354 4861 Carnaliter
1380 4806 1526 4860 enim
1548 4805 1706 4875 sapit,
1743 4815 1864 4859 tan-

269 4909 435 4965 quam
473 4910 705 4966 operans
745 4904 973 4962 terram,
1008 4897 1162 4968 cujus
1191 4898 1446 4951 virtutem
1495 4912 1602 4951 non
1630 4897 1858 4966 accipit;

270 5002 465 5057 sapere
507 4998 688 5043 autem
734 4990 1029 5045 secundum
1071 5003 1312 5056 carnem,
1366 5004 1514 5044 mors
1551 4997 1653 5044 est.
1689 4987 1860 5056 Quam

269 5073 360 5132 ille
387 5093 498 5134 non
541 5078 868 5150 intelligens,
901 5080 1103 5135 amisso
1131 5095 1300 5148 regno
1343 5081 1548 5149 gemit:
1577 5089 1631 5136 et
1669 5095 1861 5151 corpo-

268 5170 440 5227 ralem
468 5179 698 5227 mortem
729 5173 930 5226 tremit.
967 5171 1072 5228 Sed
1099 5173 1228 5242 quid
1254 5173 1304 5226 ei
1335 5173 1616 5242 respondit
1644 5173 1823 5229 Deus?

259 5287 261 5290 ⁴
343 5263 694 5336 Nequaquam
733 5266 808 5319 ita
844 5265 968 5335 ﬂet;
1009 5266 1100 5322 sed
1126 5267 1293 5321 omnis
1321 5267 1410 5338 qui
1438 5269 1684 5322 occiderit
1704 5268 1857 5337 Cain,

265 5355 560 5425 septuplum
576 5356 839 5428 punietur,
857 5357 987 5422 sive,
1006 5365 1067 5412 ut
1082 5356 1433 5428 Septuaginta
1451 5357 1857 5426 transtulerunt,

266 5455 477 5517 septem
507 5448 772 5502 vindictas
821 5448 1081 5503 exsolvet.
1137 5447 1286 5503 Solet
1331 5449 1476 5504 enim
1522 5449 1860 5518 septenarius

269 5555 533 5596 numerus
563 5541 863 5612 saepissime
901 5540 956 5594 in
984 5539 1282 5610 Scripturis
1319 5541 1522 5596 sanctis
1562 5555 1662 5610 pro
1693 5540 1860 5609 pleni-

269 5631 460 5685 tudine
489 5630 778 5701 cujuslibet
805 5630 884 5685 rei
913 5630 1061 5700 poni,
1095 5633 1248 5699 quasi
1281 5632 1506 5687 dixisset
1536 5631 1854 5702 gravissima

269 5717 474 5778 ultione
503 5724 834 5794 puniendum
876 5740 1013 5787 esse,
1042 5725 1130 5794 qui
1165 5741 1263 5780 nec
1301 5734 1464 5780 tanta:
1493 5725 1854 5780 damnationis

269 5817 571 5874 acerbitate
616 5817 942 5882 admonitus,
986 5832 1017 5870 a
1055 5817 1318 5886 sanguine
1366 5816 1635 5871 fundendo
1688 5814 1857 5870 voluit

268 5921 467 5965 manus
494 5909 768 5966 cohibere.
817 5908 1016 5965 Verum
1048 5907 1193 5964 Deus
1228 5909 1416 5965 nolens
1444 5923 1568 5964 eum
1598 5920 1856 5979 compen-

1968 4714 2119 4770 ralis.
2169 4713 2287 4769 Non
2333 4713 2429 4776 sic,
2469 4710 2664 4780 inquit,
2699 4708 2913 4764 eveniet
2945 4706 3216 4777 quomodo
3261 4705 3418 4770 dicis,
3450 4719 3559 4760 non

1967 4803 2235 4874 corporali
2281 4809 2458 4856 morte
2498 4799 2742 4854 interibit
2805 4811 2972 4870 genus
3020 4795 3310 4864 impiorum
3367 4808 3560 4849 earnao

1967 4896 2096 4950 lium
2126 4893 2456 4957 Judaeorum,
2504 4890 2812 4960 quicunque
2859 4902 2954 4943 eos
2993 4887 3069 4942 ita
3108 4882 3426 4956 perdiderit,
3465 4897 3554 4938 se-

1964 4996 2111 5059 ptem
2147 4986 2415 5042 vindictas
2457 4983 2720 5049 exsolvet,
2769 4982 2824 5038 id
2851 4991 2956 5049 est,
2999 4979 3210 5036 auferet
3251 4979 3317 5033 ab
3346 4977 3426 5033 eis
3471 4990 3559 5032 se-

1965 5090 2112 5153 ptem
2140 5080 2431 5144 vindictas,
2461 5079 2658 5148 quibus
2688 5077 2894 5149 alligati
2927 5083 3053 5132 sunt
3091 5081 3316 5145 propter
3341 5078 3553 5125 reatum

1963 5174 2130 5230 occisi
2183 5172 2403 5236 Christi,
2450 5170 2554 5226 hoc
2601 5179 2715 5224 toto
2758 5179 3001 5238 tempore
3042 5169 3186 5236 quod
3243 5162 3554 5234 septenario

1963 5265 2173 5320 dierum
2223 5277 2448 5318 numero
2477 5261 2734 5325 volvitur,
2783 5261 2956 5330 magis
3002 5257 3128 5327 quia
3184 5271 3292 5311 non
3345 5254 3553 5310 interiit

1962 5371 2093 5428 gens
2118 5353 2300 5411 Iudaea
2339 5355 2472 5409 satis
2503 5359 2760 5424 appareat
2803 5349 3052 5405 ﬁdelibus
3075 5347 3423 5414 Christianis,
3455 5346 3551 5403 sed

1963 5449 2132 5504 solam
2165 5448 2556 5518 dispersionem
2586 5444 2909 5508 meruerint,
2948 5443 3101 5512 juxta
3128 5442 3270 5512 quod
3301 5441 3378 5496 ait
3401 5439 3551 5495 Scri-

1960 5552 2118 5614 ptura
2143 5560 2155 5595 :
2183 5541 2267 5596 Ne
2293 5542 2544 5596 occideris
2569 5536 2974 5608 eos,nequando
3011 5535 3378 5590 obliviscantur
3419 5534 3547 5605 legis

1957 5646 2082 5690 tum.
2114 5634 2365 5705 Disperge
2395 5649 2484 5688 eos
2517 5633 2573 5685 in
2595 5632 2786 5685 virtute
2805 5639 2919 5695 tua,
2947 5637 2998 5685 et
3022 5628 3229 5684 destrue
3255 5645 3344 5684 eos
3367 5626 3542 5701 (Psal.

1959 5725 2132 5800 mm).

2028 5816 2215 5872 Posuit
2237 5817 2494 5872 Dominus
2537 5818 2593 5870 in
2618 5809 2748 5871 Cain
2780 5835 3005 5889 signum,
3034 5826 3090 5872 ut
3115 5834 3219 5872 non
3240 5832 3359 5871 eum
3384 5815 3546 5868 inter-

1953 5909 2130 5979 ﬁceret
2166 5910 2334 5965 omnis
2371 5911 2460 5982 qui
2490 5909 2764 5965 invenisset
2793 5927 2946 5978 eum;
2986 5910 3162 5980 ipsum
3188 5905 3439 5963 videlicet
3465 5900 3546 5960 si-
