3974 6442
489 418 595 479 807

1162 417 1227 473 Β.
1265 413 1520 471 RABANI
1558 411 1780 469 MAURI
1818 410 2132 469 ARCHIEP.
2176 411 2483 469 MOGUNT.
2524 412 2812 471 OPERUM
2850 413 3028 469 PARS
3062 415 3103 470 Ι.

3660 422 3767 485 508

492 554 677 613 gnum,
704 534 848 608 quod
890 546 1125 589 tremens
1163 541 1219 587 et
1251 544 1492 600 gemens,
1520 543 1686 599 vagus
1719 535 1775 582 et
1809 526 2067 598 profugus
2094 528 2147 590 Α
2171 528 2330 584 istam
2354 530 2650 594 civitatem,
2678 539 2734 585 et
2757 531 2966 586 initium
2991 539 3045 585 et
3071 530 3231 586 ﬁnem
3261 533 3465 589 habere
3484 544 3768 598 terrenum

490 644 704 703 semper
728 630 953 692 viveret,
981 640 1083 681 nec
1110 623 1309 679 audere
1338 637 1459 678 eum
1486 620 1697 690 uspiam
1719 617 1868 674 orbis
1898 626 2069 673 terra-

490 736 611 781 rum
640 721 793 779 sedes
813 719 1015 775 habere
1042 717 1284 788 quietas;
1318 722 1372 770 et
1401 713 1537 769 forte
1560 712 1763 767 idcirco
1789 710 2066 765 civitatem

484 814 727 873 condidit
762 811 818 867 in
843 825 948 883 qua
984 809 1184 865 salvari
1219 813 1422 879 posset.
1460 804 1576 860 Hoc
1602 816 1790 859 revera
1820 801 2067 856 mirabile

488 914 589 972 est,
631 901 1081 976 quemadmodum
1126 914 1317 955 omnes
1365 906 1554 969 gentes
1587 910 1707 965 quae
1753 908 1783 948 a
1809 892 2066 949 Romanis

485 996 784 1070 subjugaue
832 1002 998 1060 sunt,
1050 994 1107 1049 in
1150 994 1317 1048 ritum
1367 991 1737 1045 Romanorum
1786 1000 2065 1042 sacrorum

484 1091 832 1156 transierint,
879 1102 1049 1160 eaque
1096 1086 1378 1156 sacrilegia
1429 1083 1765 1138 observanda
1815 1089 1869 1135 et
1920 1080 2063 1135 cele-

482 1180 689 1238 branda
738 1178 1105 1252 susceperint;
1163 1192 1297 1249 gens
1352 1186 1531 1232 autem
1576 1174 1758 1230 Iudaea
1808 1175 1922 1229 sive
1965 1174 2067 1227 sub

481 1276 705 1349 paganis
749 1276 1000 1347 regibus,
1052 1273 1166 1329 sive
1211 1273 1311 1327 sub
1351 1270 1697 1334 Christianis,
1740 1282 1844 1322 non
1887 1268 2068 1322 amisit

482 1370 694 1441 signum
738 1368 871 1439 legis
907 1378 959 1423 et
999 1365 1426 1424 circumcisionis
1474 1382 1602 1430 sum,
1653 1379 1758 1434 quo
1795 1380 1823 1418 a
1855 1364 2065 1418 czcteris

481 1464 733 1531 gentibus
764 1461 1079 1533 populisque
1129 1461 1506 1531 distinguitur;
1551 1460 1643 1514 sed
1674 1466 1727 1512 et
1755 1456 1931 1513 omnis
1966 1459 2066 1512 im-

478 1563 698 1625 perator
751 1552 835 1609 vel
892 1570 987 1609 rex
1033 1554 1123 1623 qui
1176 1568 1271 1608 eos
1319 1553 1370 1607 in
1420 1566 1586 1623 regno
1635 1566 1734 1607 suo
1782 1566 1906 1605 cum
1948 1553 2065 1620 ipso

480 1646 634 1716 signo
665 1660 762 1699 suo
792 1644 1021 1710 invenit,
1053 1660 1151 1699 nec
1183 1643 1399 1699 occidit.

547 1734 692 1789 Exiit
717 1751 839 1806 ergo
872 1734 1003 1789 Cain
1031 1753 1061 1789 η
1093 1734 1228 1805 facie
1248 1734 1478 1799 Domini,
1506 1744 1554 1788 et
1576 1734 1825 1788 habitavit
1848 1735 1902 1788 in
1923 1741 2064 1787 terra

475 1824 641 1881 Naid.
678 1827 831 1896 Quod
886 1826 1026 1881 LXX
1077 1826 1213 1882 Naid
1264 1826 1675 1893 transtulerunt,
1728 1827 1781 1880 in
1838 1825 2063 1880 lleimeo

472 1924 577 1978 nod
600 1933 681 1984 ’ΠΣ
713 1924 934 1991 dicitur,
966 1932 1019 1979 et
1054 1924 1441 1993 interpretatur
1478 1926 1825 1995 σαλευόμενος.
1866 1924 1917 1977 id
1952 1932 2053 1988 est,

470 2012 735 2074 instabilis
769 2030 823 2074 et
849 2018 1132 2081 ﬂuctuans,
1166 2027 1218 2073 et
1248 2034 1305 2074 se
1328 2020 1392 2074 'is
1423 2020 1662 2075 incertae.
1697 2017 1812 2073 Non
1843 2026 1926 2071 est
1963 2019 2060 2088 igi-

468 2115 559 2163 tur
584 2108 718 2165 Naid
754 2117 921 2177 terra,
950 2119 1011 2165 ut
1047 2111 1237 2181 vulgus
1280 2122 1589 2165 nostrorum
1631 2117 1806 2179 putat,
1848 2112 1940 2164 sed
1965 2125 2059 2163 ex-

466 2199 645 2272 pletur
675 2202 942 2258 sententia
974 2202 1091 2270 Dei,
1126 2202 1268 2274 quod
1300 2205 1405 2259 huc
1450 2214 1612 2273 atque
1657 2202 1782 2257 illnc
1812 2217 1978 2272 vagus
2005 2212 2059 2257 et

464 2294 724 2366 profugus
771 2296 1062 2351 oberravit.
1115 2294 1313 2351 Contra
1362 2297 1503 2365 quod
1559 2293 1757 2349 malum
1802 2293 2059 2348 Dominus

468 2395 688 2457 rogatur
716 2385 771 2440 in
795 2385 1049 2443 Psalmo:
1080 2386 1163 2441 Ne
1199 2387 1403 2441 dederis
1444 2388 1497 2440 in
1536 2396 1679 2439 motu
1712 2386 1866 2456 pedes
1895 2403 2053 2450 meos,

464 2488 512 2533 et
545 2495 732 2534 manus
760 2490 1090 2550 peccatorum
1133 2497 1235 2534 non
1262 2489 1500 2534 moveant
1544 2496 1625 2533 me
1663 2478 1837 2549 (Psal.
1865 2478 2052 2550 xxxv).

360 2624 375 2639 ,
464 2564 621 2626 Nunc
657 2586 787 2642 ergo
812 2579 867 2628 et
887 2569 1075 2637 Judaei,
1105 2580 1159 2626 et
1188 2587 1375 2627 omnes
1400 2572 1491 2641 qui
1526 2570 1753 2627 diversis
1780 2570 2057 2625 erroribus

464 2673 819 2719 contumaces
844 2672 992 2731 sunt,
1024 2663 1332 2720 resistendo
1361 2664 1577 2718 veritati
1604 2672 1807 2719 exeunt
1852 2678 1881 2717 a
1916 2663 2054 2718 facie

460 2750 580 2821 Dei,
632 2753 685 2808 id
709 2762 813 2822 est,
862 2769 892 2809 a
935 2755 1307 2811 misericordia
1355 2754 1660 2811 dilectionis
1709 2756 1850 2826 ejus,
1889 2755 1974 2811 vel
2021 2770 2052 2810 a

460 2847 877 2919 participatione
911 2847 1048 2905 lucis
1075 2848 1287 2919 ejus,'et
1317 2850 1568 2905 habitant
1588 2850 1800 2921 profugi
1827 2852 1880 2905 in
1908 2860 2055 2906 terra

466 2939 865 3021 commotionis,
910 2940 964 2996 id
995 2951 1098 3009 est,
1137 2942 1191 2997 in
1220 2942 1631 3013 perturbatione
1659 2942 1888 3008 carnali,
1922 2958 2053 2997 con-

468 3042 551 3089 tra
583 3032 977 3106 iucunditatem
1020 3036 1139 3103 Dei,
1184 3037 1288 3092 hoc
1335 3046 1419 3091 est
1462 3045 1650 3093 contra
1700 3037 1869 3101 Eden,
1907 3037 2052 3107 quod

460 3120 852 3197 interpretatur
879 3127 1134 3197 epulatio,
1159 3128 1210 3183 id
1245 3136 1347 3195 est,
1375 3128 1648 3198 plantatus
1672 3128 1979 3197 paradisus.

535 3216 787 3300 Cognovit
806 3226 979 3271 antem
1004 3214 1137 3273 Cain
1166 3234 1381 3273 uxorem
1411 3236 1584 3285 suam,
1607 3235 1724 3290 qmv
1748 3220 1980 3289 concepit
2006 3228 2051 3273 et

457 3307 653 3378 peperit
703 3304 907 3373 Enoch,
938 3314 989 3361 et
1033 3306 1313 3377 aediﬁcavit
1358 3308 1493 3363 Cain
1539 3309 1817 3362 civitatem.
1869 3308 2052 3380 (Aug.)

462 3392 735 3462 Quaeritur
760 3393 1028 3464 quomodo
1060 3392 1196 3451 Cain
1226 3398 1462 3468 potuerit
1495 3398 1728 3453 condere
1752 3398 2046 3460 civitatem,

462 3499 587 3537 cum
616 3482 808 3539 civitas
834 3483 991 3540 alicui
1015 3487 1201 3557 utique
1228 3488 1588 3544 constituatur
1610 3489 1886 3544 hominum
1917 3489 2055 3543 mul-

458 3574 714 3659 titudini;
763 3575 839 3631 illi
886 3585 1064 3634 autem
1109 3579 1216 3635 duo
1259 3590 1594 3651 parenteset
1617 3583 1723 3637 duo
1752 3582 1846 3659 ﬁlii
1888 3583 2054 3637 fuisse

460 3658 792 3734 referuntur,
829 3682 1058 3739 quorum
1102 3670 1337 3726 ﬁliorum
1366 3673 1435 3728 ab
1461 3671 1632 3728 altero
1670 3658 1807 3727 alter
1840 3674 2053 3729 occisus

456 3762 559 3817 est.
590 3759 649 3815 In
678 3759 831 3830 cujus
859 3762 1024 3818 occisi
1050 3758 1232 3819 locum
1272 3764 1410 3821 alius
1439 3773 1599 3821 natus
1627 3780 1747 3821 esse
1773 3775 2048 3821 narratur.

460 3852 543 3911 An
574 3857 692 3913 ideo
723 3857 949 3931 quastio
972 3866 1075 3924 est,
1100 3859 1355 3929 quoniam
1386 3859 1477 3929 qui
1503 3859 1706 3928 legunt,
1738 3867 1927 3928 putant
1959 3874 2051 3914 so—

460 3942 543 4004 los
570 3955 697 4005 tunc
721 3949 888 4008 fuisse
912 3950 1183 4019 homines,
1216 3964 1351 4022 quos
1380 3951 1559 4005 divina
1592 3950 1872 4020 Scriptura
1904 3963 2052 4005 com-

459 4048 745 4107 memorat,
774 4056 876 4098 nec
900 4045 1187 4098 advertunt
1221 4058 1315 4098 eos
1358 4042 1448 4112 qui
1500 4042 1649 4111 prius
1695 4042 1802 4096 sint
1850 4039 2050 4096 conditi

458 4128 614 4194 duos,
643 4131 725 4185 vel
759 4132 921 4187 etiam
952 4148 1045 4189 eos
1070 4148 1205 4206 quos
1235 4141 1542 4206 genuerunt
1567 4143 1677 4188 tam
1708 4135 1795 4190 diu
1824 4135 2047 4200 vixisse,

459 4226 521 4275 ut
548 4218 746 4278 multos
770 4224 1053 4297 gignerent
1078 4222 1101 4279 ν
1129 4222 1245 4282 Non
1282 4228 1427 4283 enim
1459 4237 1514 4283 et
1548 4226 1722 4284 Adam
1763 4227 1877 4297 ipse
1906 4227 2050 4282 solos

456 4326 551 4369 eos
593 4315 797 4385 genuit,
828 4331 1057 4388 quorum
1100 4318 1317 4375 nomina
1362 4318 1634 4393 leguntur,
1680 4332 1803 4376 cum
1848 4320 1916 4377 de
1958 4320 2051 4375 illo

454 4400 739 4475 Scriptura
766 4406 1011 4477 loquens,
1036 4409 1109 4465 ita
1132 4409 1439 4478 concludat,
1468 4413 1609 4483 quod
1633 4412 1879 4484 genuerit
1910 4410 2050 4468 ﬁlios

457 4506 512 4554 et
553 4497 708 4556 ﬁlias.
741 4498 973 4558 Proinde
1012 4518 1134 4559 cum
1178 4503 1349 4561 multo
1395 4504 1639 4575 pluribus
1677 4505 1752 4559 illi
1796 4506 2049 4561 vixerunt

2171 620 2261 674 ubi
2308 621 2441 675 nihil
2476 620 2758 691 plusquam
2786 622 2929 692 quod
2958 622 3199 677 cernitur
3241 634 3515 695 speratur.
3558 626 3765 703 (6ης.)

2168 714 2342 784 Iniqui
2368 715 2492 769 dum
2520 715 2685 770 corde
2732 716 2964 770 transire
3007 715 3077 770 ad
3116 724 3320 772 aeterna
3364 719 3678 793 negligant,
3714 734 3770 780 et

2168 816 2359 862 cuncta
2397 808 2683 878 praesentia
2728 807 2950 879 fugitiva
2987 823 3107 865 esse
3147 825 3251 865 non
3280 810 3591 880 intuentur,
3619 832 3768 873 meu-

2116 907 2130 925 '
2167 907 2277 954 tem
2318 900 2371 954 in
2401 915 2585 955 amore
2611 901 2734 956 vita)
2770 902 3057 971 praesentis
3101 903 3292 974 ﬁgunt,
3320 913 3375 960 et
3403 909 3567 977 quasi
3598 908 3767 980 longae

2168 992 2520 1048 habitationis
2567 992 2622 1047 in
2669 1007 2733 1047 ea
2784 993 2885 1048 sibi
2947 993 3354 1051 fundamentum
3400 1008 3763 1067 construunt,

2167 1085 2292 1153 quia
2323 1084 2376 1137 in
2396 1084 2613 1139 :cteruis
2636 1085 2798 1139 rebus
2826 1100 2924 1155 per
2951 1086 3277 1142 desiderium
3300 1103 3407 1144 non
3436 1091 3760 1148 solidantur.

2170 1175 2323 1231 Unde
2349 1183 2405 1229 ct
2433 1177 2640 1244 primus
2672 1175 2803 1230 Cain
2830 1177 3104 1232 civitatem
3143 1182 3523 1236 construxisse
3558 1182 3764 1238 descri-

2167 1268 2335 1332 bitur,
2379 1276 2439 1323 ut
2484 1276 2669 1338 aperte
2713 1278 3127 1334 monstraretur,
3177 1271 3303 1340 quia
3357 1273 3475 1341 ipse
3525 1274 3584 1327 in
3626 1282 3765 1329 terra

2168 1362 2572 1415 fundamentum
2610 1362 2809 1431 posuit,
2842 1362 2934 1431 qui
2964 1377 2994 1414 a
3028 1362 3299 1417 soliditate
3326 1375 3553 1419 aeternae.
3583 1368 3766 1435 patria:

2168 1453 2374 1508 alienus
2390 1454 2504 1507 fuit.
2522 1453 2845 1524 Peregrinus
2856 1455 3050 1524 quippe
3072 1470 3336 1511 a'summo
3349 1456 3763 1512 fundamentum

2164 1546 2345 1615 posuit
2384 1546 2436 1599 in
2470 1546 2691 1611 inﬁmis,
2730 1547 2857 1615 quia
2901 1547 3187 1602 stationem
3220 1548 3399 1602 cordis
3442 1550 3498 1602 in
3554 1559 3763 1605 terrena

2167 1637 2525 1692 delectatione
2550 1638 2850 1693 collocavit.
2877 1638 3031 1694 Unde
3057 1649 3111 1694 et
3134 1640 3187 1694 in
3213 1638 3330 1707 ejus
3354 1630 3532 1710 stirpe
3558 1641 3763 1707 Enoch,

2166 1731 2258 1801 qui
2284 1731 2550 1785 dedicatio
2579 1732 2984 1799 interpretatur,
3016 1732 3225 1803 primus
3255 1733 3533 1797 nascitur;
3566 1734 3619 1787 in
3660 1733 3766 1788 ele-

2167 1832 2377 1878 ctorum
2407 1840 2537 1879 vero
2566 1826 2824 1896 progenie
2853 1825 3035 1880 Enoch
3066 1827 3331 1896 septimus
3354 1827 3529 1882 fuisse
3561 1843 3765 1883 memo-

2091 1900 2139 1963 B
2168 1925 2336 1983 ratur,
2389 1920 2517 1989 quia
2565 1919 2813 1973 videlicet
2854 1918 3067 1988 reprobi
3100 1919 3153 1973 in
3183 1919 3287 1974 hac
3317 1919 3431 1974 vita
3470 1935 3600 1989 quae
3640 1929 3764 1974 ante

2163 2022 2266 2077 est,
2295 2015 2614 2083 semetipsos
2642 2014 2959 2069 aediﬁcando
2987 2014 3259 2079 dedicant,
3282 2014 3446 2070 electi
3472 2029 3610 2069 vero
3638 2015 3764 2069 aedi-

2162 2104 2428 2159 ﬁcationis
2463 2120 2572 2158 suae
2597 2105 2989 2160 dedicationem
3017 2105 3073 2160 in
3111 2105 3220 2160 ﬁne
3253 2105 3540 2175 temporis,
3578 2105 3631 2158 id
3660 2116 3762 2170 est,

2162 2196 2216 2250 in
2272 2196 2501 2265 septimo
2559 2204 2894 2267 exspectant.
2956 2196 3151 2251 Videas
3204 2211 3441 2266 namque
3500 2195 3762 2266 plurimos

2161 2290 2477 2359 temporalia
2510 2290 2621 2344 sola
2651 2291 2907 2360 cogitare,
2940 2291 3174 2344 honores
3206 2305 3475 2359 quierere,
3515 2289 3760 2345 ambien-

2160 2380 2243 2433 dis
2268 2380 2431 2434 rebus
2459 2381 2689 2445 inhiare,
2713 2380 2848 2434 nihil
2874 2389 3070 2451 prteter
3092 2381 3230 2436 hanc
3252 2380 3419 2435 vitam
3450 2379 3756 2451 requirere.

2160 2472 2296 2540 Quid
2329 2474 2508 2542 itaque
2534 2474 2638 2527 ista
2670 2474 2771 2527 nisi
2804 2475 2857 2527 in
2883 2474 3059 2541 prima
3089 2473 3439 2543 generatione
3466 2471 3762 2527 dedicant?

2157 2573 2215 2617 et
2230 2563 2414 2619 videas
2443 2565 2645 2620 electos
2666 2565 2800 2619 nihil
2819 2566 3103 2636 praesentis
3129 2567 3253 2621 vita:
3274 2565 3460 2637 gloriae
3488 2579 3758 2635 qua-mre,

2122 2653 2386 2709 'lihenter
2426 2655 2659 2725 inopiam
2699 2656 2985 2720 sustinere,
3036 2656 3177 2712 mala
3216 2656 3402 2711 mundi
3432 2656 3757 2726 mquanimi-

2158 2756 2243 2803 ter
2267 2750 2502 2820 perpeti,
2533 2752 2591 2802 ut
2617 2750 2825 2820 possint
2862 2750 2915 2804 in
2946 2748 3054 2805 ﬁne
3078 2750 3357 2806 coronari.
3390 2749 3603 2805 Electis
3628 2764 3758 2819 ergo

2155 2838 2339 2895 Enoch
2372 2841 2426 2894 in
2453 2841 2682 2910 septima
2716 2842 3065 2911 generatione
3094 2841 3357 2906 nascitur,
3385 2839 3517 2909 quia
3548 2839 3633 2895 sui
3664 2839 3757 2894 de—

2156 2932 2481 2987 dicationem
2523 2932 2701 3004 gaudii
2748 2933 2803 2988 in
2842 2942 3101 2988 extremae
3146 2931 3525 2988 retributionis
3588 2930 3755 3003 gloria

2155 3024 2458 3094 requirunt.

2751 3116 2981 3172 CAPUT
3021 3116 3085 3170 ll.

2157 3209 2237 3264 De
2262 3210 2387 3279 ﬁliis
2413 3208 2637 3263 Lamech
2678 3211 2767 3281 qui
2811 3209 3148 3264 ostenderunt
3178 3208 3463 3281 musicam,
3498 3219 3549 3262 et
3594 3219 3755 3281 artem

2082 3266 2127 3329 (ἶ
2229 3266 2512 3351 ferrariam
2538 3266 2984 3352 atque'wrariam,
3009 3290 3055 3334 et
3082 3280 3145 3334 de
3179 3279 3406 3335 vindicta
3433 3266 3683 3333 Lameclt.

2228 3394 2396 3450 Porro
2430 3396 2611 3449 Enoclt
2635 3397 2810 3466 genuit
2847 3395 3000 3461 Irad,
3030 3404 3080 3450 et
3113 3394 3243 3449 Irad
3275 3395 3453 3465 genuit
3493 3392 3753 3458 lavini;

2154 3497 2202 3541 et
2239 3487 2462 3541 .llaviael
2500 3488 2676 3557 genuit
2720 3487 3020 3552 Matusael;
3057 3498 3107 3543 et
3138 3487 3402 3542 Matusael
3433 3489 3616 3559 genuit
3658 3487 3753 3542 Lac

2155 3582 2322 3646 mech,
2347 3583 2438 3646 qui
2479 3583 2673 3651 accepit
2718 3598 2907 3635 uxores
2934 3582 3069 3636 duas
3114 3597 3133 3636 :
3173 3597 3361 3636 nomen
3401 3582 3498 3635 uni
3534 3582 3674 3647 Ade,
3704 3592 3748 3635 et

2154 3690 2343 3728 nomen
2372 3674 2526 3729 alteri
2558 3673 2724 3731 Sella.
2755 3674 3047 3746 Genuitqne
3076 3674 3191 3729 Adu
3217 3673 3396 3739 Jahel,
3417 3676 3513 3746 qui
3539 3676 3643 3745 fuit
3666 3690 3749 3745 pa.

2155 3777 2235 3823 ter
2252 3770 2601 3823 habitantium
2624 3769 2679 3822 in
2710 3769 2944 3823 tentoriis
2965 3778 3121 3839 atque
3144 3779 3417 3838 pastorum
3446 3783 3465 3821 :
3488 3777 3540 3823 et
3566 3785 3747 3823 nomen

2155 3861 2336 3931 fratris
2364 3862 2478 3929 ejus
2513 3860 2709 3915 labat:
2734 3863 2841 3930 ipse
2884 3861 2986 3929 fuit
3023 3870 3176 3931 pater
3207 3861 3513 3914 canentium
3552 3861 3747 3913 cithara

2152 3959 2202 4004 et
2231 3966 2449 4021 organo.
2489 3952 2564 4005 De
2600 3952 2703 4006 hoc
2736 3949 2998 4021 Iosephus
3034 3951 3507 4022 historiographus
3545 3950 3748 4006 Judae-

2154 4052 2272 4095 rum
2302 4040 2375 4094 ita
2404 4040 2572 4094 refert
2598 4056 2609 4094 :
2640 4039 2795 4095 iuba!
2822 4049 3022 4106 autem,
3052 4041 3249 4111 inquit,
3274 4041 3545 4097 musicam
3566 4040 3743 4103 coluit,

2151 4139 2207 4186 et
2250 4131 2563 4202 psalterium
2595 4132 2972 4202 citharamque
3012 4131 3250 4187 laudavit
3293 4149 3307 4197 ;
3354 4141 3412 4187 et
3448 4147 3521 4187 ne
3553 4132 3745 4187 dilabe-

2154 4233 2344 4279 rentur
2371 4224 2440 4278 ab
2466 4223 2797 4291 hominibus,
2828 4239 2949 4295 qua:
2975 4224 3043 4279 ab
3067 4238 3133 4280 eo
3160 4225 3380 4279 inventa
3402 4223 3741 4287 videbantur,

2153 4324 2248 4371 aut
2289 4325 2579 4386 antequam
2609 4316 2857 4372 venirent
2901 4316 2970 4372 ad
3013 4316 3375 4387 cognitionem
3413 4317 3739 4387 deperireat,

2153 4424 2275 4465 cum
2304 4411 2641 4480 praedixisset
2677 4409 2849 4464 Adam
2878 4409 3391 4465 exterininationem
3424 4424 3609 4464 rerum
3635 4424 3743 4463 on»

2149 4503 2323 4568 nium,
2353 4518 2517 4557 uitam
2548 4503 2687 4573 ignis
2718 4502 2935 4567 virtute,
2980 4501 3206 4557 alteram
3238 4517 3370 4557 vero
3400 4517 3669 4572 aquarum
3693 4503 3738 4555 vi

457 4593 614 4651 annis
658 4610 820 4666 quam
866 4593 1123 4653 Israelita;
1161 4598 1216 4653 in
1256 4596 1490 4669 Egypto
1519 4596 1753 4664 fuerunt,
1785 4597 1906 4669 quis
1937 4614 2043 4653 non
2072 4636 2125 4700 Β
2152 4610 2214 4653 ac
2249 4595 2594 4651 multitudine
2639 4594 2754 4650 fore
2796 4603 3101 4660 venturam,
3131 4595 3265 4650 duas
3302 4594 3514 4651 faciens
3538 4594 3737 4650 colum-

455 4684 655 4753 videat,
697 4699 858 4758 quam
899 4685 1054 4742 multi
1101 4684 1348 4744 homines
1380 4689 1533 4744 nasci
1561 4698 1873 4760 potuerunt,
1901 4690 2044 4743 unde

456 4776 546 4833 illa
572 4778 764 4835 civitas
795 4779 1125 4852 impleretur,
1156 4782 1201 4836 si
1231 4780 1438 4838 llebriei
1477 4781 1647 4839 multo
1677 4784 1885 4839 minore
1909 4791 2044 4838 tem-

454 4886 587 4942 pore
622 4872 695 4926 ita
731 4870 1075 4943 multiplicari
1114 4874 1445 4944 potuerunt?
1494 4874 1677 4949 (Isid.)
1725 4877 1865 4945 Quid
1914 4893 2043 4949 ergo

457 4960 559 5019 sibi
585 4979 682 5035 per
711 4961 938 5036 ﬁguram
968 4965 1100 5030 vult,
1131 4968 1273 5037 quod
1313 4968 1598 5039 impiorum
1636 4970 1925 5039 progenies
1961 4969 2042 5024 ci-

455 5054 677 5112 vitatem
723 5056 779 5113 in
820 5056 935 5128 ipsa
976 5056 1158 5115 mandi
1186 5062 1394 5133 origine
1418 5061 1742 5129 construxit,
1766 5063 1869 5117 nisi
1900 5062 2044 5131 quod

456 5149 675 5206 noveris
717 5148 910 5222 impios
946 5152 1001 5207 in
1044 5152 1145 5210 hac
1191 5156 1299 5209 'vita
1346 5170 1467 5210 esse
1508 5152 1781 5219 fundatos,
1828 5162 2044 5210 sanctos

455 5254 586 5295 vero
608 5241 849 5312 hospites
869 5259 987 5301 esse
1011 5250 1066 5301 et
1086 5245 1435 5318 peregrinos?
1456 5242 1609 5301 Unde
1632 5244 1764 5300 Abel
1787 5255 2043 5316 tanquam

454 5331 773 5404 peregrinus
802 5332 856 5389 in
883 5332 1062 5404 terris,
1093 5336 1322 5408 populus
1351 5335 1697 5392 Christianus
1728 5348 1835 5389 non
1863 5335 2045 5391 condi-

456 5424 536 5481 dit
565 5420 857 5483 civitatem.
891 5426 1137 5500 Superna
1166 5434 1248 5485 est
1279 5430 1439 5485 etiam
1478 5437 1784 5484 sanctorum
1828 5428 2039 5495 civitas,

456 5518 703 5600 quamvis
731 5518 817 5575 hic
842 5521 1017 5594 pariat
1047 5523 1193 5578 cives
1223 5522 1274 5576 in
1301 5522 1498 5592 quibus
1520 5522 1916 5595 peregrinatur,
1947 5522 2042 5579 do-

454 5621 558 5662 nec
585 5608 734 5679 regni
758 5607 873 5679 ejus
903 5614 1113 5682 tempus
1147 5612 1418 5667 adveniat.

524 5698 596 5754 Et
626 5702 817 5757 vocavit
843 5720 958 5757 eam
987 5721 1051 5757 ea:
1071 5705 1277 5761 nomine
1308 5706 1407 5775 ﬁlii
1432 5708 1513 5760 sui
1541 5706 1741 5761 Enoclt.
1772 5708 1874 5763 Iste
1898 5706 2040 5765 ﬁlius

452 5790 509 5850 in
538 5792 693 5864 cujus
717 5795 936 5851 nomine
973 5796 1188 5852 condita
1215 5806 1301 5855 est
1328 5798 1533 5866 Enoch,
1568 5800 1618 5855 id
1649 5810 1732 5857 Cet
1769 5807 2039 5861 terrestris

450 5866 776 5959 JeruSalem,
824 5886 969 5962 quod
1011 5889 1394 5963 interpretatur
1431 5894 1726 5965 possessio,
1772 5896 1979 5969 signiﬁc
2004 5908 2040 5953 ιι

2150 4705 2269 4755 nas,
2299 4689 2459 4743 aliam
2484 4687 2701 4758 quidem
2741 4701 2805 4742 ex
2836 4688 3121 4753 lateribus,
3158 4687 3319 4743 aliam
3345 4701 3587 4761 veroex
3616 4688 3737 4759 lapi-

2152 4784 2329 4849 dibus,
2375 4784 2430 4838 in
2479 4783 2741 4837 ambabus
2768 4797 2890 4852 quae
2919 4782 3201 4837 invenerat
3236 4782 3660 4852 conscripserat,
3684 4792 3735 4833 ut

2149 4886 2204 4933 et
2233 4895 2280 4933 s1
2304 4884 2612 4933 constructa
2654 4876 2913 4932 lateribus
2953 4875 3412 4932 exterminaretur
3452 4875 3524 4929 ab
3562 4873 3737 4929 imbri-

2147 4970 2270 5034 bus,
2303 4969 2512 5039 lapidea
2538 4982 2864 5039 permanens
2901 4969 3170 5039 praeberet
3199 4967 3513 5024 hominibus
3543 4965 3733 5035 scripta

2149 5076 2494 5133 cognoscere.
2526 5061 2683 5116 simul
2719 5069 2773 5117 et
2794 5062 2920 5131 quia
2950 5061 3225 5117 lateralem
3260 5059 3425 5115 aliam
3452 5059 3727 5131 posuisset.

2150 5161 2211 5208 ut
2229 5155 2343 5209 base
2369 5154 2438 5208 ab
2464 5153 2667 5225 ignium
2694 5154 2887 5209 ardore
2909 5162 3241 5218 servaretur,
3265 5153 3433 5208 etiam
3454 5153 3502 5207 si
3532 5150 3731 5221 lapidea
3757 5153 3760 5156 ’

2148 5245 2475 5313 Solveretur;
2520 5258 2640 5317 quin
2683 5254 2862 5301 tamen
2907 5247 3115 5318 lapidea
3160 5253 3444 5316 permanet
3477 5245 3729 5299 hactenus

2147 5334 2203 5392 in
2229 5344 2373 5392 terra
2403 5336 2579 5408 Syria.
2610 5337 2904 5393 Tubaleain
2942 5350 3073 5393 vero
3115 5338 3208 5407 qui
3256 5351 3323 5390 ex
3362 5336 3539 5391 altera
3580 5342 3729 5390 natus

2147 5436 2230 5486 est
2260 5442 2449 5497 uxore,
2483 5431 2797 5486 fortitudine
2825 5431 3037 5485 cunctis
3064 5427 3355 5492 excellens,
3400 5442 3490 5482 res
3518 5424 3728 5481 bellicas

2147 5522 2404 5579 decenter
2430 5525 2688 5579 exercuit.
2723 5522 2906 5595 (Isid.)
2949 5521 3025 5576 Ex
3068 5521 3153 5577 his
3180 5521 3343 5576 etiam
3372 5534 3496 5590 qua
3524 5517 3592 5572 ad
3616 5515 3727 5571 libi-

2146 5618 2328 5673 dinem
2358 5618 2589 5672 attinent
2630 5616 2871 5686 corporis
2898 5614 3173 5679 enutrivit,
3225 5611 3516 5667 ferrariam
3558 5618 3725 5664 artem

2146 5713 2353 5784 primus
2382 5712 2601 5767 invenit.
2646 5710 2951 5764 Notandum
2993 5716 3169 5763 autem
3217 5705 3363 5777 quod
3392 5708 3450 5759 in
3474 5701 3722 5774 progenie

2148 5806 2302 5873 Seth,
2348 5806 2491 5862 nulla
2523 5804 2595 5859 ibi
2626 5803 2903 5876 progenita
2948 5801 3148 5856 femina
3201 5796 3525 5853 nominatim
3551 5793 3725 5865 expri-

2146 5902 2329 5968 mitur,
2360 5897 2464 5955 nisi
2492 5905 2701 5953 tantum
2730 5896 2789 5952 in
2813 5895 3071 5968 progenie
3096 5889 3235 5950 Gain
3256 5888 3467 5949 {enim
3489 5899 3724 5946 comno-
