3974 6506
295 417 410 476 509

1330 407 1683 472 COMMENT.
1723 411 1791 468 IN
1831 405 2152 469 GENESIM.
2191 445 2264 456 —
2297 411 2424 470 LIB.
2463 411 2527 470 II.

3465 419 3570 477 5l0

291 547 582 596 moratur:
621 535 764 606 quod
803 533 1070 607 signiﬁcat
1096 542 1364 590 terrenam
1400 534 1676 589 civitatem
1709 544 1878 600 usque
1903 533 1956 592 Α
1982 527 2151 584 Adam
2181 529 2247 584 ad
2278 529 2570 600 imaginem
2605 537 2660 585 et
2689 527 3096 588 similitudinem
3124 528 3221 590 Dei
3257 533 3432 592 factus
3465 545 3567 605 est,

293 631 356 688 in
389 629 554 686 ﬁnem
580 628 662 684 sui
699 626 945 684 carnales
989 625 1293 682 habituram
1335 625 1730 697 generationes,
1759 640 1880 697 quae

293 721 622 780 maritorum
645 736 708 776 ac
729 719 1050 776 feminarum
1075 719 1450 790 conjunctione
1469 718 1808 790 proveniunt.

367 815 622 886 Dixitque
641 811 866 868 Lamech
898 812 1148 868 uxoribus
1179 811 1288 866 suis
1317 811 1447 866 Adae
1471 819 1519 866 et
1549 807 1704 864 Sella:
1731 822 1749 860 .'
1774 808 1884 862 Au-

295 909 406 962 dite
431 923 608 963 vocem
645 923 844 972 meam;
876 921 1064 961 uxores
1091 905 1340 971 Lamech,
1365 901 1657 960 auscultate
1683 919 1882 958 sermo-

297 1016 417 1054 nem
460 1015 655 1064 meum,
701 994 947 1070 qutiniam
987 998 1150 1053 occidi
1189 999 1354 1052 virum
1385 998 1440 1052 in
1469 995 1653 1052 vulnus
1688 1011 1878 1059 meum,

295 1102 346 1148 et
379 1090 825 1146 adolescentulum
855 1093 910 1146 in
934 1091 1095 1146 livore
1117 1109 1247 1155 meo,
1263 1089 1558 1161 septuplum
1582 1088 1710 1142 ultio
1734 1087 1884 1141 dabi-

295 1183 388 1238 tur
410 1183 474 1238 de
496 1181 630 1238 Cain
651 1199 670 1238 :
692 1183 757 1236 de
784 1181 1030 1248 Lamech,
1053 1183 1344 1253 septungies
1363 1183 1566 1253 septies.
1593 1178 1881 1254 (Albinus.)

298 1275 437 1344 Quia
461 1275 738 1330 homicidii
763 1285 1040 1346 peceatum
1067 1274 1292 1344 septima
1315 1274 1663 1344 generatione
1684 1272 1883 1329 diluvio

297 1366 632 1422 vindicatum
659 1381 778 1420 esse
807 1357 1023 1433 legitur,
1055 1363 1302 1419 adulterii
1342 1379 1468 1419 vero
1503 1363 1699 1428 scelus,
1741 1363 1885 1433 quod

297 1460 536 1515 Lamech
561 1460 770 1530 primus
801 1458 1039 1513 omnium
1074 1457 1127 1510 in
1163 1456 1368 1510 duabus
1399 1455 1670 1510 commisit
1696 1451 1884 1508 uxori-

296 1553 424 1618 bus,
452 1567 560 1608 non
591 1551 697 1607 nisi
726 1550 985 1621 sanguine
1012 1548 1212 1604 Christi
1255 1547 1576 1618 expiandum
1615 1560 1754 1611 esse,
1792 1545 1883 1616 qui

299 1644 694 1716 septuagesima
757 1649 812 1698 et
883 1642 1105 1712 septima
1176 1641 1520 1712 generatione
1588 1637 1884 1694 secundum

298 1738 460 1796 Luca:
503 1736 850 1808 Evangelium
890 1736 1035 1790 venit
1079 1735 1132 1789 in
1173 1735 1426 1789 mundum
1454 1732 1689 1804 r(Isid.);
1725 1732 1888 1802 igitur

297 1831 369 1886 ab
391 1831 564 1886 Adam
593 1846 765 1900 usque
813 1831 880 1884 ad
909 1828 1184 1883 Christum
1212 1827 1548 1898 septuaginta
1589 1836 1642 1881 et
1679 1835 1885 1895 septem

1983 622 2230 679 homines
2255 633 2435 677 autem
2469 623 2535 678 ad
2565 622 2968 680 similitudinem
2994 621 3124 682 Adte
3155 627 3278 682 facti
3315 636 3461 684 sunt.
3499 621 3510 631 ’

2054 717 2124 771 Et
2150 718 2276 788 facti
2307 727 2426 772 sunt
2450 715 2560 772 dies
2591 717 2763 774 Adam
2787 728 3060 791 postquam
3093 721 3267 792 genuit
3301 717 3452 789 Seth,
3479 737 3570 776 oc-

1985 809 2205 882 tingenti
2238 811 2384 878 anni,
2411 811 2690 883 genuitque
2717 809 2857 883 ﬁlios
2895 823 2942 867 et
2969 813 3130 884 ﬁlias.
3159 813 3226 868 Et
3263 813 3462 885 factum
3499 824 3573 871 est

1984 920 2134 958 omne
2159 913 2359 976 tempus
2383 903 2522 976 quod
2549 903 2670 958 vixit
2697 901 2888 970 Adam,
2915 906 3042 960 anni
3067 909 3312 978 nongenti
3333 909 3572 979 triginta,

1983 1009 2032 1054 et
2075 1011 2310 1054 mortuus
2353 1009 2448 1054 est.
2499 997 2638 1056 Vixit
2679 1018 2880 1072 quoque
2927 997 3050 1056 Seth
3094 1012 3298 1056 centum
3348 1005 3574 1076 quinque

1985 1108 2168 1155 annos,
2219 1101 2264 1145 et
2306 1092 2480 1162 genuit
2529 1089 2692 1145 Enos.
2738 1091 2870 1144 Item
2925 1091 3063 1148 Enos
3109 1093 3285 1164 genuit
3331 1091 3573 1162 Cainan;

1985 1179 2192 1236 Cainan
2209 1191 2381 1235 autem
2400 1183 2574 1252 genuit
2601 1180 2656 1235 Μ
2660 1181 2845 1237 alaleel
2858 1200 2876 1248 ;
2904 1179 3149 1239 Malaleel
3164 1181 3538 1254 genttitJat'et/t
3553 1205 3574 1254 ;

1983 1269 2168 1326 Jareth
2219 1272 2393 1341 genuit
2440 1269 2646 1337 Enoclt,
2683 1281 2738 1326 et
2774 1268 2998 1343 reliqua.
3027 1269 3208 1346 (Isid.)
3250 1274 3350 1330 Hic
3392 1285 3574 1333 autem

1986 1365 2170 1420 Enoch
2210 1364 2470 1434 septimus
2503 1364 2569 1417 ab
2597 1363 2789 1430 Adam,
2822 1365 2912 1435 qui
2945 1364 3146 1435 placuit
3181 1359 3293 1420 Deo
3319 1375 3373 1420 et
3400 1375 3604 1423 trans-'

1985 1453 2124 1508 latus
2149 1461 2252 1518 est,
2285 1453 2569 1522 septimam
2599 1454 2839 1524 requiem
2871 1453 3157 1525 signiﬁcat,
3197 1455 3263 1510 ad
3297 1472 3458 1525 quam
3493 1474 3578 1513 re-

1987 1545 2159 1601 fertur
2205 1547 2380 1602 omnis
2414 1545 2505 1616 qui
2555 1556 2808 1616 tanquam
2855 1555 3006 1602 sexta
3053 1547 3160 1613 die,
3192 1539 3244 1602 id
3281 1556 3384 1613 est,
3425 1557 3578 1604 sexta

1987 1647 2144 1693 :etate
2169 1635 2369 1704 smculi,
2403 1654 2500 1708 per
2525 1635 2726 1693 Christi
2755 1639 3042 1695 adventum
3067 1635 3353 1698 formatur.
3381 1639 3582 1700 Trans-

1989 1730 2126 1784 aetis
2157 1730 2300 1783 enim
2331 1745 2424 1784 sex
2464 1729 2712 1785 aetatibus
2743 1731 2948 1798 saeculi,
2979 1731 3122 1789 facto
3156 1734 3319 1789 etiam
3349 1731 3576 1804 judicio,

1989 1828 2043 1874 et
2078 1819 2348 1876 renovatis
2377 1821 2515 1876 caelo
2557 1837 2622 1876 ac
2665 1830 2832 1889 terra,
2865 1823 3264 1880 transferuntur
3307 1827 3479 1882 sancti
3523 1825 3579 1881 in

296 1924 679 1993 generationes
729 1920 1078 1975 inveniuntur
1121 1920 1174 1974 in
1219 1920 1415 1990 quibus
1459 1927 1740 1989 peccatum
1784 1919 1886 1974 La-
1913 1903 1961 1964 B
1988 1913 2156 1968 vitam
2220 1921 2492 1985 perpetuae
2537 1914 2976 1972 immortalitatis.
3033 1917 3186 1986 Quod
3247 1928 3428 1974 autem
3481 1935 3580 1991 per

296 2013 480 2080 mech,
533 2012 587 2067 id
626 2022 708 2067 est
743 1998 906 2068 totius
934 2011 1137 2074 mundi,
1191 2011 1468 2082 sanguinis
1511 2011 1709 2067 Christi
1751 2009 1885 2066 cll'u-

298 2105 454 2161 sione
489 2089 719 2159 solutum
753 2113 852 2159 est.
882 2103 1159 2174 Siquidem
1187 2114 1242 2159 et
1269 2106 1320 2158 in
1353 2105 1549 2175 populo
1573 2104 1882 2160 Judworum

291 2206 520 2269 propter
561 2196 988 2252 interfectionem
1040 2197 1262 2262 Christi,
1291 2197 1630 2268 septuaginta
1677 2204 1882 2267 septem

292 2294 422 2344 sunt
459 2285 708 2342 vindicta:
755 2295 990 2352 statutae,
1025 2285 1178 2355 juxta
1215 2287 1344 2341 illud
1381 2287 1654 2358 Evangelii
1689 2288 1740 2342 in
1775 2304 1882 2358 quo

293 2379 499 2434 dictum
537 2387 622 2434 est
661 2378 821 2434 Petro
863 2378 1148 2449 apostolo:
1186 2378 1309 2434 Non
1347 2379 1516 2434 solum
1563 2380 1768 2448 septies,
1791 2380 1882 2433 sed

290 2471 448 2525 etiam
475 2471 766 2540 septuagies
801 2472 1005 2544 septies,
1049 2471 1093 2526 si
1136 2473 1470 2541 paenituerit,
1503 2471 1656 2527 fratri
1696 2473 1883 2527 remit-

292 2561 513 2616 tendum
560 2559 774 2634 (Matth.
824 2560 1002 2632 xvm),
1044 2561 1097 2616 id
1129 2570 1213 2617 est
1241 2561 1483 2619 Judaeum
1525 2571 1882 2618 revertentem

289 2660 413 2722 post
438 2653 777 2723 septuaginta
817 2662 1024 2722 septem
1048 2654 1314 2710 vindictas
1358 2663 1590 2710 statutas
1618 2655 1883 2726 recipien-

291 2743 420 2798 dum
443 2743 512 2798 ad
544 2743 929 2814 indulgentiam
948 2732 1158 2799 Christi

361 2831 608 2906 Cognovit
638 2853 841 2908 quoque
863 2835 1030 2892 Adam
1059 2837 1229 2891 adhuc
1261 2854 1478 2893 uxorem
1507 2857 1678 2906 suam,
1715 2851 1763 2895 et
1793 2856 1882 2911 pe-

287 2932 422 3002 perit
465 2930 656 3002 ﬁlium,
696 2934 997 3004 vocavitque
1045 2950 1229 2988 nomen
1283 2933 1424 2988 illius
1467 2932 1614 3000 Setlt,
1657 2935 1834 2990 dicens
1861 2952 1880 2990 :

292 3021 482 3077 Posuit
505 3023 634 3076 mihi
665 3022 917 3078 Dominus
939 3041 1111 3079 semen
1135 3024 1281 3078 aliud
1305 3042 1400 3094 pro
1425 3025 1550 3079 Abel
1571 3043 1724 3097 quem
1745 3027 1880 3082 occi-

291 3112 367 3167 dit
408 3111 561 3168 Cain.
591 3111 860 3187 (Hieron.)
901 3115 1032 3172 Seth
1075 3115 1290 3186 proprie
1316 3119 1472 3181 θέσις,
1506 3116 1559 3171 id
1587 3127 1671 3173 est
1691 3118 1879 3189 positio

289 3207 511 3275 dicitur,
563 3208 689 3278 quia
737 3209 902 3280 igitur
946 3211 1192 3280 posuerit
1238 3226 1362 3266 eum
1405 3213 1547 3267 Deus
1587 3227 1686 3281 pro
1722 3209 1877 3280 Abel,

289 3310 576 3372 propterea
599 3300 752 3368 Seth,
775 3301 830 3358 id
851 3310 933 3358 est
950 3303 1138 3372 positio
1159 3303 1480 3374 appellatur.
1507 3302 1636 3358 Seth
1658 3304 1878 3374 quippe,

293 3403 350 3449 ut
375 3395 592 3465 quidam
617 3403 832 3466 putant,
885 3396 1271 3466 interpretatur
1307 3397 1632 3459 resurrectio,
1675 3397 1768 3466 qui
1799 3404 1883 3452 est

289 3486 574 3554 Christus;
601 3497 656 3543 et
682 3488 826 3545 Enos
861 3487 1004 3542 filius
1027 3488 1146 3558 ejus
1167 3487 1555 3556 interpretatur
1582 3487 1758 3553 homo,
1789 3487 1881 3558 qui

289 3581 457 3652 coepit
496 3581 750 3638 invocare
789 3595 983 3636 nomen
1035 3579 1266 3636 Domini.
1299 3579 1449 3634 Licet
1481 3579 1726 3650 plerique
1768 3577 1878 3636 He-

287 3672 562 3728 braeorum
604 3671 749 3728 aliud
801 3672 1152 3739 arbitrentur;
1204 3673 1346 3742 quod
1394 3680 1520 3728 tunc
1554 3673 1787 3742 primum
1824 3672 1880 3728 in

285 3766 510 3820 nomine
555 3765 807 3832 Domini,
855 3775 909 3820 et
946 3767 998 3820 in
1051 3767 1401 3823 similitudine
1446 3766 1564 3838 ejus
1617 3767 1878 3822 fabricata

285 3856 402 3911 sint
446 3856 604 3912 idola.
653 3855 834 3930 (Isid.)
883 3857 1021 3925 Quid
1065 3867 1244 3914 autem
1274 3875 1370 3929 per
1397 3860 1498 3914 hoc
1539 3859 1876 3930 intelligitur,

286 3947 434 4022 quod
460 3950 605 4006 Enos
634 3952 832 4007 dicitur
859 3953 1110 4008 invocare
1139 3969 1332 4008 nomen
1359 3955 1592 4020 Domini,
1622 3954 1726 4009 nisi
1751 3954 1878 4024 quia

287 4044 343 4100 in
387 4042 724 4100 confessione
767 4043 862 4100 Dei
900 4045 1033 4100 vivit
1073 4046 1249 4100 omnis
1283 4046 1465 4111 homo,
1494 4045 1586 4116 qui
1613 4054 1698 4102 est
1734 4044 1878 4102 ﬁlius

285 4136 722 4201 resurrectionis,
752 4137 990 4207 quandiu
1016 4139 1396 4208 peregrinatur
1429 4138 1482 4194 in
1521 4137 1714 4193 terris?
1743 4138 1875 4194 item

285 4241 357 4282 ex
378 4225 586 4282 duobus
627 4227 732 4282 illis
774 4227 1082 4285 hominibus
1117 4228 1271 4295 Abel,
1307 4229 1450 4300 quod
1488 4229 1878 4300 interpretatur

281 4318 484 4386 luctus,
529 4329 584 4376 et
632 4321 749 4390 ejus
792 4319 961 4376 fratre
990 4321 1144 4387 Seth,
1183 4323 1328 4392 quod
1367 4322 1756 4392 interpretatur
1785 4337 1873 4378 re-

284 4410 587 4476 surrectio,
629 4427 777 4466 mors
820 4410 1058 4477 Christi,
1108 4421 1164 4468 et
1207 4414 1317 4468 vita
1369 4411 1486 4482 ejus
1535 4429 1604 4468 ex
1647 4413 1875 4471 mortuis

283 4500 564 4570 ﬁguratur.
597 4501 757 4572 Ergo,
782 4513 840 4558 ut
864 4503 1080 4558 brevius
1112 4504 1308 4570 dicam,
1351 4503 1479 4560 Abel
1514 4505 1711 4571 luctus,
1739 4505 1873 4562 Seth

1988 2005 2118 2063 Seth
2161 2008 2229 2062 ab
2257 2005 2428 2062 Adam
2467 2024 2638 2078 usque
2669 2007 2734 2063 ad
2776 2007 2889 2065 Noe
2917 2010 3172 2066 denarius
3197 2027 3452 2067 numerus
3498 2012 3578 2066 in-

1986 2101 2253 2162 sinuatur,
2291 2099 2747 2170 complementum
2792 2101 3164 2157 mandatorum
3223 2103 3275 2158 in
3324 2102 3580 2159 Ecclesiae

1985 2191 2239 2263 operibus
2271 2193 2552 2263 ﬁguratur.
2597 2193 2694 2249 Cui
2749 2211 2974 2250 numero
3015 2195 3060 2249 si
3105 2193 3432 2264 adjiciuntur
3469 2205 3579 2252 tres

1985 2286 2079 2341 ﬁlii
2112 2283 2242 2349 Noe,
2273 2286 2449 2340 medio
2481 2287 2800 2356 reprobato,
2834 2287 3198 2342 duodeuarius
3237 2303 3578 2344 consumma.

1987 2385 2095 2443 tur,
2137 2378 2228 2447 qui
2272 2377 2323 2430 in
2363 2377 2799 2447 patriarcharum
2839 2387 2894 2432 et
2938 2377 3302 2448 apostolorum
3351 2394 3577 2433 numero

1985 2469 2214 2540 insignis
2251 2469 2510 2536 habetur,
2546 2461 2765 2540 prepter
2809 2470 3096 2542 septenarii
3133 2479 3316 2542 partes
3355 2471 3576 2537 alteras,

1981 2561 2080 2633 per
2105 2559 2303 2615 alteras
2330 2559 2746 2630 multiplicatas;
2775 2578 2902 2616 nam
2933 2570 3016 2616 ter
3043 2561 3314 2632 quaterni,
3338 2561 3420 2618 vel
3445 2577 3580 2632 qua-

1983 2662 2068 2708 ter
2109 2654 2246 2708 terni
2300 2653 2478 2723 ipsum
2534 2653 2761 2710 faciunt.
2821 2655 2972 2722 Quod
3018 2671 3147 2710 vero
3187 2655 3470 2727 progenies
3509 2667 3578 2712 ex

1983 2742 2153 2798 Adam
2175 2759 2271 2814 per
2295 2743 2425 2799 Cain
2456 2744 2511 2799 in
2539 2745 2762 2800 denario
2787 2760 3013 2801 numero
3041 2745 3248 2813 ﬁnitur,
3271 2755 3577 2819 transgres-

1985 2836 2065 2892 sio
2088 2837 2468 2892 mandatorum
2495 2835 2609 2892 sive
2629 2846 2911 2908 peccatum
2933 2839 3255 2893 ostenditur.
3283 2836 3418 2894 Nam
3449 2839 3575 2894 dum

1983 2927 2218 2984 Lamech
2259 2929 2520 2999 septimus
2553 2930 2619 2984 ab
2653 2929 2826 2984 Adam
2866 2931 3169 3000 reperiatur
3197 2930 3449 3000 scriptus,
3485 2931 3582 2986 ad-

1985 3023 2184 3078 duntur
2209 3023 2257 3076 ei
2302 3031 2412 3076 tres
2445 3022 2538 3076 ﬁlii
2567 3031 2620 3076 et
2650 3038 2756 3077 una
2782 3023 2910 3087 ﬁlia,
2939 3031 2998 3078 ut
3029 3025 3354 3079 undenarius
3381 3039 3574 3080 nume-

1983 3131 2078 3170 rus
2117 3115 2470 3186 compleatur,
2519 3131 2617 3186 per
2651 3105 2796 3188 quod
2834 3118 3237 3174 demonstretur
3271 3127 3573 3189 peccatum.

1985 3204 2122 3261 Nam
2161 3217 2217 3262 et
2258 3207 2370 3276 ipse
2407 3222 2668 3262 numerus
2714 3207 2915 3263 femina
2947 3208 3200 3276 eluditur,
3243 3225 3274 3264 a
3303 3225 3410 3279 quo
3444 3227 3578 3266 sexu

1988 3300 2201 3356 initium
2251 3302 2456 3370 peccati
2507 3302 2855 3358 commissum
2905 3311 3006 3367 est,
3055 3317 3154 3372 per
3199 3301 3340 3374 quod
3388 3317 3580 3360 omnes

1985 3394 2272 3461 morimur,
2300 3394 2508 3450 scilicet
2535 3403 2595 3450 ut
2623 3395 2866 3466 voluptas
2889 3395 3070 3451 carnis
3095 3411 3216 3466 quae
3246 3395 3458 3467 spiritui
3493 3412 3574 3453 re-

1985 3487 2240 3553 sisteret,
2297 3494 2634 3557 sequeretur.
2689 3485 2841 3543 Unde
2899 3496 2954 3542 et
3007 3488 3120 3558 ipsa
3173 3487 3282 3543 ﬁlia
3341 3488 3578 3544 Lamech

1983 3575 2206 3644 Noema,
2239 3577 2292 3633 id
2331 3586 2414 3633 est
2444 3579 2712 3648 voluptas,
2746 3578 3155 3650 interpretatur.
3198 3579 3372 3635 Adam
3412 3581 3580 3636 inter-

1980 3675 2226 3736 pretatur
2253 3668 2406 3722 homo
2445 3668 2557 3723 sive
2600 3679 2850 3726 terrenus
2892 3679 2986 3726 aut
3013 3671 3279 3743 indigena,
3315 3681 3410 3727 aut
3437 3683 3578 3729 terra

1985 3759 2164 3814 rubra.
2189 3755 2570 3832 lntcrpretatio
2595 3763 3105 3833 autem-eorumdem
3129 3764 3407 3820 nominum
3431 3781 3579 3822 eam-

1982 3853 2103 3930 dem
2137 3869 2249 3908 rem
2277 3854 2566 3926 signiﬁcat.
2619 3854 2750 3911 Seth
2793 3872 3008 3927 quoque
3055 3855 3444 3926 interpretatur
3471 3875 3569 3929 po-

1979 3947 2123 4014 sitio,
2151 3947 2265 4003 sive
2289 3949 2622 4015 resurrectio,
2647 3957 2707 4004 ut
2727 3949 2994 4006 diximus:
3021 3951 3168 4007 Enos
3189 3951 3576 4022 interpretatur

1979 4037 2176 4104 homo;
2205 4037 2412 4094 Cainan
2459 4040 2844 4112 interpretatur
2873 4021 3216 4108 lamentatio,
3264 4021 3350 4098 vel
3383 4043 3573 4113 positio

1978 4145 2196 4195 eorum;
2224 4129 2464 4187 Malaleel
2490 4131 2878 4203 interpretatur
2903 4131 3128 4188 laudans
3153 4117 3356 4200 Deum;
3382 4121 3572 4190 Jareth

1977 4223 2261 4290 roborans;
2288 4223 2477 4280 Enoch
2521 4225 2908 4296 interpretatur
2945 4225 3238 4305 dedicatio;
3269 4225 3572 4283 Mathusala

1977 4314 2160 4370 mortis
2181 4315 2426 4382 emissio;
2451 4314 2684 4372 Lamech
2719 4317 3058 4384 humiliatus;
3099 4317 3212 4374 Noe
3243 4319 3442 4390 requies
3482 4318 3570 4375 in-

1979 4415 2326 4478 terpretatur.
2374 4407 2517 4480 Ergo
2559 4409 2858 4479 procedens
2901 4409 3065 4465 homo
3093 4425 3161 4464 ex
3199 4416 3343 4464 terra
3383 4409 3566 4478 rubra,

1975 4515 2268 4570 resurgens
2297 4516 2328 4554 a
2351 4501 2609 4570 peccatis,
2633 4510 2686 4556 et
2711 4501 2990 4571 appositus
3012 4501 3177 4556 οωιυί
3201 4501 3564 4568 credentium,

281 4596 627 4662 resurrectio,
659 4597 803 4653 Enos
837 4597 1020 4665 homo,
1065 4601 1190 4670 quia
1229 4609 1355 4671 post
1389 4601 1594 4656 luctum
1627 4619 1872 4660 resurre-
1893 4615 1949 4681 D
1975 4592 2078 4646 erit
2127 4592 2288 4647 homo
2331 4594 2590 4648 invocans
2627 4592 2816 4658 Deum.
2863 4601 2920 4648 ει
2957 4591 3158 4648 deﬂens
3195 4603 3418 4663 Ρθοωιδ
3457 4593 3568 4662 Pri"

280 4687 407 4754 ctio,
441 4685 508 4744 de
536 4691 940 4748 resurrectione
967 4691 1126 4747 homo
1153 4693 1410 4751 invocans
1438 4695 1626 4752 Deum.

904 4819 1129 4878 CAPUT
1166 4823 1252 4878 Ill.

279 4929 356 4986 De
396 4927 570 4990 Adam
617 4935 877 5008 quomodo
921 4950 1133 5062 riguum
1168 4936 1308 5007 filios
1345 4941 1652 5012 susceperit,
1678 4950 1727 4996 et
1763 4941 1870 5012 ﬁne

933 5021 962 5062 υ
1008 5025 1052 5062 te
1085 5025 1219 5062 eius.

1008 5025 1052 5064 te
1085 5025 1219 5079 ejus.

349 5137 498 5213 (CAP.
530 5135 608 5212 v.)
637 5139 740 5195 Hic
784 5150 858 5197 est
897 5141 1029 5198 liber
1059 5145 1406 5214 generationis
1440 5145 1655 5202 Adam:
1684 5149 1740 5202 in
1783 5147 1868 5203 die

273 5250 379 5306 qua
415 5233 606 5288 ereavit
634 5233 778 5290 Deus
815 5235 1094 5302 hominem,
1136 5238 1206 5291 ad
1242 5239 1638 5299 similitudinem
1676 5239 1768 5294 Dei
1796 5240 1868 5310 fe-

275 5329 344 5382 cit
365 5325 552 5395 illum;
585 5327 876 5384 masculum
904 5339 950 5384 et
985 5329 1230 5400 feminam
1273 5331 1461 5385 creavit
1491 5349 1606 5397 eos;
1639 5341 1688 5386 et
1716 5331 1868 5386 bene-

273 5421 408 5478 dixit
446 5422 572 5488 illis,
603 5433 650 5479 et
683 5425 880 5479 vocavit
913 5442 1098 5481 nomen
1127 5443 1305 5481 eorum
1338 5427 1507 5482 Adam
1549 5431 1600 5483 in
1641 5430 1728 5483 die
1759 5447 1866 5501 qua

285 5516 449 5570 creati
479 5525 621 5571 sunt.
654 5515 928 5589 (Ηίενοη.)
963 5513 1026 5571 Et
1052 5519 1283 5584 vocavit,
1315 5519 1506 5589 inquit,
1538 5536 1733 5576 nomen
1774 5535 1865 5576 eo-

272 5615 395 5661 rum
420 5603 611 5672 Adam,
643 5607 696 5662 id
719 5615 804 5662 est
837 5608 1020 5664 homo.
1049 5609 1294 5667 Hominis
1323 5619 1504 5666 autem
1528 5627 1722 5668 nomen
1755 5621 1866 5667 tam

272 5695 392 5751 viro
414 5712 574 5766 quam
603 5695 815 5753 feminae
843 5701 1113 5754 convenit.

357 5781 498 5842 Vixit
521 5796 696 5844 autem
731 5787 900 5843 Adam
931 5799 1136 5864 centum
1166 5791 1377 5860 triginta
1415 5793 1585 5855 annis,
1613 5801 1661 5845 et
1687 5792 1867 5862 genuit

274 5873 347 5930 ad
372 5875 770 5934 similitudinem
811 5888 859 5934 et
901 5879 970 5934 ad
1011 5878 1294 5952 imaginem
1341 5896 1512 5935 suam.
1561 5877 1696 5936 Nota
1739 5883 1866 5953 quia

1973 4683 2144 4750 stina;
2177 4684 2416 4754 possidet
2444 4683 2682 4736 animam
2704 4697 2858 4736 suam
2889 4697 2986 4752 per
3008 4683 3353 4752 patientiam;
3380 4684 3567 4753 sicque

1974 4772 2077 4826 rite
2108 4771 2334 4827 laudans
2365 4772 2557 4836 Deum,
2585 4772 2873 4827 roboratur
2899 4771 3103 4844 Spiritu
3133 4774 3260 4841 Dei;
3287 4774 3566 4830 dedicatur

1973 4867 2041 4920 ad
2081 4865 2245 4920 vitam
2291 4873 2582 4931 aeternam;
2632 4872 2794 4935 atque
2834 4865 3007 4922 victor
3053 4866 3244 4923 mortis
3288 4863 3563 4937 subjectus

1974 4956 2106 5024 Deo,
2129 4957 2370 5028 possidet
2399 4957 2644 5028 requiem
2671 4958 3081 5028 sempiternam.

2591 5068 2819 5126 CAPUT
2855 5071 2943 5126 IV.

2386 5138 2466 5194 De
2496 5139 2802 5196 Mathusala
2827 5152 2877 5196 et
2903 5141 3150 5196 Lamech.

2045 5229 2194 5302 (Car.
2228 5230 2305 5304 v.)
2341 5229 2484 5286 Vixit
2502 5243 2706 5304 auoque
2733 5232 3038 5288 Mathusala
3069 5241 3271 5288 centum
3299 5237 3558 5308 octoginta

1971 5333 2163 5392 septem
2207 5341 2395 5394 annos,
2431 5335 2479 5378 et
2501 5314 2678 5396 genuit
2716 5323 2962 5392 Lamech,
2995 5331 3098 5382 etc.
3124 5325 3427 5382 Notandum
3457 5345 3556 5384 aua

1975 5425 2079 5471 tem
2107 5416 2250 5486 quod
2280 5417 2332 5471 in
2373 5415 2723 5488 Septuaginta
2768 5417 3153 5488 interpretibus
3188 5419 3277 5476 hic
3305 5419 3456 5478 locus
3479 5421 3556 5477 ita

1971 5509 2202 5564 habetur
2231 5527 2242 5562 :
2277 5506 2345 5561 Et
2370 5509 2496 5562 vixit
2523 5507 2826 5562 Mathusala
2875 5509 3026 5564 annis
3051 5520 3254 5566 centum
3281 5513 3554 5584 sexaginta

1969 5613 2180 5674 septem,
2223 5614 2269 5658 et
2306 5605 2484 5673 genuit
2517 5601 2755 5657 Lamech.
2800 5601 2870 5658 Et
2907 5604 3035 5659 vixit
3076 5604 3380 5663 Mathusala
3405 5618 3555 5680 post-

1969 5713 2124 5768 quam
2147 5697 2322 5765 genuit
2350 5693 2572 5748 Lamech
2595 5711 2759 5750 annos
2783 5697 3100 5769 octingentos
3123 5699 3278 5767 duos,
3299 5710 3348 5755 et
3373 5697 3551 5770 genuit

1967 5786 2104 5857 [ilius
2134 5797 2179 5840 et
2202 5787 2374 5855 filias;
2399 5796 2448 5840 et
2473 5786 2684 5853 fuerunt
2715 5805 2890 5844 omnes
2934 5791 3044 5844 dies
3083 5789 3397 5846 Mathusala:
3419 5807 3550 5862 quos

1969 5875 2093 5934 vivit
2133 5877 2258 5932 anni
2301 5877 2544 5948 nongenti
2582 5867 2855 5950 sexaginta
2884 5896 3085 5950 novem,
3108 5891 3156 5938 et
3177 5890 3412 5937 mortuus
3447 5889 3546 5940 est.
