3974 6450
456 347 560 403 5M

1096 338 1158 394 Β.
1198 334 1456 394 RABANI
1493 332 1715 393 usum
1753 328 2071 391 ARCfllEP.
2115 300 2423 392 uocum.
2465 332 2752 394 OPERUM
2786 334 2968 394 rans
3000 336 3042 393 ι.

3620 334 3728 393 5η

454 457 685 513 Famosa
702 453 931 527 quaestio
951 458 1007 509 et
1028 451 1387 523 disputatione
1411 451 1778 507 Ecclesiarum
1797 450 2037 506 omnium
2064 451 2115 511 A
2142 451 2358 521 quippe,
2394 462 2450 507 et
2498 453 2570 508 dii
2618 453 2867 510 similiter
2908 453 3264 526 appellantur.
3311 453 3546 526 Propter
3584 454 3731 526 quod

453 547 735 612 ventilata,
764 546 905 617 quod
928 544 1083 615 juxta
1106 543 1419 615 diligentem
1445 542 1878 614 supputationem
1908 556 2038 611 qua-

456 638 758 694 tuordecim
806 639 976 691 annos
1016 645 1141 706 post
1184 634 1442 690 diluvium
1505 632 1799 688 Mathusala
1840 631 2041 688 vixisse

459 729 744 785 referatur.
794 727 1007 783 Etenim
1065 741 1189 783 cum
1240 733 1384 781 esset
1427 723 1727 780 Mathusala
1774 736 2039 779 annorum

454 799 671 879 centum
702 820 979 890 sexaginta
1013 826 1241 889 septem,
1284 816 1471 890 genuit
1512 815 1780 882 Lamech;
1822 829 2040 871 rursum

453 909 689 967 Lamech
716 926 838 966 cum
869 918 1012 967 esset
1044 923 1306 965 annorum
1342 916 1558 963 centum
1584 906 1858 977 octoginta
1894 913 2039 973 octo,

454 1012 643 1074 genuit
663 1003 805 1074 Noe;
831 1011 885 1060 et
911 1004 1045 1059 ﬁunt
1083 1001 1243 1058 simul
1277 1015 1447 1071 usque
1472 1000 1540 1055 ad
1569 1000 1708 1055 diem
1738 998 2042 1055 nativitatis

453 1073 566 1147 Noe
586 1073 852 1148 anniviiae
871 1092 1206 1157 Mathusalae,
1227 1090 1456 1147 trecenti
1479 1089 1869 1161 quinquaginta
1893 1090 2045 1159 quin-

453 1199 577 1256 que.
620 1183 1026 1242 Sexcentesimo
1066 1192 1250 1240 autem
1292 1199 1434 1240 anno
1470 1183 1596 1237 vitae
1624 1181 1756 1249 Noe,
1782 1181 2041 1237 diluvium

452 1273 655 1333 factum
682 1284 786 1343 est,
817 1294 883 1334 ac
918 1290 1015 1348 per
1039 1277 1143 1333 hoc
1170 1276 1355 1331 habita
1385 1275 1764 1346 supputatione
1792 1290 1891 1346 per
1917 1289 2043 1344 par-

453 1374 555 1431 tes,
599 1368 1012 1440 nongentesimo
1047 1350 1492 1439 quinquagesimo
1530 1366 1720 1437 quinto
1755 1382 1897 1421 anno
1928 1365 2041 1420 Ma-

453 1457 699 1525 thusalae,
724 1458 985 1514 diluvium
1014 1458 1214 1514 factum
1247 1473 1366 1514 esse
1393 1459 1752 1514 convincitur.
1782 1457 1916 1514 Cum
1942 1473 2041 1513 au-

453 1555 563 1603 tem
605 1563 767 1620 super
808 1551 1095 1623 nongentis
1124 1551 1406 1621 sexaginta
1436 1566 1629 1606 novem
1664 1550 1820 1606 annis
1844 1549 2044 1607 vixisse

453 1640 526 1696 sit
549 1640 747 1707 dictus,
772 1642 901 1696 nulli
925 1642 1147 1698 dubium
1174 1651 1257 1698 est
1283 1642 1693 1713 quatuordecim
1721 1657 1890 1698 annos
1916 1656 2041 1697 eum

450 1731 653 1787 vixisse
685 1740 807 1803 post
841 1733 1120 1789 diluvium.
1161 1734 1229 1789 Et
1269 1734 1538 1805 quomodo
1579 1749 1762 1789 verum
1790 1742 1874 1789 est
1899 1733 2041 1804 quod

2139 542 2331 613 Aquila
2352 543 2546 615 plurali
2571 560 2797 601 numero
2817 545 2955 602 ﬁlios
2979 547 3202 603 deorum
3227 562 3390 604 ausus
3411 555 3501 603 est
3525 544 3731 612 dicere,

2139 638 2269 695 deos
2289 638 2593 710 intelligens
2618 649 2836 696 sanctos
2859 641 2973 697 sive
2997 642 3234 712 angelos.
3265 641 3403 697 Deus
3427 642 3571 697 enim
3596 640 3735 694 stetit

2138 733 2196 786 in
2223 748 2488 803 synagoga
2524 733 2783 788 deorum:
2817 734 2874 787 in
2899 733 3067 790 medio
3107 743 3280 791 autem
3320 734 3447 790 deos
3486 732 3739 788 discernit

2140 822 2313 895 (Psal.
2338 823 2545 896 Lxxxl).
2564 822 2745 897 (Aug.)
2774 824 2927 882 Unde
2957 834 3011 881 et
3038 825 3400 899 Symmachus
3423 825 3739 882 istiusmodi

2140 928 2357 970 sensum
2405 929 2641 987 sequens
2693 917 2804 971 ait:
2847 915 3088 973 Videntes
3129 917 3230 988 lilii
3273 927 3549 991 potentum
3602 916 3741 986 ﬁlias

2140 1005 2430 1073 hominum,
2474 1016 2529 1063 et
2573 1007 2799 1078 reliqua.
2835 1006 2941 1064 Sed
2976 1010 3081 1065 hoc
3121 1019 3318 1075 movet,
3351 1009 3639 1081 quomodo
3664 1009 3743 1064 vel

2141 1110 2208 1151 ex
2230 1096 2507 1153 hominum
2529 1100 2815 1156 concubitu
2838 1101 2949 1156 nati
2970 1102 3233 1173 gigantes,
3264 1101 3489 1157 feminis
3511 1101 3744 1157 miscere

2142 1196 2436 1259 potuerunt
2454 1205 2532 1257 se,
2556 1190 2600 1246 si
2623 1206 2729 1247 non
2753 1192 3001 1248 homines
3030 1195 3124 1249 sed
3154 1194 3329 1266 angeli
3362 1193 3614 1249 fuerunt.
3641 1192 3745 1249 Sed

2144 1277 2210 1333 de
2238 1278 2564 1351 gigantibus,
2601 1280 2655 1335 id
2677 1289 2780 1348 est,
2819 1281 3045 1337 nimium
3069 1285 3366 1355 grandibus
3395 1293 3568 1354 atque
3593 1282 3748 1339 forti-

2141 1372 2264 1438 bus,
2294 1382 2424 1445 puto
2467 1390 2575 1429 non
2614 1389 2736 1431 esse
2776 1376 3082 1433 mirandum
3126 1379 3270 1449 quod
3313 1393 3382 1433 ex
3429 1377 3749 1433 hominibus

2143 1464 2293 1519 nasci
2321 1473 2631 1535 potuerunt,
2675 1467 2802 1537 quia
2827 1476 2881 1523 et
2912 1477 3039 1541 post
3070 1469 3326 1524 diluvium
3353 1468 3588 1540 quidam
3614 1469 3748 1526 tales

2145 1553 2311 1610 fuisse
2346 1556 2718 1625 reperiuntur;
2747 1566 2803 1614 et
2831 1562 3077 1631 quaedam
3104 1574 3334 1631 corpora
3359 1559 3658 1615 hominum
3695 1560 3748 1616 in

2145 1646 2513 1704 incredibilem
2538 1650 2757 1706 modum
2783 1651 3020 1722 ingentia
3050 1652 3253 1708 nostris
3282 1666 3507 1722 quoque
3540 1660 3749 1722 tempo-

2146 1741 2295 1796 ribus
2346 1742 2702 1808 exstiterunt,
2751 1758 2859 1799 non
2905 1744 3077 1801 solum
3126 1744 3390 1808 virorum,
3433 1744 3536 1800 sed
3582 1744 3746 1799 etiam

451 1833 576 1882 octo
615 1834 825 1883 tantum
851 1830 1044 1886 animae
1070 1831 1124 1885 in
1153 1846 1280 1887 arca
1309 1831 1473 1887 salva:
1494 1830 1653 1887 factae
1677 1832 1835 1887 sunt?
1855 1832 2047 1887 Restat
2146 1827 2491 1885 feminarum.
2544 1832 2699 1888 Unde
2748 1834 3060 1891 credibilius
3119 1843 3205 1891 est
3261 1834 3518 1890 homines
3571 1834 3747 1903 justas

449 1932 579 1987 ergo
608 1926 669 1973 ut
691 1918 968 1988 ‘quomodo
1002 1921 1058 1975 in
1087 1921 1378 1991 plerisque,
1406 1922 1481 1976 ita
1509 1930 1563 1978 et
1590 1923 1643 1976 in
1666 1921 1770 1978 hoc
1801 1922 1873 1977 sit
1892 1936 2048 1977 error

372 2058 383 2065 κ
450 2007 505 2062 in
545 2023 790 2065 numero.
821 2009 1098 2081 Siquidem
1134 2012 1188 2067 in
1218 2013 1461 2069 Hebraeis
1490 2024 1545 2070 et
1576 2013 2044 2070 Samaritanorum

448 2097 605 2154 libris
625 2099 698 2153 ita
727 2101 986 2172 scriptum
1011 2103 1190 2173 reperi
1221 2121 1234 2156 :
1268 2103 1337 2157 Et
1361 2104 1488 2158 vixit
1509 2102 1814 2158 Mathusala
1839 2114 2046 2160 centum

449 2190 713 2261 octoginta
735 2200 929 2262 septem
953 2194 1126 2259 annis,
1151 2204 1198 2249 et
1222 2196 1399 2265 genuit
1421 2194 1682 2260 Lamech;
1708 2204 1755 2249 et
1780 2196 1904 2251 vixit
1927 2196 2047 2251 Ma-

447 2282 661 2337 thusala
699 2292 977 2356 postquam
1014 2287 1191 2358 genuit
1230 2287 1475 2352 Lamech,
1517 2288 1862 2358 septingentos
1906 2298 2048 2343 octo-

450 2372 595 2442 ginta
620 2372 753 2428 duos
782 2391 971 2442 annos,
1002 2384 1049 2431 et
1084 2378 1263 2448 genuit
1294 2378 1435 2446 ﬁlios
1469 2387 1519 2433 et
1545 2378 1721 2447 ﬁlias;
1754 2388 1803 2434 et
1831 2379 2047 2449 fuerunt

450 2454 628 2515 omnes
664 2462 774 2517 dies
811 2462 1152 2531 Mathusalaz,
1195 2468 1322 2522 anni
1352 2470 1597 2539 nongenti
1639 2470 1911 2541 sexaginta
1953 2487 2048 2526 no-

449 2566 582 2618 vem,
604 2560 653 2606 et
676 2563 914 2610 mortuus
937 2568 1031 2611 est.
1058 2557 1129 2612 Et
1151 2558 1274 2614 vixit
1299 2558 1522 2615 Lamech
1551 2570 1759 2616 centum
1780 2564 2046 2634 octoginta

449 2640 584 2697 duos
612 2660 801 2711 annos,
831 2654 879 2701 et
904 2648 1081 2718 genuit
1108 2648 1244 2705 Noe.
1278 2650 1327 2705 A
1351 2652 1437 2707 die
1460 2666 1589 2723 ergo
1609 2653 1912 2710 nativitatis
1935 2653 2046 2709 Ma-

449 2731 677 2789 thusalae
705 2750 877 2806 usque
907 2738 977 2793 ad
997 2739 1141 2795 diem
1170 2750 1323 2797 ortus
1346 2741 1479 2810 Noe,
1509 2752 1635 2800 sunt
1658 2744 1783 2800 anni
1815 2746 2045 2802 trecenti

448 2824 729 2896 sexaginta
771 2842 986 2884 novem.
1031 2829 1128 2886 llis
1179 2832 1317 2888 adde
1358 2844 1645 2892 sexcentos
1685 2852 1857 2894 annos
1900 2838 2040 2906 Noe,

446 2916 576 2986 quia
596 2917 652 2973 in
674 2922 1071 2979 sexcentesimo
1091 2925 1216 2981 vita:
1232 2924 1349 2994 ejus
1382 2943 1525 2985 anno
1557 2918 1817 2987 diluvium
1838 2932 2044 2989 factum

449 3014 553 3074 est,
580 3019 744 3080 atque
774 3012 847 3068 ita
884 3012 946 3070 ﬁt
980 3023 1041 3070 ut
1079 3020 1491 3090 nongentesimo
1519 3024 1857 3094 sexagesimo
1899 3041 2046 3083 nono

449 3115 593 3157 anno
616 3104 742 3159 vita:
766 3120 876 3162 suae
904 3107 1207 3165 Mathusala
1253 3123 1499 3170 mortuus
1525 3116 1617 3181 sit,
1647 3131 1712 3172 eo
1748 3132 1891 3174 anno
1934 3133 2044 3189 quo

447 3195 614 3267 carpit
641 3212 761 3254 esse
790 3198 1074 3259 diluvium.
1107 3204 1292 3279 (Isid.)
1325 3206 1460 3263 Nam
1498 3208 1813 3267 Mathusalae
1848 3227 2044 3269 secun-

446 3286 574 3344 dum
605 3286 957 3366 Septuaginta
1000 3296 1145 3352 ultra
1182 3299 1446 3356 diluvium
1493 3311 1848 3360 numerantur
1890 3308 2040 3375 anni,

444 3386 507 3433 ut
547 3382 802 3450 quoniam
851 3384 998 3442 solus
1034 3396 1119 3443 est
1164 3387 1437 3458 Christus,
1487 3392 1640 3464 cujus
1680 3395 1792 3451 vita
1836 3397 2042 3453 nullam

447 3478 615 3533 sentit
637 3487 875 3549 aetatem,
896 3484 952 3539 in
981 3486 1280 3558 majoribus
1303 3503 1517 3560 quoque
1540 3490 1649 3546 illis
1672 3506 1779 3547 non
1805 3493 2042 3551 sensisse

447 3567 710 3626 diluvium
736 3573 1033 3631 videretur.
1682 3648 1690 3653 _

529 3656 673 3716 Vixit
700 3672 877 3719 autem
902 3663 1131 3721 Lamech
1155 3677 1363 3724 centum
1404 3671 1668 3743 octoginta
1701 3673 1905 3731 duobus
1940 3693 2040 3731 an-

446 3751 553 3820 nis,
581 3760 630 3808 et
655 3755 833 3826 genuit
856 3756 1062 3827 filium;
1098 3761 1399 3833 vocavitque
1424 3779 1613 3819 nomen
1632 3765 1749 3836 ejus
1776 3765 1915 3834 Noe,
1958 3768 2042 3824 di-

446 3859 608 3899 cens:
644 3843 754 3901 Iste
780 3848 1139 3906 consolabitur
1175 3868 1268 3908 nos
1299 3852 1363 3908 ab
1401 3855 1643 3926 operibus
1684 3865 1733 3912 et
1772 3856 2041 3916 laboribus

446 3954 701 3995 manuum
730 3948 1053 4011 nostrarum,
1090 3945 1146 4001 in
1185 3955 1326 4002 terra
1349 3947 1435 4002 cui
1461 3947 1738 4004 maledixit
1759 3950 2039 4009 Dominus.

447 4016 742 4103 (Hierom)
786 4029 901 4086 Noe
948 4032 1149 4103 requies
1193 4033 1603 4106 interpretatur.
1648 4039 1729 4094 Ab
1768 4054 1835 4095 eo
1878 4040 2044 4108 igitur

447 4117 594 4187 quod
620 4120 722 4175 sub
761 4119 853 4177 illo
883 4123 1064 4179 omnia
1100 4132 1250 4180 retro
1278 4140 1441 4196 opera
1484 4130 1807 4199 quieverunt
1841 4148 1941 4204 per
1962 4132 2043 4188 di-

445 4205 672 4276 luvium,
700 4212 998 4282 appellatus
1032 4223 1118 4271 est
1146 4219 1367 4290 requies.
1402 4218 1685 4292 Signiﬁcat
1716 4232 1899 4280 autem
1927 4224 2042 4282 Noe

444 4314 544 4370 per
568 4315 759 4359 omnes
786 4311 942 4360 actus
968 4319 1098 4363 suos
1126 4306 1422 4365 Christum.
1459 4310 1573 4369 Noe
1613 4315 1782 4382 enim,
1815 4310 1880 4371 ut
1902 4316 2042 4372 dixi-
2116 4328 2119 4329 '

446 4407 591 4460 mus,
622 4395 820 4466 requies
848 4395 1255 4469 interpretatur.
1287 4402 1547 4460 Dominus
1577 4406 1748 4462 dicit:
1782 4406 1980 4464 Discite
2007 4428 2041 4466 a

2149 1921 2441 1992 appellatos
2480 1922 2618 1978 ﬁlios
2660 1922 2776 1991 Dei,
2802 1926 3235 1996 concupiscentia
3279 1925 3465 1997 lapsos
3490 1941 3746 1996 peccasse

2146 2028 2268 2068 cum
2313 2012 2551 2081 feminis,
2587 2031 2749 2086 quam
2783 2016 3004 2087 angelos
3052 2032 3271 2073 carnem
3313 2034 3421 2074 non
3454 2017 3743 2085 habentes,

2146 2119 2319 2176 usque
2339 2106 2406 2160 ad
2428 2105 2557 2161 illud
2583 2116 2861 2178 peccatum
2890 2108 3221 2165 descendere
3244 2110 3490 2179 potuisse
3516 2128 3531 2163 :
3559 2125 3745 2179 quam«

2149 2200 2230 2255 vis
2255 2200 2321 2256 de
2344 2199 2667 2271 quibusdam
2713 2201 3049 2258 daemonibus
3077 2203 3169 2273 qui
3198 2203 3307 2258 sint
3344 2202 3587 2274 improbi
3634 2219 3747 2258 mu-

2146 2288 2392 2359 lieribus,
2420 2307 2452 2347 a
2479 2292 2663 2348 multis
2693 2300 2803 2348 tam
2830 2293 3000 2349 multa
3036 2294 3307 2360 dicantur,
3339 2303 3402 2350 ut
3432 2311 3550 2351 non
3576 2292 3748 2352 facilis

2147 2383 2217 2439 sit
2243 2383 2438 2441 de-hac
2464 2400 2525 2441 re
2550 2385 2788 2443 ﬁnienda
2816 2388 3103 2446 sententia.
3141 2386 3362 2460 (Albim)
3396 2388 3579 2443 Aliter
3613 2388 3748 2445 ﬁlias

2147 2476 2427 2533 hominum
2466 2477 2778 2550 progeniem
2824 2477 3015 2545 Cham,
3064 2486 3121 2536 et
3172 2478 3311 2536 ﬁlios
3354 2479 3453 2536 Dei
3506 2481 3746 2537 sobolem

2150 2566 2285 2623 Seth
2320 2568 2591 2640 appellare
2637 2568 2809 2625 voluit
2865 2569 3168 2643 Scriptura,
3221 2571 3278 2627 hi
3326 2571 3472 2626 avita
3524 2571 3747 2628 benedi-

2147 2661 2326 2717 ctione
2348 2661 2606 2733 religiosi,
2658 2662 2734 2719 illi
2774 2670 3003 2734 paterna
3046 2664 3430 2721 maledictione
3462 2665 3746 2737 impudici.

2147 2753 2258 2810 Sed
2281 2763 2568 2827 postquam
2599 2754 2693 2811 ﬁlii
2730 2755 2888 2824 Setb,
2926 2758 3364 2829 concupiscentia
3388 2758 3550 2826 victi,
3579 2774 3647 2815 ex
3685 2758 3747 2814 ﬁ-

2147 2845 2321 2903 liabus
2362 2846 2533 2903 Cham
2580 2849 2849 2905 connubia
2898 2850 3321 2921 conjunxerunt,
3361 2866 3431 2906 ex
3474 2851 3573 2905 tali
3621 2866 3750 2907 con-

2140 2938 2421 3009 junctione
2443 2938 2690 2994 homines
2712 2939 2977 2997 immenso
2997 2955 3244 3013 corpore,
3268 2941 3480 2997 viribus
3503 2942 3747 3012 superbi,

2146 3031 2389 3088 moribus
2420 3032 2702 3101 inconditi,
2735 3048 2871 3105 quos
2897 3032 3179 3106 Scriptura
3208 3036 3463 3109 gigantes
3491 3037 3747 3109 appellat,

2070 3172 2116 3236 Ο
2145 3125 2415 3194 procreati
2441 3135 2587 3181 sunt.

2217 3216 2466 3291 Dixitque
2503 3217 2645 3274 Deus
2675 3234 2694 3275 :
2726 3218 2849 3275 Non
2882 3223 3208 3293 permanebit
3250 3224 3471 3293 spiritus
3512 3241 3661 3279 meus
3696 3227 3750 3280 in

2145 3312 2354 3368 homine
2374 3314 2431 3368 in
2453 3322 2728 3380 internum,
2752 3314 2877 3386 quia
2902 3332 3028 3370 caro
3049 3325 3163 3383 est;
3188 3328 3446 3390 eruntque
3464 3319 3581 3373 dies
3604 3318 3749 3374 illius

2144 3413 2350 3459 centum
2396 3406 2579 3477 viginti
2615 3406 2764 3462 anni.
2795 3404 3067 3481 (Ηὶενοη.)
3109 3408 3169 3464 In
3222 3408 3453 3466 Hebraeo
3484 3412 3747 3483 scriptum

2143 3502 2273 3550 est:
2315 3493 2439 3549 Non
2474 3496 2737 3567 judicabit
2781 3498 2997 3570 spiritus
3054 3516 3201 3555 meus
3240 3501 3480 3557 homines
3519 3503 3651 3557 istos
3696 3503 3748 3557 in

2144 3597 2417 3656 veternum,
2457 3582 2582 3661 quia
2610 3606 2735 3645 caro
2775 3601 2931 3658 sunt;
2977 3592 3083 3649 hoc
3115 3601 3218 3660 est,
3260 3595 3388 3664 quia
3418 3594 3631 3669 fragilis
3668 3604 3748 3652 est

2143 3679 2199 3734 in
2248 3681 2466 3737 homine
2514 3681 2785 3748 conditio,
2833 3698 2939 3739 non
2987 3698 3083 3741 eos
3128 3686 3199 3741 ad
3240 3695 3481 3745 teter-nos
3522 3690 3748 3746 servabo

2143 3775 2436 3841 cruciatus,
2485 3775 2581 3831 sed
2628 3775 2720 3831 hic
2758 3775 2865 3831 illis
2923 3778 3205 3833 restituam
3253 3781 3398 3850 quod
3446 3789 3744 3837 merentur.

2142 3865 2287 3937 Ergo
2311 3880 2419 3921 non
2441 3866 2811 3933 severitatem,
2834 3875 2895 3923 ut
2923 3867 2978 3923 in
2999 3869 3201 3925 nostris
3226 3870 3508 3928 codicibus
3527 3872 3747 3945 legitur,

2143 3962 2239 4019 sed
2270 3960 2612 4017 clementiam
2639 3959 2735 4017 Dei
2770 3970 2950 4029 sonat,
2981 3962 3107 4019 dum
3131 3972 3390 4035 peccator
3414 3966 3507 4022 hic
3532 3981 3635 4036 pro
3652 3982 3749 4023 suo

2142 4052 2349 4109 scelere
2387 4052 2659 4109 visitatur.
2709 4050 2865 4109 Unde
2914 4060 2969 4110 et
3017 4054 3191 4110 iratus
3210 4055 3356 4112 Deus
3388 4055 3638 4128 loquitur
3681 4057 3749 4114 ad

2142 4142 2406 4213 quosdam
2437 4162 2449 4197 :
2478 4142 2603 4198 Non
2637 4143 2857 4198 visitabo
2884 4143 3028 4214 filias
3057 4161 3238 4200 eorum
3260 4164 3379 4202 cum
3403 4147 3606 4217 fuerint
3636 4148 3749 4219 [or-

2143 4235 2353 4301 nicataz,
2385 4245 2433 4291 et
2461 4252 2681 4307 sponsas
2719 4253 2903 4292 eorum
2941 4254 3061 4293 cum
3106 4237 3527 4296 adulteraverint
3573 4240 3748 4314 (Osee

2142 4327 2238 4400 1v).
2272 4328 2340 4383 Et
2366 4327 2420 4383 in
2447 4328 2556 4385 alio
2582 4329 2739 4385 loco:
2784 4328 3014 4386 Visitabo
3053 4331 3109 4385 in
3148 4332 3293 4403 virga
3319 4332 3628 4405 iniquitates
3656 4351 3745 4389 eo-

2142 4438 2284 4489 rum,
2321 4423 2458 4478 etin
2484 4423 2709 4495 flagellis
2753 4432 2967 4495 peccata
3007 4440 3210 4479 eorum.
3248 4424 3624 4483 Verumtamen
3652 4430 3749 4483 mi—

445 4484 672 4554 mequia
693 4487 833 4541 mitis
865 4504 982 4542 sum
1020 4499 1068 4544 et
1114 4491 1327 4547 humilis
1354 4495 1529 4562 corde,
1566 4506 1616 4551 et
1645 4498 1916 4555 invenietis
1955 4518 2040 4556 re-

449 4574 615 4598 --..’-...
666 4576 929 4598 -._:---._L-__
1014 4596 1023 4598 _
1061 4589 1075 4598 .
1114 4582 1126 4593 ο
1185 4582 1259 4598 [In
1308 4586 1363 4598 -.ι
1499 4585 1510 4598 ι
1573 4586 1604 4598 η
1647 4587 1661 4598 ι
1761 4590 1772 4598 .
1958 4593 1969 4598 -

2144 4516 2482 4572 sericordiam
2513 4534 2681 4571 meam
2717 4534 2822 4573 non
2847 4517 3091 4589 auferam
3120 4519 3186 4574 ab
3208 4520 3284 4575 eis
3308 4517 3428 4593 (Ps.
3451 4522 3745 4593 Lxxxvm).

444 4576 618 4686 quieta
657 4576 953 4686 αξίηιιξὺαξ.
970 4582 1152 4637 vestris
1179 4582 1395 4686 (ΜαξιΙιο
1439 4585 1539 4660 ιι)ο
1570 4586 1730 4686 ξοιυε
1751 4590 1930 4661 ,ἱυειυε
1956 4593 2039 4648 ίη·
2063 4576 2117 4598 ν
2144 4606 2316 4665 Porro
2342 4624 2410 4664 ne
2440 4610 2715 4665 videretur
2749 4610 2801 4665 in
2830 4624 2896 4665 eo
2920 4576 3043 4667 esse
3066 4576 3327 4679 crudelis:
3346 4615 3494 4685 quod

444 4667 659 4722 venitur
685 4668 798 4726 Noe
818 4670 874 4726 in
899 4671 987 4727 illa
1017 4683 1198 4745 gente,
1222 4676 1309 4731 cui
1335 4686 1542 4749 septem
1569 4679 1816 4739 homines
1837 4685 2039 4741 donan-

444 4765 535 4813 tur
570 4770 790 4832 propter
833 4764 1099 4834 justitiam
1145 4783 1317 4824 suam.
1366 4770 1525 4827 Solus
1561 4774 1742 4845 justus
1786 4775 2037 4836 Christus

445 4859 531 4906 est
570 4861 733 4923 atque
778 4854 1084 4925 perfectus,
1129 4862 1216 4916 cui
1264 4872 1472 4935 septem
1514 4864 1771 4924 Ecclesiae
1813 4881 2037 4940 propter

447 4944 849 5015 septemplicem
873 4945 1132 5018 Spiritum
1156 4951 1553 5012 illuminantem
1581 4958 1636 5014 in
1660 4975 1826 5015 unam
1850 4961 2036 5018 Eccle-

446 5036 583 5094 siam
608 5038 1001 5098 condonantur.

1123 5137 1350 5198 CAPUT
1383 5144 1449 5201 ν.

517 5221 594 5278 De
612 5226 931 5309 gigantibus,
968 5241 1015 5309 et
1046 5233 1117 5309 de
1131 5246 1336 5309 centum
1358 5240 1539 5309 viginti
1567 5241 1720 5296 annis
1739 5242 2034 5300 hominibus

757 5301 826 5353 ad
852 5304 1206 5371 pwnitentiam
1227 5324 1260 5361 a
1287 5308 1396 5363 Deo
1409 5301 1717 5384 concessit;

520 5404 670 5476 (Car.
706 5410 809 5482 vr.)
841 5412 1071 5487 Cumque
1120 5420 1388 5489 cwpissent
1424 5421 1659 5479 homines
1699 5425 2035 5497 multiplicari

445 5513 603 5568 super
631 5508 846 5568 terram,
876 5516 923 5560 et
944 5507 1084 5575 ﬁlios
1120 5522 1504 5580 procreassent,
1537 5516 1766 5571 videntes
1808 5516 1909 5585 ﬁlii
1941 5518 2038 5576 Dei

446 5589 588 5658 filias
624 5593 919 5664 hominum,
939 5603 1078 5671 quod
1104 5613 1272 5657 essent
1293 5604 1546 5674 pulchrre,
1579 5623 1885 5681 acceperunt
1908 5631 2039 5668 uxo-

446 5695 528 5735 res
565 5682 670 5740 sibi
705 5704 770 5743 ex
796 5692 1033 5746 omnibus
1070 5709 1202 5763 quas
1241 5694 1522 5766 elegerant.
1548 5696 1785 5756 Verbum
1816 5701 2041 5760 Hebrai-

445 5788 568 5832 cum
594 5777 793 5837 elobint
820 5768 1000 5843 ambs:
1042 5789 1346 5845 communis
1388 5798 1472 5848 est
1518 5792 1750 5860 numeri,
1792 5803 1848 5850 et
1897 5794 2040 5854 Deus

2145 4701 2285 4757 tibus
2316 4702 2491 4758 locum
2530 4703 2866 4774 paenitentia:
2904 4721 3011 4760 non
3057 4705 3321 4773 dedisset,
3352 4706 3596 4778 adjecit:
3641 4708 3746 4766 Sed

2141 4801 2291 4847 erunt
2320 4793 2429 4849 dies
2452 4810 2634 4848 eorum
2661 4804 2867 4851 centum
2884 4796 3068 4868 viginti
3093 4799 3244 4865 anni,
3266 4798 3373 4856 hoc
3392 4807 3500 4865 est,
3524 4811 3743 4856 centum

2139 4882 2331 4953 viginti
2372 4897 2544 4938 annos
2587 4883 2866 4939 habebunt
2910 4887 2979 4942 ad
3027 4888 3292 4958 agendam
3337 4890 3740 4961 paenitentiam.

2139 4971 2257 5027 Non
2289 4974 2451 5045 igitur
2478 4975 2714 5029 humana
2741 4977 2877 5041 vita,
2905 4985 2967 5031 ut
2994 4978 3150 5033 multi
3192 4988 3400 5046 errant,
3440 4981 3498 5037 in
3525 4992 3742 5037 centum

2139 5064 2329 5136 viginti
2355 5081 2526 5121 annos
2551 5076 2834 5124 contracta
2869 5080 2975 5136 est,
3008 5072 3103 5127 sed
3131 5073 3472 5143 generationi
3507 5074 3583 5129 illi
3613 5090 3741 5131 cen-

2138 5163 2255 5211 tum
2276 5156 2467 5228 viginti
2493 5159 2621 5213 anni
2649 5158 2717 5212 ad
2741 5162 3118 5231 paenitentiam
3142 5164 3257 5220 dati
3280 5175 3428 5222 sunt.
3456 5165 3738 5238 Siquidem

2139 5245 2447 5302 invenimus
2467 5249 2610 5319 quod
2633 5259 2755 5320 post
2789 5251 3052 5309 diluvium
3077 5254 3355 5312 Abraham
3394 5259 3599 5315 vixerit
3639 5274 3738 5315 au-

2139 5352 2239 5393 nos
2267 5346 2482 5393 centum
2527 5341 2865 5413 septuaginta
2902 5343 3159 5415 quinque,
3190 5354 3246 5401 et
3287 5349 3472 5404 caeteri
3508 5350 3738 5422 amplius

2144 5430 2392 5486 ducentis
2439 5432 2695 5488 trecentis
2742 5435 2915 5490 annis.
2979 5435 3119 5503 Quia
3171 5452 3302 5495 vero
3352 5441 3735 5510 paenitentiam

2144 5535 2306 5591 agere
2335 5530 2793 5593 contempserant,
2818 5526 2990 5583 noluit
3012 5528 3155 5585 Deus
3181 5541 3507 5603 exspectare
3527 5542 3738 5606 tempus

2145 5612 2441 5677 decretum,
2472 5613 2566 5670 sed
2595 5616 2783 5687 viginti
2813 5634 3080 5676 annorum
3106 5624 3293 5694 spatiis
3315 5627 3631 5696 amputatis,
3656 5629 3738 5684 in-

2146 5704 2301 5759 duxit
2330 5704 2587 5763 diluvium
2633 5723 2774 5766 anno
2814 5714 3112 5772 centes'mo
3148 5718 3369 5789 agendae
3400 5718 3735 5791 paenitentis

2147 5798 2416 5858 destinato
