3974 6488
285 392 387 457 515

1342 401 1696 462 COMMENT.
1734 399 1802 457 ΙΝ
1840 400 2162 458 GENESIM.
2201 434 2271 445 —
2300 404 2426 462 LIB.
2464 405 2524 462 ll.

2901 355 2928 366 \-

3453 420 3559 477 514

370 521 564 576 Videtis
624 527 798 575 autem
843 518 984 574 Deus
1039 518 1176 589 quod
1225 517 1388 572 multa
1443 517 1647 571 malitia
1701 517 1874 570 homi-
1903 519 1956 579 Α
2049 514 2163 571 Fac
2203 519 2295 594 tibi
2336 536 2512 574 arcam
2540 520 2604 575 de
2651 519 2806 592 lignis
2854 522 3120 594 levigatis;
3157 527 3563 588 ‘mansiunculas

288 631 414 669 num
443 621 573 668 esset
601 610 655 665 in
684 619 844 675 terra,
887 618 934 664 et
977 619 1164 662 cuncta
1187 608 1434 679 cogitatio
1475 607 1647 662 cordis
1673 609 1873 672 intenta

285 715 418 761 esset
439 704 507 758 ad
533 703 731 756 malum
761 703 902 756 omni
926 711 1171 771 tempore,
1213 703 1449 772 paenituit
1469 717 1586 756 eum
1609 701 1747 771 quod
1783 701 1874 754 ho-

284 797 478 850 minem
500 795 704 865 fecisset
726 795 781 848 in
811 803 984 859 terra;
1013 803 1063 848 et
1085 804 1258 849 tactus
1286 793 1464 849 dolore
1486 793 1658 848 cordis
1684 792 1870 847 intrin-

283 905 454 944 secus.
485 886 695 952 Delebo,
734 888 922 958 inquit,
953 887 1210 942 hominem
1247 904 1398 959 quem
1434 887 1626 954 creavi,
1661 905 1695 942 a
1738 887 1871 943 facie

282 988 464 1045 teme,
489 978 552 1033 ab
575 978 785 1034 homine
805 995 965 1050 usque
999 979 1066 1033 ad
1093 980 1406 1046 animantia,
1432 998 1464 1034 a
1498 977 1670 1051 reptili
1710 995 1870 1049 usque

283 1069 354 1124 ad
399 1069 630 1125 volucres
677 1069 821 1135 coeli;
871 1071 1078 1141 ptcnitet
1106 1072 1243 1126 enim
1271 1081 1351 1126 m‘e
1389 1071 1570 1142 fecisse
1593 1088 1698 1127 eos.
1729 1071 1868 1139 Quid

282 1168 366 1217 εει
393 1160 536 1230 quod
556 1160 623 1217 de
643 1161 753 1216 Deo
775 1161 971 1216 dicitur
999 1180 1012 1216 :
1039 1160 1264 1218 Paenitet
1285 1178 1366 1218 me
1383 1163 1641 1218 hominem
1662 1163 1864 1232 fecisse,

281 1260 339 1307 et
362 1252 560 1307 iterum
585 1269 598 1306 :
629 1251 820 1307 Tactus
841 1251 1018 1307 dolore
1041 1253 1212 1308 cordis
1239 1253 1550 1308 intrinsecus
1568 1255 1594 1308 .9
1616 1253 1867 1323 Nunquid
1935 1321 1937 1323 ι

282 1343 338 1398 in
363 1345 530 1399 Deum
566 1345 883 1416 poenitentia
920 1353 1012 1399 aut
1041 1345 1192 1401 dolor
1233 1346 1412 1401 cordis
1435 1347 1628 1401 cadere
1659 1347 1867 1417 potest?

279 1430 365 1488 lra
392 1433 488 1489 Dei
517 1449 624 1490 non
648 1435 984 1504 perturbatio
1016 1435 1182 1490 animi
1209 1435 1325 1506 ejus
1347 1445 1450 1501 est,
1480 1437 1574 1491 sed
1599 1433 1865 1504 judicium

278 1537 389 1594 quo
426 1524 698 1596 irrogatur
724 1541 882 1597 poena
906 1535 1152 1597 peccato,
1189 1527 1447 1598 cogitatio
1487 1542 1619 1582 vero
1663 1527 1778 1597 ejus
1810 1536 1865 1584 et

278 1616 596 1688 recogitatio
617 1617 1000 1672 mutandarum
1025 1633 1205 1673 rerum
1227 1629 1310 1675 est
1331 1619 1682 1675 immutabilis
1703 1620 1859 1676 ratio.

276 1709 397 1766 Non
422 1711 566 1767 Deus
591 1711 656 1768 de
679 1710 822 1767 facto
848 1728 946 1768 suo
974 1713 1202 1783 pcenitet
1233 1722 1326 1768 aut
1352 1713 1495 1768 dolet
1520 1713 1857 1778 sicuthomo,

273 1802 362 1859 cui
389 1811 473 1858 est
497 1804 563 1859 de
585 1804 837 1859 omnibus
870 1804 1031 1860 rebus
1058 1807 1278 1861 omnino
1320 1814 1429 1861 tam
1458 1805 1575 1859 fixa
1590 1806 1860 1861 sententia

271 1909 440 1966 quam
465 1903 612 1951 certa
639 1896 999 1966 prtescientia,
1028 1899 1123 1953 sed
1149 1898 1318 1952 utitur
1353 1895 1634 1966 Scriptura
1676 1905 1863 1953 sancta

271 1986 492 2043 usitatis
536 1987 690 2043 nobis
729 1989 909 2044 verbis
954 1988 1406 2061 intelligentibus,
1445 1995 1506 2044 ut
1556 1997 1769 2057 coaptet
1805 2003 1864 2044 se

271 2088 479 2134 nostrae
497 2080 766 2150 parvitati,
798 2089 1064 2153 quatenus
1102 2096 1169 2138 ex
1213 2080 1442 2155 cognitis
1466 2080 1741 2153 incognita
1767 2095 1861 2138 co-

273 2183 620 2241 gnoscamus.

866 2263 1119 2332 .CAPUT
1154 2263 1244 2320 Vl.

553 2356 632 2412 De
665 2356 784 2413 Noe
810 2366 857 2413 et
887 2359 1270 2413 constructione
1299 2373 1438 2412 arcte
1465 2357 1603 2428 ejus.

344 2446 461 2502 Noe
489 2448 568 2501 vir
591 2448 761 2516 iustus
782 2459 934 2520 atque
957 2449 1216 2520 perfectus
1240 2449 1343 2519 fuit
1366 2451 1419 2503 in
1441 2449 1861 2520 generationibus

264 2542 400 2606 suis,
430 2558 548 2596 cum
577 2541 686 2597 Deo
711 2542 1018 2597 ambulavit.
1049 2543 1273 2614 (Albim)
1291 2543 1349 2598 Si
1378 2543 1558 2599 nullus
1585 2544 1701 2598 sine
1729 2559 1858 2612 pec-

267 2640 416 2698 cato,
444 2632 716 2702 quomodo
747 2633 943 2705 aliquis
965 2634 1241 2704 perfectus
1262 2650 1382 2691 esse
1403 2636 1614 2706 potest?
1629 2634 1859 2691 Perfecti

268 2723 362 2779 hic
409 2723 574 2794 aliqui
639 2725 892 2781 dicuntur
925 2767 940 2793 ,
1002 2742 1110 2783 non
1158 2729 1300 2783 sicut
1361 2726 1676 2798 perﬁciendi
1733 2739 1861 2785 sunt

268 2817 447 2872 sancti
473 2818 530 2872 in
563 2818 653 2873 illa
683 2819 1108 2886 immortalitate,
1138 2837 1244 2892 qua
1270 2821 1628 2891 aequabuntur
1654 2822 1859 2894 angelis

265 2903 387 2970 Dei,
417 2908 511 2962 sed
565 2909 706 2964 sicut
751 2924 870 2966 esse
916 2920 1142 2982 possunt
1191 2911 1247 2966 in
1278 2911 1381 2967 hac
1428 2913 1860 2993 peregrinatione

264 2998 517 3070 perfecti.
554 3000 706 3058 Unde
736 3003 1016 3075 signanter
1044 3005 1140 3070 ait,
1183 3004 1236 3058 in
1261 3006 1610 3076 generatione
1639 3021 1756 3072 sua,
1798 3015 1857 3061 ut

264 3095 580 3151 ostenderet
624 3113 732 3153 non
775 3095 1221 3168 juxtajustitiam
1261 3108 1712 3165 consummatam,
1764 3100 1859 3156 sed

255 3183 416 3254 juxta
448 3190 812 3258 generationis
839 3206 950 3247 sua:
978 3207 1101 3247 eum
1125 3192 1331 3262 justum
1363 3191 1529 3248 fuisse
1545 3191 1848 3263 justitiam;

264 3285 323 3334 et
370 3278 474 3335 hoc
502 3289 584 3335 est
618 3283 761 3352 quod
809 3283 862 3338 in
908 3282 1134 3340 Hebrmo
1174 3285 1373 3341 dicitur
1396 3301 1410 3338 ε
1434 3283 1550 3340 Noe
1575 3286 1653 3340 vir
1671 3286 1852 3356 justus

262 3377 422 3440 atque
445 3371 702 3441 perfectus
743 3383 857 3428 erat
887 3375 942 3427 in
970 3375 1389 3444 generationibus
1414 3376 1548 3442 suis,
1587 3393 1706 3430 cum
1742 3375 1852 3431 Deo

265 3459 594 3526 ambulabat,
626 3463 729 3520 hoc
755 3472 858 3528 est,
898 3463 1044 3519 illius
1075 3465 1302 3535 vestigia
1329 3467 1680 3536 sequebatur.

337 3550 408 3605 Et
437 3555 612 3622 genuit
643 3565 747 3609 tres
777 3555 916 3624 ﬁlios
935 3596 950 3622 ,
989 3553 1129 3621 Sent,
1169 3553 1335 3609 Cltam
1362 3565 1411 3609 et
1451 3555 1696 3626 Japheth.
1727 3555 1853 3611 Sem

261 3641 658 3714 interpretatur
700 3662 888 3700 nomen
916 3646 1001 3702 vel
1030 3647 1344 3700 nominatus.
1388 3646 1558 3702 Cham
1587 3647 1855 3718 interpre-

261 3742 416 3790 tatur
440 3733 685 3802 callidus,
716 3735 947 3805 Japheth
974 3737 1357 3808 interpretatur
1381 3736 1624 3794 latitudo.

338 3826 600 3898 Corrupto
630 3838 706 3883 est
740 3839 914 3884 autem
946 3839 1086 3885 terra
1116 3847 1291 3884 coram
1317 3830 1449 3899 Deo,
1481 3843 1529 3888 et
1559 3833 1753 3904 repleta
1775 3844 1852 3891 est

258 3921 561 3993 iniquitate.
591 3919 824 3993 Cumque
867 3922 1073 3978 vidisset
1113 3922 1256 3978 Deus
1299 3933 1495 3979 terram
1518 3941 1628 3980 esse
1667 3942 1850 3981 corru-

259 4025 429 4088 ptam.
457 4011 664 4086 (Omnis
688 4016 874 4086 quippe
911 4033 1034 4072 caro
1069 4028 1371 4090 corruperat
1402 4019 1538 4072 viam
1571 4035 1724 4073 suam
1756 4035 1851 4073 su-

261 4125 357 4180 per
387 4108 625 4182 terram.)
667 4108 994 4181 Corruptam
1029 4120 1214 4168 autem
1267 4113 1399 4168 dicit
1429 4127 1550 4169 esse
1600 4122 1802 4168 terram
1834 4153 1849 4179 ,

263 4204 392 4272 quia
419 4202 596 4257 omnis
621 4217 775 4270 caro,
804 4202 861 4259 id
886 4211 969 4259 est
1001 4205 1177 4259 omnis
1206 4204 1370 4260 homo
1409 4204 1684 4274 peccando
1724 4219 1850 4259 cor-

263 4303 487 4364 ruperat
511 4295 656 4350 viam
685 4311 862 4363 suam,
884 4298 988 4353 hoc
1026 4306 1110 4353 est
1134 4297 1323 4363 vitam,
1355 4297 1481 4367 quia
1514 4307 1688 4354 totum
1716 4305 1851 4352 tem-

261 4403 364 4457 pus
387 4387 510 4441 vita:
549 4401 659 4443 sua:
681 4388 833 4443 duxit
879 4388 932 4442 in
978 4389 1234 4458 peccatis.
1281 4387 1409 4444 Solo
1441 4389 1586 4444 enim
1631 4389 1851 4445 homine

262 4488 540 4550 peccante,
565 4481 742 4536 omnis
770 4496 896 4537 caro
926 4480 1126 4537 dicitur
1152 4483 1464 4552 corrupisse
1495 4483 1638 4537 viam
1670 4499 1845 4550 suam,

262 4573 391 4639 quia
417 4579 640 4641 propter
660 4571 934 4628 hominem
959 4572 1136 4628 omnis
1163 4587 1292 4629 caro
1319 4581 1501 4628 creata
1529 4581 1632 4629 est.

333 4663 479 4719 Dixit
523 4665 592 4719 ad
621 4663 738 4721 Noe
761 4682 780 4720 :
811 4664 964 4721 Finis
1010 4669 1262 4722 universa:
1288 4670 1461 4723 carnis
1499 4671 1634 4723 venit
1671 4686 1848 4724 coram

262 4772 345 4810 me
370 4769 386 4806 :
421 4754 615 4826 repleta
639 4765 713 4810 est
738 4764 879 4810 terra
907 4757 1181 4827 iniquitate
1208 4773 1239 4810 a
1266 4756 1401 4826 facie
1439 4774 1643 4823 eorum,
1671 4768 1719 4812 et
1759 4775 1852 4829 ego

260 4846 562 4916 disperdam
589 4863 676 4902 eos
705 4864 820 4901 cum
849 4857 1012 4902 terra.
1046 4846 1187 4914 Quid
1217 4855 1302 4903 est
1328 4847 1473 4918 quod
1511 4848 1648 4903 dixit
1676 4849 1848 4916 Deus,

261 4936 418 4992 Finis
445 4939 699 4993 universa:
739 4939 912 4992 carnis
950 4939 1084 4993 venit
1123 4954 1300 4992 coram
1338 4956 1438 5005 me,
1469 4939 1573 4994 nisi
1603 4940 1726 5010 quia
1757 4955 1854 5010 per

257 5030 571 5086 universam
603 5044 821 5085 carnem
859 5028 1186 5101 signiﬁcavit
1235 5045 1395 5085 omne
1426 5044 1595 5101 genus
1641 5039 1848 5086 morta-

257 5121 393 5176 lium
421 5130 625 5192 praeter
649 5121 769 5177 illos
797 5123 889 5191 qui
925 5121 982 5176 iu
1008 5136 1137 5177 arca
1165 5121 1409 5177 salvandi
1433 5123 1627 5177 erant?
1654 5123 1734 5177 llli
1757 5139 1850 5178 auo

257 5220 374 5267 tem
399 5211 554 5281 quasi
582 5211 937 5267 seminarium
967 5211 1215 5267 secunda:
1259 5212 1624 5282 generationis
1647 5213 1846 5268 servati

258 5314 407 5362 sunt.
440 5304 507 5360 Et
535 5305 855 5377 disperdam,
884 5306 1077 5376 inquit,
1109 5323 1226 5359 cum
1247 5315 1407 5360 terra.
1425 5305 1704 5374 Quomodo
1724 5323 1846 5363 cum

257 5406 409 5454 terra
437 5397 824 5467 disperierunt,
847 5397 976 5452 dum
1005 5405 1150 5452 terra
1180 5406 1368 5469 postea
1399 5399 1696 5453 remansit?
1719 5398 1848 5453 Tra-

253 5492 397 5546 ‘dunt
435 5489 581 5544 enim
626 5490 878 5544 doctores
903 5496 1062 5544 terra:
1087 5489 1331 5560 vigorem
1360 5497 1415 5544 et
1456 5488 1846 5545 fecunditatem

255 5583 419 5654 longe
443 5581 756 5637 inferiorem
800 5597 921 5638 esse
959 5589 1080 5650 post
1106 5581 1365 5637 diluvium
1394 5596 1557 5651 quam
1589 5590 1763 5646 ‘ante;
1794 5589 1849 5636 et

260 5679 468 5733 idcirco
496 5677 806 5734 hominibus
839 5692 1033 5733 carnes
1061 5676 1223 5732 edere
1268 5676 1541 5731 licentiam
1595 5690 1716 5730 esse
1753 5675 1847 5730 da-

261 5777 401 5833 tam,
430 5777 486 5824 et
512 5777 638 5824 ante
662 5769 826 5824 etiam
855 5767 1114 5826 diluvium
1155 5767 1421 5826 fructibus
1454 5777 1610 5825 terrae
1645 5767 1847 5826 solum-

262 5857 427 5917 modo
458 5859 749 5922 victitasse.

1979 609 2035 662 in
2065 625 2190 662 arca
2221 610 2400 679 facies.
2436 611 2566 677 Quae
2595 620 2721 667 sunt
2744 629 2873 684 ergo
2900 614 3042 686 ligna
3075 616 3326 688 levigata,
3359 621 3425 676 de
3446 623 3563 692 qui-

1977 700 2078 756 bus
2107 717 2229 758 arca
2257 705 2570 774 praecipitur
2599 705 2738 772 fieri,
2770 707 2874 761 nisi
2906 707 3068 764 fortia
3097 720 3153 766 et
3179 711 3486 770 insolubilia
3506 724 3564 771 et

1976 795 2113 850 bene
2135 798 2425 867 coaptata?
2467 798 2543 854 De
2577 799 2773 870 quibus
2808 800 2911 856 alia
2939 803 3222 860 translatio
3249 805 3402 874 dicit,
3427 823 3562 878 qua-

1975 883 2152 950 drata,
2184 894 2243 940 ut
2270 901 2397 942 arca
2428 901 2528 943 nec
2555 896 2838 944 ventorum
2881 891 2953 956 vi,
2983 907 3085 947 nec
3113 909 3376 964 aquarum
3403 895 3563 952 inun-

1974 977 2191 1034 datione
2219 979 2538 1034 solveretur.
2591 979 2718 1036 Haec
2762 981 2949 1053 utique
2998 999 3124 1039 arca
3173 987 3561 1044 mansiunculis

1971 1067 2118 1124 intus
2145 1069 2398 1126 distincta
2425 1077 2574 1136 erat,
2605 1080 2830 1142 propter
2868 1073 3108 1132 diversas
3140 1077 3346 1148 species
3374 1089 3428 1134 et
3469 1095 3559 1141 «ze-

1971 1172 2102 1214 nera
2129 1161 2462 1216 animalium.

2042 1254 2114 1308 Et
2135 1254 2381 1311 bitumine
2421 1255 2572 1312 linies
2593 1258 2907 1312 intrinsecus
2947 1269 2995 1313 et
3015 1262 3372 1327 extrinsecus;
3412 1271 3460 1316 et
3483 1263 3559 1316 sic

1970 1345 2131 1416 facies
2175 1364 2310 1401 eam.
2362 1347 2614 1404 Bitumen
2645 1357 2729 1404 est
2760 1349 3223 1405 ferventissimum
3253 1361 3310 1407 et
3355 1352 3560 1406 violen-

1968 1441 2237 1496 tissimum
2265 1441 2467 1513 gluten,
2499 1444 2652 1514 cujus
2683 1453 2765 1500 est
2807 1445 2924 1500 haec
2967 1445 3162 1511 virtus,
3194 1454 3255 1500 ut
3279 1446 3427 1516 ligna
3457 1448 3560 1502 hoc

1967 1531 2159 1600 oblita,
2210 1547 2310 1589 nec
2353 1534 2630 1590 vermibus
2657 1537 2832 1602 exedi,
2884 1552 2986 1592 nec
3023 1537 3152 1592 solis
3196 1539 3410 1604 ardore,
3459 1553 3560 1593 nec

1967 1639 2231 1695 aquarum
2262 1627 2470 1697 possint
2516 1628 2868 1685 inundatione
2914 1630 3155 1686 dissolvi.
3187 1630 3263 1686 De
3291 1631 3394 1688 hoc
3419 1631 3560 1687 bitu-

1965 1720 2112 1774 mine
2139 1719 2345 1776 Plinius
2364 1721 2653 1777 historicus
2683 1723 2757 1777 ita
2785 1722 2954 1778 refert
2977 1722 3115 1794 (Lib.
3144 1739 3202 1788 ιι,
3237 1741 3353 1794 cap.
3389 1723 3513 1796 104)
3543 1742 3556 1778 :

1965 1808 2252 1866 Bituminis
2287 1811 2470 1881 plures
2499 1811 2651 1867 lacus
2680 1813 2910 1868 inveniri
2961 1812 3236 1879 dicuntur,
3287 1820 3348 1866 ut
3375 1821 3458 1868 est
3502 1813 3558 1868 in

1890 1881 1938 1942 Β
1967 1898 2296 1972 Comagene,
2327 1902 2463 1956 urbe
2505 1900 2789 1957 Samosata
2841 1911 3090 1975 stagnum
3137 1902 3446 1960 emittentes
3488 1903 3555 1958 li-

1881 3241 1927 3306 C

1872 4600 1928 4662 D

1965 2007 2114 2046 mum
2146 1993 2311 2063 (quod
2343 1992 2604 2048 maltham
2633 1993 2850 2065 vocant)
2901 1992 3243 2065 ﬂagrantem,
3282 2009 3405 2050 cum
3450 2009 3559 2064 quo

1965 2083 2256 2139 defendere
2281 2099 2467 2138 muros
2498 2085 2692 2150 solent,
2723 2087 2850 2156 quia
2878 2094 3028 2140 tactu
3076 2085 3358 2142 adhazrens
3385 2095 3559 2142 retra-

1963 2175 2045 2232 hit
2065 2175 2353 2246 fugientes.
2385 2177 2549 2233 Estet
2569 2177 2623 2231 in
2653 2177 2955 2246 Pentapoli,
2991 2177 3083 2232 ubi
3106 2192 3258 2232 mare
3285 2175 3556 2232 Mortuum

1960 2270 2049 2326 vel
2077 2270 2226 2326 lacus
2263 2269 2572 2325 Salinarum
2601 2284 2723 2326 esse
2753 2269 2970 2336 dicitur,
3001 2270 3055 2324 in
3086 2285 3195 2340 quo
3222 2283 3558 2340 quaecunque

1957 2360 2199 2415 viventia
2234 2361 2526 2432 mergenda
2576 2361 2905 2427 tentaveris,
2956 2361 3140 2416 statim
3190 2360 3474 2427 resiliunt;
3501 2371 3558 2417 ct

1962 2453 2211 2524 quamvis
2239 2454 2593 2510 vehementer
2641 2453 2802 2519 illisa,
2855 2451 3140 2508 confestim
3186 2452 3553 2507 excutiuntur.

1962 2545 2071 2602 Sed
2092 2562 2268 2616 neque
2299 2547 2477 2602 ventis
2504 2554 2752 2602 movetur
2778 2544 3066 2600 resistente
3087 2543 3392 2598 turbinibus
3415 2543 3559 2598 bitu-

1962 2638 2110 2694 mine
2160 2654 2268 2709 quo
2298 2654 2440 2710 aqua
2468 2638 2646 2693 omnis
2675 2645 2992 2707 stagnatur;
3043 2652 3219 2706 neque
3253 2635 3557 2707 navigatio-

1960 2729 2046 2784 nis
2085 2738 2297 2800 pattens
2325 2737 2429 2797 est,
2459 2729 2586 2800 quia
2615 2729 2796 2784 omnia
2824 2728 2934 2784 vita
2964 2727 3210 2784 carentia
3251 2728 3306 2782 in
3333 2727 3556 2798 profun-

1961 2823 2088 2877 dum
2116 2831 2462 2892 merguntur
2497 2836 2600 2876 nec
2648 2820 2938 2875 materiam
2969 2819 3135 2874 ullam
3168 2818 3420 2882 sustinet,
3452 2819 3557 2875 nisi

1960 2929 2080 2984 quae
2101 2912 2365 2968 bitumine
2393 2912 2710 2968 illustratur.
2735 2911 3038 2967 Lucernam
3063 2923 3350 2964 accensam
3375 2909 3558 2964 ferunt

1960 3015 2313 3074 supernatare
2365 3004 2636 3059 exstincto
2691 3002 2931 3074 demergi
2979 3001 3197 3056 lumine.
3226 2999 3365 3056 Sunt
3392 3000 3460 3072 [et
3499 3000 3556 3056 in

1957 3092 2248 3166 Babylonis
2293 3095 2604 3166 regionibus
2639 3095 2790 3165 putei
2829 3093 3130 3159 bituminis,
3162 3107 3269 3162 quo
3313 3108 3414 3167 pro
3445 3107 3554 3148 cae-

1959 3195 2143 3242 mento
2175 3186 2229 3241 in
2275 3187 2440 3241 turris
2470 3187 2876 3242 constructione
2929 3185 3024 3240 lilii
3071 3184 3244 3240 Adam
3290 3184 3374 3239 usi
3406 3193 3553 3252 sunt,

1959 3277 2084 3349 quia
2123 3285 2313 3334 contra
2348 3287 2599 3334 naturam
2631 3294 2786 3350 aquae
2811 3277 3182 3332 firmissimum
3209 3283 3310 3332 est.

2031 3369 2402 3426 Trecentorum
2440 3373 2735 3426 cubitorum
2770 3373 2868 3425 erit
2903 3369 3174 3441 longitudo
3208 3384 3380 3434 arcte;
3401 3368 3554 3438 quin-

1956 3462 2208 3531 quaginta
2251 3462 2546 3517 cubitorum
2597 3463 2843 3527 latitudo,
2894 3471 2943 3515 et
2997 3460 3213 3530 triginta
3258 3458 3554 3513 cubitorum

1955 3553 2181 3608 altitudo
2212 3549 2374 3610 illius.
2413 3553 2721 3610 Fenestram
2765 3554 2820 3609 in
2848 3571 2974 3608 arca
3005 3553 3192 3623 facies,
3216 3562 3263 3606 et
3297 3552 3353 3605 in
3378 3551 3552 3605 cubito

1956 3647 2342 3701 consummabis
2372 3648 2725 3701 summitatem
2767 3645 2900 3716 ejus.
2933 3643 3111 3712 Quaeri
3159 3642 3295 3699 solet
3325 3657 3446 3712 qua:
3489 3640 3552 3695 ﬁ-

1955 3751 2088 3806 gura
2128 3737 2213 3791 vel
2263 3737 2438 3792 forma
2490 3736 2652 3791 fuerit
2701 3751 2858 3792 arcas.
2913 3735 3140 3791 Videtur
3167 3735 3311 3790 enim
3339 3748 3404 3788 ex
3448 3732 3551 3786 hac

1955 3829 2292 3895 narratione,
2319 3829 2411 3883 illa
2437 3837 2670 3899 quatuor
2698 3828 2908 3900 angulis
2934 3843 3000 3883 ex
3024 3828 3133 3883 imo
3159 3840 3465 3896 assurgere,
3490 3830 3548 3878 et

1955 3922 2160 3979 eisdem
2184 3923 2449 3996 paulatim
2477 3940 2648 3994 usque
2673 3925 2743 3980 ad
2770 3939 3042 3981 summum
3073 3923 3128 3978 in
3159 3928 3448 3994 angustum
3470 3927 3552 3974 at-

1955 4017 2182 4082 tractis,
2239 4017 2320 4071 in‘
2359 4018 2593 4088 spatium
2643 4017 2802 4073 unius
2854 4015 3020 4072 cubiti
3078 4014 3247 4070 fuisse
3293 4012 3545 4077 collecta,

1955 4108 2083 4178 quia
2122 4109 2204 4164 sic
2243 4108 2500 4175 refertur,
2533 4110 2679 4180 quod
2720 4110 2774 4164 in
2810 4108 3177 4164 fundamentis
3207 4106 3431 4162 trecenti
3456 4122 3549 4161 cu-

1953 4200 2054 4256 biti
2108 4201 2160 4256 in
2213 4201 2566 4274 longitudine,
2615 4211 2669 4258 et
2719 4203 2772 4256 in
2829 4201 3113 4256 latitudine
3161 4197 3549 4269 quinquaginta

1954 4294 2082 4358 sint,
2111 4302 2166 4349 et
2194 4293 2248 4349 in
2292 4294 2572 4350 altitudine
2603 4294 2846 4366 triginta,
2903 4293 2996 4348 sed
3028 4291 3253 4348 collecta
3301 4289 3356 4343 in
3386 4303 3548 4344 cacu-

1952 4403 2076 4443 men
2107 4398 2417 4459 angustum,
2448 4388 2522 4444 ita
2550 4396 2612 4442 ut
2635 4388 2878 4444 cubitum
2911 4385 2982 4442 sit
3023 4383 3376 4456 longitudinis
3400 4391 3456 4437 et
3475 4381 3548 4436 la-

1953 4478 2201 4534 titudinis
2236 4478 2371 4548 ejus.
2406 4479 2474 4534 Et
2499 4494 2627 4534 vere
2653 4479 2799 4534 nulla
2828 4477 3006 4548 potuit
3035 4484 3146 4531 tam
3179 4474 3508 4531 conveniens
3527 4513 3544 4542 ,

1952 4576 2008 4622 et
2036 4584 2277 4640 congrua
2312 4585 2452 4624 arca:
2475 4569 2685 4640 species
2722 4568 2859 4631 dari,
2893 4582 3057 4636 quam
3081 4575 3141 4621 ut
3165 4581 3378 4621 summo
3401 4563 3549 4620 velut

1952 4673 1984 4713 e
2015 4666 2159 4713 tecto
2187 4659 2420 4728 quodam
2445 4668 2674 4730 angusto
2698 4658 2914 4714 culmen
2941 4656 3264 4712 diffunderet
3293 4655 3547 4710 imbrium

1952 4748 2156 4813 ruinas,
2205 4757 2259 4804 et
2287 4749 2394 4802 ima
2439 4750 2492 4802 in
2539 4749 2694 4818 aquis
2739 4749 3002 4818 quadrata
3034 4748 3331 4803 stabilitate
3363 4748 3546 4803 consi-

1953 4847 2142 4903 steret,
2171 4854 2272 4893 nec
2300 4838 2535 4908 impulsu
2564 4848 2851 4894 ventorum
2893 4854 2994 4895 nec
3023 4839 3225 4910 impetu
3254 4837 3545 4904 ﬂuctuum,

1952 4945 2054 4985 nec
2084 4929 2456 4999 inquietudine
2501 4931 2818 4987 animalium
2853 4948 2974 5003 qua:
3019 4933 3347 4987 intrinsecus
3389 4941 3550 4986 erant

1953 5030 2046 5077 aut
2071 5022 2320 5077 inclinari
2345 5032 2529 5092 posset
2559 5034 2650 5078 aut
2677 5026 2866 5096 mergi.
2891 5024 3154 5080 Fenestra
3184 5039 3315 5094 ergo
3345 5023 3467 5078 ideo
3491 5024 3545 5078 in

1952 5117 2264 5172 summitate
2295 5133 2438 5173 arca:
2477 5118 2702 5189 jubetur
2732 5119 2874 5185 ﬁeri,
2902 5127 2960 5173 ut
2993 5118 3220 5173 haberet
3260 5115 3374 5171 Noe
3403 5115 3547 5171 unde

1951 5211 2200 5266 emittere
2229 5220 2415 5281 posset
2442 5226 2590 5279 aves,
2617 5212 2686 5268 ad
2712 5211 3094 5283 explorandam
3123 5217 3284 5264 terra:
3325 5208 3543 5265 siccita-

1953 5313 2060 5360 tem
2069 5345 2082 5358 .

2025 5396 2230 5452 Ostium
2273 5408 2448 5452 autem
2490 5414 2629 5452 arcte
2654 5413 2814 5468 pones
2862 5412 2927 5450 ea:
2955 5393 3116 5449 latere
3155 5394 3420 5462 deorsum,
3445 5411 3518 5450 cae

1951 5489 2144 5546 uacula
2179 5499 2227 5544 et
2257 5492 2474 5561 tristega
2500 5491 2662 5561 facies
2706 5491 2762 5542 in
2805 5505 2886 5542 ea.
2919 5487 3204 5556 Quomodo
3242 5503 3372 5560 ergo
3397 5488 3542 5544 bica-

1953 5591 2161 5637 mcrata
2189 5591 2243 5637 et
2267 5583 2606 5638 tricamerata
2635 5580 2799 5634 fuerit
2828 5595 2977 5645 arca,
3015 5579 3230 5648 quidam
3257 5579 3538 5634 doctorum

1955 5676 2030 5731 ita
2060 5684 2326 5739 asserunt,
2375 5683 2434 5728 ut
2456 5675 2844 5729 bicameratam
2878 5674 2930 5727 in
2963 5671 3340 5735 inferioribus,
3371 5671 3538 5725 trica-

1953 5776 2218 5823 meratam
2248 5781 2378 5821 vero
2403 5767 2455 5820 in
2487 5765 2872 5834 superioribus,
2905 5765 2979 5820 ita
3007 5773 3086 5830 ut,
3117 5764 3354 5834 quinque
3386 5761 3540 5816 habi-

1957 5860 2229 5940 tationum.
2258 5858 2632 5920 distinctiones
2659 5858 2712 5916 in
2743 5874 2807 5916 ea
2850 5873 2970 5917 esse
3010 5857 3375 5929 advertamus,
3403 5851 3539 5911 infe-
