3974 6518
447 359 558 420 515

1125 353 1187 407 Β.
1225 348 1480 406 ΒᾹΒᾹΝΙ
1517 343 1737 403 MAURI
1771 337 2088 396 ARClllEP.
2130 335 2435 413 MOGUNT.
2477 332 2761 397 OPERUM
2797 332 2976 388 PARS
3009 333 3049 388 I.

3612 327 3719 392 516

452 472 595 529 riora
637 466 756 538 ejus
794 464 910 521 lo'ca
949 461 1280 521 stercoribus
1321 467 1377 514 et
1412 456 1686 528 spurcitiae
1712 467 1833 508 esse
1862 450 2027 518 depu-
2053 452 2101 510 Α
2131 444 2308 517 (Rom.
2338 444 2415 515 ν).
2439 443 2890 538 Quinquagesimo
2916 444 3061 507 enim
3086 444 3325 538 dlejpost

452 572 587 625 tata,
616 576 686 619 ne
731 556 980 615 animalia
1009 564 1066 611 et
1108 554 1377 624 pnecipue
1420 549 1668 609 homines
1707 545 1821 601 limi
1855 542 2029 598 fetore

452 661 809 713 vexarentur:
830 650 956 706 huic
982 656 1163 703 autem
1188 644 1436 715 superior
1459 650 1515 698 et
1538 640 1787 709 contigua
1811 647 2029 692 camera

453 743 836 808 censervandis
862 740 1073 813 pabulis
1101 737 1415 793 animalium
1440 735 1810 804 deputaretur.
1840 728 1898 781 ln
1930 729 2031 783 hos

454 854 586 910 ergo
610 851 738 895 usus
765 833 1049 889 inferiores
1084 838 1267 901 partes
1297 842 1417 897 quae
1452 826 1800 881 bicamerata:
1843 818 2033 873 dicun-

455 936 543 985 tur
571 925 787 983 tradunt
813 922 977 977 fuisse
1006 920 1313 985 distinctas,
1345 916 1655 985 superiores
1690 925 1819 966 vero
1851 918 2033 981 partes

455 1032 574 1088 qua:
603 1015 961 1073 tricamerata:
983 1011 1233 1067 dicuntur
1254 1008 1322 1065 ad
1350 1004 1714 1063 habitaculum
1743 1001 1918 1073 primo
1942 1000 2037 1055 be—

456 1111 594 1174 stiis,
631 1108 716 1162 vel
745 1105 1067 1161 animalibus
1112 1100 1518 1164 immitioribus,
1558 1097 1643 1153 vel
1672 1093 2033 1167 serpentibus,

456 1204 742 1272 deputatas
766 1211 908 1254 esse.
945 1195 1029 1251 Ab
1060 1194 1145 1251 bis
1175 1208 1303 1249 vero
1329 1204 1626 1261 congruam
1669 1184 2036 1256 superioribus

458 1297 576 1351 loca
613 1293 917 1350 mitioribus
962 1287 1328 1344 animantibus
1375 1282 1585 1339 stabula
1628 1280 1829 1344 fuisse;
1878 1290 2039 1346 super

459 1385 640 1441 omnia
687 1398 818 1439 vero
865 1382 918 1435 in
946 1378 1160 1434 excelso
1205 1374 1512 1430 hominibus
1555 1372 1737 1427 sedem
1773 1370 2036 1431 locatam,

463 1482 523 1530 ut
558 1481 682 1547 pote
724 1471 863 1527 sicut
908 1471 1115 1526 honore
1164 1475 1219 1522 et
1244 1464 1508 1536 sapientia
1541 1461 1831 1525 antecedit,
1865 1461 1941 1514 ita
1986 1464 2042 1515 et

464 1565 582 1621 loco
627 1571 821 1620 cuncta
870 1559 1204 1634 prrecelleret
1251 1555 1540 1621 animalia;
1573 1562 1631 1610 et
1680 1553 1759 1608 sic
1802 1552 2041 1627 quinque

466 1655 771 1711 mansiones
814 1651 867 1707 in
890 1666 955 1707 ea
995 1664 1115 1705 esse
1153 1648 1564 1717 intelliguntur:
1596 1644 1772 1715 prima
1831 1650 2040 1697 sterco-

464 1748 581 1803 riua
614 1740 1007 1815 [stercoraria],
1050 1740 1286 1797 secunda
1313 1736 1677 1810 apothecaria,
1713 1734 1871 1789 tertia
1915 1733 2044 1791 feris

2131 552 2253 595 nem
2310 552 2465 593 suam
2512 535 2758 591 Christus
2810 541 3056 591 sanctum
3099 534 3364 605 Spiritum
3409 534 3586 599 misit,
3626 533 3719 604 qui

2130 631 2294 689 corda
2320 630 2658 689 credentium
2685 628 2945 685 dilatavit.
2975 628 3127 699 Quod
3147 638 3325 687 autem
3349 628 3583 683 altitudo
3605 626 3720 697 ejus

2131 723 2354 793 triginta
2379 720 2577 779 cubitis
2602 719 2796 791 surgit,
2824 734 2981 789 quem
3012 735 3297 777 numerum
3335 718 3529 777 decies
3557 719 3721 775 habet

2132 814 2187 868 in
2217 813 2472 871 trecentis
2531 811 2727 867 cubitis
2786 822 2928 869 arca:
2956 810 3248 887 iungitudo,
3294 810 3551 887 designat
3594 810 3718 881 quia

2134 905 2380 961 Christus
2421 910 2504 959 est
2534 902 2759 959 altitudo
2805 910 3025 969 nostra,
3069 902 3161 977 qui
3188 903 3411 974 triginta
3448 917 3721 959 annorum

2135 1006 2346 1055 aztatem
2371 1011 2585 1067 gerens,
2625 993 2930 1055 doctrinam
2954 995 3323 1066 evangelicam
3350 996 3719 1061 consecravit,

2137 1097 2446 1144 contestans
2464 1088 2635 1159 legem
2661 1102 2769 1145 non
2792 1102 2854 1142 se
2876 1087 3091 1143 venisse
3116 1087 3327 1143 solvere
3350 1087 3449 1144 sed
3472 1088 3719 1158 implere.

2137 1183 2297 1254 chis
2346 1190 2528 1236 autem
2578 1196 2673 1235 cor
2717 1181 2776 1249 in
2818 1181 3004 1237 decem
3048 1183 3332 1253 praeceptis
3382 1182 3724 1253 agnoscitur,

2141 1275 2269 1330 hinc
2296 1272 2476 1328 decies
2510 1272 2732 1327 tricenis
2760 1287 2900 1328 arca:
2930 1270 3205 1345 longitudo
3230 1270 3544 1343 perﬁcitur.
3580 1271 3727 1326 Unde

2139 1376 2194 1421 et
2239 1367 2353 1437 ipse
2401 1364 2513 1420 Noe
2556 1366 2624 1419 ab
2651 1364 2825 1421 Adam
2871 1364 3110 1421 decimus
3155 1374 3527 1435 computatur.
3581 1364 3729 1430 Quod

2142 1458 2317 1515 sexies
2361 1456 2516 1523 longa
2551 1456 2618 1509 ad
2648 1455 3005 1522 altitudinem,
3045 1463 3099 1509 et
3129 1456 3309 1511 decies
3344 1455 3513 1526 longa
3555 1455 3628 1511 ad
3658 1454 3730 1511 la-

2144 1548 2428 1605 titudinem
2481 1561 2674 1611 suam,
2732 1546 2951 1603 humani
3010 1545 3255 1619 corporis
3316 1546 3498 1601 instar
3550 1554 3727 1603 osten-

2144 1639 2221 1695 dit
2248 1670 2289 1704 ,ο
2334 1638 2389 1695 in
2442 1653 2549 1707 quo
2609 1635 2858 1695 Christus
2925 1637 3192 1711 apparuit.
3254 1635 3527 1709 Corporis
3594 1637 3730 1693 enim

2146 1728 2423 1799 longitudo
2453 1743 2573 1798 qua:
2626 1736 2708 1783 est
2733 1742 2765 1783 a
2812 1727 3013 1782 vertice
3056 1727 3125 1782 ad
3162 1726 3455 1797 vestigium
3484 1765 3502 1790 ,
3562 1726 3732 1781 sexies

465 1835 848 1898 animantibus,
900 1842 1093 1904 quarta
1124 1830 1451 1894 mansuetis,
1486 1829 1673 1900 quinta
1715 1825 2044 1881 hominibus.
2075 1821 2121 1881 B
2153 1830 2361 1877 tantum
2425 1821 2627 1888 habet,
2701 1834 2865 1890 quam
2924 1819 3154 1875 latitudo
3210 1826 3295 1875 est
3354 1817 3427 1875 ab
3488 1831 3611 1879 uno
3666 1817 3733 1879 la-

466 1928 557 1985 Sic
581 1937 636 1985 et
660 1927 727 1983 de
751 1930 889 1983 ostio
939 1925 1083 1996 quod
1123 1924 1178 1979 in
1229 1923 1398 1981 latere
1435 1938 1575 1976 arca:
1604 1919 1927 1975 aediﬁcatum
1962 1924 2047 1973 est

470 2021 713 2085 tradunt,
761 2018 905 2091 quod
951 2031 1014 2072 eo
1065 2016 1185 2071 loco
1213 2015 1420 2078 fuisset,
1469 2013 1561 2068 ubi
1621 2011 1878 2067 inferiora
1928 2025 2048 2078 quae

471 2108 607 2165 dixit
634 2109 964 2163 bicamerata
991 2106 1131 2160 infra
1180 2122 1238 2161 se
1266 2106 1522 2170 haberet;
1560 2111 1614 2159 et
1640 2118 1758 2172 qua:
1785 2102 1920 2157 dixit
1948 2101 2047 2155 tri-

469 2209 744 2255 camerata
777 2198 1053 2268 superiora
1083 2213 1115 2251 a
1148 2197 1266 2251 loco
1292 2196 1418 2250 ostii
1448 2195 1804 2257 haberentur;
1836 2202 1890 2245 et
1926 2192 2049 2247 inde

468 2292 709 2367 ingressa
740 2290 993 2346 universa
1015 2290 1290 2354 animalia,
1320 2304 1415 2359 per
1445 2304 1539 2347 sua
1567 2302 1792 2358 quasque
1818 2284 1933 2343 loca
1969 2299 2051 2340 se-

470 2382 707 2438 cundum
740 2381 883 2451 quod
931 2396 1092 2455 supra
1142 2380 1399 2444 diximus,
1435 2394 1673 2450 congrua
1723 2377 2051 2433 discretione

472 2474 736 2544 dirempta
766 2480 912 2529 sunt.
943 2471 1122 2546 (Ιδὶά.)
1155 2471 1305 2539 Quod
1328 2486 1455 2526 vero
1492 2471 1602 2526 Noe
1630 2486 1727 2541 per
1760 2486 1956 2539 aquam
1996 2477 2052 2524 et

472 2564 680 2635 lignum
704 2564 981 2628 liberatur,
1001 2562 1287 2637 allegorica
1314 2562 1756 2632 interpretatione
1780 2561 1857 2614 sic
1878 2557 2052 2629 accipi

472 2666 671 2730 potest,
715 2665 774 2711 ut
804 2656 1007 2728 lignum
1036 2664 1091 2712 et
1136 2671 1278 2726 aqua
1325 2670 1542 2710 crucem
1588 2652 1832 2724 designet
1859 2660 1914 2705 et
1953 2653 2051 2705 ba-

473 2748 692 2823 ptisma.
725 2747 879 2805 Sicut
907 2747 1051 2803 enim
1098 2746 1186 2802 ille
1216 2761 1339 2805 cum
1378 2746 1493 2803 suis
1531 2760 1628 2816 per
1656 2759 1853 2814 aquam
1898 2750 1953 2797 et
1994 2742 2054 2796 li-

475 2853 638 2913 gnum
688 2837 949 2902 salvetur,
997 2838 1077 2895 sic
1103 2836 1308 2895 familia
1348 2837 1551 2893 Christi
1598 2852 1695 2906 per
1722 2836 2052 2905 baptismum

473 2938 530 2984 et
552 2930 731 2985 crucis
773 2928 1077 3005 passionem
1118 2936 1360 2987 sanatur.
1404 2928 1604 2983 Arcani
1649 2926 1905 2982 instruxit
1939 2924 2055 2980 Noe

477 3020 542 3076 de
570 3018 730 3090 lignis
758 3034 866 3075 non
890 3018 1346 3088 putrescentibus,
1378 3017 1617 3073 Ecclesia
1658 3015 1994 3073 construitur
2021 3028 2051 3068 a

475 3110 713 3176 Christo,
745 3126 812 3166 ex
864 3110 1171 3167 hominibus
1203 3110 1427 3164 victuris
1479 3110 1535 3164 in
1582 3122 1863 3167 aeternum.
1912 3108 2053 3165 Area

2150 1922 2262 1969 tere
2312 1912 2379 1966 ad
2411 1911 2643 1969 alterum
2670 1910 2831 1973 latus,
2861 1918 2918 1965 et
2944 1909 3124 1965 decies
3164 1915 3376 1963 tantum
3410 1922 3588 1979 quam
3631 1905 3733 1963 alti-

2150 2004 2293 2066 tudo,
2326 2002 2479 2072 cujus
2503 2000 2803 2057 altitudinis
2831 2014 3085 2057 mensura
3110 2007 3192 2057 est
3218 2000 3273 2055 in
3321 1998 3498 2059 latere
3524 2013 3559 2053 a
3587 1998 3735 2054 dorso

2148 2094 2216 2148 ad
2239 2102 2501 2157 ventrem,
2527 2091 2673 2146 velut
2694 2091 2738 2146 si
2757 2090 3027 2159 jacentem
3059 2089 3334 2143 hominem
3364 2088 3627 2147 metiaris
3659 2102 3739 2143 su-

2150 2182 2334 2252 pinum
2364 2196 2458 2236 seu
2481 2195 2730 2249 pronum,
2760 2181 2936 2237 sexies
2959 2188 3167 2235 tantum
3189 2178 3381 2250 longus
3401 2187 3491 2232 est
3512 2194 3549 2232 a
3572 2178 3740 2248 capite

2151 2282 2320 2340 usque
2363 2272 2429 2324 ad
2458 2271 2644 2341 pedes,
2670 2284 2833 2339 quam
2860 2269 3000 2325 latus
3024 2285 3055 2323 a
3085 2271 3304 2327 dextera
3339 2270 3393 2337 in
3435 2269 3739 2334 sinistram,

2151 2361 2237 2416 vel
2267 2376 2297 2421 a
2328 2361 2548 2417 sinistra
2596 2360 2652 2415 in
2696 2360 2994 2425 dexteram,
3041 2368 3096 2414 et
3141 2358 3320 2415 decies
3346 2374 3521 2430 quam
3550 2358 3691 2413 altus
3711 2373 3739 2412 ι

2156 2462 2318 2508 terra.
2356 2451 2507 2508 Unde
2558 2451 2698 2507 facta
2744 2459 2826 2506 est
2870 2466 2999 2506 arca
3028 2460 3391 2508 trecentorum
3428 2450 3488 2504 in
3510 2449 3741 2523 longituo

2154 2543 2279 2598 dine
2329 2543 2653 2611 cubitorum,
2693 2533 3162 2613 etquinquaginta
3211 2543 3268 2597 in
3324 2541 3647 2606 latitudine,
3694 2550 3771 2598 et.

2157 2639 2374 2709 triginta
2407 2639 2461 2692 in
2493 2638 2794 2694 altitudine.
2845 2637 2976 2693 Item
3032 2639 3220 2693 eadem
3250 2652 3375 2693 arca
3426 2637 3659 2692 collecta
3692 2637 3742 2691 in

2156 2748 2320 2787 unum
2350 2731 2614 2798 cubitum,
2643 2732 2873 2803 desuper
2904 2738 3331 2793 consummatur,
3369 2729 3518 2786 sicut
3566 2728 3744 2786 Ecde-

2157 2826 2237 2881 sia
2263 2841 2458 2896 corpus
2484 2823 2687 2881 Christi
2727 2825 2782 2879 in
2810 2824 3017 2880 unitate
3045 2822 3294 2890 collecta,
3333 2821 3668 2877 sublimatur
3694 2828 3743 2883 et

2157 2918 2453 2990 perﬁcitur.
2496 2916 2647 2972 Unde
2693 2916 2893 2972 dicitur
2937 2916 2991 2975 in
3031 2913 3323 2987 Evangelio
3366 2914 3527 2981 πρωί
3549 2929 3743 2975 merast

2159 3025 2260 3063 non
2302 3008 2515 3080 colligit,
2540 3008 2735 3080 spargit
2787 3007 2937 3085 (Luc.
2988 3007 3065 3079 Χ).
3110 3006 3264 3077 Quod
3314 3014 3507 3062 autem
3576 3006 3747 3065 aditus

2158 3101 2274 3171 ejus
2303 3100 2363 3154 ﬁt
2392 3116 2422 3154 a
2468 3099 2657 3166 latere,
2693 3099 2960 3171 signiﬁcat
3010 3098 3136 3170 quia
3166 3114 3325 3154 nemo
3362 3100 3541 3153 intrat
3569 3099 3626 3154 in
3654 3099 3748 3159 Ec-

475 3205 617 3259 enim
649 3204 751 3261 ista
777 3202 1063 3259 ecclesiam
1091 3202 1448 3269 demonstrat,
1477 3218 1597 3274 qua;
1625 3210 1776 3257 nam
1803 3200 2056 3258 ﬂuctibus
2083 3211 2129 3273 ρ
2163 3192 2403 3259 clesiam,
2440 3192 2542 3246 nisi
2570 3206 2670 3262 per
2698 3202 3094 3247 sacramentum
3132 3190 3478 3247 remissionis
3505 3201 3749 3261 peceatoc

476 3294 658 3351 mundi
718 3291 897 3363 hujus.
947 3294 1099 3360 Quod
1150 3301 1331 3349 autem
1375 3294 1561 3350 eadem
1618 3309 1745 3351 arca
1788 3294 1855 3350 de
1894 3294 2058 3365 lignis

473 3384 755 3458 quadratis
786 3386 903 3441 ﬁeri
921 3386 1165 3456 jubetur,
1204 3386 1440 3456 undique
1470 3387 1718 3443 stabilem
1739 3388 1907 3445 vitam
1933 3404 2058 3444 san-

478 3485 692 3534 ctorum
723 3475 1013 3547 signiﬁcat,
1061 3476 1127 3530 ad
1162 3490 1322 3531 omne
1373 3478 1573 3532 bonum
1616 3493 1751 3548 opus
1790 3486 2055 3548 paratam.

479 3568 810 3636 Quacunque
838 3567 980 3623 enim
1015 3567 1242 3623 verteris
1272 3569 1616 3641 quadratum,
1662 3568 1892 3624 ﬁrmiter
1944 3576 2058 3625 sta-

478 3656 579 3713 bit.
610 3657 877 3713 Bitumine
907 3656 1238 3728 glutinantur
1266 3675 1406 3715 arca:
1450 3659 1595 3730 ligna
1626 3660 1951 3715 intrinsecus
2008 3667 2062 3715 et

479 3749 833 3813 extrinsecus,
882 3757 942 3803 ut
977 3749 1030 3804 in
1066 3752 1384 3822 compagine
1435 3751 1678 3815 unitatis,
1725 3750 2062 3820 signiﬁcetur

484 3841 768 3897 tolerantia
789 3841 1095 3910 charitatis,
1117 3858 1184 3898 ne
1212 3844 1481 3901 scandulis
1518 3844 1819 3899 Ecclesium
1846 3852 2061 3901 tentan-

483 3933 645 4000 tibus,
675 3933 788 3989 sive
807 3934 875 3989 ab
900 3934 985 3988 his
1010 3934 1099 4003 qui
1130 3935 1274 3989 intus
1299 3947 1443 4002 sunt,
1476 3936 1589 3991 sive
1618 3935 1683 3990 ab
1712 3936 1795 3989 his
1823 3934 2062 4006 quiforis

483 4032 627 4090 sunt,
689 4026 847 4080 cedat
889 4024 1129 4082 fraterna
1168 4028 1447 4098 junctura,
1502 4036 1557 4083 et
1602 4028 1841 4083 solvatur
1880 4030 2065 4084 vincu-

484 4122 597 4177 lum
650 4123 820 4193 pacis.
878 4124 977 4180 Est
1017 4126 1162 4181 enim
1206 4127 1449 4182 bitumen
1495 4128 1951 4184 ferventissimum
2007 4134 2064 4182 et

481 4213 933 4271 violentissimum
965 4216 1172 4286 gluten,
1222 4226 1283 4273 ut
1306 4233 1466 4288 supra
1489 4219 1690 4276 dictum
1719 4228 1822 4285 est,
1853 4219 2061 4297 signiﬁ-

481 4318 611 4357 cans
665 4303 967 4360 dilectionis
1004 4307 1255 4363 ardorem
1304 4308 1353 4363 vi
1403 4324 1596 4380 magna
1631 4308 1964 4364 fortitudinis
1995 4309 2064 4367 ad

483 4395 769 4451 tenendam
824 4397 1142 4454 societatem
1188 4400 1544 4471 spiritualem,
1589 4403 1769 4457 omnia
1826 4403 2065 4461 toleran-

482 4493 608 4541 tem.
661 4486 801 4543 Arca
862 4488 1115 4545 trecentis
1159 4478 1354 4547 cubitis
1415 4490 1574 4563 longa
1615 4501 1718 4558 est,
1779 4501 1840 4549 ut
1887 4493 2064 4549 sexies

2161 3302 2302 3351 rum,
2334 3285 2478 3355 quod
2500 3301 2530 3340 e
2554 3284 2753 3339 Christi
2780 3283 2950 3340 latere
2976 3293 3163 3354 aperto
3190 3284 3454 3339 manavit.
3488 3282 3747 3340 Interiora

2162 3395 2302 3436 arca:
2333 3380 2663 3435 bicamerata
2692 3390 2745 3435 et
2775 3380 3118 3435 tricamerata
3149 3387 3573 3444 construuntur,
3617 3379 3750 3435 sicut

2159 3489 2225 3531 ex
2253 3473 2502 3531 omnibus
2518 3472 2785 3543 gentibus,
2814 3471 2895 3523 vel
2912 3487 3010 3542 per
3021 3471 3330 3541 bipartitam
3346 3470 3749 3529 multitudinem

2161 3575 2519 3637 congregatur
2550 3564 2785 3621 Ecclesia
2813 3571 3033 3636 propter
3053 3562 3529 3619 circumcisionem
3544 3572 3600 3617 et
3620 3578 3754 3633 prte-

2162 3660 2393 3729 putium,
2410 3659 2496 3714 vel
2510 3659 2836 3735 tripartitam
2848 3666 3070 3730 propter
3087 3666 3197 3713 tres
3213 3657 3353 3713 ﬁlios
3370 3657 3508 3721 Noe,
3524 3644 3752 3731 quorum

2162 3757 2417 3825 progenie
2447 3756 2683 3825 repletus
2709 3764 2792 3811 est
2834 3755 2982 3813 orbis
3012 3763 3314 3820 terrarum;
3345 3761 3404 3808 et
3443 3753 3570 3809 ideo
3613 3768 3753 3808 arca:

2163 3844 2422 3907 inferiora
2451 3846 2555 3901 ista
2599 3847 2742 3905 dicta
2774 3854 2921 3911 sunt.
2973 3846 3101 3923 quia
3147 3846 3201 3901 in
3247 3845 3349 3901 hac
3390 3855 3614 3901 terrena
3643 3846 3752 3900 vita

2162 3938 2449 3997 diversitas
2492 3947 2577 3995 est
2623 3938 2884 4008 gentium.
2932 3936 2993 3995 In
3039 3952 3252 3996 summo
3279 3944 3462 3993 autem
3487 3951 3655 3997 omne
3696 3935 3751 3993 in

2165 4045 2330 4083 unum
2382 4036 2809 4093 consummatur,
2862 4036 2918 4085 et
2952 4042 3059 4083 non
3087 4032 3170 4085 est
3196 4026 3297 4081 ista
3327 4027 3589 4104 varietas,
3624 4027 3752 4098 quia

2163 4120 2340 4173 omnia
2387 4126 2440 4173 et
2471 4118 2524 4173 in
2574 4117 2825 4175 omnibus
2872 4116 3142 4183 Christus,
3202 4127 3463 4188 tanquam
3500 4132 3603 4173 nos
3650 4133 3757 4173 uno

2165 4212 2347 4266 cubito
2374 4212 2603 4282 desuper
2630 4210 2838 4267 omlcsti
2866 4211 3069 4267 unitate
3101 4225 3510 4267 consummans.
3546 4208 3754 4284 (Greg.)

2165 4302 2333 4358 Recte
2353 4305 2533 4374 itaque
2556 4319 2654 4373 per
2674 4319 2854 4359 arcam
2879 4304 3393 4373 universaEcclesia
3415 4305 3753 4375 designatur,

2165 4412 2285 4467 quae
2315 4398 2492 4451 adhuc
2539 4397 2591 4453 in
2648 4396 2829 4451 multis
2877 4397 2989 4451 suis
3031 4396 3342 4452 carnalibus
3390 4396 3500 4452 lata
3550 4408 3657 4463 est,
3699 4399 3754 4453 in

2166 4489 2354 4560 paucis
2376 4490 2747 4559 spiritualibus
2774 4499 3033 4561 angusta;
3062 4497 3117 4545 et
3138 4489 3265 4561 quia
3292 4490 3361 4551 ad
3388 4505 3558 4545 unum
3580 4490 3758 4546 homi-

482 4580 870 4653 quinquaginta
915 4582 1269 4652 compleatur,
1303 4584 1443 4641 sicut
1467 4598 1557 4643 sex
1608 4584 1867 4641 aetatibus
1896 4598 2056 4641 omne
2086 4596 2141 4658 ι)
2167 4594 2314 4644 nem,
2363 4580 2453 4650 qui
2487 4588 2567 4634 est
2595 4580 2711 4634 sine
2759 4590 2980 4650 peccato
3005 4570 3297 4651 colligitur,
3351 4581 3507 4652 quasi
3539 4581 3600 4637 in
3647 4596 3754 4636 uno

480 4671 637 4742 hujus
661 4671 841 4728 saeculi
884 4679 1094 4743 tempus
1121 4674 1461 4740 extenditur,
1500 4676 1555 4730 in
1576 4677 1774 4747 quibus
1798 4676 2057 4733 omnibus

481 4763 727 4821 Christus
783 4780 1059 4835 nunquam
1112 4765 1325 4822 desistit
1359 4768 1666 4838 praedicari,
1717 4770 1773 4824 in
1822 4770 2060 4843 quinque

478 4869 575 4924 per
613 4855 953 4927 prophetiam
984 4859 1395 4927 praenuntiatus,
1428 4859 1481 4913 in
1512 4868 1666 4917 sexta
1693 4876 1791 4933 per
1816 4861 2061 4932 Evange-

480 4944 610 4999 lium
640 4945 967 5001 diﬁ‘amatus.
1004 4946 1187 5003 Potest
1229 4950 1447 5019 quidem
1486 4959 1542 5006 et
1584 4952 1640 5007 in
1678 4952 1765 5008 his
1804 4952 2060 5008 trecentis

481 5039 676 5093 cubitis
719 5039 923 5110 lignum
976 5040 1107 5115 ligni
1139 5043 1406 5111 passionis
1444 5042 1676 5101 ostendi.
1709 5043 1883 5115 Ipsius
1914 5044 2059 5099 enim

480 5129 675 5184 littera:
718 5145 975 5187 numerus
1000 5134 1177 5187 crucis
1199 5124 1532 5189 demonstrat
1557 5135 1767 5205 signum
1797 5150 1893 5204 per
1918 5134 2062 5204 quod

484 5221 615 5275 socii
654 5220 854 5276 Christi
883 5223 1152 5292 passionis
1194 5224 1392 5289 effecti,
1429 5241 1525 5294 per
1570 5226 1896 5295 baptismum
1944 5226 2061 5282 lon-

483 5311 780 5383 gitudinem
815 5314 936 5368 vitae
961 5324 1176 5373 externae
1218 5317 1586 5387 adipiscimur.
1628 5316 1781 5385 Quod
1810 5334 1936 5373 vero
1966 5334 2061 5373 cu-

483 5400 613 5458 bitis
640 5400 861 5459 latitudo
901 5407 1287 5479 quinquaginta
1319 5405 1436 5477 ejus
1480 5408 1826 5478 expanditur,
1859 5407 2062 5479 signiﬁ-

484 5501 573 5547 cat
622 5493 1023 5563 amplitudinem
1054 5497 1339 5553 charitatis
1377 5498 1430 5551 in
1460 5496 1722 5563 ﬁdelibus,
1756 5498 1895 5552 sicut
1932 5498 2062 5553 dicit

483 5582 768 5653 Apostolus
812 5603 823 5638 :
864 5586 966 5641 Cor
992 5597 1222 5641 nostrum
1266 5586 1543 5640 dilatatam
1588 5586 1774 5660 cst(11
1808 5586 1928 5642 Cor.
1962 5588 2059 5659 vr).

484 5671 637 5730 Unde
688 5677 791 5731 nisi
835 5678 1100 5731 cbaritate
1150 5678 1450 5748 spiritmii?
1497 5687 1715 5748 [ruptor
1761 5680 1903 5749 quod
1951 5679 2066 5751 ipse

484 5766 677 5821 iterum
724 5768 896 5823 dicit:
934 5767 1174 5823 Charitas
1217 5771 1313 5824 Dei
1361 5772 1555 5841 (Ii/[usa
1605 5784 1675 5826 est
1724 5774 1775 5826 in
1824 5774 2065 5829 cordibus

486 5859 696 5927 nostris,
748 5875 843 5927 per
883 5856 1137 5927 Spiritum
1191 5871 1426 5917 sanctum
1474 5882 1559 5935 qui
1601 5869 1755 5921 datus
1800 5876 1875 5922 est
1920 5868 2067 5922 nobis

2165 4670 2347 4724 cubito
2376 4679 2801 4725 consummatur.
2831 4668 3089 4735 Videmus
3130 4672 3331 4728 etenim
3377 4672 3580 4731 multos
3609 4674 3754 4731 intra

2162 4764 2404 4836 ejusdem
2430 4764 2685 4820 Ecclesiae
2722 4774 2921 4823 sanctae
2950 4766 3128 4825 sinum
3157 4766 3210 4821 in
3239 4767 3553 4837 superbiam
3581 4768 3751 4841 erigi,

2164 4856 2216 4911 in
2249 4858 2429 4911 carnis
2453 4858 2726 4929 voluptate
2770 4858 3009 4925 dissolvi,
3040 4853 3094 4915 in
3142 4860 3491 4930 adquirendis
3518 4863 3755 4918 terrenis

2163 4950 2325 5004 rebus
2381 4949 2629 5016 inhiare,
2698 4952 2996 5021 imperante
3063 4953 3289 5009 avaritia
3342 4954 3517 5010 maria
3576 4964 3755 5013 trans-

2162 5041 2259 5103 ire,
2310 5040 2587 5097 deservire
2636 5042 2948 5109 iracundiae,
2989 5044 3183 5117 jurgiis
3212 5060 3427 5110 vacare,
3472 5049 3753 5117 proximos

2168 5145 2305 5200 quos
2348 5131 2643 5203 praevalent
2670 5132 2884 5191 ltedere.
2926 5132 3034 5189 Sed
3062 5135 3187 5209 quia
3227 5148 3320 5191 eos
3350 5137 3530 5193 adhuc
3560 5149 3753 5196 sancta

2169 5223 2408 5278 Ecclesia
2439 5224 2634 5281 tolerat
2660 5233 2720 5279 ut
2749 5235 3154 5292 convertantur,
3186 5228 3340 5299 quasi
3373 5229 3426 5283 in
3461 5244 3607 5285 arca:
3628 5231 3753 5287 lati-

2170 5314 2353 5369 tudine
2377 5315 2627 5372 deorsum
2656 5318 2844 5373 hestiae
2872 5327 3169 5375 morantur.
3203 5320 3461 5377 Videmus
3482 5321 3620 5379 alios
3631 5320 3753 5390 iam

2168 5402 2341 5461 aliena
2392 5421 2501 5461 non
2546 5408 3038 5477 quaareredllatam
3088 5410 3339 5482 mjuriam
3372 5412 3754 5483 mquanimiter

2167 5504 2403 5564 portare,
2439 5497 2602 5551 rebus
2631 5498 2864 5569 propriis
2890 5514 3010 5556 esse
3045 5510 3346 5567 contentos,
3363 5504 3643 5560 humiliter
3661 5504 3754 5559 vi-

2166 5606 2322 5656 vere;
2356 5592 2449 5645 sed
2480 5591 2604 5662 quia
2634 5592 2725 5646 isti
2748 5593 2860 5663 jam
2892 5596 3047 5662 pauci
3078 5606 3224 5661 sunt,
3255 5607 3573 5666 angustatur
3594 5612 3750 5656 arca.

2166 5681 2314 5734 A1108
2340 5690 2519 5737 autem
2550 5685 2911 5753 conspicimus
2936 5688 3100 5741 etiam
3129 5703 3381 5757 possessa
3415 5688 3751 5760 relinquere,

2170 5772 2371 5825 nullum
2418 5775 2646 5828 terrenis
2677 5776 2836 5830 rebus
2868 5778 3100 5831 studium
3147 5779 3295 5844 dare,
3340 5779 3589 5839 inimicos
3626 5780 3751 5836 dili—

2170 5877 2312 5934 gere,
2343 5879 2562 5921 carnem
2602 5882 2633 5922 a
2666 5868 2875 5925 cunctis
2902 5868 3264 5943 voluntatibus
3293 5870 3534 5941 domare,
3561 5878 3750 5929 motus
