3974 6518
270 356 372 417 517

1309 352 1660 413 COMMENT.
1702 349 1769 406 ΙΝ
1808 346 2126 406 GENESIM.
2154 381 2226 394 —
2262 353 2391 410 LIB.
2432 354 2493 410 ll.

3445 359 3546 421 818

271 483 465 524 omnes
491 469 593 524 sub
623 468 836 526 ratione
858 467 1062 537 judicio
1100 482 1366 537 premere,
1396 483 1493 538 per
1518 469 1741 521 caeleste
1765 465 1857 518 de-
1885 464 1939 523 A
1964 473 2088 518 sunt
2117 482 2252 536 quos
2276 467 2391 523 haec
2420 477 2617 537 movet,
2645 470 2725 526 sic
2746 472 3117 544 accipiendum
3145 487 3268 533 esse
3294 475 3438 547 quod
3462 477 3545 533 die

271 561 532 617 siderium
561 560 1031 633 contemplationis
1072 578 1245 633 penna
1270 562 1559 617 sublevari.
1592 559 1698 615 Sed
1732 559 1857 630 quia

272 657 412 713 tales
433 657 632 727 quique
655 655 811 712 valde
837 655 944 710 rari
975 663 1122 721 sunt,
1145 654 1258 725 jam
1286 670 1410 710 arca
1430 654 1587 724 juxta
1619 653 1859 708 cubitum

254 732 513 817 ducitur,
545 748 636 804 ubi
666 748 915 804 homines
942 757 997 803 et
1034 748 1267 802 volatilia
1299 748 1663 802 continentur.
1701 746 1860 815 Quae-

274 850 430 895 ratur
469 847 651 894 tamen
692 838 734 893 si
765 838 885 909 quis
912 838 964 892 in
994 838 1072 892 eis
1097 853 1215 894 esse
1247 838 1423 893 valeat
1454 839 1569 895 sine
1607 848 1857 910 peccato,

273 942 330 989 et
358 932 537 988 nullus
572 931 862 987 invenitur.
895 931 1026 999 Quis
1055 932 1237 1002 itaque
1266 933 1427 987 homo
1467 940 1550 988 est
1573 932 1689 989 sine
1733 949 1860 1005 pec-

273 1032 421 1090 cato,
466 1024 571 1080 nisi
595 1024 682 1079 ille
708 1024 799 1095 qui
826 1024 882 1078 in
910 1024 1148 1094 peccatis
1175 1037 1468 1095 conceptus
1498 1041 1604 1081 non
1648 1026 1763 1082 est?
1799 1026 1860 1082 In

274 1135 387 1174 uno
413 1134 543 1189 ergo
579 1117 764 1173 cubito
808 1126 1215 1173 consummatur
1260 1134 1409 1184 arca,
1440 1119 1567 1190 quia
1610 1136 1748 1175 unus
1776 1129 1860 1176 est

275 1222 468 1271 auctor
493 1221 548 1269 et
580 1214 889 1283 redemptor
920 1224 1120 1268 sanctae
1162 1212 1417 1269 Ecclesiae
1448 1214 1564 1269 siue
1600 1224 1857 1285 peccato,

277 1310 347 1364 ad
376 1322 537 1379 quem
563 1314 619 1361 et
643 1320 741 1377 per
767 1320 929 1375 quem
961 1320 1149 1363 omnes
1178 1306 1485 1377 proﬁciunt,
1516 1307 1609 1378 qui
1638 1321 1697 1362 se
1740 1323 1860 1364 esse

274 1406 593 1468 peccatores
619 1405 905 1451 noverunt.
944 1396 1201 1467 Sequitur
1225 1416 1238 1453 :
1697 1472 1702 1478 _

349 1490 419 1545 Et
453 1490 761 1562 ingrediaris
804 1506 985 1545 arcam
1022 1500 1078 1545 tu
1121 1499 1170 1546 et
1205 1490 1303 1562 ﬁlii
1345 1493 1443 1557 tui,
1487 1508 1622 1546 uxor
1654 1502 1781 1558 tua,
1812 1502 1860 1548 et

277 1599 468 1638 uxores
512 1582 745 1653 ﬁliorum
790 1591 1000 1638 tuorum
1034 1592 1224 1639 tecum.
1272 1583 1339 1638 Et
1385 1585 1584 1639 cunctis
1624 1585 1861 1639 animan-

279 1676 419 1730 tibus
446 1677 702 1731 universa:
737 1677 937 1742 carnis,
966 1676 1091 1731 bina
1132 1676 1291 1733 duces
1322 1678 1380 1733 in
1402 1694 1583 1733 arcam
1608 1687 1663 1733 ut
1684 1679 1858 1733 vivant

278 1778 471 1833 tecum,
530 1766 809 1821 masculini
874 1776 923 1822 et
971 1768 1210 1837 feminini
1258 1784 1431 1832 sexus,
1473 1778 1579 1823 etc.
1635 1768 1857 1841 (Albim)

1964 560 2111 607 ctum
2135 564 2240 622 est,
2266 574 2384 628 qua:
2411 568 2614 624 reptant
2643 578 2800 632 super
2840 572 3065 630 terram,
3096 573 3158 620 ut
3190 580 3413 625 necesse
3435 582 3544 625 non

1963 643 2129 700 fuerit
2167 650 2479 704 conservari
2522 652 2575 705 in
2605 668 2730 708 arca
2773 669 2892 726 qua:
2931 665 3157 728 possunt
3198 657 3251 713 in
3282 658 3437 729 aquis
3460 659 3543 715 vl-

1962 754 2107 808 vere,
2134 758 2243 797 non
2266 743 2439 800 solum
2468 760 2645 802 mersa
2675 748 3025 820 sicutpisces,
3048 765 3237 805 verum
3261 751 3424 809 etiam
3448 767 3543 807 su-

1961 847 2061 909 per
2092 835 2349 899 natantia,
2387 836 2525 892 sicut
2563 839 2743 894 multa:
2797 841 2971 896 alites.
3020 841 3222 899 Deinde
3260 859 3381 899 cum
3413 844 3546 900 dici-

1964 930 2071 991 tur,
2110 926 2376 981 masculus
2411 936 2457 982 et
2496 929 2692 999 femina
2723 941 2898 999 erunt,
2947 932 3193 1004 profecto
3230 933 3547 1005 intelligitur

1963 1016 2029 1072 ad
2052 1020 2414 1087 reparandum
2465 1036 2633 1091 genus
2659 1024 2802 1091 dici;
2844 1040 2907 1080 ac
2936 1040 3033 1099 per
3058 1026 3162 1087 hoc
3189 1040 3289 1081 nec
3319 1026 3407 1082 illa
3454 1043 3549 1083 ne-

1963 1123 2114 1165 cesse
2155 1108 2331 1164 fuerat
2384 1111 2457 1165 ibi
2488 1126 2607 1167 esse
2647 1129 2766 1183 quas
2814 1124 3042 1185 possunt
3099 1116 3217 1171 sine
3256 1117 3547 1173 concubitu

1964 1200 2028 1255 de
2075 1200 2487 1272 quibuscunque
2544 1203 2704 1258 rebus
2748 1206 2833 1260 vel
2890 1222 3072 1267 rerum
3109 1208 3548 1278 corruptionibus

1962 1292 2151 1358 nasci;
2200 1291 2286 1347 vel
2326 1293 2370 1348 si
2417 1291 2634 1349 fuerunt
2681 1296 2818 1351 sicut
2851 1296 2906 1351 in
2956 1298 3204 1355 domibus
3249 1315 3547 1357 consueve-

1963 1395 2091 1438 runt
2126 1400 2264 1451 esse,
2295 1386 2411 1441 sine
2446 1386 2553 1442 ullo
2598 1404 2824 1443 numero
2862 1390 3082 1446 deﬁnito
3124 1409 3245 1448 esse
3269 1395 3541 1465 potuisse';

1963 1483 2054 1527 aut
2084 1475 2127 1530 si
2163 1476 2481 1546 mysterium
2511 1480 2939 1534 sacratissimum
2979 1484 3122 1552 quod
3169 1484 3452 1552 agebatur,
3494 1494 3550 1542 et

1965 1572 2127 1622 tanta:
2163 1569 2239 1622 rei
2272 1567 2445 1638 ﬁgura
2477 1570 2640 1625 etiam
2674 1572 2900 1627 veritate
2929 1571 3070 1628 facta
3102 1574 3260 1630 aliter
3290 1562 3549 1649 nonpos-

1964 1668 2045 1715 set
2073 1661 2300 1732 impleri,
2338 1663 2442 1718 nisi
2480 1673 2538 1717 ut
2570 1665 2750 1719 omnia
2797 1665 2869 1719 ita
2900 1675 3049 1721 certo
3076 1666 3165 1722 illo
3197 1685 3425 1725 numero
3465 1686 3549 1726 cs-

1963 1762 2103 1820 sent,
2134 1770 2255 1823 quae
2282 1755 2467 1811 vivere
2498 1757 2550 1810 in
2583 1758 2760 1826 aquis,
2794 1757 2934 1813 illius
2976 1768 3174 1814 natura
3203 1762 3545 1831 prohibente,

279 1859 418 1926 Quid
450 1858 550 1913 sibi
578 1858 692 1913 γυιι
718 1860 861 1928 quod
890 1859 979 1915 hic
1007 1860 1130 1914 bina
1173 1862 1239 1916 de
1281 1863 1530 1917 omnibus
1566 1838 1854 1916 animm“;
1888 1838 1935 1899 B
1964 1860 2070 1898 non
2099 1854 2340 1915 possent,
2385 1862 2492 1902 non
2526 1846 2625 1901 fuit
2665 1848 2768 1903 ista
2806 1864 2935 1904 cura
2982 1849 3125 1904 illius
3161 1851 3413 1916 hominis,
3462 1854 3546 1907 vel

278 1950 381 2004 bus
410 1949 752 2005 introducere
790 1947 945 2017 jubet
993 1967 1049 2005 m
1095 1965 1300 2016 arcam,
1338 1959 1393 2006 et
1422 1952 1477 2005 in
1506 1954 1859 2022 sequentibus

278 2041 387 2096 duo
418 2051 474 2096 et
514 2042 640 2106 duo,
668 2048 890 2113 septena
920 2051 975 2097 et
1004 2052 1244 2113 septena,
1276 2044 1576 2099 masculum
1613 2054 1667 2102 et
1704 2045 1860 2102 femi-

281 2130 447 2186 nam?
478 2146 544 2185 an
576 2140 806 2202 quatuor
850 2147 914 2188 ex
942 2133 1235 2188 immundis
1261 2142 1316 2188 et
1341 2134 1748 2203 quatuordecim
1791 2149 1859 2191 ex

278 2220 500 2276 mundis
522 2221 844 2277 animalibus
865 2222 1161 2295 intelligere
1182 2224 1439 2282 debemus
1468 2226 1858 2282 introducenda

279 2311 436 2365 esse?
463 2310 580 2365 Non
622 2312 811 2383 utique
838 2313 944 2367 duo
970 2324 1024 2369 et
1067 2315 1173 2370 duo
1198 2327 1422 2389 propter
1450 2327 1683 2388 quatuor
1707 2361 1723 2385 ,
1766 2321 1861 2377 sed

276 2409 499 2471 propter
522 2403 824 2458 masculum
854 2413 909 2460 et
953 2405 1228 2462 feminam.
1280 2409 1415 2464 Nam
1463 2412 1529 2465 de
1571 2412 1860 2469 immundis

280 2492 652 2548 tantummodo
692 2495 816 2562 duo,
848 2505 904 2550 et
931 2497 997 2550 de
1028 2500 1241 2554 mundis
1262 2502 1600 2559 solummodo
1628 2512 1855 2575 septem.

277 2581 408 2638 Inde
430 2584 705 2639 immunda
732 2588 851 2658 pari
884 2605 1109 2644 numero
1138 2594 1344 2661 posuit;
1374 2596 1569 2649 munda
1601 2612 1729 2651 vero
1754 2598 1852 2652 im-

276 2674 421 2746 pari,
474 2685 531 2729 ut
565 2675 794 2732 haberet
842 2677 955 2735 Noe
1002 2681 1143 2736 unde
1189 2684 1395 2741 hostias
1441 2686 1747 2744 immolaret
1792 2705 1859 2744 ex

280 2767 531 2833 mundis;
564 2752 617 2823 et
644 2769 768 2824 inde
794 2770 947 2841 plura
972 2770 1191 2828 fuerunt
1214 2778 1413 2831 munda
1443 2793 1603 2848 quam
1628 2780 1859 2835 immun-

278 2860 366 2926 da,
409 2870 631 2931 propter
682 2862 923 2919 futurum
966 2866 1187 2922 humani
1216 2870 1431 2940 generis
1466 2888 1622 2927 usum
1666 2874 1757 2944 qui
1790 2889 1859 2929 ex

278 2953 495 3008 mundis
524 2954 822 3010 debebatur
868 2958 1196 3026 hominibus,
1230 2969 1291 3015 ut
1333 2962 1487 3031 plura
1517 2975 1702 3021 essent
1741 2979 1859 3035 quae

274 3045 616 3114 prodessent,
644 3064 808 3117 quam
834 3066 953 3121 qua:
980 3062 1255 3108 nocerent.

346 3133 427 3189 De
460 3137 755 3193 volucribus
786 3140 941 3211 juxta
966 3160 1127 3214 genus
1151 3162 1328 3212 suum,
1356 3155 1405 3201 et
1439 3148 1503 3201 de
1518 3148 1773 3216 jumentis
1803 3149 1859 3203 in

1967 1935 2181 1992 illorum
2231 1938 2533 2005 hominum,
2575 1940 2672 1995 sed
2721 1939 2923 1996 divina.
2977 1940 3094 1997 Non
3133 1944 3279 2000 enim
3326 1961 3389 2001 ea
3437 1945 3551 2003 Noe

1967 2028 2189 2097 capiens
2245 2028 2674 2098 intromittebat,
2732 2033 2826 2087 sed
2868 2034 3137 2089 venientia
3188 2043 3243 2091 et
3292 2037 3550 2095 intrantia

1966 2121 2332 2191 permittebat.
2372 2122 2455 2178 Ad
2495 2124 2597 2179 hoc
2642 2125 2787 2180 enim
2826 2126 2970 2182 valet
3020 2129 3163 2199 quod
3204 2130 3405 2185 dictum
3445 2140 3549 2201 est,

1969 2211 2249 2267 Intrabunt
2283 2213 2351 2267 ad
2391 2223 2455 2278 te,
2504 2231 2610 2270 non
2638 2217 2844 2273 scilicet
2888 2219 3123 2277 hominis
3144 2228 3288 2288 actu,
3324 2223 3419 2278 sed
3450 2223 3547 2279 Dei

1968 2312 2123 2357 nutu.

2041 2394 2210 2450 Tolles
2236 2397 2397 2468 igitur
2444 2408 2609 2453 tecum
2647 2416 2711 2454 ex
2754 2401 2992 2455 omnibus
3033 2405 3162 2459 escis
3206 2421 3324 2477 qua:
3370 2408 3553 2463 mandi

1964 2497 2201 2557 possunt,
2238 2499 2285 2541 et
2333 2490 2681 2561 comportabis
2722 2492 2863 2561 apud
2907 2502 2992 2559 te,
3031 2504 3079 2549 et
3122 2506 3273 2551 erunt
3309 2505 3417 2551 tant
3458 2500 3552 2553 tibi

1966 2595 2119 2649 quam
2165 2578 2269 2633 illis
2306 2581 2359 2633 in
2396 2579 2587 2634 cibum.
2623 2580 2771 2636 Solet
2812 2583 2977 2637 etiam
3013 2600 3232 2641 movere
3264 2588 3552 2645 nonnullos

1966 2681 2165 2737 genera
2195 2684 2444 2723 escarum
2481 2685 2600 2740 qure
2645 2670 2753 2725 illic
2783 2672 2984 2729 habere
3024 2683 3272 2745 poterant
3298 2678 3553 2733 animalia

1966 2773 2085 2829 quae
2116 2775 2220 2813 non
2264 2760 2367 2815 nisi
2424 2777 2587 2817 carne
2633 2763 2776 2818 vesci
2815 2771 3103 2834 putantur,
3142 2774 3325 2823 utrum
3353 2777 3553 2839 praeter

1966 2866 2251 2905 numerum
2283 2851 2353 2906 ibi
2390 2850 2610 2919 fuerint,
2644 2854 2761 2908 sine
2809 2856 3242 2925 transgressione
3276 2859 3552 2928 mandati,

1965 2957 2088 3013 quae
2136 2941 2363 2997 aliorum
2413 2942 2728 2999 alendorum
2764 2947 3065 3001 necessitas
3117 2948 3226 3004 illic
3287 2949 3553 3020 coegisset

1966 3031 2197 3097 includi,
2229 3048 2296 3087 an
2325 3049 2454 3089 vero
2483 3035 2625 3105 quod
2654 3037 2833 3107 potius
2856 3046 2939 3092 est
2971 3037 3304 3095 credendum
3348 3049 3549 3111 praeter

1966 3142 2161 3181 carnes
2188 3127 2369 3197 aliqua
2398 3127 2651 3183 alimenta
2679 3142 2799 3184 esse
2822 3137 3133 3199 potuerunt,
3161 3147 3281 3203 qua:
3302 3133 3555 3188 omnibus

274 3243 461 3297 genere
490 3246 608 3295 suo,
652 3240 699 3284 et
739 3249 803 3286 ea:
841 3235 981 3287 omni
1023 3235 1193 3306 reptili
1244 3248 1395 3293 teme
1438 3240 1728 3294 secundum
1765 3257 1857 3311 ge-

1965 3217 2331 3274 convenirent.
2401 3217 2660 3275 Novimus
2720 3221 2863 3275 enim
2915 3238 3080 3293 quam
3132 3223 3302 3278 multa
3348 3225 3555 3280 anima-

278 3335 376 3372 nus
406 3335 577 3384 suum,
615 3320 735 3375 bina
780 3323 843 3376 de
883 3325 1121 3379 omnibus
1151 3328 1509 3397 ingredientur
1550 3340 1752 3400 tecum,
1802 3344 1860 3388 ut

274 3410 477 3480 possint
505 3410 687 3466 vivere.
718 3411 896 3480 Quaeri
922 3415 1067 3468 enim
1097 3416 1234 3472 solet
1261 3427 1443 3474 utrum
1471 3429 1621 3477 tanta
1646 3425 1860 3494 capaci-

276 3509 387 3556 tatc
418 3518 543 3557 arca
578 3504 919 3560 describatur
948 3524 1088 3572 esse,
1119 3512 1262 3579 quod
1307 3513 1561 3569 animalia
1590 3525 1764 3582 tanta,
1805 3526 1861 3572 et

275 3601 355 3647 tot
385 3606 508 3649 cum
542 3599 929 3653 mansiunculis
970 3602 1418 3660 convenientibus
1463 3606 1598 3673 sibi,
1638 3616 1692 3663 et
1718 3609 1860 3665 escis

273 3700 462 3739 eorum
494 3682 637 3738 ferre
666 3689 925 3757 potuerit.
956 3688 1137 3763 (Aug.)
1168 3692 1316 3748 Hanc
1341 3696 1695 3764 quaestionem
1740 3695 1859 3754 Ori-

271 3793 440 3848 genes
491 3777 652 3832 solvit
699 3780 881 3835 cubito
924 3785 1273 3853 geometrico,
1320 3802 1571 3843 asserens
1617 3791 1855 3849 cubitum

269 3871 661 3941 geometricum
694 3880 899 3926 tantum
930 3876 1129 3940 valere,
1159 3887 1422 3946 quantum
1458 3891 1645 3937 nostra
1675 3885 1858 3939 cubita

272 3977 370 4017 sex
405 3960 601 4018 valent.
633 3961 689 4018 Si
721 3980 848 4034 ergo
880 3972 987 4020 tam
1018 3982 1208 4040 magna
1238 3973 1421 4028 cubita
1450 3974 1815 4048 intelligamus
1838 4021 1853 4046 ,

274 4054 420 4110 nulla
462 4057 691 4126 quaestio
732 4066 818 4113 est
860 4066 1020 4115 tanta:
1054 4065 1381 4139 capacitatis
1425 4083 1609 4124 arcam
1650 4070 1853 4139 fuisse,

275 4155 334 4201 ut
360 4157 542 4217 posset
566 4148 655 4203 illa
684 4150 865 4205 omnia
892 4137 1187 4211 continere.
1220 4156 1354 4213 Item
1383 4161 1647 4229 quaeritur
1674 4137 1857 4219 utrum

272 4253 399 4292 arca
447 4248 557 4293 tam
590 4255 784 4312 magna
829 4252 1047 4300 centum
1079 4247 1236 4301 annis
1263 4251 1499 4318 potuerit
1527 4250 1786 4309 fabricari
1824 4270 1856 4308 a

271 4341 505 4401 quatuor
529 4331 863 4400 hominibus,
895 4336 947 4391 id
986 4345 1090 4404 est,
1117 4337 1230 4395 Noe
1257 4349 1313 4395 et
1350 4341 1523 4397 tribus
1564 4342 1691 4398 ﬁliis
1716 4342 1852 4414 ejus.

274 4420 382 4479 Sed
407 4423 452 4478 si
484 4441 589 4480 non
635 4428 870 4496 potuerit
900 4444 1008 4484 non
1038 4440 1159 4486 erat
1200 4448 1456 4503 magnum
1489 4433 1675 4490 fabros
1720 4436 1857 4492 alios

272 4513 549 4581 adhibere,
598 4519 844 4586 quamvis
872 4520 1053 4588 operis
1090 4521 1174 4576 sui
1211 4524 1460 4579 mercede
1487 4533 1710 4595 accepta
1746 4541 1853 4582 non

271 4609 584 4664 curaverint
605 4618 786 4670 utrum
814 4626 932 4666 eam
966 4610 1078 4668 Noe
1101 4616 1395 4684 sapienter,
1427 4632 1495 4671 an
1522 4632 1650 4672 vero
1679 4618 1853 4673 inani-

272 4708 359 4758 ter
382 4700 769 4769 fabricaverit;
805 4711 861 4757 et
914 4703 1033 4759 ideo
1065 4720 1176 4759 non
1218 4706 1276 4759 in
1311 4722 1430 4760 eam
1482 4709 1850 4778 intraverint,

268 4791 397 4863 quia
422 4808 528 4847 non
559 4793 906 4848 crediderunt
932 4792 1076 4865 quod
1100 4794 1190 4851 ille
1219 4796 1541 4851 crediderat.
1576 4797 1729 4866 Quod
1753 4816 1854 4856 au-

270 4892 380 4939 tem
410 4883 613 4940 dictum
643 4893 726 4941 est
760 4886 1005 4957 ingressa
1034 4901 1155 4942 esse
1191 4888 1373 4943 omnia
1410 4889 1662 4945 animalia
1690 4892 1744 4946 in
1769 4908 1858 4946 ar-

270 4992 415 5041 cam,
454 4992 562 5031 non
611 4976 725 5033 Noe
772 4978 1077 5050 colligente,
1125 4979 1219 5034 sed
1259 4982 1371 5037 Deo
1395 4980 1617 5051 jubente
1652 4982 1855 5040 factum

269 5075 374 5123 est.
408 5066 561 5123 Sicut
598 5071 742 5125 enim
774 5070 976 5126 dictum
996 5072 1157 5127 estin
1183 5072 1358 5144 prima
1386 5072 1680 5144 creatione,
1713 5077 1857 5146 quod

270 5160 418 5218 Deus
449 5163 673 5219 adduxit
712 5179 778 5218 ea
822 5162 889 5219 ad
918 5163 1114 5234 Adam,
1156 5174 1217 5220 ut
1246 5166 1454 5223 videret
1480 5169 1609 5238 quid
1637 5182 1859 5226 vocaret

272 5270 421 5323 eam,
443 5256 523 5311 sic
546 5255 728 5312 divino
754 5265 888 5311 nutu
914 5264 1103 5314 coacta
1136 5258 1414 5326 animalia,
1462 5268 1655 5329 sponte
1680 5260 1856 5331 praeﬁ-

271 5346 389 5401 nito
429 5361 653 5403 numero
681 5347 968 5404 veniebant
1010 5347 1077 5402 ad
1120 5364 1305 5403 arcam
1352 5348 1485 5405 Noe.
1518 5350 1653 5405 Item
1686 5351 1855 5421 quani

271 5435 413 5493 solet
446 5437 513 5492 de
547 5438 925 5494 minutissimis
951 5439 1157 5507 bestiis,
1187 5454 1293 5494 non
1322 5440 1497 5495 solum
1522 5440 1710 5510 quales
1732 5450 1859 5496 sunt

275 5542 461 5583 mures
487 5536 543 5583 et
573 5534 863 5593 stelhones,
913 5529 1005 5583 sed
1052 5531 1217 5584 etiam
1244 5530 1432 5600 quales
1460 5530 1701 5596 locustae,
1734 5548 1855 5588 sca-

276 5619 465 5685 rabtci,
484 5636 683 5674 musca:
707 5620 935 5689 denique
958 5629 1011 5675 et
1040 5621 1259 5689 pulices,
1290 5632 1470 5676 utrum
1495 5638 1602 5677 non
1631 5622 1859 5691 amplio-

273 5711 358 5769 ris
384 5714 592 5767 numeri
630 5714 682 5767 in
713 5728 837 5767 arca
868 5714 953 5766 illa
975 5714 1196 5780 fuerint,
1230 5731 1389 5784 quam
1420 5716 1511 5787 qui
1539 5726 1623 5771 cst
1660 5714 1855 5770 deﬁni-

276 5801 430 5863 nitus
461 5818 585 5877 cum
636 5803 737 5859 hoc
776 5803 1067 5875 imperaret
1116 5803 1275 5860 Deus.
1322 5806 1480 5862 Prius
1524 5807 1849 5863 admonendi

1879 4576 1934 4638 D

1967 3308 2037 3364 lia
2078 3312 2274 3381 quibus
2331 3326 2459 3367 caro
2488 3312 2640 3367 cibus
2691 3321 2797 3391 est,
2832 3312 3095 3369 fructibus
3124 3315 3408 3386 pomisque
3463 3333 3555 3371 ve-

1965 3414 2204 3468 scantur,
2236 3412 2291 3458 et
2336 3420 2571 3459 maxnme
2616 3404 2826 3459 ficubus
2865 3413 3027 3475 atque
3075 3407 3366 3463 castaneis.
3413 3406 3553 3475 Quid

1963 3513 2092 3552 vero
2131 3497 2328 3551 mirum
2368 3497 2413 3551 si
2447 3497 2530 3550 vir
2570 3497 2659 3551 ille
2695 3500 2915 3566 sapiens
2947 3506 3001 3553 et
3023 3496 3228 3568 justus,
3281 3498 3446 3554 etiam
3477 3499 3554 3554 di-

1962 3588 2164 3643 vinitus
2219 3588 2527 3642 admonitus
2572 3588 2716 3658 quod
2766 3588 2961 3659 cuique
3004 3597 3370 3661 congrueret,
3430 3589 3548 3643 sine

1963 3678 2221 3733 carnibus
2262 3664 2444 3747 aptam
2477 3679 2673 3748 cuique
2702 3679 2887 3748 generi
2932 3679 3249 3735 alimoniam
3284 3680 3549 3751 reperiret

1961 3778 2015 3824 et
2051 3769 2353 3835 conderet?
2382 3768 2523 3836 Quid
2568 3778 2654 3825 est
2682 3785 2789 3839 quo
2831 3771 2979 3827 vesci
3034 3787 3140 3827 non
3208 3780 3428 3845 cogeret
3467 3772 3549 3825 fa-

1960 3863 2124 3917 mes?
2167 3872 2261 3917 aut
2289 3865 2432 3933 quod
2458 3879 2565 3919 non
2596 3879 2761 3920 suave
2793 3879 2857 3919 ac
2894 3864 3108 3922 salubre
3140 3863 3319 3921 facere
3364 3873 3547 3935 posset

1956 3952 2123 4021 Deus,
2151 3955 2241 4024 qui
2269 3955 2435 4011 etiam
2476 3964 2535 4011 ut
2567 3956 2685 4011 sine
2711 3956 2833 4013 cibo
2873 3956 3120 4013 viverent
3157 3956 3340 4013 divina
3368 3956 3543 4011 facili-

1963 4051 2073 4099 tate
2114 4046 2377 4101 donaret?

2551 4179 2780 4236 CAPUT
2815 4179 2922 4237 VIL

2030 4318 2107 4374 De
2137 4317 2375 4389 ingressu
2410 4317 2759 4372 animantium
2784 4317 2840 4372 in
2868 4332 3048 4372 arcam
3072 4324 3120 4372 et
3150 4314 3214 4370 de
3257 4312 3451 4370 diluvio

2030 4431 2181 4503 (CAP.
2232 4431 2351 4503 vn.)
2394 4430 2659 4485 Universa:
2705 4446 2823 4485 aves
2865 4446 3146 4501 omnesque
3184 4427 3416 4484 uolucres
3464 4426 3547 4481 in-

1958 4541 2151 4595 gressae
2184 4534 2307 4579 sunt
2336 4526 2406 4579 ml
2443 4524 2560 4579 Noe
2585 4525 2639 4578 in
2667 4540 2848 4578 arcam
2881 4524 3004 4579 bina
3028 4534 3077 4579 et
3105 4523 3262 4589 bina,
3296 4538 3361 4577 ea:
3405 4522 3549 4576 omni

1959 4633 2117 4670 carne
2148 4618 2203 4669 in
2230 4634 2335 4687 qua
2372 4626 2484 4670 erat
2512 4615 2726 4686 spiritus
2755 4616 2872 4671 vitae
2894 4632 2915 4681 ;
2941 4625 2990 4669 et
3021 4630 3139 4685 qut?
3169 4615 3407 4684 ingressa
3427 4622 3547 4669 sunt

1960 4705 2226 4759 masculus
2260 4715 2308 4759 et
2348 4705 2569 4774 lentim,
2596 4720 2661 4757 ea:
2696 4704 2838 4757 omni
2863 4719 3022 4759 carne
3063 4704 3399 4768 introierunt,
3440 4704 3546 4757 sic-

1957 4806 2013 4850 ut
2059 4805 2373 4866 prtcceperal
2426 4797 2473 4850 ei
2506 4790 2668 4849 Deus.
2701 4792 2926 4867 (Albim)
2975 4794 3112 4851 Hinc
3138 4792 3359 4864 quidam
3399 4808 3546 4863 qum-

1961 4887 2187 4943 rendum
2224 4893 2418 4956 putant
2449 4885 2581 4955 quid
2617 4885 2685 4940 de
2731 4884 3057 4942 animalibus
3083 4885 3272 4942 sentiri
3308 4885 3546 4952 debeat,

1960 4993 2194 5049 quorum
2226 4986 2423 5033 natura
2450 4993 2551 5033 nec
2578 4991 2795 5048 semper
2818 4976 2873 5032 in
2898 4977 3089 5042 aridis,
3119 4991 3218 5032 nec
3237 4991 3454 5046 semper
3492 4975 3548 5031 in

1961 5070 2199 5126 humidis
2224 5071 2404 5126 vivere
2440 5077 2641 5140 potest,
2673 5069 2817 5125 sicut
2839 5078 2970 5126 sunt
2992 5068 3122 5125 lutri
3146 5076 3204 5125 et
3230 5066 3385 5123 vituli
3425 5081 3546 5123 ma-

1961 5163 2088 5229 rini,
2144 5172 2199 5220 et
2226 5164 2397 5221 multa
2438 5163 2618 5219 avium
2651 5178 2875 5234 genera,
2902 5177 3025 5233 quae
3054 5160 3111 5215 in
3138 5160 3299 5229 aquis
3336 5162 3544 5225 ,victum

1960 5255 2265 5325 requirunt,
2297 5254 2393 5310 sed
2426 5254 2483 5310 in
2525 5255 2692 5311 aridis
2736 5253 3032 5318 dormiunt,
3079 5250 3326 5306 nutriunt
3374 5259 3432 5308 et
3462 5267 3547 5307 re-

1962 5348 2264 5416 quiescunt.
2316 5345 2500 5402 Potuit
2541 5346 2689 5402 enim
2722 5346 2895 5401 virtus
2943 5343 3127 5399 divina
3166 5343 3434 5401 utramvis
3460 5357 3548 5401 eo-

1962 5454 2081 5494 rum
2125 5447 2377 5495 naturam
2430 5438 2604 5494 donec
2649 5436 2909 5493 diluvium
2950 5437 3225 5502 transiret,
3271 5435 3541 5507 mitigare,

1963 5538 2288 5600 temperare,
2340 5538 2400 5584 ut
2442 5539 2534 5585 aut
2571 5530 2625 5583 in
2654 5530 2885 5585 humore
2916 5537 3154 5597 tantum,
3184 5536 3278 5585 aut
3306 5529 3361 5583 in
3384 5528 3545 5606 arido

1961 5634 2172 5679 tantum
2227 5626 2408 5680 vivere
2459 5631 2701 5694 possent,
2754 5617 2861 5680 niSi
2902 5624 3041 5681 forte
3069 5632 3226 5681 extra
3264 5639 3449 5681 arcam
3487 5624 3542 5678 in

1962 5718 2139 5788 aliqua
2166 5716 2281 5785 ejus
2311 5726 2465 5788 parte
2509 5716 2628 5770 loca
2674 5715 2781 5771 illis
2807 5725 3111 5787 praeparata
3142 5724 3357 5783 essent,
3397 5715 3541 5770 unde

1960 5818 2016 5863 et
2030 5808 2083 5862 in
2098 5808 2473 5880 aquisjvivere,
2511 5814 2566 5861 et
2579 5807 2637 5862 in
2659 5805 2827 5863 aridis
2840 5808 3188 5880 requiescere
3202 5806 3533 5879 potuissent.
