3974 6428
441 312 543 372 519

1109 299 1177 354 Β.
1218 293 1471 352 RABANI
1510 291 1728 348 MAUBI
1765 286 2083 344 ARClllEP.
2127 281 2434 341 MOGUNT.
2478 281 2762 340 OPERUM
2798 279 2979 337 PARS
3015 278 3061 334 1.

3597 274 3704 333 ξω

511 422 580 478 Et
616 415 828 474 inclusit
871 428 987 467 eum
1027 410 1280 464 Dominus
1325 406 1540 475 deforis.
1587 403 1697 456 Hoc
1730 401 1874 456 enim
1905 399 2020 452 sine
2047 403 2098 459 Λ
2124 406 2249 450 runt
2279 413 2290 447 :
2322 410 2552 464 quorum
2581 409 2718 447 unus
2739 402 2820 448 est
2872 393 3102 446 Berosus
3128 381 3436 443 Chaldmus.
3462 387 3708 443 Narrans

441 516 606 574 dubio
633 511 871 567 divinum
903 521 1037 575 opus
1059 502 1178 567 fuit,
1202 517 1270 556 ne
1301 500 1710 569 ingrederentur
1743 510 1894 564 aqua:
1920 505 2015 562 per

444 613 671 676 aditum,
693 607 829 680 quod
854 605 1085 659 humana
1107 616 1210 654 non
1237 599 1503 652 munierat
1525 608 1733 648 manus.

516 703 839 770 Factumque
867 703 942 750 est
986 693 1239 747 diluvium
1273 686 1624 759 quadraginta
1666 683 1846 736 diebus
1866 692 2022 749 super

445 808 668 858 terram;
695 801 743 846 et
773 785 1132 856 multiplicata:
1157 792 1276 838 sunt
1312 796 1482 851 aqum,
1519 788 1566 832 et
1595 776 1918 830 elevaverunt
1940 787 2022 824 ar-

446 904 562 944 cam
591 887 648 939 in
676 880 894 938 sublime
921 895 954 932 a
985 886 1146 939 terra,
1173 873 1592 940 vehementerque
1616 865 2018 926 inundaverant,

445 989 493 1036 et
523 977 698 1033 omnia
733 971 1051 1044 repleverunt
1090 967 1145 1021 in
1186 963 1459 1034 superﬁcie
1486 969 1657 1014 teme.
1690 956 1857 1010 Porro
1896 967 2023 1006 arca

448 1069 710 1142 ferebatur
744 1079 900 1135 super
940 1077 1127 1131 aquas,
1158 1066 1206 1112 et
1263 1070 1413 1126 aqua:
1449 1048 1832 1122 prrevaluerunt
1872 1044 2022 1142 nimis

446 1135 605 1231 super
651 1168 863 1212 terram.
917 1152 1197 1223 Opertique
1223 1156 1344 1201 sunt
1380 1159 1554 1198 omnes
1597 1149 1793 1194 montes
1837 1135 2024 1192 excelsi

450 1227 544 1308 sub
602 1249 840 1302 uniuerso
899 1242 1044 1298 caelo.
1103 1239 1411 1306 Quindecim
1463 1233 1650 1288 cubitis
1711 1230 1867 1284 altior
1925 1227 2026 1297 fuit

450 1357 590 1411 aqua
652 1351 809 1405 super
872 1341 1070 1386 montes
1120 1345 1246 1400 quos
1316 1335 1606 1396 operuerat.
1663 1321 1866 1376 Ferunt
1903 1318 2024 1388 qui-

451 1410 576 1488 dam
621 1443 728 1482 non
763 1439 884 1482 esse
923 1423 1040 1477 huic
1079 1429 1258 1492 gesta,
1295 1417 1390 1473 sed
1430 1415 1572 1471 solas
1606 1428 1788 1469 rerum
1826 1410 2030 1481 signifi-

452 1521 744 1577 candarum
767 1516 969 1587 ﬁguras
982 1527 1101 1569 esse
1123 1508 1471 1566 contendunt.
1490 1500 1727 1561 Primum
1741 1503 2030 1572 opinantur

455 1620 564 1666 tam
593 1624 846 1679 magnum
872 1621 980 1661 non
1007 1603 1263 1674 potuisse,
1291 1601 1527 1668 itemque
1555 1597 1700 1652 aliud
1729 1603 1936 1649 tantum
1972 1593 2028 1647 in

453 1699 822 1770 superioribus
874 1696 992 1751 fieri
1036 1693 1337 1756 diluvium,
1388 1698 1448 1745 ut
1474 1688 1768 1745 altissimos
1813 1694 2027 1741 montes

453 1761 763 1860 quindecim
826 1786 1036 1842 cubitos
1087 1799 1227 1853 aqua
1276 1781 1572 1839 crescendo
1620 1777 2032 1834 transcenderet
2057 1761 2106 1823 Β

421 1899 426 1903 ·
453 1890 674 1954 propter
695 1879 907 1952 Olympi
934 1879 1194 1935 verticem
1231 1876 1453 1942 montis,
1483 1889 1646 1944 super
1669 1887 1828 1943 quem
1853 1869 2034 1941 perhi-

453 1977 650 2030 bentur
676 1975 847 2028 nuhes
869 1987 974 2026 non
999 1985 1158 2040 posse
1185 1982 1568 2032 concrescere,
1594 1965 1738 2034 quod
1774 1973 1883 2018 tam
1909 1961 2037 2016 sub-

457 2068 583 2122 lime
612 2067 725 2138 jam
765 2065 961 2121 coelum
1005 2065 1093 2128 sit,
1143 2063 1233 2117 ubi
1264 2077 1372 2117 non
1414 2060 1488 2116 ibi
1525 2060 1598 2114 sit
1625 2073 1721 2113 aer
1748 2059 1850 2112 iste
1889 2071 2039 2112 cras-

456 2159 589 2222 sior,
617 2156 710 2211 ubi
752 2156 932 2219 venti,
970 2153 1178 2209 nebula:
1227 2153 1538 2222 imbresque
1572 2149 1881 2220 gignuntur.
1927 2145 2039 2202 Nec

457 2247 741 2302 attendunt
769 2245 1011 2300 omnium
1050 2243 1442 2298 elementorum
1492 2239 1884 2295 crassissimam
1937 2244 2041 2292 ter-

456 2355 572 2394 ram
589 2338 660 2393 ibi
682 2352 802 2392 esse
816 2337 1074 2407 potuisse.
1097 2336 1176 2388 An
1198 2332 1337 2388 forte
1359 2339 1560 2404 negant
1570 2332 1827 2386 verticem
1843 2328 2042 2383 montis

457 2443 576 2484 esse
616 2428 853 2482 terram?
893 2424 1004 2481 Cur
1043 2425 1208 2495 igitur
1232 2437 1402 2494 usque
1446 2420 1513 2476 ad
1545 2420 1634 2475 illa
1687 2419 1806 2475 coeli
1866 2419 2041 2489 spatia

458 2519 622 2574 terris
673 2517 903 2572 exaltari
949 2516 1205 2579 licuisse,
1252 2523 1305 2568 et
1346 2513 1502 2582 aquis
1542 2512 1771 2567 exaltari
1819 2526 1927 2565 non
1980 2510 2043 2564 li-

459 2609 636 2664 cuisse
674 2606 1048 2670 contendunt,
1092 2620 1212 2660 cum
1243 2605 1330 2659 isti
1362 2617 1642 2658 mensores
1684 2609 1741 2657 et
1785 2614 2043 2670 pensores

461 2699 850 2754 elementorum
918 2712 1086 2767 aquas
1134 2695 1294 2752 terris
1348 2696 1667 2765 perhibeant
1734 2692 2043 2762 superiores

463 2803 626 2863 atque
652 2792 918 2849 leviores?
943 2791 1080 2858 Quid
1117 2792 1298 2859 itaque
1335 2789 1558 2844 rationis
1603 2787 1835 2842 afferunt
1875 2801 2044 2855 quare

462 2890 607 2936 terra
652 2882 868 2952 gravior
915 2889 971 2936 et
1005 2880 1231 2936 inferior
1265 2879 1442 2934 locum
1484 2877 1608 2934 οωιὶ
1657 2875 2045 2946 tranquillior-is

463 2973 725 3027 invaserit
747 2987 842 3041 per
865 2972 1139 3027 volumina
1187 2979 1265 3026 tot
1289 2986 1552 3025 annorum
1575 3010 1590 3035 ,
1619 2979 1673 3024 et
1701 2985 1843 3038 aqua
1873 2968 2044 3022 levior

464 3079 529 3119 ac
577 3063 825 3133 superior
865 3063 1127 3134 permissa
1175 3078 1284 3116 non
1337 3061 1408 3115 sit
1447 3061 1549 3115 hoc
1596 3059 1806 3123 facere,
1854 3057 2043 3112 saltem

464 3155 532 3209 ad
555 3163 769 3223 tempus
810 3153 1098 3225 exiguum?
1128 3153 1276 3223 (CAP.
1310 3151 1452 3223 vni.)
1511 3150 1830 3205 Recordatus
1874 3159 2046 3202 autem

464 3246 723 3301 Dominus
757 3244 874 3298 Noe
913 3254 1318 3315 cunctarumque
1347 3243 1697 3298 animantium
1737 3251 1785 3295 et
1817 3227 2048 3294 omnium

457 3338 816 3408 jumentorum
865 3353 984 3407 qua:
1008 3345 1154 3390 erant
1181 3337 1235 3389 in
1282 3353 1407 3390 arca
1447 3352 1565 3390 cum
1585 3351 1664 3399 eo,
1695 3334 1913 3388 adduxit
1940 3335 2047 3403 spi-

467 3430 624 3482 ritum
645 3445 802 3498 super
825 3438 1018 3482 terram
1035 3469 1048 3493 ,
1075 3438 1122 3482 et
1143 3429 1434 3482 imminuta:
1457 3437 1577 3481 sum
1603 3443 1785 3496 aquae;
1811 3435 1858 3479 et
1885 3424 2052 3478 clausi

473 3529 592 3573 sunt
621 3517 788 3587 [antes
811 3517 983 3587 abyssi
1013 3527 1058 3571 et
1080 3528 1361 3572 cataracta:
1389 3517 1533 3581 caeli,
1568 3527 1617 3570 et
1638 3515 1910 3585 pro/tibiae
1932 3522 2053 3567 sunt

468 3608 659 3681 pluviae
699 3609 764 3662 de
818 3608 964 3662 caelo.
991 3608 1136 3663 Bene
1163 3608 1308 3664 enim
1357 3607 1424 3661 de
1453 3605 1544 3661 illo
1588 3605 1781 3676 spiritu
1827 3602 2054 3672 intelligi

477 3706 655 3769 potest
691 3698 756 3754 de
809 3713 916 3767 quo
962 3697 1162 3752 dictum
1189 3707 1273 3753 est
1314 3715 1326 3751 :
1363 3697 1594 3768 Spiritus
1648 3696 1746 3750 Dei
1791 3695 2054 3764 ferebatur

467 3808 624 3861 super
672 3809 856 3863 aquas.
899 3790 1050 3846 Tunc
1091 3791 1233 3846 enim
1280 3789 1577 3854 ferebatur,
1620 3798 1682 3843 ut
1714 3787 2056 3858 congregatis

469 3884 630 3954 aquis
653 3883 707 3938 in
739 3899 896 3938 suum
937 3882 1114 3937 locum
1134 3924 1148 3949 ,
1179 3891 1324 3936 terra
1354 3890 1670 3952 appareret;
1703 3895 1847 3935 nunc
1873 3888 2057 3934 autem

473 3975 739 4027 adductus
787 3973 1002 4037 dicitur,
1033 3982 1092 4028 ut
1121 3972 1313 4027 ablatis
1355 3973 1420 4027 de
1457 3972 1635 4026 medio
1661 3971 1816 4040 aquis
1843 3971 2054 4036 diluvii,

476 4065 670 4119 faciem
713 4074 872 4120 terra:
921 4066 1202 4120 revelaret.
1246 4065 1430 4119 Potest
1471 4075 1525 4120 et
1565 4065 1786 4134 spiritus
1839 4065 2058 4120 nomine

474 4165 671 4211 ventus
698 4155 949 4228 intelligi,
976 4155 1130 4223 juxta
1155 4155 1282 4210 illud
1307 4156 1604 4210 Psalmistae
1631 4173 1643 4209 :
1668 4156 1736 4208 Et
1762 4157 1900 4209 stetit
1953 4156 2058 4226 spi-

476 4249 608 4302 ritus
631 4247 868 4318 procellte
893 4247 1064 4316 (Psat.
1095 4246 1231 4316 ενι),
1260 4245 1412 4314 cujus
1448 4247 1665 4301 ﬂatibus
1685 4246 1894 4302 crebris
1917 4261 2058 4316 aqua

479 4345 761 4409 cogeretur
782 4338 1054 4393 recedere.
1689 4319 1702 4340 ‘

549 4427 882 4500 Reversazque
908 4438 1028 4483 sunt
1055 4445 1204 4499 aqua:
1230 4429 1294 4483 de
1315 4438 1455 4482 terra
1483 4439 1662 4484 euntes
1691 4439 1736 4483 et
1762 4430 2056 4496 redeuntes,

477 4530 526 4573 et
571 4531 827 4590 coeperunt
878 4521 1041 4574 minui
1094 4530 1207 4590 post
1249 4530 1456 4574 centum
1500 4522 1876 4593 quinquaginta
1926 4524 2055 4578 dies.

478 4608 595 4675 Quo
624 4610 767 4664 enim
801 4624 1030 4665 reversa:
1059 4619 1184 4666 sunt
1207 4625 1379 4680 aqum,
1409 4611 1537 4666 dum
1565 4612 1792 4667 dicitur:
1823 4611 2060 4666 Reverere

477 4713 596 4756 sunt
625 4719 774 4773 aqua:
795 4704 858 4756 de
885 4715 1023 4758 terra
1055 4714 1232 4759 euntes
1258 4715 1305 4759 et
1335 4705 1650 4760 redeuntes?
1677 4707 1885 4760 videtur
1916 4706 2060 4774 quod

472 4790 628 4858 juxta
651 4792 884 4846 litteram
915 4808 1102 4848 omnes
1125 4793 1410 4849 fluviorum
1435 4810 1497 4850 ac
1524 4795 1762 4850 rivorum
1801 4795 2060 4851 decursus

480 4898 576 4953 per
625 4881 866 4938 occultas
926 4891 1084 4936 terra:
1131 4899 1295 4938 venas
1357 4885 1424 4938 ad
1482 4886 1759 4940 matricem
1803 4887 2059 4957 abyssum

483 4974 707 5028 redeant
717 4972 872 5044 juxta
901 4970 1028 5026 illud
1046 4971 1381 5029 Salomonis:
1403 4975 1484 5027 Ad
1507 4973 1678 5028 locum
1712 4977 1849 5029 unde
1873 4986 2061 5030 exeunt

481 5066 724 5134 ﬂumina,
772 5073 1119 5129 revertantur,
1157 5074 1210 5117 ut
1274 5065 1460 5118 iterant
1503 5067 1671 5135 [luant
1708 5066 1897 5135 (Eccli.
1927 5067 1986 5137 ι).

564 5155 926 5227 Requievitque
961 5171 1084 5209 arca
1113 5171 1287 5210 mense
1331 5157 1565 5224 septimo,
1597 5160 1815 5226 septima
1863 5161 2063 5214 decima

487 5249 571 5300 die
621 5251 812 5330 mensis
838 5265 1008 5320 'super
1059 5260 1257 5304 montes
1291 5249 1571 5304 Armeniae.
1629 5251 1870 5306 Meminit
1905 5251 2064 5320 hujus

488 5339 594 5392 loci
619 5333 882 5408 Josephus
904 5339 1710 5413 historiographusJudaeorum,
1741 5343 1815 5396 ita
1845 5343 2058 5398 dicens:

489 5432 642 5496 Hunc
694 5441 873 5486 autem
919 5433 1097 5489 locum
1124 5433 1344 5488 Armeni
1382 5433 1672 5503 Egressum
1699 5443 1909 5488 vocant.
1954 5435 2064 5491 Illic

489 5523 632 5576 enim
660 5535 800 5575 arca:
820 5521 1012 5576 solutae
1040 5523 1294 5592 reliquias
1324 5538 1464 5578 nunc
1509 5538 1679 5592 usque
1710 5524 2063 5592 provinciales

490 5611 798 5666 ostendunt.
852 5611 1020 5679 Hujus
1065 5628 1195 5666 vero
1245 5612 1427 5666 diluvii
1457 5622 1512 5667 et
1559 5628 1698 5667 arca:
1747 5616 2062 5670 memoriam

493 5703 698 5760 faciunt
723 5719 912 5762 omnes
939 5705 1031 5777 qui
1072 5705 1324 5763 historias
1360 5708 1673 5765 barbaricas
1723 5710 2061 5782 conscripse-

2119 488 2262 540 enim
2292 485 2358 540 de
2384 485 2582 539 diluvio
2604 484 2782 538 taliter
2805 491 2886 536 est
2911 481 3102 537 effatus
3138 499 3150 533 :
3192 480 3400 534 Dicitur
3442 489 3632 533 autem
3660 489 3712 533 et

2123 579 2276 634 navis
2313 577 2429 646 ejus
2462 595 2581 648 qua:
2611 579 2663 631 in
2687 577 2941 632 Armenia
2964 575 3111 649 venit
3139 575 3284 629 circa
3309 582 3558 628 montem
3589 572 3715 627 Cor-

2121 671 2299 726 dicum
2328 672 2501 726 adhuc
2532 671 2762 740 aliquam
2785 676 2996 739 partem
3018 682 3158 731 esse,
3188 674 3244 721 et
3262 666 3539 734 quosdam
3569 663 3713 717 bitu-

2121 779 2246 821 men
2273 765 2466 819 exinde
2504 763 2776 834 colligere,
2814 777 2922 831 quo
2951 759 3186 815 maxime
3211 757 3468 813 homines
3525 755 3596 809 ad
3627 771 3714 810 ex-

2121 855 2386 925 piationes
2409 862 2652 909 utuntur.
2690 851 2935 908 Meminit
2971 858 3151 905 autem
3193 849 3394 903 horum
3422 854 3484 902 et
3525 845 3716 900 Hiero-

2123 963 2318 1019 nymus
2346 946 2655 1018 Egyptius,
2683 947 2775 1016 qui
2803 944 3181 1012 antiquitatem
3202 941 3501 997 Phoenices
3531 941 3711 994 nosci-

2125 1047 2215 1093 tur
2237 1037 2642 1107 conscripsisse.
2670 1036 2776 1092 Sed
2820 1044 2876 1091 et
2906 1034 3216 1089 Manasseas
3249 1031 3633 1087 Damascenus
3670 1032 3718 1084 in

2126 1129 2474 1200 nonagesimo
2514 1136 2667 1183 sexto
2710 1127 3071 1183 Historiarum
3099 1124 3261 1190 libro,
3313 1124 3393 1178 ita
3426 1122 3499 1176 de
3531 1122 3614 1175 eis
3643 1122 3718 1175 di-

2127 1219 2201 1274 cit
2230 1237 2242 1272 :
2268 1218 2364 1274 Est
2395 1228 2450 1273 et
2475 1233 2636 1288 super
2657 1217 2961 1272 Mumadam
2983 1213 3230 1270 excelsus
3261 1226 3423 1266 mons
3451 1210 3514 1264 in
3539 1209 3724 1263 Arine-

2128 1311 2240 1374 nia,
2289 1310 2381 1380 qui
2406 1309 2561 1364 Paris
2606 1308 2927 1380 appellatur,
2987 1307 3042 1362 in
3074 1320 3180 1375 quo
3220 1302 3423 1358 multos
3451 1300 3724 1371 fugientes

2129 1414 2307 1456 sermo
2317 1408 2401 1457 est
2420 1399 2605 1455 diluvii
2629 1409 2871 1470 tempore
2892 1398 3171 1462 liberatos,
3189 1403 3244 1450 et
3255 1393 3563 1464 quemdam
3575 1390 3726 1446 simul

2130 1491 2185 1546 in
2221 1505 2347 1546 arca
2376 1491 2658 1546 devectum
2702 1491 2756 1545 in
2781 1490 2982 1545 montis
3012 1487 3256 1560 (sociale)
3283 1485 3611 1540 summitate
3641 1499 3726 1553 per

2131 1582 2386 1654 reliquias
2419 1582 2686 1655 lignorum
2713 1581 2884 1637 multo
2929 1589 3171 1652 tempore
3205 1583 3594 1634 conservatas.

2717 1709 2945 1766 CAPUT
3002 1707 3138 1763 Vlll.

2136 1803 2214 1861 De
2239 1819 2450 1875 egressu
2476 1800 2593 1858 Noe
2611 1817 2676 1857 ea:
2694 1797 3200 1924 ατειξίβιβαεήβσὶο
3222 1796 3339 1867 ejus
3360 1803 3530 1866 atque
3586 1793 3733 1846 bene-

2839 1879 3048 1924 ictione.

2839 1879 3048 1924 ictione.

2207 1963 2420 2018 Decimo
2463 1963 2600 2016 enim
2629 1977 2823 2026 mense,
2863 1961 3031 2031 primo
3063 1959 3147 2013 die
3189 1957 3411 2020 mensis,
3470 1969 3737 2025 apparue-

2138 2065 2260 2111 runt
2289 2055 2567 2110 cacumina
2589 2055 2867 2108 montium.
2895 2050 3128 2123 Cumque
3167 2052 3485 2105 transissent
3505 2048 3741 2120 quadr-

2138 2148 2284 2219 ginta
2321 2146 2450 2212 dies,
2484 2146 2721 2216 aperiens
2762 2143 2879 2198 Noe
2903 2143 3184 2213 fenestram
3209 2158 3348 2196 arca:
3386 2155 3562 2211 quam
3607 2139 3740 2206 [ece-

2141 2249 2247 2305 rat,
2279 2241 2450 2294 emisit
2479 2256 2708 2304 corvum,
2747 2239 2835 2309 qui
2877 2237 3238 2308 egrediebatur
3258 2244 3306 2289 et
3335 2252 3444 2288 non
3481 2232 3742 2303 regredie-

2142 2333 2318 2396 batur,
2342 2331 2504 2385 donec
2549 2331 2868 2384 siccarentur
2903 2344 3052 2397 aqua:
3092 2343 3249 2397 super
3279 2335 3501 2380 terram.
3551 2323 3745 2377 Emisit

2141 2439 2343 2494 quoque
2365 2421 2657 2476 columbam
2699 2431 2810 2488 post
2833 2436 2972 2484 eum,
3011 2428 3062 2472 ut
3093 2418 3285 2472 videret
3309 2418 3356 2471 si
3381 2417 3506 2487 jam
3541 2431 3748 2468 cessas-

2143 2525 2255 2569 sent
2271 2531 2420 2585 aquw
2443 2520 2598 2585 super
2623 2515 2811 2584 faciem
2833 2524 3010 2567 teme.
3034 2512 3163 2578 Qua:
3187 2528 3304 2566 cum
3331 2527 3435 2564 non
3459 2511 3747 2564 invenisset

2146 2607 2234 2660 ubi
2267 2609 2601 2678 requiesceret
2627 2623 2714 2676 pes
2740 2606 2877 2675 ejus,
2906 2621 3110 2660 reversa
3125 2595 3202 2658 est
3222 2605 3275 2656 in
3297 2618 3483 2656 arcam
3506 2601 3582 2654 ad
3607 2617 3747 2663 eum,

2146 2715 2295 2770 aqua:
2321 2701 2457 2752 enim
2483 2707 2630 2752 erant
2657 2714 2814 2768 super
2835 2698 3129 2750 universam
3147 2705 3362 2750 terram.
3389 2693 3644 2760 Quaestio
3667 2708 3751 2747 so-

2145 2789 2220 2845 let
2248 2789 2450 2845 oboriri
2475 2798 2655 2843 utrum
2684 2803 2877 2843 corvus
2900 2797 3145 2842 mortuus
3173 2787 3264 2850 sit,
3285 2802 3354 2840 an
3375 2785 3564 2854 aliquo
3587 2786 3753 2840 modo

2147 2876 2331 2937 vivere
2359 2882 2620 2952 poluerit,
2651 2881 2744 2950 qui
2769 2880 2952 2949 utique
2978 2879 3022 2932 si
3049 2877 3211 2932 fuerit
3233 2886 3380 2932 terra
3405 2876 3502 2930 ubi
3526 2877 3751 2945 requie-

2149 2982 2344 3039 sceret,
2373 2973 2537 3027 ctiam
2563 2971 2810 3026 columba
2840 2970 3084 3040 requiem
3108 2969 3284 3039 potuit
3313 2968 3562 3022 invenire
3588 2968 3753 3038 pedi-

2148 3069 2250 3122 bus
2301 3067 2433 3121 suis.
2470 3067 2622 3122 Unde
2651 3064 2938 3134 conjicitur
2966 3080 2998 3118 a
3037 3062 3241 3127 multis,
3293 3061 3437 3131 quod
3492 3061 3756 3115 cadaven'

2151 3159 2324 3228 potuit
2354 3174 2547 3212 corvus
2579 3157 2833 3222 insidere,
2855 3156 2998 3226 quod
3023 3153 3272 3210 columba
3305 3151 3636 3206 naturaliter
3669 3166 3759 3206 re-

2152 3249 2305 3319 fugit.
2354 3249 2484 3303 Item
2515 3248 2742 3318 quaestio
2778 3247 3044 3318 quomodo
3075 3245 3326 3300 columba
3366 3258 3478 3298 non
3533 3243 3757 3297 inveni-

2153 3349 2238 3394 ret
2285 3339 2377 3394 ubi
2414 3340 2796 3408 requiesceret,
2831 3338 2874 3392 si
2905 3337 3042 3408 jam,
3076 3337 3216 3390 sicut
3248 3334 3584 3390 narrationis
3616 3333 3756 3388 ordo

2155 3431 2482 3494 contexitur,
2507 3430 2707 3484 nudata
2736 3429 2949 3483 fuerant
2976 3427 3260 3483 cacumina
3285 3426 3558 3480 montium
3582 3426 3605 3477 ?
3633 3439 3756 3496 quae

2155 3521 2370 3575 videtur
2391 3519 2618 3590 quaestio
2645 3529 2738 3573 aut
2777 3535 2875 3590 per
2907 3516 3416 3588 recapitulationem
3444 3530 3610 3585 posse
3637 3515 3753 3569 dis-

2156 3611 2311 3676 solvi,
2345 3619 2404 3664 ut
2424 3625 2486 3664 ea
2508 3610 2780 3680 posterius
2809 3617 3030 3664 narrata
3057 3607 3431 3678 intelligantur
3457 3621 3578 3674 qua:
3596 3605 3758 3675 prius

2157 3701 2303 3756 facta
2357 3709 2503 3766 sunt,
2558 3709 2650 3754 aut
2697 3701 2875 3772 potius
2923 3714 3075 3771 aqua:
3107 3699 3342 3753 nondum
3380 3697 3599 3752 siccata:
3633 3695 3756 3749 fue-

2159 3799 2300 3845 rant.
2328 3790 2506 3862 (lsid.)
2540 3791 2767 3863 Mystice
2804 3799 2984 3845 autem
3027 3790 3174 3860 quod
3200 3797 3398 3844 cuncta
3429 3785 3759 3841 animalium

2159 3900 2358 3956 genera
2390 3884 2740 3940 includuntur
2769 3885 2822 3938 in
2850 3898 2994 3947 arca,
3020 3881 3290 3954 signiﬁcat
3316 3879 3447 3951 quia
3472 3894 3544 3934 ex
3571 3877 3762 3933 omni-

2159 3979 2259 4034 bus
2288 3978 2537 4048 gentibus
2587 3985 2642 4031 ct
2678 3976 3076 4031 narrationibus
3105 3974 3452 4046 congregatio
3474 3972 3536 4027 ﬁt
3566 3973 3623 4026 in
3645 3971 3763 4027 Ec-

2161 4070 2345 4126 clesia.
2399 4069 2550 4136 Quod
2582 4069 2745 4124 etiam
2794 4068 2954 4123 Petro
2985 4069 3389 4123 demonstratus
3425 4067 3613 4121 discus
3667 4064 3762 4120 ille

2161 4160 2446 4232 significat,
2508 4160 2600 4214 ubi
2651 4159 2849 4213 munda
2898 4171 2952 4214 et
3001 4157 3276 4212 immunda
3315 4164 3443 4211 sunt
3493 4155 3763 4210 animalia

2163 4251 2300 4321 (Act.
2335 4252 2412 4321 χ),
2456 4251 2596 4305 sicut
2621 4251 2674 4304 in
2701 4250 2953 4305 Ecclesia:
2976 4249 3333 4304 sacramentis
3356 4248 3487 4302 boni
3533 4257 3594 4304 et
3622 4247 3764 4302 mali

2161 4349 2464 4395 versantur.
2510 4340 2662 4408 Quod
2711 4349 2931 4412 septena
2982 4347 3109 4396 sunt
3139 4341 3336 4395 munda
3375 4347 3433 4394 et
3468 4339 3599 4394 bina
3649 4338 3760 4394 im-

2164 4435 2383 4498 munda,
2428 4450 2533 4488 non
2585 4434 2708 4504 quia
2745 4433 3030 4504 pauciores
3073 4442 3200 4488 sunt
3250 4432 3377 4487 mali
3404 4447 3575 4502 quam
3606 4432 3758 4496 boni,

2167 4525 2261 4578 sed
2299 4525 2425 4593 quia
2473 4525 2600 4580 boni
2632 4535 2851 4579 servant
2894 4525 3148 4578 unitatem
3187 4525 3403 4594 spiritus
3453 4524 3510 4576 in
3546 4521 3759 4576 vinculo

2167 4615 2332 4685 pacis.
2363 4614 2620 4670 Sanctum
2649 4623 2829 4670 autem
2876 4612 3141 4683 Spiritum
3171 4613 3354 4668 divina
3383 4611 3671 4681 Scriptura
3697 4611 3760 4666 in

2168 4707 2467 4777 septiformi
2501 4706 2816 4776 operatione
2853 4706 3215 4771 commendat,
3260 4705 3315 4760 id
3353 4712 3455 4766 est,
3517 4702 3762 4773 Spiritus

2169 4798 2444 4867 sapientia:
2506 4806 2560 4852 et
2611 4795 2934 4860 intellectus,
3007 4793 3217 4850 consilii
3268 4802 3326 4849 et
3396 4792 3758 4859 fortitudinis,

2170 4891 2429 4954 scientiae,
2467 4889 2686 4958 pietatis
2713 4897 2767 4944 et
2793 4889 3006 4944 timoris
3033 4888 3147 4943 Dei.
3194 4886 3348 4943 Unde
3371 4896 3428 4942 et
3454 4885 3546 4941 ille
3567 4900 3757 4941 nume-

2173 4998 2266 5038 rus
2295 4980 2687 5051 quinquaginta
2726 4979 2958 5045 dierum,
3007 4980 3074 5034 ad
3097 4979 3389 5033 adventum
3425 4979 3605 5033 sancti
3632 4976 3757 5049 Spi~

2172 5074 2307 5127 ritus
2344 5071 2643 5141 pertinens,
2692 5071 2746 5125 in
2777 5072 2974 5141 septies
3004 5071 3260 5141 septenis,
3292 5070 3386 5140 qui
3435 5069 3575 5126 fiunt
3618 5087 3759 5142 qua-

2171 5162 2414 5231 draginta
2447 5176 2658 5227 novem,
2689 5177 2798 5216 uno
2824 5160 3025 5228 addito,
3059 5168 3486 5216 consummatur.
3526 5159 3761 5233 Propter

2169 5253 2312 5322 quod
2351 5253 2554 5307 dictum
2585 5260 2702 5308 est:
2731 5251 3010 5307 Studentes
3025 5270 3228 5308 seruare
3260 5254 3514 5308 unitatem
3535 5255 3756 5324 spiritus

2169 5344 2224 5398 in
2252 5343 2451 5396 vinculo
2485 5344 2628 5413 pacis
2670 5342 3006 5414 (Ep/tes.1v).
3046 5343 3170 5399 Mali
3216 5355 3394 5400 autem
3435 5345 3491 5401 in
3542 5346 3758 5401 binario

2170 5450 2394 5490 numero
2421 5437 2488 5489 ad
2516 5436 2806 5490 schismata
2836 5436 3042 5501 faciles,
3072 5446 3126 5492 et
3151 5438 3548 5508 quodammodo
3573 5439 3758 5492 divisi-

2169 5529 2309 5586 biles
2339 5529 2714 5585 ostenduntur.
2769 5531 2921 5598 Quod
2977 5540 3155 5587 autem
3181 5530 3294 5586 Noe
3320 5532 3436 5602 ipse
3470 5548 3594 5587 cum
3640 5533 3754 5588 suis

2169 5629 2393 5675 octavus
2430 5629 2760 5683 numeratur,
2813 5621 3080 5691 significat
3127 5621 3253 5690 quia
3295 5623 3348 5675 in
3380 5620 3597 5678 Christo
3626 5636 3752 5691 spes

2172 5715 2581 5772 resurrectionis
2617 5723 2818 5774 nostra:
2859 5715 3125 5786 apparuit,
3174 5715 3300 5786 quia
3327 5725 3531 5793 octavo
3561 5717 3671 5787 die,
3693 5715 3748 5772 id
