3974 6450
199 430 300 486 521
393 444 395 450 ·

1237 425 1591 484 COMMENT.
1626 423 1697 480 ΙΝ
1733 421 2053 480 GENESIM.
2089 452 2161 464 -—
2196 421 2325 477 LIB.
2364 419 2430 476 li.

3343 417 3448 471 522

198 552 304 604 est,
330 545 452 610 post
478 535 688 593 sabbati
712 535 1018 607 septimum,
1045 537 1222 607 primo
1257 553 1290 592 a
1331 536 1558 594 mortuis
1595 550 1778 591 resur-
1803 537 1856 597 Α
1879 542 1933 588 ει
1966 533 2208 603 corporis
2233 530 2468 602 perfecta
2490 537 2548 586 et
2573 529 2863 584 immortali
2899 527 3071 583 salute
3107 537 3450 591 renovatum,

200 634 343 689 rexit
371 647 388 686 :
415 631 508 700 qui
529 629 646 684 dies
675 643 706 682 a
735 628 989 699 passione
1010 630 1223 695 tertius,
1256 629 1310 684 in
1342 643 1569 684 numero
1597 635 1776 683 autem

201 727 412 782 dierum
451 723 544 794 qui
573 737 673 793 per
700 737 860 777 omne
887 722 1172 777 volvuntur
1197 731 1430 793 tempus,
1458 733 1516 778 et
1558 730 1780 778 octavus

202 826 259 874 et
287 817 497 888 primus
517 822 620 870 est.
643 815 797 881 Quod
827 823 951 884 post
975 823 1180 884 septem
1202 815 1318 870 dies
1345 829 1413 871 ex
1433 829 1542 884 quo
1575 815 1779 885 ingres-

204 924 298 964 sus
326 915 411 964 est
445 904 558 961 Noe
578 905 632 960 in
661 921 846 961 aream
883 905 1084 960 factum
1112 913 1198 962 est
1229 906 1513 972 diluvium,
1547 903 1784 960 ostendit

206 1001 335 1072 quia
353 1001 411 1054 in
439 1014 591 1069 spem
618 997 814 1054 futurae
841 998 1060 1070 quietis,
1090 1014 1210 1069 quae
1235 1000 1465 1070 septimo
1498 999 1585 1054 die
1605 997 1782 1068 signa—

207 1104 263 1150 ta
284 1101 390 1160 est,
413 1093 771 1164 baptizamur.
811 1091 964 1160 Quod
991 1101 1188 1163 praeter
1213 1109 1398 1150 arcam
1431 1095 1609 1150 omnis
1655 1106 1783 1148 caro

207 1200 371 1256 quam
410 1191 555 1240 terra
603 1184 943 1240 sustentabat
1009 1185 1208 1241 diluvio
1249 1194 1620 1242 consummata
1675 1191 1782 1250 est,

210 1274 452 1330 insinuat
482 1273 610 1343 quia
651 1282 848 1344 praeter
871 1275 1125 1330 Ecclesiae
1148 1277 1486 1344 societatem,
1511 1292 1650 1348 aqua
1691 1277 1787 1332 ba-

211 1365 420 1438 ptismi,
451 1365 700 1434 quamvis
729 1367 918 1422 eadem
952 1368 1042 1434 sit,
1088 1384 1195 1424 non
1224 1369 1396 1425 solum
1431 1385 1538 1425 non
1559 1369 1696 1425 valet
1719 1370 1786 1425 ad

215 1455 465 1523 salutem,
493 1457 589 1511 sed
621 1457 801 1528 potius
825 1459 892 1514 ad
910 1459 1229 1529 perniciem.
1255 1459 1408 1528 Quod
1435 1461 1788 1532 quadraginta

215 1547 406 1604 diebus
431 1555 485 1603 et
521 1550 874 1621 quadraginta
898 1552 1146 1608 noctibus
1190 1552 1345 1623 pluit,
1391 1552 1636 1624 designat
1662 1552 1788 1621 quia

216 1639 394 1694 omnis
430 1648 616 1695 reatus
664 1649 1008 1711 peccatorum
1035 1642 1091 1697 in
1124 1643 1310 1700 decem
1346 1645 1632 1715 praeceptis
1659 1643 1791 1714 legis

217 1730 520 1785 admittitur
549 1744 644 1801 per
671 1735 982 1789 universum
1002 1735 1192 1790 orbem
1217 1745 1505 1800 terrarum,
1543 1735 1636 1804 qui
1660 1750 1794 1804 qua-

219 1831 345 1876 tuor
383 1824 632 1893 partibus
684 1825 1011 1880 continetur.
1039 1826 1237 1882 Decem
1257 1827 1454 1898 quippe
1481 1835 1674 1897 quater
1698 1827 1794 1882 du-

217 1921 306 1968 cta
339 1915 695 1985 quadraginta
733 1915 886 1970 ﬁunt.
942 1915 1067 1972 Sive
1107 1917 1197 1973 ille
1245 1927 1428 1973 reatus
1450 1918 1541 1988 qui
1582 1917 1650 1972 ad
1677 1918 1792 1973 dies

216 2004 479 2075 pertinet,
511 2020 578 2060 ex
611 2020 790 2061 rerum
808 2007 1185 2078 prosperitate,
1217 2009 1331 2064 sive
1365 2009 1458 2080 qui
1488 2008 1556 2064 ad
1585 2015 1790 2074 noctes,

218 2110 290 2150 ex
327 2111 512 2150 rerum
548 2097 871 2152 adversitate
899 2108 1229 2166 contractus,
1261 2110 1601 2158 sacramento
1620 2103 1796 2173 bapti-

219 2188 328 2242 smi
366 2189 598 2244 etelestis
624 2190 879 2246 abluitur.
911 2193 1065 2260 Quod
1097 2193 1208 2249 Noe
1235 2196 1653 2267 quingentorum
1677 2204 1797 2252 erat

219 2295 489 2335 annorum
518 2296 638 2336 cum
667 2283 716 2338 ei
767 2284 979 2339 locutus
1007 2295 1091 2341 est
1115 2286 1378 2344 Dominus
1397 2297 1458 2343 ut
1478 2304 1661 2345 arcam
1691 2290 1796 2346 sibi

218 2369 446 2435 faceret,
499 2379 554 2425 et
591 2373 1039 2428 sexcentesimnm
1065 2377 1258 2446 agebat
1308 2391 1530 2445 annum,
1588 2394 1712 2434 cum
1742 2379 1797 2433 in

218 2477 340 2516 eam
371 2460 565 2518 fuisset
586 2464 863 2535 ingressus
888 2464 1070 2537 (unde
1097 2467 1411 2540 intelligitur
1451 2485 1551 2540 per
1577 2481 1796 2527 centum

220 2566 395 2606 annos
429 2566 552 2607 arca
584 2552 893 2625 fabricata),
921 2556 1049 2625 quid
1071 2558 1216 2613 aliud
1245 2560 1333 2614 hic
1385 2560 1639 2616 videntur
1673 2577 1800 2617 cen-

221 2650 338 2696 tum
374 2644 500 2697 anni
547 2643 870 2716 signiﬁcare,
906 2647 1010 2701 nisi
1051 2657 1236 2704 aetates
1280 2651 1518 2722 singulas
1565 2653 1800 2708 smeuli?

224 2736 369 2790 unde
401 2735 505 2790 ista
526 2745 679 2792 sexta
700 2746 832 2793 aetas
851 2754 970 2808 quae
990 2739 1272 2811 completis
1299 2743 1607 2814 quingentis
1628 2760 1801 2815 usque

224 2825 294 2880 ad
330 2835 632 2893 sexcentos,
678 2828 1032 2898 signiﬁcatur,
1065 2831 1118 2884 in
1147 2829 1608 2889 ‘manifestatione
1640 2850 1804 2889 evan-

222 2919 394 2988 gelica
422 2918 720 2974 Ecclesiam
750 2922 1051 2987 construit;
1101 2930 1156 2976 et
1205 2923 1325 2978 ideo
1353 2923 1445 2994 qui
1477 2923 1581 2979 sibi
1609 2924 1678 2978 ad
1723 2924 1803 2979 vi-

222 3017 339 3063 tam
382 3009 635 3075 consulit,
687 3010 758 3065 sit
805 3010 951 3066 velut
996 3015 1318 3082 quadratum
1343 3013 1548 3084 lignum
1579 3021 1804 3084 paratus

229 3100 298 3155 ad
329 3115 487 3155 omne
508 3115 643 3171 opus
669 3101 889 3167 bonum,
915 3110 970 3156 et
990 3103 1150 3158 intret
1167 3105 1221 3158 in
1248 3104 1511 3160 fabricam
1534 3113 1801 3172 sanctam,

225 3190 355 3260 quia
384 3198 440 3245 et
472 3190 740 3246 secundus
767 3193 970 3247 mensis
998 3193 1124 3247 anni
1154 3195 1552 3262 sexcentesimi,
1577 3210 1686 3265 quo
1716 3196 1802 3250 in-
1831 3231 1876 3294 ο

225 3290 340 3336 trat
369 3281 480 3337 Noe
506 3283 562 3337 in
591 3298 797 3349 arcam,
823 3284 1069 3339 eamdem
1097 3285 1367 3340 senariam
1401 3295 1616 3342 aetatem
1644 3287 1807 3357 signi-

228 3371 376 3426 ﬁcat.
433 3374 548 3428 Duo
603 3374 748 3430 enim
783 3389 998 3430 menses
1029 3377 1381 3447 sexagenario
1410 3393 1639 3434 numero
1676 3393 1807 3434 con-

227 3463 556 3530 cluduntur;
612 3480 645 3519 a
673 3466 888 3520 senario
936 3474 1114 3522 autem
1172 3483 1400 3523 numero
1431 3477 1487 3524 et
1523 3471 1804 3542 sexaginta

227 3554 700 3624 cognominantur,
732 3564 786 3610 et
810 3557 1071 3621 sexcenti,
1104 3565 1161 3611 et
1189 3572 1285 3611 sex
1316 3559 1504 3627 millia,
1544 3569 1600 3615 et
1644 3576 1806 3616 sexa-

225 3641 381 3710 ginta
429 3641 618 3708 millia,
663 3649 720 3697 et
764 3651 1023 3699 sexcenta
1053 3644 1242 3709 millia,
1276 3654 1333 3702 et
1373 3650 1695 3717 sexcenties,
1756 3659 1811 3705 et

225 3732 492 3802 quidquid
540 3733 790 3804 deinceps
828 3736 885 3789 in
943 3734 1234 3804 majoribus
1276 3740 1501 3794 summis
1537 3755 1634 3810 per
1664 3756 1811 3796 eum-

224 3823 358 3876 dem
395 3823 681 3878 articulum
710 3826 919 3880 numeri
951 3841 1049 3896 per
1072 3826 1281 3882 inﬁnita
1307 3829 1641 3886 incrementa
1677 3847 1809 3887 con-

226 3912 421 3984 surgit.
471 3913 538 3968 Et
566 3915 708 3984 quod
735 3916 1023 3972 vicesimus
1071 3927 1126 3973 et
1157 3921 1417 3989 septimus
1443 3922 1558 3978 dies
1608 3926 1811 3980 mensis

227 4013 706 4074 commemoratur,
735 4007 803 4062 ad
838 4007 1077 4079 ejusdem
1125 4011 1469 4082 quadratum:
1498 4014 1808 4086 signiﬁcan—

231 4097 367 4150 tiam
393 4097 645 4166 pertinet,
693 4115 813 4169 quae
841 4100 954 4169 jam
985 4102 1039 4157 in
1064 4103 1343 4173 quadratis
1381 4106 1540 4175 lignis
1565 4110 1810 4178 exposita

229 4195 338 4252 est,
383 4189 477 4243 sed
502 4187 590 4244 hic
611 4189 934 4257 evidentius,
971 4194 1096 4263 quia
1124 4209 1224 4249 nos
1253 4195 1321 4250 ad
1346 4211 1504 4252 omne
1545 4214 1681 4268 opus
1697 4199 1811 4253 ‘bo-

229 4293 362 4332 num
408 4286 646 4349 paratos,
693 4282 748 4337 id
802 4291 904 4349 est,
962 4284 1356 4354 quodammodo
1409 4290 1810 4359 conquadratos

231 4367 472 4424 Trinitas
501 4371 728 4440 perfecit
764 4373 818 4426 in
845 4377 1106 4430 memoria
1145 4393 1249 4448 qua
1276 4378 1445 4434 Deum
1495 4381 1806 4448 recolimus,

234 4459 293 4513 in
347 4459 702 4532 intelligentia
727 4478 832 4533 qua
861 4466 1258 4536 cognoscimus,
1290 4469 1346 4522 in
1381 4469 1656 4525 voluntate
1701 4487 1809 4541 qua

1881 625 1934 680 in
1957 635 2172 680 aeternae
2221 625 2346 678 vitae
2372 637 2568 678 munus
2611 621 2854 677 assumit.
2901 619 3038 686 Quia
3068 635 3196 690 ergo
3223 619 3453 688 septima

1881 716 2096 784 requies
2147 729 2272 770 cum
2307 721 2494 768 octava
2535 712 2931 767 resurrectione
2951 709 3309 780 conjungitur,
3348 709 3454 764 hoc

1881 810 1936 863 in
1963 814 2302 863 sacramento
2342 803 2790 875 regenerationis,
2836 802 2889 857 id
2938 809 3045 866 est,
3075 801 3130 855 in
3164 799 3454 872 baptismo,

1883 900 2050 955 altum
2077 897 2512 969 profundumque
2537 896 2854 967 mysterium
2893 903 2998 959 est,
3050 892 3196 964 quod
3241 892 3462 963 quinde-

1884 993 1990 1047 cim
2015 990 2214 1047 cubitis
2235 988 2577 1060 supercrevit
2621 1004 2784 1059 aqua,
2830 987 3097 1044 excedens
3126 985 3461 1042 altitudinem

1884 1085 2165 1141 montium.
2201 1084 2336 1141 Octo
2361 1084 2544 1153 itaque
2572 1090 2629 1138 et
2647 1090 2853 1153 septem
2878 1081 3185 1152 quindecim
3212 1078 3418 1132 faciunt
3444 1093 3459 1143 ;

1885 1178 1981 1233 sed
2023 1184 2144 1232 octo
2190 1175 2407 1246 signant
2442 1174 2914 1238 resurrectionem,
2958 1179 3162 1241 septem
3202 1169 3459 1239 quietem.

1864 1269 2000 1325 .Hoc
2048 1269 2213 1339 igitur
2248 1274 2650 1323 sacramentum
2700 1264 3114 1320 resurrectionis
3161 1271 3218 1320 et
3266 1261 3464 1332 quietis

1889 1358 2290 1414 transcenditur
2335 1372 2551 1413 omnem
2596 1355 2913 1426 sapientiam
2953 1353 3329 1422 superborum,
3393 1352 3468 1406 ita

1889 1460 1950 1505 ut
1971 1449 2274 1504 nullatenus
2302 1449 2476 1518 possit
2501 1448 2758 1516 indagare
2781 1446 3023 1501 scientia:
3055 1460 3166 1499 suae
3185 1443 3470 1498 altitudine

1891 1540 2304 1597 resurrectionis
2331 1539 2586 1609 quietem.
2611 1539 2679 1593 Et
2697 1539 2824 1608 quia
2842 1536 3181 1607 septuaginta
3205 1551 3236 1590 a
3259 1543 3467 1605 septem

1891 1641 1947 1687 et
1981 1631 2255 1702 octoginta
2283 1630 2352 1686 ab
2379 1638 2500 1685 octo
2535 1628 2972 1693 denominantur,
3000 1626 3293 1695 conjuncto
3313 1635 3468 1681 utro-

1893 1739 1999 1793 que
2035 1739 2282 1788 numero,
2312 1731 2528 1778 centum
2577 1722 2965 1793 quinquaginta
2999 1720 3190 1775 diebus
3239 1718 3470 1775 exaltata

1896 1823 1982 1869 est
2020 1829 2183 1884 aqua,
2223 1814 2472 1870 eamdem
2527 1815 2914 1870 commendans
2947 1811 3103 1867 nobis
3150 1820 3314 1881 atque
3347 1826 3450 1865 con

1897 1903 2120 1960 ﬁrmans
2147 1905 2486 1959 altitudinem
2509 1904 2783 1974 baptismi,
2836 1902 2892 1957 in
2917 1904 3288 1958 consecrando
3335 1916 3474 1956 novo

1896 1994 2136 2060 homine,
2150 1996 2218 2049 ad
2244 1994 2532 2050 tenendam
2555 1995 2753 2062 quietis
2776 2004 2834 2049 et
2855 1993 3267 2048 resurrectionis
3290 1992 3472 2048 ﬁdem.

1895 2084 2047 2152 Quod
2073 2093 2197 2154 post
2223 2084 2338 2139 dies
2358 2084 2714 2154 quadraginta
2758 2083 2991 2138 emissus
3020 2098 3219 2138 corvus
3253 2098 3363 2136 non
3392 2091 3475 2136 est

1895 2189 2148 2231 reversus
2189 2183 2284 2230 aut
2328 2176 2485 2244 aquis
2522 2175 2710 2246 utique
2760 2175 3112 2246 interceptus,
3168 2184 3262 2230 aut
3291 2174 3476 2244 aliquo

1898 2267 2270 2338 supernatanti
2307 2268 2575 2322 cadavere
2626 2267 2860 2333 illectus,
2899 2267 3170 2336 signiﬁcat
3226 2266 3476 2322 homines

1897 2359 1957 2415 in
1997 2361 2339 2416 immunditia
2365 2361 2678 2430 cupiditatis
2703 2359 3048 2424 deterrimos,
3086 2367 3142 2414 ct
3169 2359 3239 2414 ob
3272 2360 3374 2414 hoc
3412 2358 3478 2413 ad

1896 2467 1962 2509 ea
1993 2469 2113 2523 quae
2141 2452 2275 2508 foris
2302 2461 2429 2507 sunt
2459 2453 2516 2507 in
2543 2453 2645 2507 hoc
2667 2453 2869 2508 mundo
2897 2451 3062 2507 nimis
3097 2452 3356 2516 intentos,
3391 2457 3476 2504 aut

1897 2545 2242 2614 rebaptizari,
2291 2551 2386 2598 aut
2439 2545 2506 2598 ab
2536 2544 2620 2598 his
2646 2559 2783 2613 quos
2823 2552 3020 2614 praeter
3046 2558 3250 2608 aream,
3283 2543 3334 2597 id
3375 2549 3477 2596 est.

1897 2646 2092 2709 praeter
2134 2636 2455 2702 Ecclesiam,
2504 2637 2806 2706 baptismus
2840 2637 3062 2702 occidit,
3094 2637 3274 2692 seduci
3317 2645 3373 2691 et
3398 2646 3476 2691 ιεσ

1853 2775 1856 2778 .
1900 2730 2038 2784 neri.
2091 2727 2248 2796 Quod
2275 2730 2524 2786 columba
2553 2732 2751 2786 emissa
2779 2747 2885 2787 non
2930 2733 3148 2786 inventa
3182 2732 3362 2802 quiete
3401 2748 3471 2787 re-

1900 2834 2058 2874 versa
2084 2828 2187 2886 est,
2231 2821 2465 2876 ostendit
2488 2837 2585 2892 per
2605 2837 2807 2876 novum
2839 2831 3218 2878 testamentum
3241 2823 3481 2892 requiem

1901 2911 2108 2966 sanctis
2156 2912 2212 2965 in
2263 2912 2367 2966 hoc
2397 2913 2600 2966 mundo
2634 2927 2744 2967 non
2794 2927 2919 2968 esse
2961 2914 3301 2983 promissam.
3359 2914 3482 2968 Post

1903 3005 2262 3076 quadraginta
2292 3005 2438 3059 enim
2490 3005 2604 3060 dies
2628 3006 2828 3061 emissa
2855 3014 2960 3072 est,
3002 3007 3094 3076 qui
3122 3022 3380 3062 numerus
3409 3006 3484 3059 vi-

1905 3104 2015 3151 tam
2046 3111 2166 3165 quae
2206 3097 2262 3151 in
2315 3097 2420 3152 hoc
2471 3097 2674 3152 mundo
2708 3099 2890 3168 agitur
2938 3099 3228 3170 signiﬁcat.
3280 3099 3487 3155 Deinde

1903 3196 2030 3257 post
2081 3197 2286 3257 septem
2337 3189 2454 3244 dies
2503 3191 2727 3256 emissa,
2765 3205 2864 3260 per
2929 3191 3078 3246 illam
3122 3193 3487 3262 septenariam

1907 3279 2280 3348 operationem
2329 3280 2665 3349 spiritualem
2722 3280 2876 3335 olivae
2911 3279 3248 3336 fructuosum
3300 3298 3489 3337 surcu-

1906 3368 2016 3424 lum
2048 3369 2234 3424 retulit
2263 3387 2276 3423 :
2307 3385 2416 3439 quo
2445 3371 2777 3440 signiﬁcaret
2819 3369 3103 3425 nonnullos
3131 3371 3296 3428 etiam
3337 3378 3487 3426 extra

1906 3459 2204 3514 Ecclesiam
2242 3458 2562 3529 baptizatos,
2612 3462 2657 3514 si
2697 3461 2776 3514 eis
2803 3461 3074 3531 pinguedo
3102 3477 3208 3517 non
3256 3462 3491 3518 defuerit

1907 3550 2212 3617 cbaritatis,
2258 3552 2556 3621 posteriore
2580 3559 2821 3620 tempore
2853 3551 2905 3604 in
2927 3567 3022 3608 ore
3047 3553 3330 3619 columbae,
3376 3562 3490 3608 tan-

1908 3658 2071 3712 quam
2115 3643 2170 3697 in
2195 3641 2382 3698 osculo
2407 3642 2576 3712 pacis,
2622 3642 2689 3695 ad
2719 3642 2946 3696 unitatis
2982 3643 3294 3698 societatem
3331 3658 3491 3714 posse

1907 3735 2148 3804 perduci.
2188 3734 2341 3800 Quod
2369 3743 2551 3789 autem
2587 3742 2710 3802 post
2739 3734 2875 3788 alios
2922 3743 3128 3806 septem
3159 3737 3275 3792 dies
3315 3739 3488 3792 denuc

1909 3826 2108 3882 emissa
2157 3840 2265 3881 non
2315 3835 2402 3881 est
2454 3840 2692 3888 reversa,
2745 3825 3015 3896 signiﬁcat
3068 3827 3229 3880 ﬁnem
3285 3827 3488 3890 saeculi,

1910 3923 2125 3993 quando
2151 3922 2257 3976 erit
2283 3930 2596 3978 sanctorum
2625 3923 2843 3992 requies
2877 3937 2984 3977 non
3013 3923 3188 3977 adhuc
3223 3922 3278 3976 in
3307 3938 3491 3976 sacra-

1913 4021 2098 4072 mento
2133 4015 2267 4086 spei,
2301 4031 2408 4086 quo
2443 4017 2498 4071 in
2520 4017 2625 4072 hoc
2655 4025 2895 4086 tempore
2935 4017 3175 4072 Ecclesia
3205 4018 3490 4072 consocia-

1914 4120 2020 4176 tur,
2053 4110 2292 4181 quandiu
2322 4111 2524 4167 bibitur
2551 4111 2606 4165 id
2657 4111 2799 4180 quod
2829 4111 2894 4165 de
2937 4111 3107 4166 latere
3135 4110 3338 4166 Christi
3375 4127 3492 4164 ma-

1909 4205 2081 4269 navit,
2111 4204 2208 4258 sed
2227 4203 2342 4274 jam
2377 4204 2432 4258 in
2487 4203 2602 4272 ipsa
2648 4203 2983 4273 perfectione
3031 4203 3222 4258 salutis
3268 4211 3490 4267 nostrae,

1912 4312 2037 4350 cum
2078 4296 2320 4351 tradetur
2366 4310 2595 4364 regnum
2634 4294 2745 4349 Deo
2769 4303 2826 4349 et
2845 4293 3017 4360 Patri,
3068 4305 3128 4349 ut
3152 4295 3207 4349 in
3241 4295 3328 4349 illa
3369 4310 3492 4364 per-

1911 4388 2097 4457 spicua
2122 4388 2576 4458 contemplatione
2601 4387 3057 4443 incommutabilis
3076 4387 3340 4452 veritatis,
3373 4388 3493 4440 nul-

1910 4477 1978 4533 lis
2028 4479 2344 4534 ministeriis
2371 4478 2741 4549 corporalibus
2784 4494 3056 4548 egeamus.
3088 4479 3242 4544 Quod
3273 4494 3493 4533 sexcen-

230 4550 524 4622 diligimus.
555 4553 683 4608 Tria
729 4556 871 4609 enim
902 4565 1008 4623 ter,
1054 4567 1109 4612 et
1135 4559 1239 4616 hoc
1290 4569 1394 4628 ter,
1457 4563 1594 4618 ﬁunt
1618 4565 1810 4636 viginti
1837 4584 1892 4644 D
1917 4569 2112 4624 tesimo
2152 4578 2206 4624 et
2232 4585 2340 4624 uno
2370 4585 2510 4624 anno
2537 4569 2663 4623 vitae
2691 4567 2826 4632 Noe,
2850 4568 2902 4622 id
2934 4576 3033 4631 est,
3084 4567 3320 4636 peractis
3367 4583 3491 4620 sex-

227 4651 462 4712 septem,
513 4644 606 4713 qui
653 4653 736 4700 est
771 4649 983 4702 numeri
1036 4651 1262 4704 ternarii
1289 4653 1605 4722 quadratus.
1660 4655 1814 4722 Quod

229 4735 461 4805 septimo
483 4752 668 4792 mense
696 4753 823 4794 arca
854 4740 1014 4806 sedit,
1044 4741 1149 4797 hoc
1177 4751 1283 4809 est,
1329 4746 1615 4814 requievit,
1655 4749 1725 4802 ad
1744 4748 1810 4801 il-

229 4825 339 4880 lam
387 4828 670 4897 septimam
707 4831 948 4900 requiem
1013 4834 1337 4905 signiﬁcatio
1389 4838 1642 4905 recurrit,
1682 4841 1809 4910 quia

227 4920 458 4990 perfecti
489 4926 854 4992 requiescunt,
883 4926 975 4980 ubi
1013 4943 1227 4998 quoque
1277 4929 1417 4985 illius
1468 4931 1813 5002 quadratum

230 5027 493 5068 numerus
520 5013 766 5069 iteratur.
791 5015 924 5070 Nam
951 5017 1206 5072 vicesima
1233 5021 1460 5088 septima
1480 5021 1565 5076 die
1589 5023 1812 5079 secundi

230 5103 457 5169 mensis,
515 5106 948 5163 commendatum
1001 5116 1086 5164 est
1129 5109 1233 5164 hoc
1292 5123 1715 5179 sacramentum,
1755 5122 1813 5170 et

231 5208 424 5248 rursus
451 5194 706 5251 vicesima
747 5199 978 5268 septima
1005 5200 1094 5255 die
1149 5201 1363 5271 septimi
1387 5205 1592 5260 mensis
1620 5206 1811 5262 eadem

231 5286 632 5346 commendatio
683 5287 1000 5344 conﬁrmata
1038 5300 1142 5357 est,
1199 5308 1322 5347 cum
1366 5308 1495 5348 arca
1524 5296 1808 5364 requievit.

233 5373 392 5439 Quod
417 5375 565 5430 enim
605 5378 936 5447 promittitur
959 5380 1012 5435 in
1045 5396 1161 5451 spe,
1195 5382 1298 5438 hoc
1321 5382 1605 5438 exhibetur
1632 5386 1689 5440 in
1729 5402 1808 5442 re.

237 5464 408 5521 Porro
443 5468 571 5537 quia
599 5468 717 5539 ipsa
755 5469 985 5539 septima
1011 5472 1227 5541 requies
1248 5488 1384 5528 cum-
1399 5482 1590 5529 octava
1630 5491 1816 5531 resur-

235 5557 483 5614 rectione
505 5559 868 5633 eonjungitur,
898 5563 1165 5633 signiﬁcat
1194 5566 1337 5634 quod
1362 5580 1538 5636 neque
1591 5568 1819 5622 resusci-

238 5654 354 5703 tato
389 5663 617 5720 corpore
644 5652 828 5707 ﬁnitur
861 5653 1097 5722 requies,
1141 5667 1262 5723 quae
1303 5663 1428 5725 post
1465 5655 1606 5710 hanc
1647 5656 1816 5712 vitam

238 5741 445 5810 excipit
495 5752 730 5810 sanctos,
785 5743 880 5799 sed
927 5745 1104 5814 potius
1154 5753 1328 5800 totum
1378 5746 1650 5800 hominem
1708 5763 1816 5802 non

241 5834 420 5891 adhuc
441 5849 556 5905 spe,
582 5835 676 5890 sed
712 5834 822 5905 jam
854 5851 911 5891 re
941 5837 1056 5906 ipsa
1119 5852 1187 5894 ex
1206 5837 1354 5894 omni
1400 5847 1553 5907 parte
1591 5839 1815 5910 spiritus

528 5928 798 5990 PATBOL.
843 5930 1030 5993 CVII.

1917 4661 2091 4716 centis
2112 4661 2288 4724 annis,
2333 4660 2573 4729 aperitur
2612 4674 2752 4713 arca:
2781 4666 3002 4722 tectum,
3031 4657 3299 4727 signiﬁcat
3349 4657 3492 4727 quod

1918 4751 2071 4805 ﬁnita
2098 4758 2249 4804 sexta
2287 4756 2446 4803 aetate
2492 4747 2692 4811 saeculi,
2756 4747 3082 4803 revelabitur
3113 4747 3490 4801 absconditum

1917 4848 2320 4897 sacramentum
2366 4848 2528 4910 atque
2569 4840 2910 4910 promissum.
2976 4839 3088 4894 Cur
3141 4839 3396 4894 vicesimo
3441 4846 3496 4892 et

1917 4934 2147 5003 septimo
2167 4933 2254 4987 die
2293 4932 2514 4988 secundi
2562 4932 2762 4987 mensis
2819 4932 3014 4987 dicitur
3049 4933 3280 4987 siccasse
3326 4939 3489 4994 terra,

1919 5032 2177 5093 tanquam
2202 5022 2355 5076 ﬁnita
2403 5031 2548 5078 esset
2573 5020 2687 5090 jam
2716 5022 3024 5092 baptizandi
3049 5021 3364 5084 necessitas,
3389 5019 3493 5073 nisi

1915 5115 2040 5185 quia
2083 5114 2139 5167 in
2170 5128 2396 5169 numero
2435 5113 2643 5168 dierum
2690 5113 3135 5183 quinquagesimo
3172 5121 3227 5166 et
3265 5111 3495 5181 septimo

1917 5203 2054 5276 (ipse
2078 5212 2161 5259 est
2189 5205 2333 5259 enim
2364 5204 2478 5259 dies
2509 5203 2726 5259 secundi
2760 5206 2962 5258 mensis
2990 5203 3279 5257 vicesimus
3324 5203 3494 5271 septi-

1915 5296 2059 5368 mus)
2089 5295 2504 5350 resurrectionis
2554 5303 2767 5363 tempus
2801 5292 3140 5362 exprimitur,
3171 5308 3278 5362 quo
3306 5308 3492 5346 sacra-

1919 5394 2161 5442 mentum
2182 5385 2520 5454 baptismatis
2545 5383 2883 5453 completur?
2911 5382 3013 5449 Qui
3036 5399 3291 5438 numerus
3320 5399 3387 5438 ex
3406 5383 3496 5437 illa

1918 5479 2293 5548 conjunctione
2341 5477 2562 5548 spiritus
2590 5485 2646 5531 et
2699 5475 2962 5546 corporis,
3025 5477 3225 5548 septies
3273 5486 3499 5534 octonos

1917 5570 2100 5635 habet,
2138 5586 2246 5626 uno
2295 5569 2478 5624 addito
2519 5575 2737 5638 propter
2786 5566 3012 5622 unitatis
3060 5567 3355 5623 vinculum.
3387 5569 3497 5623 Cur

1919 5661 1986 5716 de
2015 5677 2142 5716 arca
2169 5661 2440 5731 conjuncti
2490 5667 2688 5714 exeunt
2719 5660 2811 5729 qui
2865 5659 3119 5730 disjuncti
3159 5660 3498 5716 intraverunt

1921 5751 2022 5822 (sic
2048 5751 2192 5805 enim
2231 5751 2434 5806 dictum
2467 5756 2605 5812 erat,
2638 5749 2782 5817 quod
2837 5749 3174 5805 intraverunt
3211 5751 3268 5805 in
3310 5765 3492 5803 arcam

1919 5842 2050 5909 Noe,
2087 5851 2141 5897 et
2189 5841 2285 5896 ﬁlii
2315 5840 2452 5908 ejus,
2489 5849 2545 5894 et
2585 5855 2723 5897 uxor
2771 5840 2887 5912 ejus
2915 5851 2985 5912 vet
3036 5857 3232 5897 uxores
3259 5841 3490 5895 ﬁliorum

2980 5935 3053 5995 17
