3974 6458
492 454 598 513 523

1132 446 1191 503 Β.
1233 446 1487 503 naniam
1522 436 1743 501 nsum
1778 428 2097 500 suculae.
2134 420 2440 493 uocum.
2477 416 2767 486 omnia
2800 426 2980 483 PARS
3016 417 3058 481 ι.

3626 418 3733 481 Sil

490 571 605 638 ejus
633 581 876 622 seorsum
905 563 1025 629 viri,
1049 572 1104 617 et
1124 576 1368 616 seorsum
1412 558 1625 613 feminae
1657 562 2052 611 commemora-
2081 552 2137 616 Α
2156 548 2272 617 ejus
2296 541 2700 615 pOStdlitMum
2731 539 2937 595 ὤθει-οι
2960 556 2982 638 ,ι
3008 535 3235 593 Crassus
3252 544 3308 592 et
3342 537 3737 608 nam.

494 670 559 715 tae
583 656 753 727 sunt),
796 652 898 710 nisi
924 650 1065 723 quod
1098 652 1151 706 in
1181 651 1285 706 hoc
1317 656 1557 719 tempore
1589 660 1711 701 caro
1743 643 2058 713 concupiscit

491 750 738 803 adversus
764 744 1023 815 spiritum,
1063 736 1276 812 spiritus
1320 746 1495 793 autem
1522 736 1770 815 adversus
1803 731 2060 789 carnem?

493 834 692 910 (Galat.
722 812 800 906 ν.)
845 824 1191 888 Postmodum
1229 834 1408 885 autem
1451 835 1651 884 exeunt
1682 812 1795 882 Noe
1818 832 1875 882 et
1921 836 2060 879 uxor

490 927 625 996 ejus,
653 912 749 980 filii
778 920 896 993 ejus
919 929 975 977 et
1000 934 1199 977 uxores
1224 918 1456 974 ﬁliorum
1479 917 1597 987 ejus
1624 932 1637 970 :
1679 915 1785 972 hoc
1824 910 1908 970 est
1933 927 2060 969 eone

484 1014 660 1090 juncti
699 1002 926 1070 masculi
970 1019 1027 1068 et
1053 1009 1287 1077 feminei,
1316 1009 1444 1079 quia
1468 1008 1524 1061 in
1570 1004 1676 1061 ﬁne
1697 1003 1877 1061 saeculi
1900 1012 2061 1072 atque

491 1112 543 1166 in
598 1106 993 1165 resurrectione
1040 1096 1332 1173 iustorum,
1387 1092 1695 1155 omnimoda
1728 1098 1783 1152 et
1820 1091 2060 1165 perfecta

488 1214 620 1272 pace
647 1195 860 1269 spiritui
914 1208 1110 1265 corpus
1135 1180 1448 1255 adha‘irebit,
1495 1184 1642 1243 nulla
1683 1184 2062 1241 mutabilitatis

488 1289 783 1361 indigentia
826 1276 912 1341 vel
937 1283 1371 1355 concupiscentia
1399 1278 1705 1337 iusistente.

562 1378 863 1449 .r’Ediﬁcavit
888 1382 1063 1430 autem
1087 1372 1201 1428 Noe
1225 1372 1391 1427 altare
1410 1371 1672 1437 Domino;
1705 1370 1755 1425 et
1778 1368 1963 1424 tollens
1996 1369 2063 1424 de

490 1472 689 1525 cunctis
708 1464 975 1540 pecoribus
1011 1475 1057 1522 et
1092 1462 1385 1522 volucribus
1425 1462 1658 1529 mundis,
1690 1454 1874 1518 obtulit
1911 1460 2062 1518 Italo-'-

489 1572 671 1616 causta
695 1575 850 1631 super
882 1558 1049 1613 altare
1086 1554 1329 1614 Domino.
1362 1555 1733 1628 Odoratusquc
1767 1561 1840 1609 est
1878 1552 2062 1608 Darnis

489 1670 585 1706 nus
629 1650 840 1706 odorem
885 1646 1177 1713 suavitatis,
1208 1654 1257 1702 et
1299 1647 1372 1702 ait
1405 1646 1475 1701 ad
1524 1658 1641 1701 eum
1663 1658 1683 1698 :
1715 1638 2062 1717 Nequaquam

490 1741 628 1796 ultra
668 1740 976 1795 maledicam
1027 1746 1182 1795 terra:
1219 1747 1431 1811 propter
1474 1737 1726 1793 homines.
1774 1735 1915 1803 Quid
1958 1732 2061 1791 sibi

489 1831 602 1888 vult
627 1824 768 1903 quod
792 1828 1057 1889 Dominus
1091 1831 1220 1887 dicit
1260 1844 1273 1886 :
1306 1828 1431 1885 Non
1452 1828 1708 1901 adjiciam
1746 1826 1920 1883 adhuc
1944 1842 2062 1883 mu-

2158 641 2214 692 ni
2246 644 2296 692 et
2345 635 2536 705 replete
2557 640 2773 699 terram,
2822 629 3095 685 subdidit:
3130 628 3200 682 Et
3242 637 3416 683 terror
3460 637 3636 683 sella
3676 644 3736 681 ac

2157 738 2349 784 tremor
2392 727 2459 782 sit
2499 734 2657 795 super
2701 727 2887 776 cuncta
2929 720 3185 776 animalis
3228 729 3385 776 tum
3431 717 3591 787 (ﬂint
3632 720 3736 791 ιι).

2157 822 2330 878 Homo
2355 822 2551 891 quippe
2570 814 2893 878 animalibus
2915 814 3399 879 imtiosabiitbss,
3421 822 3532 868 non
3552 821 3740 867 suum

2157 914 2367 970 caeteris
2388 912 2720 978 hominibus,
2753 916 2947 965 natura
2988 905 3243 978 prauum
3280 913 3396 970 est;
3448 910 3509 959 et
3534 903 3741 959 idcirco

2158 1004 2210 1058 ei
2240 1003 2437 1060 dieitur
2461 1012 2523 1058 ut
2552 1001 2878 1058 animalibus
2903 1006 2963 1055 et
2982 1002 3091 1054 neu
3117 995 3196 1053 ἰιι
3217 992 3437 1051 nomine
3462 995 3739 1056 timentur,

2156 1096 2285 1168 quis
2325 1101 2514 1151 contra
2538 1100 2786 1151 naturam
2815 1090 3099 1163 superbire
3120 1097 3226 1157 est,
3252 1089 3324 1145 ab
3349 1085 3557 1157 seq-sli
3609 1085 3743 1140 setis

2159 1188 2359 1244 timeri.
2397 1185 2592 1242 Cuncti
2625 1198 2757 1255 ergo
2796 1183 2890 1254 qui
2907 1188 3166 1253 pansum,
3190 1186 3299 1234 non
3318 1179 3378 1234 tu
3406 1192 3469 1233 se
3502 1182 3745 1247 potest»

2160 1290 2269 1338 tem
2311 1281 2509 1336 debent
2552 1279 2778 1342 ordinis,
2823 1276 2919 1333 sed
2948 1274 3315 1346 mutilatum
3348 1281 3593 1343 pensus
3618 1282 3745 1325 ω»

2159 1371 2399 1429 ditionis.
2450 1369 2608 1436 Nam,
2655 1369 2798 1425 sicut
2831 1368 3087 1432 dixinms,
3116 1360 3325 1435 antiqui
3348 1370 3543 1435 patres
3573 1363 3747 1417 nostri

2158 1472 2405 1538 pastores
2427 1468 2688 1535 pecorum
2721 1472 2776 1518 et
2808 1468 2917 1518 non
2938 1467 3099 1530 reges
3114 1452 3401 1515 nominum
3430 1456 3609 1510 Mess
3632 1465 3749 1509 me-

2159 1560 2458 1634 morantur,
2506 1562 2566 1611 et
2603 1558 2785 1610 tamen
2808 1558 3033 1609 necesse
3077 1556 3162 1607 est
3187 1556 3249 1605 ut
3282 1554 3535 1605 recines
3559 1562 3594 1601 α
3630 1545 3751 1600 sub-

2160 1648 2288 1706 ditis
2308 1646 2630 1713 timeantur,
2657 1644 2875 1717 quando
2915 1645 2983 1700 ab
3006 1644 3087 1699 eis
3112 1642 3282 1699 Deum
3311 1639 3547 1696 minime
3567 1638 3747 1693 tueri

2157 1735 2660 1809 deprehenduntur,
2707 1736 2769 1791 ut
2805 1735 3043 1789 humans
3071 1731 3262 1787 saltem
3282 1728 3588 1785 formidine
3635 1740 3753 1796 pec-

2161 1838 2289 1882 care
2335 1831 2604 1891 metuant,
2660 1822 2755 1893 qui
2795 1821 2977 1877 divina
3021 1819 3224 1892 judicia
3263 1830 3375 1873 non
3429 1815 3751 1871 tumidas.

484 1902 706 1979 [edicere
751 1910 907 1997 super
938 1932 1134 1980 terram
1174 1931 1385 1994 propter
1421 1934 1578 1993 opera
1620 1920 1907 1985 hominum,
1933 1920 2059 1992 quia
2085 1902 2135 1967 Β
2160 1915 2513 1987 Nequaquam
2556 1924 2790 1983 umque
2839 1909 3113 1982 praepositi
3149 1922 3219 1964 ex
3255 1908 3363 1963 huc
3404 1905 3655 1987 quesita
3684 1906 3751 1957 ti-

487 2016 725 2087 apposita
745 2026 817 2071 est
845 2034 986 2073 mens
1012 2016 1279 2071 hominum
1303 2014 1374 2071 ad
1400 2014 1661 2070 malitiam
1693 2026 1727 2070 α
1741 2012 2062 2086 juventutc.’

486 2104 601 2161 Non
631 2104 876 2176 adjiciam
903 2124 1057 2180 ergo,
1080 2104 1276 2178 inquit,
1326 2106 1504 2163 adhuc
1530 2112 1815 2179 percutere
1843 2118 2060 2162 omnem

486 2210 703 2250 carnem
730 2196 927 2261 vivam,
954 2186 1408 2269 quemadmodum
1429 2192 1557 2264 feci,
1584 2202 1639 2252 et
1663 2196 1860 2253 delude
1906 2193 2057 2265 adje-

484 2290 559 2348 cit
601 2307 723 2362 quae
764 2291 1058 2347 secundum
1097 2291 1407 2364 largitatem
1450 2289 1714 2348 bonitatis
1756 2298 1869 2345 suae
1894 2288 2061 2344 donat

486 2379 793 2437 hominibus
835 2378 1089 2453 indignis.
1125 2368 1322 2438 Utrum
1360 2380 1450 2436 hic
1495 2378 1808 2436 testamenti
1832 2377 1957 2434 novi
1977 2377 2061 2433 ina

486 2468 759 2543 dulgentia
807 2469 1037 2542 figurata
1087 2472 1178 2540 sit,
1208 2477 1263 2527 et
1306 2471 1581 2543 prreterlta
1626 2469 1761 2526 ultio
1785 2471 1854 2526 ad
1904 2476 2060 2525 vetus

487 2561 757 2630 pertineat
797 2567 1202 2629 testamentum,
1226 2560 1331 2618 hoc
1365 2570 1449 2618 est
1472 2561 1603 2619 illud
1626 2562 1695 2619 ad
1723 2560 1858 2634 legis
1903 2574 2055 2618 seve-

483 2652 719 2720 ritatem,
745 2652 849 2709 hoc
873 2653 943 2709 ad
965 2654 1150 2725 gratiae
1173 2654 1472 2711 bonitatem
1491 2655 1518 2710 7

552 2741 746 2799 Sensus
780 2744 939 2812 enim,
972 2744 1165 2815 inquit,
1218 2753 1266 2800 et
1291 2744 1536 2817 cogitatio
1558 2741 1777 2801 humani
1800 2743 1975 2799 cordis
2001 2742 2059 2799 in

480 2833 676 2889 malum
707 2851 887 2907 prona
910 2845 1033 2890 sunt
1068 2835 1133 2891 ab
1158 2834 1508 2891 adolescentia
1534 2850 1654 2890 sua.
1682 2832 2059 2904 Corruptionis

482 2922 678 2980 malum
705 2924 848 2995 quod
868 2925 1234 2996 unusquisque
1253 2933 1496 2981 nostrum
1518 2926 1587 2982 ab
1607 2928 1731 2981 ortu
1758 2922 2055 2981 desiderio-

484 3028 599 3067 rum
622 3013 919 3068 carnalium
953 3015 1204 3084 sumpsit,
1240 3012 1295 3069 in
1337 3015 1641 3087 profectum
1686 3015 1866 3071 aetatis
1895 3026 2058 3070 exer-

480 3112 592 3168 cet,
640 3109 697 3159 et
719 3104 821 3159 nisi
868 3102 973 3160 hoc
998 3105 1161 3162 citius
1188 3105 1382 3164 divinae
1421 3104 1733 3163 formidinis
1756 3120 1950 3162 manus
1977 3118 2059 3161 re-

478 3194 700 3264 primat,
719 3202 881 3252 omne
909 3194 1139 3253 conditae
1163 3205 1371 3254 nam
1392 3197 1621 3265 bonum,
1646 3206 1873 3270 repente
1899 3197 2058 3269 culpa

482 3285 537 3339 in
562 3284 889 3357 profundum
937 3295 1111 3343 vorat.
1152 3284 1322 3343 Nemo
1345 3287 1514 3360 igitur
1539 3286 1642 3343 sibi
1666 3287 2057 3359 cogitationum

479 3384 700 3431 suarum
726 3374 1010 3434 victoriam
1034 3376 1258 3445 tribuat,
1274 3393 1397 3435 cum
1420 3375 1711 3448 Apostolus
1737 3376 1884 3432 dicat
1905 3393 1920 3432 :
1940 3373 2055 3431 Nc-

477 3483 577 3539 quc
598 3470 687 3541 qui
722 3468 922 3541 plantat
963 3478 1038 3527 est
1059 3468 1281 3544 aliquid,
1321 3482 1487 3543 neque
1513 3470 1604 3543 qui
1640 3469 1809 3542 rigat;
1854 3467 1946 3525 sed
1966 3467 2059 3543 qui

480 3558 852 3616 incrementum
874 3559 964 3615 dat
1008 3560 1148 3618 Deus
1175 3560 1228 3633 (Ι
1254 3559 1376 3617 Cor.
1414 3560 1520 3634 ιιι).

552 3650 703 3721 (CAP.
734 3652 839 3725 ix.)
860 3652 1086 3710 Crescite
1104 3662 1152 3710 et
1174 3654 1614 3726 multiplicamini,
1634 3648 1685 3709 ei
1703 3652 1911 3726 implete
1947 3663 2056 3709 ter-

483 3746 630 3809 ram;
649 3751 701 3799 et
739 3752 910 3800 terror
935 3753 1098 3800 vester
1120 3753 1169 3801 et
1213 3755 1408 3801 tremor
1428 3746 1494 3800 sit
1520 3760 1677 3818 super
1707 3754 1898 3802 cuncta
1939 3746 2060 3802 ani-

480 3835 644 3892 malia
671 3847 845 3893 terrae.
892 3836 1206 3896 Potentibus
1252 3838 1384 3894 viris
1406 3848 1600 3909 magna
1628 3844 1713 3892 est
1748 3836 1923 3893 virtus
1949 3837 2053 3893 hu-

480 3927 725 3984 militatis
751 3930 1130 3997 consideratio,
1160 3930 1443 4001 arqualitas
1471 3929 1817 3987 conditionis.
1849 3928 2056 3987 Omnes

483 4034 716 4089 namque
742 4019 987 4077 homines
1017 4029 1207 4076 natura
1236 4022 1468 4090 aequales
1490 4030 1717 4088 sumus;
1747 4020 1841 4076 sed
1864 4034 2053 4077 acces-

484 4112 557 4166 sit
585 4112 980 4181 dispensatorio
1006 4113 1197 4168 ordine
1221 4112 1613 4182 utquibusdam
1637 4112 1848 4183 prmlati
1872 4113 2055 4167 videa-

482 4222 624 4263 mur.
650 4206 709 4265 Si
738 4209 903 4281 igitur
928 4208 1029 4265 hoc
1056 4224 1087 4264 a
1113 4217 1293 4264 mente
1318 4208 1691 4279 deprimimus,
1728 4208 1873 4277 quod
1912 4213 2053 4262 tem-

482 4299 741 4369 poraliter
768 4300 1019 4365 accessit,
1048 4300 1352 4355 invenimus
1382 4298 1543 4355 citius
1564 4300 1707 4370 quod
1732 4296 2058 4354 naturaliter

483 4406 687 4446 sumus.
734 4389 1057 4462 Plerumque
1083 4392 1225 4447 enim
1267 4392 1511 4447 animose
1543 4400 1763 4462 accepta
1812 4396 2057 4462 potestas

482 4483 666 4551 officit,
716 4498 944 4556 eumque
972 4484 1192 4541 tumidis
1224 4481 1639 4556 cogitationibus
1681 4482 1837 4538 fallit.
1894 4481 2057 4537 Manu

481 4577 644 4648 igitur
685 4576 1000 4632 humillimae
1045 4576 1498 4633 considerationis
1537 4573 1920 4645 deprimendus
1968 4579 2055 4628 est

481 4678 657 4722 tumor
673 4667 938 4724 elationis.
972 4669 1031 4725 Si
1058 4669 1205 4725 enim
1226 4669 1365 4740 apud
1386 4668 1730 4738 semetipsam
1753 4680 1907 4722 mens
1927 4666 2055 4722 dese

480 4760 663 4815 condit
689 4759 753 4813 de
778 4760 979 4815 vertice
1003 4760 1277 4825 culminis,
1320 4760 1482 4815 citius
1516 4759 1793 4830 planitiem
1812 4758 2054 4814 inveniet

482 4848 748 4904 naturalis
769 4846 1111 4919 aequalitatis.
1139 4850 1274 4905 Nam
1303 4852 1365 4905 ut
1392 4850 1601 4921 przeiati
1628 4864 1836 4917 sumus,
1862 4860 2054 4907 omnes

480 4939 727 4994 homines
749 4947 938 4995 natura
978 4939 1213 5009 aequales
1241 4940 1453 5011 genuit;
1480 4938 1575 4997 sed
1618 4941 1866 4997 variante
1890 4940 2054 4995 meri-

482 5041 658 5088 torum
683 5032 893 5098 ordine,
928 5031 1061 5087 alios
1077 5032 1196 5087 aliis
1224 5034 1553 5104 dispensatio
1584 5033 1792 5090 occulta
1835 5041 2054 5105 postpoa

481 5126 579 5179 nit.
626 5122 746 5195 ipsa
802 5134 982 5179 autem
1036 5122 1319 5181 diversitas
1358 5138 1479 5197 quae
1528 5124 1759 5182 accessit
1787 5138 1855 5179 ex
1897 5123 2054 5190 vitio,

483 5221 630 5268 recte
662 5223 747 5269 est
773 5213 968 5270 divinis
1013 5212 1232 5286 iudiciis
1274 5216 1542 5283 ordinata,
1572 5223 1655 5271 'ut
1698 5217 1825 5287 quia
1880 5215 2057 5271 omnis

479 5305 644 5359 homo
684 5304 790 5361 iter
832 5306 956 5361 vitae
994 5322 1145 5378 teque
1173 5320 1281 5363 non
1318 5309 1583 5379 graditur,
1620 5304 1759 5361 alter
1786 5306 1855 5361 ab
1887 5305 2059 5361 altero

481 5404 718 5466 regatur.
767 5394 947 5453 Sancti
970 5406 1154 5453 autem
1199 5397 1302 5454 viri
1341 5412 1463 5453 cum
1490 5405 1744 5469 pansum,
1774 5408 1879 5452 non
1911 5395 1963 5449 in
1997 5409 2058 5450 se

479 5492 802 5557 potestatem
825 5482 1050 5557 ordinis,
1101 5489 1195 5545 sed
1234 5487 1595 5559 aequalitatem
1621 5486 1944 5541 conditionis
1968 5493 2056 5539 at-

480 5582 743 5648 tendunt;
806 5592 907 5639 nec
930 5594 1167 5653 praeesse
1200 5579 1780 5652 gandentbomini’nus,
1818 5576 2056 5647 sedpro~

479 5673 656 5730 desse.
710 5671 899 5731 Sciunt
919 5676 1063 5731 enim
1107 5674 1250 5744 quod
1282 5672 1486 5741 antiqui
1518 5681 1703 5743 patres
1728 5672 1919 5735 nostri,
1948 5682 2057 5726 non

481 5777 590 5825 tam
620 5780 776 5837 reges
810 5768 1090 5824 hominum
1143 5781 1303 5836 quam
1325 5780 1578 5836 pecorum
1612 5774 1856 5836 pastores
1887 5763 2055 5819 fuisse

483 5868 870 5919 memorantur.
913 5860 1063 5917 Unde
1114 5868 1163 5915 et
1198 5877 1317 5917 cum
1352 5860 1462 5917 Noe
1508 5860 1765 5916 Dominus
1822 5857 2055 5926 filiisque

2088 3246 2137 3320 C

2159 1983 2312 2066 more
2343 1983 2678 2079 superbiant,
2732 2005 2790 2059 in
2840 2014 2953 2074 qua
3000 2015 3110 2057 non
3153 2013 3309 2056 suam
3356 1998 3621 2071 gloriam.
3649 1983 3757 2051 sed

2160 2100 2496 2157 subditorum
2542 2096 2813 2170 justitiam
2861 2103 3131 2166 quierunt.
3162 2091 3221 2146 lu
3276 2104 3344 2147 eo
3382 2097 3576 2144 autem
3610 2086 3755 2157 quod

2159 2202 2363 2252 meum
2402 2193 2505 2249 sibi
2546 2206 2578 2250 a
2624 2202 2879 2263 perverse
2933 2186 3242 2243 viventibus
3286 2184 3545 2256 exigunt,
3598 2180 3757 2250 quasi

2159 2296 2269 2345 non
2316 2285 2650 2350 hominibus,
2689 2284 2787 2340 sed
2836 2281 3163 2338 ‘animalibus
3217 2277 3599 2338 dominantur,
3626 2274 3755 2343 quia

2158 2380 2411 2437 videlicet
2469 2386 2536 2434 ex
2591 2390 2697 2448 qua
2738 2382 2895 2446 parte
2940 2371 3196 2429 bestiaies
3240 2376 3369 2425 sunt
3412 2366 3653 2430 subditi,
3690 2378 3752 2418 ex

2159 2486 2223 2530 ea
2271 2472 2439 2528 etiam
2466 2471 2667 2526 debent
2691 2466 2981 2523 formidine
3021 2465 3205 2536 jacere
3226 2459 3516 2517 substratis

2230 2563 2399 2620 Omne
2441 2562 2583 2634 quod
2609 2567 2845 2616 mouetur
2873 2570 2919 2612 et
2966 2557 3107 2623 uiuit,
3138 2556 3240 2610 erit
3274 2546 3415 2608 nobis
3455 2553 3516 2605 in
3552 2550 3755 2612 cibust,

2159 2657 2312 2731 quasi
2332 2655 2476 2711 olera
2501 2654 2739 2710 uirentia.
2766 2652 3057 2718 Quaeritur,
3082 2662 3182 2705 cur
3205 2656 3331 2703 esus
3349 2644 3613 2702 carnium
3632 2652 3759 2712 post

2161 2747 2421 2804 diluvium
2437 2744 2647 2801 homini
2661 2742 2979 2799 conceditur
2998 2746 3054 2796 et
3074 2746 3183 2794 non
3198 2738 3364 2793 ante?
3410 2735 3651 2806 Propter
3676 2735 3759 2788 in-

2158 2839 2547 2895 fecunditatem
2582 2842 2764 2904 terras,
2809 2842 2871 2890 ut
2896 2833 3218 2898 mstimatur,
3247 2836 3303 2887 st
3342 2827 3590 2884 hominis
3646 2826 3758 2880 fra-

2237 2932 2443 2988 itatem.

2237 2932 2312 2988 ita
2370 2942 2443 2986 ιιι.

2160 2931 2456 3081 ΒΗΤι-ιῗιίάι
2492 3006 2637 3078 nobis
2678 3020 2879 3089 omnia,
2922 3024 3135 3091 accepto
3167 3018 3309 3091 quod
3356 3024 3577 3071 carnem
3635 3028 3754 3068 cui

2161 3116 2417 3189 sanguine
2483 3130 2589 3169 non
2652 3110 2949 3167 conisdetis.
2996 3106 3152 3177 Quod
3202 3111 3434 3177 excepto
3482 3103 3755 3175 sanguine

2157 3204 2421 3277 iubentur
2499 3206 2723 3259 carnem
2792 3200 3161 3263 manducare,
3222 3208 3292 3253 ne
3342 3196 3455 3251 vita
3522 3195 3759 3265 pristina

2165 3293 2320 3368 quasi
2369 3288 2629 3349 suﬂocata
2681 3292 2736 3346 in
2785 3289 3117 3348 conscientia
3170 3292 3461 3351 teneatur,
3508 3284 3607 3342 sed
3660 3284 3759 3339 ba-

2158 3390 2285 3446 heat
2315 3390 2571 3457 tanquam
2600 3382 2919 3440 effusionem
2972 3390 3069 3452 per
3092 3378 3514 3436 confessimietn.

2232 3478 2553 3551 Sanguinem
2598 3476 2737 3532 enim
2794 3474 3094 3530 animarum
3138 3474 3433 3528 uestrarum
3485 3468 3757 3538 requiram

2159 3576 2225 3630 de
2250 3586 2413 3628 manu
2434 3581 2745 3627 cunctarum
2777 3569 3082 3631 bestiarum,
3130 3574 3180 3619 et
3207 3562 3272 3618 de
3297 3574 3463 3618 manu
3498 3560 3754 3623 numinis,

2159 3675 2208 3722 et
2251 3666 2316 3720 de
2336 3678 2497 3719 manu
2519 3663 2616 3718 viri
2648 3668 2697 3715 et
2720 3655 2904 3730 fratris
2927 3656 3067 3726 ejus,
3105 3655 3369 3726 requiram
3392 3652 3636 3706 anirisam
3659 3649 3753 3701 Ito-

2158 3757 2337 3813 minis.
2398 3752 2581 3827 (Aug.)
2631 3750 2772 3820 Quid
2800 3754 2885 3804 est
2927 3747 3068 3818 quod
3096 3744 3244 3809 dicit,
3275 3750 3331 3798 e‘t
3359 3741 3430 3798 de
3464 3754 3635 3796 manu
3658 3741 3757 3794 bo-

2159 3848 2325 3905 minis
2347 3847 2536 3902 fratris
2566 3846 2848 3914 exquiram
2876 3840 3113 3895 animam
3136 3834 3417 3894 hominis?
3447 3846 3518 3889 an
3532 3838 3757 3888 munem

2157 3941 2434 3999 hominem
2461 3936 2686 3992 fratrem
2729 3932 2906 3990 omnis
2939 3929 3173 3987 hominis
3200 3926 3433 3998 intelligi
3456 3925 3629 3982 voluit
3669 3940 3759 3979 se—

2157 4034 2396 4093 cundum
2418 4031 2794 4102 cognationem
2840 4040 2909 4081 ex
2955 4036 3062 4079 uno
3089 4016 3353 4077 ductam?
3376 4014 3628 4090 ,llys'tiee
3659 4032 3754 4070 au-

2158 4126 2270 4183 tem
2298 4124 2443 4196 quod
2466 4115 2664 4178 dantur
2683 4120 2764 4176 eis
2780 4122 2975 4176 cuncta
2990 4113 3248 4171 animalia
3268 4112 3326 4168 in
3352 4118 3564 4177 eScam,
3589 4108 3757 4181 signi-

2159 4218 2288 4289 ﬁcat
2327 4218 2385 4272 in
2429 4213 2816 4271 convocatione
2849 4209 3090 4282 gentium
3127 4205 3196 4263 ad
3214 4204 3372 4261 ﬁdem
3397 4210 3645 4260 nonesse
3671 4203 3753 4257 di—

2159 4309 2440 4375 stantiam,
2486 4304 2628 4362 sicut
2668 4302 2837 4359 inillo
2878 4300 3030 4357 disco
3075 4294 3242 4355 Petro
3280 4293 3511 4362 dicitur,
3574 4292 3757 4349 locis

2159 4411 2210 4457 et
2229 4400 2512 4456 manduca.

2230 4482 2425 4545 Arcum
2438 4494 2612 4545 ineunt
2633 4498 2827 4559 ponam
2851 4485 2908 4541 in
2929 4482 3177 4550 nubibus,
3212 4491 3261 4538 at
3288 4480 3387 4537 erit
3409 4478 3622 4550 signum
3665 4478 3756 4547 [eo

2081 4604 2137 4674 D
2161 4580 2301 4637 deris
2336 4581 2479 4674 inter
2498 4594 2582 4674 mf
2606 4585 2655 4632 et
2676 4577 2815 4674 inter
2856 4584 3073 4674 terram:
3101 4574 3256 4642 Quod
3294 4582 3431 4628 Vero
3457 4580 3751 4626 testamen-

2161 4679 2277 4727 tum
2316 4667 2497 4740 posuit
2545 4666 2687 4723 Deus
2712 4665 2855 4723 lnter
2882 4680 2942 4722 se
2968 4674 3025 4723 et
3051 4660 3301 4721 homines
3337 4671 3503 4733 atque
3532 4674 3751 4717 omnem

2159 4765 2395 4819 animam
2418 4760 2618 4827 vivam,
2649 4770 2719 4816 ne
2767 4756 2961 4831 perdat
3004 4764 3124 4815 eam
3156 4754 3380 4823 diluvio,
3423 4768 3621 4811 arcum
3652 4755 3757 4809 eri-

2157 4856 2285 4912 licet
2300 4854 2391 4925 qui
2411 4860 2630 4925 apparet
2654 4851 2709 4907 in
2729 4851 2983 4917 nubibus,
2998 4851 3091 4921 qui
3120 4860 3399 4919 nunquam
3423 4847 3532 4902 nisi
3559 4844 3627 4902 de
3642 4845 3755 4900 sole

2159 4944 2490 5021 resplendet,
2537 4946 2806 5019 signiﬁcat
2844 4943 2972 5016 quia
3008 4942 3082 4999 illi
3113 4956 3219 4998 non
3251 4938 3755 5011 pereuntium,

2161 5043 2256 5113 qui
2283 5041 2341 5094 in
2370 5035 2645 5110 prophetis
2669 5040 2724 5093 et
2758 5036 3012 5092 omnibus
3040 5033 3236 5090 divinis
3268 5028 3602 5101 Scripturis,
3638 5034 3757 5082 tan-

2161 5138 2323 5203 quam
2353 5128 2448 5186 Dei
2472 5128 2726 5194 nubibus,
2754 5128 3061 5200 agnoscunt
3085 5124 3383 5182 Christum.
3399 5120 3617 5179 Arcum
3638 5132 3756 5177 om-

2162 5227 2410 5297 nipotens
2465 5216 2609 5279 Deus
2642 5223 2784 5277 inter
2839 5236 2898 5277 se
2946 5230 3107 5291 atque
3152 5217 3399 5274 homines
3446 5214 3502 5271 in
3533 5224 3755 5286 Signum

2161 5318 2361 5388 posuit,
2409 5324 2470 5371 ut
2493 5315 2634 5370 ultra
2676 5312 2938 5367 inanddm
2967 5309 3175 5366 diluvio
3194 5318 3302 5364 non
3326 5307 3554 5363 deleret.
3597 5304 3755 5363 Unde

2162 5415 2218 5463 et
2242 5408 2296 5461 in
2341 5417 2471 5462 arcu
2516 5404 2732 5470 eodem,
2771 5394 2924 5459 color
2953 5412 3107 5471 aquae
3136 5397 3360 5473 etignls
3383 5397 3552 5454 simul
3572 5398 3757 5453 ostrin-

2162 5496 2329 5564 ditur,
2376 5497 2500 5569 quia
2532 5512 2599 5552 ex
2623 5502 2775 5567 parte
2800 5501 2883 5552 est
2913 5495 3182 5562 ceruleb's,
3222 5494 3280 5549 et
3323 5504 3392 5548 ex
3418 5496 3583 5562 parte
3601 5487 3756 5544 rabi-

2161 5586 2389 5656 cundus,
2425 5592 2486 5643 ut
2508 5589 2793 5659 utriusque
2822 5580 3015 5660 iudicii
3045 5582 3199 5645 testis
3245 5584 3336 5653 sit,
3366 5584 3529 5639 unius
3556 5574 3757 5638 viam-

2162 5686 2251 5735 cet
2278 5672 2530 5745 faciendi,
2561 5687 2617 5735 et
2641 5679 2866 5735 alterius
2917 5668 3070 5744 facti,
3098 5677 3281 5742 idest,
3332 5673 3463 5745 quia
3514 5672 3757 5731 iimndus

2161 5770 2349 5842 judicii
2392 5771 2514 5844 igne
2558 5771 2910 5839 cremabitur,
2944 5784 3069 5826 nam
3098 5782 3239 5841 aqua
3289 5766 3479 5824 diluvii
3516 5774 3620 5822 non
3655 5764 3759 5819 de-

2164 5862 2307 5918 ieinr
