3974 6450
259 442 362 506 525
728 502 729 507 ,
954 420 959 431 ’
1319 443 1668 507 COMMENT.
1708 442 1775 496 1N
1814 408 2131 497 CENESIM.
2169 470 2242 483 -
2272 412 2405 496 ἰιΒ.
2445 438 2507 498 u.
3401 442 3505 498 ssc

863 554 1089 613 CAPUT
1110 556 1215 613 ιχ.
1851 556 1906 616 Α
1927 553 2330 623 interpretatur.
2355 550 2491 608 Cum
2511 549 2714 623 ingenti
2731 548 2877 608 enim
2895 548 3235 606 multitudine
3250 550 3507 608 dilatatus

254 618 336 703 ὐο
359 646 681 720 plantatione
708 645 868 725 vincte
893 662 1001 725 aper
1042 646 1188 725 Νρς,
1217 656 1265 703 et
1293 648 1578 703 nudatione
1602 647 1751 717 ejus,
1778 655 1829 701 et
1932 650 2017 698 est
2041 618 2270 713 populus
2309 657 2376 698 ex
2414 618 2684 714 gentibus,
2697 629 2806 712 'qui
2834 656 2960 697 cum
2982 641 3264 712 prophetis
3292 651 3350 698 et
3380 658 3509 711 apo-

815 714 1056 770 irrisione
1083 714 1268 772 Cham.

331 825 492 896 prit
520 823 636 877 Noe
658 824 737 879 vir
761 820 994 895 agricola
1020 841 1259 880 exercere
1276 836 1490 891 terram,
1516 834 1564 880 et
1580 824 1830 897 plantavit

260 904 462 971 vineam
504 906 775 986 bibensque
804 910 979 970 vinum
1011 914 1297 970 inebriatus
1335 911 1449 969 est.“
1487 924 1535 968 et
1569 913 1795 967 nudatus
1815 952 1830 979 ,

252 1008 423 1078 jacuit
450 1007 507 1061 in
534 1004 869 1060 tabernaculo
909 1021 1025 1059 suo.
1074 1003 1227 1070 Quod
1265 1020 1384 1060 cum
1425 1003 1629 1059 vidisset
1668 999 1832 1057 Citam

256 1107 408 1169 pater
435 1096 710 1163 Chanaan,
740 1095 962 1151 verenda
980 1094 1174 1151 scilicet
1193 1097 1359 1168 patris
1376 1097 1459 1150 sui
1479 1111 1588 1150 esse
1612 1094 1829 1158 nudata,

263 1188 518 1242 nuntiavit
543 1186 749 1242 duobus
774 1186 1027 1256 fratribus
1064 1187 1231 1257 foras,
1274 1195 1329 1243 et
1372 1188 1598 1258 reliqua.
1630 1184 1832 1259 (Aug.)

263 1280 531 1348 Qumritur
556 1292 726 1349 quare
753 1293 986 1349 peccans
1008 1278 1176 1334 Cham
1203 1278 1258 1333 in
1283 1280 1455 1351 patris
1478 1276 1706 1343 oﬁ'ensa,
1727 1292 1835 1332 non

264 1371 319 1427 in
342 1371 543 1441 seipse,
579 1371 674 1426 sed
700 1370 754 1424 in
784 1369 896 1427 ﬁlio
918 1386 1018 1426 suo
1046 1369 1303 1426 Chanaan
1330 1369 1703 1436 maledicitur,
1730 1368 1837 1425 nisi

262 1462 388 1533 quia
413 1462 790 1533 prophetatum
819 1468 903 1517 est
929 1461 1323 1531 quodammodo
1358 1470 1556 1515 terram
1581 1458 1836 1535 Chanaan

262 1557 449 1627 ejectis
467 1554 788 1609 Chananaais
808 1554 933 1610 inde
948 1562 1005 1610 et
1023 1553 1325 1621 debellatis,
1337 1561 1653 1622 accepturos
1672 1550 1838 1631 luisse

263 1647 402 1703 ﬁlios
440 1645 639 1709 lsrael,
675 1644 772 1719 qui
798 1645 1046 1722 venirent
1082 1646 1148 1701 de
1191 1644 1396 1702 semine
1425 1642 1595 1700 Sem?
1629 1638 1837 1717 (Isid.)

260 1734 380 1793 lam
411 1750 541 1790 vero
580 1734 711 1790 illud
749 1736 892 1805 quod
938 1743 1061 1805 post
1102 1734 1358 1791 diluvium
1394 1734 1462 1790 de
1490 1733 1648 1790 vinea
1675 1746 1840 1805 quam

260 1828 523 1899 plantavit
547 1827 843 1883 inebriatus
878 1826 1022 1894 Noe,
1051 1835 1107 1882 et
1132 1828 1364 1884 nudatus
1402 1827 1459 1883 in
1502 1827 1663 1884 domo
1706 1839 1838 1892 sua,

1930 734 2083 790 stolis
2116 742 2234 789 erat
2265 734 2642 790 habitaturus:
2686 733 2951 804 siquidem
2979 742 3034 789 et
3071 734 3317 790 videmus
3353 734 3509 804 juxta

1929 822 2043 878 Noe
2072 824 2238 894 patris
2263 825 2634 895 propheticum
2670 823 3131 888 benedictionem,
3168 823 3223 879 in
3254 824 3508 879 taberna-

1931 915 2052 971 culo
2076 915 2201 970 Sem
2229 917 2490 972 transisse
2523 917 2911 972 habitationem
2948 913 3165 986 Japhet,
3190 916 3295 971 hoc
3320 925 3425 980 est,
3452 915 3510 970 in

1930 1005 2091 1062 domo
2111 1005 2245 1077 legis
2272 1014 2328 1062 et
2352 990 2757 1077 prophetarum,
2794 1006 3096 1064 Ecclesiam
3134 1005 3314 1077 potius
3345 1004 3510 1073 justi--

1933 1093 2108 1161 ﬁcari,
2138 1096 2402 1152 minorem
2433 1098 2648 1167 quidem
2680 1106 2980 1168 temporum
3008 1112 3154 1163 aevo,
3196 1094 3293 1153 scd
3322 1096 3512 1167 gratia

1932 1186 2050 1259 lege
2070 1188 2351 1259 majorem.
2375 1187 2544 1245 Cham
2562 1204 2726 1260 porro
2743 1191 2837 1260 qui
2860 1191 3249 1263 interpretatur
3265 1186 3511 1254 callidus,

1932 1276 2141 1334 medius
2167 1277 2309 1334 ﬁlius
2338 1287 2595 1349 tanquam
2623 1281 2690 1337 ab
2715 1290 2947 1351 utroque
2987 1280 3254 1335 discretus
3271 1318 3288 1344 ,
3330 1292 3434 1334 nec
3457 1294 3516 1333 ω

1932 1367 2187 1437 primitiis
2225 1366 2619 1436 lsraelitarum,
2669 1385 2771 1426 nec
2812 1370 2867 1424 in
2906 1368 3237 1440 plenitudine
3276 1367 3516 1439 gentium

1931 1472 2278 1531 permanens,
2308 1459 2579 1529 signiﬁcat
2600 1474 2709 1516 non
2737 1459 2909 1516 solum
2942 1458 3266 1520 Judasorum,
3292 1456 3387 1512 sed
3409 1456 3519 1511 hai-

1934 1550 2229 1607 reticorum
2254 1566 2425 1624 genus
2452 1552 2731 1619 callidum,
2753 1568 2862 1607 non
2888 1552 3081 1623 spiritu
3105 1549 3401 1620 sapientiae,
3422 1547 3519 1603 sed

1936 1639 2305 1710 impatientia,
2335 1656 2444 1711 quo
2465 1641 2639 1697 solent
2663 1642 3040 1698 hereticorum
3060 1640 3270 1696 fervere
3290 1640 3522 1713 primor-

1937 1733 2048 1801 dia,
2078 1741 2135 1790 et
2160 1749 2348 1806 pacem
2390 1737 2713 1805 perturbare
2753 1744 3083 1793 sanctorum.
3117 1733 3224 1790 Sed
3250 1742 3306 1789 et
3333 1748 3523 1789 omnes

1941 1823 2035 1894 qui
2059 1823 2370 1905 Christiano
2393 1825 2653 1882 vocabulo
2677 1824 2983 1903 gloriantur.
3000 1833 3056 1882 et
3075 1824 3286 1897 perdite
3312 1824 3520 1897 vivunt,

260 1892 349 1976 cui
375 1936 482 1977 non
504 1928 761 1991 appareat
786 1918 987 1975 Christi
1149 1919 1401 1993 ﬁguram,
1422 1920 1516 1991 qui
1537 1918 1837 1975 inebriatus
1863 1892 1912 1973 Β
1937 1892 2110 1986 ipsius
2142 1896 2372 1989 ﬁguram
2404 1925 2620 1988 gestare
2658 1892 2926 1972 videntur.
2970 1892 3285 1973 Passionem
3328 1892 3526 1985 quippe

263 2021 347 2068 est
372 2011 499 2066 dum
522 2026 712 2082 passus
731 2019 845 2074 est,
882 2012 1117 2089 nudatus
1139 2019 1222 2066 est
1250 2011 1378 2066 dum
1404 2004 1696 2066 cruciﬁxus
1719 2020 1805 2067 est
1822 2050 1838 2078 ,

263 2102 320 2157 in
350 2101 507 2157 domo
535 2117 659 2175 sua,
702 2100 755 2155 id
798 2108 914 2168 est,
943 2101 999 2175 in
1030 2109 1189 2172 gente
1215 2116 1335 2168 sua,
1366 2110 1421 2156 et
1450 2101 1505 2156 in
1531 2096 1842 2157 domesticis

265 2190 349 2246 sui
373 2174 666 2263 sanguinis,
691 2191 874 2271 utique
900 2174 1143 2246 Judazis?
1182 2190 1333 2247 Tunc
1359 2192 1505 2247 enim
1536 2191 1737 2248 nudata
1756 2199 1846 2247 est

264 2285 567 2339 mortalitas
592 2284 771 2340 carnis
799 2284 935 2365 ejus.
966 2282 1140 2351 Quam
1167 2284 1486 2369 nuditatem,
1510 2285 1571 2365 id
1593 2293 1697 2352 est,
1723 2299 1846 2354 pas-

264 2371 469 2428 sionem
494 2372 719 2439 Cbristi,
751 2371 937 2428 videns
964 2372 1134 2428 Cham
1164 2374 1384 2441 derisit;
1412 2383 1468 2429 et
1493 2372 1664 2429 Judaei
1690 2374 1845 2430 Chri-

265 2465 334 2521 sti
364 2473 593 2521 mortem
625 2466 901 2532 videntes,
948 2456 1435 2522 subsannaverunl.
1482 2465 1610 2523 Sem
1636 2482 1764 2523 vero
1792 2474 1848 2524 et

266 2559 478 2633 Japhet,
511 2568 768 2631 tanquam
789 2560 893 2615 duo
911 2552 1090 2631 populi
1110 2575 1176 2614 ex
1204 2546 1617 2616 circumcisione
1635 2568 1691 2615 et
1708 2575 1847 2630 prae-

264 2652 412 2725 putio
436 2652 740 2719 credentes,
768 2651 983 2722 cognita
1009 2651 1252 2706 nuditate
1284 2634 1471 2722 patris,
1498 2667 1604 2723 qua
1639 2651 1846 2724 signiﬁ-

266 2756 422 2801 catur
446 2746 627 2817 passio
662 2745 978 2813 Salvatoris,
1006 2752 1281 2801 sumentes
1320 2746 1721 2813 vestimentum,
1746 2760 1847 2817 po-

266 2845 496 2907 suerunt,
516 2851 678 2906 super
701 2838 862 2892 dorsa
887 2853 1003 2902 sua,
1031 2844 1087 2891 et
1113 2836 1379 2892 intrantes
1404 2836 1604 2903 aversi,
1623 2849 1851 2907 operuer

269 2936 395 2981 runt
436 2928 730 2983 nuditatem
772 2930 974 2999 patris,
1012 2945 1113 2986 nec
1156 2931 1409 2987 viderunt
1442 2914 1585 3001 quod
1615 2931 1850 2986 verenda

267 3015 443 3099 patris
464 3024 726 3072 texerunt.
752 3015 995 3101 Quodam
1016 3020 1162 3075 enim
1183 3006 1344 3076 modo
1362 3004 1671 3091 passionem
1695 3002 1850 3075 Chri-

268 3105 338 3159 sti
368 3096 668 3163 velamento
701 3096 933 3180 tegimus
952 3149 968 3176 ,
1000 3108 1054 3165 id
1094 3117 1208 3178 est,
1240 3119 1582 3167 sacramento
1610 3112 1850 3166 honora-

1938 2003 2164 2073 Christi,
2193 2012 2313 2077 Qua:
2339 2006 2485 2063 illius
2523 2000 2760 2063 hominis
2788 2007 3032 2063 nuditate
3074 1998 3377 2081 signiﬁcata
3402 2013 3520 2072 est,

1941 2106 1998 2157 et
2023 2098 2349 2154 annuntiant
2373 2082 2510 2155 bene
2534 2099 2858 2170 proﬁtendo,
2887 2107 2944 2155 et
2964 2084 3105 2155 male
3130 2099 3339 2172 agendo
3362 2097 3527 2152 exho-

1942 2198 2161 2247 norant.
2207 2178 2286 2247 De
2325 2190 2521 2269 talibus
2553 2207 2683 2265 ergo
2729 2192 2933 2249 dictum
2978 2200 3100 2249 est:
3142 2191 3229 2247 Ea:
3268 2190 3527 2263 fructibus

1942 2300 2122 2341 eorum
2143 2285 2463 2356 cognoscetis
2487 2302 2574 2341 eos
2596 2284 2748 2359 (Luc.
2774 2284 2873 2356 Vi).
2902 2285 3029 2342 Ideo
3053 2293 3107 2341 et
3136 2283 3306 2340 Cham
3339 2284 3395 2339 in
3419 2282 3530 2338 ﬁlio

1943 2388 2047 2431 suo
2078 2373 2399 2432 maledictus
2426 2384 2529 2442 est,
2559 2385 2817 2447 tanquam
2850 2376 2907 2433 in
2930 2377 3109 2432 fructu
3130 2391 3248 2442 suo,
3271 2374 3327 2430 id
3343 2364 3450 2441 est,
3474 2374 3528 2428 in

1944 2484 2108 2541 Opere
2132 2485 2254 2526 suo.
2287 2469 2443 2528 Unde
2468 2473 2854 2528 convenienter
2876 2479 2932 2527 et
2952 2472 3070 2542 ipse
3098 2470 3242 2526 ﬁlius
3260 2468 3378 2539 eius
3396 2468 3509 2526 Cha

1945 2580 2087 2620 naau
2104 2564 2491 2636 interpretatur
2513 2573 2685 2642 motus
2705 2579 2906 2619 eorum.
2933 2562 3088 2631 Quod
3106 2553 3236 2633 quid
3256 2569 3343 2616 est
3362 2548 3530 2627 aliud,

1947 2673 2110 2730 quam
2138 2674 2273 2730 opus
2303 2660 2532 2715 eorum?
2563 2659 2697 2716 item
2716 2659 2861 2732 quod
2880 2658 3051 2716 Cham
3071 2666 3332 2729 peccante
3348 2667 3527 2729 poste-

1946 2750 2083 2807 ritas
2111 2749 2230 2821 ejus
2255 2751 2564 2825 damnatur,
2592 2751 2862 2825 signiﬁcat
2887 2751 3031 2822 quod
3066 2750 3279 2821 reprobi
3308 2750 3403 2804 hic
3437 2750 3531 2805 de-

1946 2841 2222 2914 linquunt,
2246 2844 2342 2899 sed
2368 2843 2426 2898 in
2452 2852 2754 2914 posterum,
2798 2843 2853 2899 id
2893 2850 3010 2908 est,
3038 2844 3095 2897 in
3119 2842 3384 2907 futurum,
3410 2855 3521 2895 sen-

1949 2935 2175 2992 tentiam
2199 2935 2558 2993 damnationis
2584 2935 2882 3006 excipiunt.
2923 2934 3030 2991 Sed
3067 2942 3124 2989 et
3165 2933 3319 3004 plebs
3349 2931 3533 2987 ludant

1950 3041 2072 3098 quae
2092 3026 2380 3084 Dominum
2408 3028 2697 3094 cruciﬁxit,
2724 3029 2893 3085 etiam
2916 3026 2972 3081 in
2994 3026 3119 3081 ﬁliis
3134 3038 3352 3097 pcenam
3380 3024 3533 3078 dam-

1948 3117 2190 3176 nationis
2229 3133 2342 3174 suaa
2388 3120 2712 3176 transmisit.
2760 3119 3031 3175 Dixerunt
3071 3117 3255 3173 enim:
3305 3115 3535 3185 Sanguis

269 3192 645 3267 nilis,ejusque
663 3190 905 3270 myslerii
931 3200 1197 3255 rationem
1218 3201 1524 3268 reddentes,
1543 3186 1851 3257 ludaaorum
1886 3262 1920 3283 Ἃ
1951 3210 2066 3283 ejus
2091 3227 2248 3282 super
2270 3227 2365 3267 ηοε
2391 3221 2440 3266 ει
2476 3228 2635 3283 super
2666 3212 2807 3282 ﬁlio;
2835 3221 3039 3266 nostra:
3068 3210 3284 3281 (Manli.
3311 3207 3505 3281 xxvu).

270 3289 657 3347 detractionem
693 3292 987 3362 operimus.
1050 3291 1444 3350 Vestimentum
1482 3296 1626 3351 enim
1677 3295 1848 3365 signi-
1874 3279 1922 3345 C
1974 3279 1988 3283 ⁷
2020 3302 2095 3357 Et
2120 3279 2389 3374 factitant
2414 3279 2594 3358 omnes
2614 3279 2728 3358 dies
2754 3300 2871 3357 Noe
2896 3279 3138 3373 nongenti
3156 3279 3537 3372 quinquaginta

270 3384 397 3442 ﬁcat
428 3394 849 3454 sacramentum,
884 3388 1044 3443 dorsa
1086 3390 1403 3445 memoriam
1428 3392 1845 3461 praeteritorum,

270 3475 396 3546 quia
416 3476 723 3547 passionem
748 3466 953 3532 Christi
976 3486 1300 3533 transactam
1329 3468 1565 3535 celebrat
1584 3478 1847 3548 Ecclesia,

268 3580 381 3620 non
410 3560 583 3620 adhuc
608 3573 917 3637 prospectat
946 3564 1203 3621 futuram.
1234 3567 1437 3640 (Greg.)
1461 3556 1732 3626 Moraliter
1756 3585 1849 3625 au-

272 3663 385 3709 tem
427 3654 669 3710 aversari
712 3642 943 3713 dicimus
984 3648 1127 3728 quod
1174 3661 1544 3730 reprobamus.
1591 3661 1731 3729 Quid
1769 3671 1853 3719 est

269 3760 402 3816 ergo
428 3742 573 3816 quod
600 3730 694 3801 ﬁlii
716 3749 947 3803 verenda
966 3750 1136 3819 patris
1156 3749 1457 3820 superjecto
1478 3751 1652 3808 dorsis
1669 3742 1850 3822 pallio,

269 3834 452 3892 aversi
480 3837 755 3895 venientes
789 3839 1070 3910 operiunt,
1108 3840 1212 3897 nisi
1248 3838 1390 3912 quod
1422 3826 1579 3900 bonis
1623 3834 1854 3901 subditis

268 3926 355 3980 sic
375 3925 784 3996 praepositorum
815 3944 1034 3984 suorum
1062 3930 1200 3985 mala
1225 3930 1534 4002 displicent,
1577 3930 1638 3990 ut
1673 3936 1852 3990 tamen

273 4018 389 4072 haec
424 4016 493 4070 ab
521 4015 640 4072 aliis
668 4018 970 4075 occultent?
1010 4020 1202 4094 (Isid.)
1247 4020 1652 4094 Operimentum
1678 4022 1854 4082 aversi

275 4104 549 4173 deferunt,
577 4107 701 4178 quia
723 4107 1077 4178 dijudicantes
1104 4110 1306 4168 factum
1328 4122 1383 4170 et
1401 4126 1723 4172 venerantes
1748 4132 1856 4172 ma-

275 4196 575 4275 gisterium,
605 4184 791 4253 nolunt
820 4198 990 4257 videri
1023 4196 1167 4275 quod
1194 4212 1402 4274 tegunt.
1443 4207 1649 4266 Medius
1673 4217 1855 4264 autem

278 4274 501 4341 fratrum
532 4278 731 4355 Cham,
763 4284 817 4345 id
858 4301 969 4358 est,
1004 4274 1200 4365 impius
1240 4298 1469 4367 populus
1511 4297 1852 4368 Iudaeorum,

279 4375 400 4432 ideo
424 4372 651 4460 medius,
676 4381 801 4450 quia
828 4398 926 4438 nec
954 4385 1247 4455 primatum
1269 4376 1633 4460 apostolorum
1659 4393 1854 4460 tenuit,

280 4484 381 4524 nec
398 4456 620 4529 ultimus
645 4474 701 4529 in
733 4476 982 4546 gentibus
1008 4481 1253 4550 credidit,
1281 4456 1417 4539 vidit
1436 4485 1734 4540 nuditatem
1763 4456 1858 4556 pa;

282 4565 410 4632 tris,
459 4567 583 4637 quia
627 4570 903 4626 conSensit
947 4572 1003 4626 in
1044 4568 1232 4631 ‘neeem
1282 4576 1493 4633 Domini
1540 4577 1855 4633 Salvatoris.

1948 3397 2097 3451 anni.
2149 3395 2292 3452 Ecce
2350 3403 2475 3468 post
2520 3397 2780 3452 diluvium
2827 3396 3088 3452 treoentis
3146 3392 3536 3465 quinquaginta

1950 3490 2112 3547 annis
2156 3490 2295 3546 vixit
2344 3489 2477 3547 Nee.
2524 3490 2607 3547 Ex
2654 3505 2766 3561 quo
2798 3490 3146 3562 perspicuum
3188 3495 3278 3543 est
3316 3493 3537 3542 centum

1948 3581 2143 3654 viginti
2180 3597 2353 3639 annos
2389 3582 2730 3653 generationi
2754 3582 2852 3649 illi,
2880 3589 2942 3638 ut
2967 3580 3204 3638 diximus
3243 3592 3438 3649 supra,
3469 3575 3538 3630 ad

1948 3669 2333 3742 ptenitentiam
2365 3670 2556 3741 datos,
2597 3679 2655 3730 et
2691 3686 2802 3729 non
2836 3671 2963 3728 vitae
2992 3668 3305 3729 mortalium
3331 3667 3536 3725 consti-

1952 3769 2120 3821 tutos.

2575 3854 2808 3914 CAPUT
2845 3855 2916 3913 X.

2343 3945 2714 4005 Gensrationes
2743 3948 2977 4020 ﬁliorum
3006 3947 3144 4005 Nec.

2026 4042 2333 4099 Benedictis
2358 4042 2527 4115 igitur
2551 4044 2758 4099 duobus
2784 4041 2910 4097 ﬁliis
2939 4041 3086 4107 Noe,
3126 4048 3290 4112 atque
3312 4054 3423 4096 uno
3447 4055 3542 4097 eo-

1954 4149 2078 4189 rum
2107 4133 2287 4190 medio
2323 4134 2609 4191 maledicto
2626 4170 2642 4201 ,
2680 4134 2933 4204 deinceps
2954 4148 3145 4190 eorum
3162 4133 3542 4205 generationes

1959 4233 2246 4292 texuntur,
2299 4242 2366 4282 ex
2406 4228 2602 4297 quibus
2644 4227 2984 4298 septuaginta
3022 4228 3143 4283 dum
3186 4234 3317 4283 sunt
3353 4236 3541 4299 gentes

1950 4325 2114 4382 ortae,
2137 4317 2191 4372 id
2216 4325 2318 4383 est,
2345 4318 2652 4387 quindecim
2677 4318 2746 4374 de
2765 4316 2985 4389 Japhet,
3013 4317 3237 4389 triginta
3256 4317 3329 4372 de
3348 4316 3538 4381 Cham,

1958 4408 2149 4479 viginti
2175 4417 2383 4479 septem
2414 4410 2481 4464 de
2508 4409 2655 4466 Sem.
2742 4477 2747 4481 ι
3038 4478 3041 4479 ν

2030 4498 2178 4570 (ΟΜ).
2210 4500 2294 4570 x.)
2325 4499 2457 4554 Filii
2481 4499 2692 4570 Japltet,
2725 4498 2918 4555 Camer
2943 4508 2993 4553 et
3020 4498 3233 4569 Magog,
3254 4508 3303 4553 et
3332 4490 3539 4562 Matini,
3608 4484 3612 4493 ’

1962 4600 2010 4644 et
2031 4589 2228 4655 Javan,
2264 4599 2311 4645 et
2336 4590 2557 4657 Thubal,
2582 4601 2630 4644 et
2659 4590 2895 4644 Mosoch.
2924 4588 3191 4661 (Hierom)
3212 4588 3405 4657 Japhet
3432 4587 3543 4640 ﬁlio

281 4650 410 4710 Post
443 4652 553 4712 haec
594 4660 852 4715 nuntiavit
891 4661 1034 4747 foras
1062 4662 1334 4732 fratribus.
1369 4664 1472 4720 Per
1502 4681 1627 4721 eum
1660 4660 1859 4738 quippe
1882 4648 1939 4710 D
1967 4678 2079 4733 Noe
2124 4648 2237 4733 nati
2280 4672 2403 4733 sunt
2434 4648 2639 4747 septem
2676 4676 2805 4742 ﬁlii,
2833 4648 3311 4746 qui‘possedelruu't
3342 4683 3542 4729 terram

282 4748 627 4806 manifestum
657 4750 758 4818 est,
797 4744 941 4825 quod
971 4762 1089 4809 erat
1133 4754 1189 4809 in
1232 4754 1512 4827 prophetia
1545 4768 1810 4814 secretum
1839 4777 1854 4826 ;

282 4836 511 4917 ideoque
548 4836 609 4897 ﬁt
645 4859 833 4900 servus
867 4845 1377 4903 l'ratrum'suorum.
1423 4847 1559 4916 Quid
1603 4858 1687 4905 eSt
1714 4849 1857 4904 enim

284 4916 428 4987 aliud
450 4916 608 4989 hodie
631 4950 763 5006 gens
792 4936 925 5007 ipsa,
957 4920 1060 4992 nisi
1101 4932 1343 5009 quaedam
1388 4926 1669 4995 scriniaria
1706 4932 1862 4998 Chri-

284 5022 610 5091 stianorum,
632 5014 878 5096 heiulans
902 5018 1076 5099 legem
1096 5022 1150 5085 e't
1176 5028 1489 5102 prophetas,
1520 5018 1588 5088 ad
1616 5028 1859 5088 testimo-

285 5113 435 5170 nium
459 5116 772 5175 sisset-limuls
792 5116 1065 5190 Ecclesiae,
1093 5122 1153 5177 ut
1176 5126 1274 5178 nes
1293 5123 1619 5180 honoremus
1649 5142 1748 5197 per
1774 5141 1859 5182 sa-

286 5210 625 5266 cramentum
655 5212 798 5284 quod
825 5215 1073 5270 nuntiant
1091 5212 1163 5270 illi
1186 5222 1282 5287 per
1307 5215 1578 5272 litteram?
1599 5210 1726 5272 Post
1746 5218 1861 5273 haec

285 5290 678 5358 benedicuntur
706 5302 811 5359 du’o‘
839 5294 914 5360 illi
955 5306 1048 5376 qui
1081 5292 1378 5362 nuditatem
1419 5309 1589 5378 patris
1630 5291 1859 5364 honora-

285 5388 505 5445 terunt.
825 5413 829 5417 ·

359 5474 691 5552 Benedictus,
731 5470 924 5556 inquit,
961 5472 1218 5543 Dominus
1260 5480 1398 5544 Deus
1437 5474 1600 5558 Sam;
1627 5493 1695 5547 sit
1722 5476 1867 5551 Cha-

290 5580 431 5629 naan
458 5582 631 5655 seruus
656 5572 822 5632 illius.
847 5574 1044 5634 Dilatet
1073 5579 1215 5635 Deus
1243 5572 1431 5653 Japliet
1452 5623 1468 5650 ,
1502 5592 1552 5637 et
1579 5582 1771 5641 habitet
1811 5584 1869 5641 in

288 5662 641 5724 tabernaculis
682 5664 825 5724 Scin.
850 5664 952 5725 Hic
982 5667 1108 5725 Sem
1138 5670 1308 5740 major
1342 5680 1473 5727 natu
1491 5714 1506 5738 ,
1537 5672 1653 5745 ipse
1689 5664 1771 5730 est
1798 5690 1867 5731 ex

289 5758 400 5828 'quo
440 5764 622 5832 patres
664 5767 719 5817 et
758 5762 1032 5833 prophetae
1077 5769 1132 5818 et
1175 5764 1398 5833 apostoli
1447 5766 1684 5836 generati
1721 5774 1864 5823 sunt.

291 5844 490 5920 Japhet
514 5861 690 5908 autem
720 5852 957 5926 gentium
982 5856 1064 5910 est
1093 5861 1247 5924 pater
1272 5869 1285 5905 :
1325 5852 1414 5924 qui
1455 5855 1617 5911 etiam
1649 5854 1869 5911 latitudo

1967 4768 2022 4822 in
2046 4768 2199 4831 Asia,
2224 4768 2293 4823 ab
2318 4767 2529 4821 Amano
2555 4775 2610 4821 et
2656 4767 2833 4820 Tauro
2878 4766 3188 4837 Coelesyria:
3226 4774 3282 4821 et
3338 4763 3544 4820 Ciliciae

1966 4859 2259 4926 montibus,
2279 4874 2450 4928 usque
2471 4859 2539 4914 ad
2558 4859 2776 4915 ﬂuvium
2800 4859 3055 4926 Tanaim;
3081 4861 3135 4915 in
3160 4854 3371 4929 Europa
3391 4871 3539 4921 vero,

1965 4964 2137 5021 usque
2159 4951 2225 5004 ad
2244 4949 2477 5016 Gadara,
2500 4950 2718 5006 nomina
2744 4950 2876 5007 locis
2895 4960 2948 5005 et
2969 4952 3215 5022 gentibus
3237 4946 3542 5017 relinquen-

1967 5050 2066 5098 tes.
2093 5042 2133 5097 E
2158 5040 2352 5111 quibus
2372 5049 2557 5112 postea
2587 5042 2872 5098 immutata
2906 5052 3028 5098 sunt
3054 5040 3311 5113 plurima,
3348 5048 3543 5095 caetera

1966 5138 2285 5202 permanent
2324 5138 2384 5186 ut
2419 5131 2656 5188 fuerunt.
2702 5130 2839 5189 Sunt
2878 5142 3055 5188 autem
3087 5125 3315 5196 Camer,
3350 5128 3403 5184 id
3437 5137 3539 5194 est,

1968 5218 2201 5285 Calaue;
2230 5218 2436 5291 Magog,
2468 5214 2520 5275 id
2540 5224 2642 5286 est,
2668 5217 2912 5292 Scythae;
2939 5208 3132 5285 Madai,
3155 5219 3209 5274 id
3236 5220 3341 5284 cst,
3368 5208 3541 5283 Mcdi';

1967 5308 2160 5377 Javan,
2180 5310 2234 5365 id
2262 5319 2367 5376 est,
2382 5310 2552 5375 Iones,
2572 5312 2664 5381 Qui
2688 5316 2741 5366 et
2768 5311 2961 5375 Graeci,
2986 5310 3127 5364 unde
3148 5310 3297 5364 mare
3314 5306 3541 5364 Ionium.

1969 5400 2197 5465 Thubal,
2232 5400 2283 5455 id
2312 5410 2414 5466 est,
2445 5400 2607 5467 lberi,
2644 5402 2734 5471 qui
2772 5409 2828 5455 et
2864 5400 3121 5471 Hispani,
3151 5417 3180 5455 a
3204 5398 3400 5470 quibus
3427 5397 3546 5455 Cel—

1969 5492 2183 5559 tiberia,
2211 5486 2337 5547 licet
2366 5493 2584 5564 quidam
2623 5491 2783 5547 italos
2822 5492 3180 5562 suspicentur.
3210 5490 3427 5546 Mosocli
3447 5530 3464 5555 ,
3494 5488 3547 5542 id

1969 5590 2069 5649 est,
2102 5583 2467 5654 Cappadoces,
2497 5582 2635 5637 unde
2662 5591 2718 5637 et
2736 5583 2867 5638 urbs
2895 5582 3035 5654 apud
3063 5599 3157 5640 eos
3191 5597 3363 5653 usque
3388 5576 3547 5637 hodie

1970 5674 2224 5732 Mazecha
2251 5676 2465 5732 dicitur.
2506 5674 2675 5730 Porro
2711 5673 3061 5749 Septuaginta
3090 5672 3415 5747 interpretes
3448 5670 3547 5726 Ca-

1970 5767 2243 5838 phtliorim
2270 5766 2613 5837 Cappadoces
2648 5762 3012 5835 arbitrantur,
3052 5753 3545 5828 Tliiras'Tliraces,

1972 5868 2200 5929 quorum
2238 5872 2343 5911 non
2387 5855 2518 5913 satis
2552 5856 2893 5917 immutatum
2918 5859 3238 5917 vocabulum
3269 5862 3372 5915 est.
3420 5851 3546 5911 Scio
