3974 6442
467 357 564 412 5Ξ7

1102 354 1164 408 Β.
1206 354 1460 410 RABANI
1498 354 1720 412 MAURI
1755 352 2071 410 ARCHIEP.
2113 350 2428 408 MOGUNT.
2473 350 2760 408 OPERUM
2797 347 2981 404 PARS
3015 347 3052 400 l.

3645 341 3746 397 5%

467 453 755 523 quemdam
777 451 892 524 Gog
915 460 970 506 et
998 451 1205 525 Magog,
1234 463 1345 509 tam
1376 455 1440 510 de
1463 453 1718 524 praesenti
1741 453 1858 507 loco
1882 467 2042 522 quam
2070 455 2119 514 Α
2143 451 2370 507 Hebraeo
2396 437 2659 523 scriptum
2687 457 2771 507 est
2789 491 2804 517 ,
2845 449 3009 520 Reges
3044 446 3183 503 Saba
3211 457 3259 502 et
3285 447 3446 502 Saba.
3484 448 3737 503 Primum

467 547 533 601 de
568 545 838 611 Ezechiel,
868 544 933 600 ad
956 543 1256 600 Gothorum
1279 562 1448 616 nuper
1467 547 1523 599 in
1545 553 1691 601 terra
1716 552 1901 600 nostra
1926 545 2047 599 bac-

467 637 745 691 chantium
793 637 1406 694 historiam-retulisse:
1447 640 1592 709 quod
1632 647 1814 693 utrum
1859 653 2048 693 verum

468 730 560 795 sit,
594 729 762 802 praelii
786 729 956 800 ipsius
981 729 1088 785 line
1113 731 1519 786 monstrabitur.
1559 730 1626 784 Et
1665 739 1812 784 certe
1841 729 2046 784 Gothos

465 837 655 877 omnes
686 829 835 877 retro
863 823 1061 877 eruditi
1083 825 1254 894 magis
1277 823 1442 880 Getas
1460 840 1623 893 quam
1647 823 1761 894 Gog
1781 832 1834 878 et
1857 823 2045 894 Magog

465 911 734 980 appellare
774 922 1190 969 consueverunt.
1236 913 1331 969 Hae
1380 915 1563 983 itaque
1608 921 1813 983 septem
1859 921 2045 984 gentes

459 1016 598 1074 quas
635 1005 703 1060 de
739 1005 936 1077 Japhet
968 1008 1153 1063 venire
1197 1009 1366 1078 stirpe
1406 1017 1736 1064 memoratus
1780 1023 1932 1075 sum,
1981 1009 2048 1063 ad

462 1095 746 1166 Aquilonis
767 1106 976 1167 partem
998 1099 1260 1154 habitant.

469 1200 473 1208 '
536 1187 666 1242 Filii
693 1187 883 1245 Gomer
903 1191 1128 1245 Assenez
1157 1201 1204 1245 et
1229 1190 1454 1262 Riphath
1479 1201 1528 1246 et
1553 1191 1866 1262 Thogorma.
1889 1191 2049 1246 Asse-

465 1295 563 1335 nez
585 1280 757 1337 Graeci
781 1281 1020 1354 Reginos
1041 1292 1266 1338 vocant:
1292 1283 1529 1354 Riphath
1550 1282 1864 1354 Paﬂagones
1883 1301 1894 1336 :
1913 1283 2048 1337 Tho-

465 1388 652 1441 gorma
682 1373 942 1445 Phryges.

473 1487 476 1492 -
537 1460 668 1515 Filii
691 1471 866 1516 autem
891 1461 1085 1529 Javan,
1111 1463 1261 1519 Elisa
1288 1474 1337 1519 et
1373 1465 1624 1532 Tharsis,
1669 1474 1719 1518 et
1760 1463 1961 1519 Cethim
2001 1473 2049 1519 et

468 1551 750 1605 Dodanim.
777 1548 854 1605 Ab
882 1553 962 1606 his
989 1553 1170 1608 divisa?
1195 1566 1316 1610 sunt
1338 1555 1526 1610 insqu
1553 1557 1827 1609 nationum
1854 1557 1911 1609 in
1946 1567 2052 1610 ter-

468 1642 539 1695 ris
562 1643 694 1708 suis,
729 1646 1083 1716 unusquisque
1102 1647 1387 1701 secundum
1425 1647 1658 1717 linguam
1684 1665 1858 1713 suam,
1887 1658 1934 1701 et
1965 1664 2052 1701 co-

466 1736 766 1802 gnationem
802 1754 974 1803 suam,
998 1749 1267 1810 et-gentem
1295 1757 1466 1794 suam.
1496 1742 1572 1795 De
1595 1741 1834 1807 lonibus,
1866 1742 1920 1795 id
1943 1749 2050 1806 est,

2149 565 2343 605 nomen
2370 565 2468 619 per
2500 549 2583 604 sin
2609 558 2692 613 tv,
2738 548 3031 603 secundum
3058 560 3155 615 per
3201 543 3421 598 samech
3442 553 3506 604 ο.
3545 543 3741 597 Dadan

2148 657 2280 713 gens
2305 650 2390 697 est
2415 639 2707 710 Ethiopiae
2729 639 2784 692 in
2813 635 3141 692 Occidentali
3166 635 3342 706 plaga.

2760 749 2984 807 CAPUT
3022 748 3116 804 XI.

2149 842 2226 897 De
2256 842 2489 898 Nemrod
2521 843 2755 913 gigante,
2777 852 2846 913 Aet
2890 839 3298 913 derconfusione
3342 836 3658 908 linguarum
3682 837 3744 890 itt

2649 911 2812 966 turris
2842 912 3207 981 aediﬁcatione.

2219 999 2388 1055 Porro
2420 999 2560 1056 Chus
2584 1000 2758 1072 genuit
2783 999 3017 1052 Nemrod
3033 1018 3051 1064 ,-
3092 1001 3197 1070 ipse
3221 998 3369 1067 cwpit
3410 1011 3530 1050 esse
3556 1004 3738 1065 potens

2143 1103 2200 1151 tn
2229 1106 2388 1149 terra.
2423 1092 2493 1146 Et
2523 1102 2633 1146 erat
2657 1091 2898 1145 robustus
2927 1099 3137 1145 venator
3163 1105 3340 1143 coram
3375 1087 3640 1140 Domino.
3670 1086 3740 1140 Ab

2145 1187 2240 1240 hoc
2266 1184 2421 1238 exivit
2444 1182 2807 1252 proverbium:
2837 1180 3001 1246 Quasi
3043 1178 3275 1234 Nemrod
3312 1179 3564 1232 robustus
3595 1194 3744 1232 vena-

2145 1287 2227 1332 tor
2254 1293 2430 1332 coram
2459 1275 2701 1329 Domino.
2734 1272 2860 1326 Fuit
2883 1281 3056 1325 autem
3075 1271 3390 1341 principium
3421 1269 3578 1338 regni
3635 1267 3743 1336 ejus

2141 1369 2380 1440 Babylon
2406 1377 2455 1422 et
2480 1367 2651 1422 Araeh
2674 1376 2724 1420 et
2752 1365 2955 1428 Achad,
2981 1373 3031 1418 et
3053 1362 3323 1417 Chalanne
3348 1363 3407 1415 in
3434 1370 3588 1414 terra
3617 1357 3747 1413 Sen—

2146 1479 2298 1516 naar.
2327 1461 2405 1514 De
2433 1470 2574 1515 terra
2597 1457 2691 1512 illa
2712 1473 2947 1528 egressus
2969 1464 3046 1510 est
3085 1454 3272 1509 Assur.
3299 1452 3492 1525 (Isid.)
3523 1452 3744 1507 Primus

2142 1560 2265 1625 post
2282 1552 2541 1607 diluvium
2566 1551 2709 1605 inter
2725 1549 2971 1603 homines
2992 1545 3227 1602 Nemrod
3253 1544 3396 1598 ﬁlius
3421 1543 3581 1599 Chus
3608 1559 3740 1598 nova

2144 1645 2357 1716 imperii
2383 1644 2677 1714 cupiditate
2703 1641 3040 1713 tyrannidem
3085 1639 3338 1710 arripuit,
3381 1637 3744 1709 regnavitque

2145 1741 2198 1794 in
2222 1737 2535 1811 Babylonia,
2571 1752 2691 1806 quae
2733 1737 2801 1790 ab
2825 1750 2891 1789 eo
2919 1733 3063 1803 quod
3092 1731 3291 1786 ibidem
3316 1728 3571 1785 confusa
3616 1733 3744 1783 sunt

461 1822 692 1893 Graecis,
739 1837 1040 1884 nascuntur
1086 1831 1294 1897 Elismi,
1341 1833 1433 1902 qui
1474 1841 1740 1887 vocantur
1785 1831 2048 1887 Eolides.
2081 1825 2357 1902 Bninguae,
2396 1829 2561 1885 Babel
2597 1827 2864 1897 appellata
2899 1833 3003 1889 est,
3030 1824 3172 1895 quod
3203 1824 3604 1892 interpretatur
3630 1837 3746 1872 con-

466 1914 620 1973 Unde
652 1927 709 1974 et
734 1920 926 1990 quinta
970 1921 1152 1994 lingua
1196 1923 1450 1990 Graecia),
1501 1923 1676 1980 [Belis
1717 1925 2047 1996 appellatur,

466 2023 629 2077 quam
649 2009 728 2063 illi
753 2013 988 2081 πέμπτην
1016 2011 1269 2069 διάλεκτον
1298 2023 1514 2070 vocant.
1541 2015 1764 2070 Tharsis
1784 2014 2050 2086 Josephus

461 2096 659 2153 Cilicas
692 2100 990 2154 arbitratur
1018 2119 1030 2155 :
1068 2105 1095 2155 θ
1121 2103 1468 2172 aspirationis
1494 2103 1730 2160 litteram
1752 2145 1767 2170 ,
1797 2106 1992 2162 vitiose
2015 2120 2050 2160 a

457 2190 690 2258 posteris
717 2190 773 2244 in
803 2214 833 2247 τ
853 2192 1040 2247 dicens
1071 2193 1237 2248 fuisse
1269 2203 1600 2265 corruptam.
1651 2194 1804 2251 Unde
1839 2205 1893 2251 et
1929 2213 2048 2253 me-

444 2282 685 2352 tropolis
707 2300 900 2340 eorum
939 2285 1134 2342 civitas
1155 2287 1356 2343 Tarsus
1385 2289 1704 2361 appellatur.
1735 2291 1901 2346 Paulo
1921 2308 2050 2362 apo-

457 2373 596 2428 stolo
614 2375 867 2446 gloriosa.
893 2376 1108 2432 Cethim
1131 2388 1258 2432 sunt
1277 2379 1440 2444 Cithi,
1463 2396 1492 2435 a
1515 2383 1712 2452 quibus
1739 2383 1898 2439 hodie
1919 2399 2051 2454 quo-

456 2479 563 2534 que
591 2468 724 2523 urbs
744 2468 921 2540 Cypro
941 2471 1130 2525 citium
1153 2472 1484 2528 nominatur.
1512 2475 1796 2542 Dodanim,
1829 2476 2044 2543 Rhodii,

456 2557 532 2612 ita
554 2559 698 2614 enim
720 2559 1074 2632 Septuaginta
1096 2563 1422 2634 interpretes
1443 2568 1854 2623 transtulerunt.
1881 2569 2049 2640 Lega-

455 2665 576 2705 mus
603 2650 864 2708 Varronis
889 2654 956 2710 de
980 2654 1411 2727 Antiquitatibus
1438 2657 1622 2724 libros,
1653 2667 1707 2715 et
1729 2659 1863 2714 Sinii
1889 2661 2048 2731 Capi-

452 2745 619 2813 tonis,
648 2753 703 2802 et
723 2745 970 2802 Graecum
1010 2747 1336 2821 Phlegonta,
1383 2759 1714 2821 easterosque
1743 2753 2047 2807 eruditissi-

452 2852 571 2892 mos
592 2837 758 2904 viros,
789 2847 845 2895 et
870 2840 1173 2898 videbimus
1202 2857 1392 2898 omnes
1411 2859 1551 2914 pene
1575 2844 1779 2900 insulas
1807 2853 1860 2900 et
1880 2847 2046 2901 totius

453 2929 600 2983 orbis
629 2929 812 2984 littora
841 2939 1123 3002 terrasque
1151 2935 1288 2988 mari
1313 2935 1522 2990 vicinas
1542 2975 1558 3002 ,
1602 2935 1806 2990 Graecis
1846 2937 2046 2992 accolis

455 3029 768 3090 occupatas,
793 3022 905 3089 qui,
920 3035 981 3076 ut
1007 3038 1171 3093 supra
1195 3025 1450 3091 diximus,
1474 3026 1544 3080 ab
1561 3026 1771 3081 Amano
1791 3036 1847 3081 et
1867 3027 2045 3082 Tauro

443 3110 750 3176 montibus,
779 3112 961 3166 omnia
988 3114 1264 3170 maritima
1299 3115 1418 3172 loca
1461 3131 1632 3187 usque
1668 3117 1736 3173 ad
1767 3116 2040 3174 Oceanum

450 3204 746 3271 possedere
766 3203 1160 3261 Britannicum.

522 3292 654 3348 Filii
682 3304 855 3350 autem
885 3296 1080 3363 Cham,
1128 3298 1297 3363 Chus,
1328 3307 1378 3354 et
1408 3299 1661 3356 Mesraim
1699 3313 1746 3358 et
1787 3296 1968 3358 Phuth
1997 3313 2047 3359 et

436 3385 732 3441 rChanaan.
768 3387 914 3444 Chus
947 3405 1118 3460 usque
1156 3392 1317 3447 hodie
1361 3393 1428 3447 ab
1478 3393 1719 3450 Hebraeis
1769 3395 2047 3466 Ethiopia

452 3485 812 3546 nuncupatur,
845 3479 1094 3535 Mesraim
1123 3481 1408 3554 Egyptus,
1441 3483 1601 3539 Pluth
1633 3485 1848 3556 Lybies,
1878 3501 1910 3539 a
1940 3499 2048 3556 quo

450 3574 509 3621 et
529 3567 866 3625 Mauritaniae
887 3569 1081 3626 ﬂuvius
1103 3589 1273 3643 usque
1296 3574 1346 3627 in
1369 3590 1610 3644 praesens
1625 3575 1803 3630 Phuth
1825 3577 2042 3643 dicitur,

453 3660 740 3730 omnisque
765 3662 911 3717 circa
931 3677 1054 3717 eum
1083 3665 1231 3734 regio
1250 3663 1559 3720 Phutensis.
1583 3665 1733 3720 Multi
1753 3668 2048 3736 scriptores

455 3761 564 3807 tam
592 3751 765 3809 Graeci
792 3770 955 3825 quam
977 3755 1174 3821 Latini,
1211 3756 1368 3826 hujus
1391 3759 1472 3812 rei
1504 3767 1670 3814 testes
1695 3767 1837 3814 sunt.
1865 3759 2046 3826 Quare

452 3853 633 3900 autem
662 3847 718 3900 in
747 3862 853 3902 una
879 3855 1085 3902 tantum
1109 3849 1340 3903 climatis
1361 3859 1534 3918 parte,
1553 3851 1834 3920 antiquum
1861 3851 2045 3921 Lybite

429 3951 650 3992 nomen
677 3938 958 4003 resederit,
988 3947 1042 3993 et
1066 3939 1270 4007 reliqua
1311 3949 1454 3994 terra
1481 3950 1670 3994 vocata
1716 3941 1788 3995 sit
1824 3939 2041 4006 Africa,

451 4043 560 4082 non
591 4027 749 4097 hujus
773 4029 877 4084 loci
903 4043 1004 4083 nec
1032 4031 1289 4100 temporis
1321 4040 1423 4086 est.
1452 4032 1623 4086 Porro
1651 4031 1910 4087 Chanaan
1943 4033 2043 4088 ob-

453 4118 617 4172 tinuit
643 4127 845 4173 terram
877 4135 1043 4189 quam
1083 4120 1253 4176 Judaei
1292 4123 1543 4192 deinceps
1581 4123 1910 4178 obsederunt
1933 4123 2043 4195 eje-

428 4211 556 4265 ‘ctis
584 4210 922 4268 Chananaais.

522 4307 654 4363 Filii
683 4320 856 4365 autem
896 4311 1058 4377 Chus,
1093 4309 1238 4367 Saba
1285 4320 1335 4365 et
1377 4309 1568 4365 Hevila
1615 4321 1664 4364 et
1713 4310 1944 4366 Sabatina
1990 4322 2039 4366 et

425 4411 428 4414 ’
452 4402 652 4473 Regma
685 4413 734 4458 et
771 4403 1088 4460 Sabatacha.
1119 4402 1287 4471 Saba,
1308 4419 1341 4459 a
1367 4421 1476 4475 quo
1504 4404 1680 4461 Sabaei
1708 4423 1722 4459 :
1755 4405 1820 4460 de
1842 4405 2036 4475 quibus

419 4505 428 4514 ’
449 4493 706 4568 Virgilius
729 4516 743 4552 :

461 4605 464 4608 ’
574 4647 590 4662 .
625 4647 641 4664 .
677 4645 691 4660 .
728 4609 954 4673 Solisque
981 4615 1059 4662 est
1083 4619 1225 4661 turea
1259 4612 1399 4672 virga
1431 4607 1653 4671 Sabaeis;

447 4720 502 4769 et
525 4711 654 4767 alibi
678 4730 693 4766 :

574 4863 607 4891 ι
633 4864 647 4880 .
684 4863 700 4878 .
739 4863 754 4877 .
788 4827 1093 4891 flentumque
1118 4830 1295 4882 Sabao

414 4951 434 4962 _
569 4889 741 4940 Thure
765 4889 927 4939 calent
953 4889 1067 4940 arée.
1106 4927 1122 4940 .
1158 4929 1171 4942 .
1211 4927 1225 4941 .

415 4963 418 4965 ’
449 4973 634 5029 Hevila
661 4972 836 5028 Getuli
858 4973 910 5026 in
933 4985 1086 5044 parte
1113 4975 1419 5030 remotioris
1439 4974 1634 5032 Africae
1654 4991 1838 5032 eremo
1858 4976 2036 5031 cohae-

407 5055 410 5058 ί
449 5073 647 5119 rentes.
681 5063 941 5128 Sabatba,
971 5078 1001 5117 a
1026 5080 1132 5133 quo
1155 5063 1472 5131 Sabatheni,
1499 5067 1590 5135 qui
1616 5083 1759 5121 nunc
1781 5066 2032 5121 Astabari

434 5155 813 5208 nominantur.
844 5153 1047 5224 Regma
1077 5171 1204 5210 vero
1228 5165 1281 5210 et
1306 5155 1632 5220 Sabatacha,
1656 5157 1914 5226 paulatim
1937 5173 2032 5211 an-

449 5243 598 5311 tiqua
623 5243 883 5297 vocabula
911 5246 1214 5313 perdidere,
1237 5256 1293 5302 et
1316 5263 1435 5317 quas
1461 5264 1605 5303 nunc
1631 5264 1731 5316 pro
1759 5248 2031 5304 veteribus

450 5334 702 5396 habeant,
734 5335 1030 5406 ignoratur.
1192 5405 1197 5412 ι

448 5466 452 5472 ,
519 5422 652 5477 Filii
683 5424 880 5496 Regma
905 5445 922 5481 :
966 5427 1107 5483 Saba
1133 5441 1182 5483 et
1206 5430 1418 5484 Dadan.
1456 5429 1556 5484 Hic
1577 5429 1720 5485 Saba
1748 5445 1845 5500 per
1872 5430 1952 5485 sin
1979 5440 2033 5491 ω

451 5516 688 5572 litteram
721 5519 1004 5586 scribitur;
1034 5537 1196 5590 supra
1227 5537 1357 5577 vero
1389 5538 1482 5592 per
1504 5534 1564 5586 ε),
1595 5539 1625 5575 a
1662 5538 1765 5591 quo
1800 5525 2032 5579 diximus

449 5607 742 5680 appellatos
791 5609 1030 5667 Sabaeos.
1082 5611 1475 5681 Interpretatur
1522 5628 1651 5682 ergo
1699 5629 1840 5667 nunc
1889 5614 2028 5670 Saba

449 5699 668 5756 Arabia.
694 5699 829 5756 Nam
857 5703 913 5757 in
939 5702 1332 5772 septuagesimo
1355 5703 1530 5772 primo
1554 5703 1780 5771 psalmo,
1815 5705 1901 5757 ubi
1933 5721 2031 5761 nos

448 5793 732 5861 habemus,
763 5793 922 5863 Reges
948 5792 1180 5846 Arabum
1206 5805 1251 5848 et
1284 5793 1428 5850 Saba
1458 5813 1675 5851 munera
1706 5797 1939 5866 oﬂ’erent,
1971 5797 2025 5851 iu

2058 4539 2112 4600 D

2063 4583 2109 4662 θ’
2136 4590 2320 4662 pellati
2355 4598 2504 4656 sunt,
2534 4603 2670 4658 quos
2699 4604 2797 4643 nos
2825 4593 3081 4656 corrupte
3117 4583 3436 4642 Palaestinos
3466 4584 3729 4646 dicimus,

2145 1924 2300 1994 fusio.
2333 1921 2498 1992 Cujus
2537 1919 2866 1976 aediﬁcanda:
2891 1917 3057 1972 turris
3084 1916 3227 1970 idem
3252 1911 3500 1968 Nemrod
3541 1909 3747 1964 exstitit

2143 2029 2364 2085 auctor;
2410 2018 2612 2090 quique
2654 2030 2754 2085 pro
2797 2029 2863 2070 eo
2893 2011 3040 2084 quod
3088 2010 3232 2064 ultra
3277 2015 3542 2062 naturam
3590 2019 3742 2059 suam

2143 2111 2266 2168 coeli
2295 2111 2402 2165 alta
2429 2117 2719 2180 penetrare
2741 2103 3043 2170 contendit,
3073 2118 3180 2158 non
3197 2101 3503 2170 incongrue
3525 2096 3742 2151 diabolo

2136 2207 2510 2274 comparatur,
2537 2198 2653 2271 qui,
2678 2197 3008 2270 cogitatione
3029 2194 3209 2250 cordis
3231 2193 3315 2248 sui
3341 2193 3744 2250 intumescens,

2137 2290 2306 2362 Super
2337 2293 2515 2347 sidera
2542 2306 2602 2347 se
2627 2289 2857 2346 exaltari
2892 2286 3078 2350 voluit,
3108 2283 3162 2340 id
3189 2291 3292 2350 est,
3324 2295 3497 2352 super
3533 2295 3746 2336 omnem

2137 2377 2466 2457 potestatem
2496 2383 2811 2455 angelorum
2852 2379 2968 2434 Deo
2997 2393 3056 2433 se
3093 2389 3383 2446 coaequare
3420 2373 3745 2445 disponens,

2143 2479 2270 2534 dum
2312 2477 2487 2532 dicit:
2531 2474 2824 2530 Ascendam
2851 2488 3007 2541 super
3045 2468 3377 2524 altitudinem
3424 2467 3677 2526 nubium,
3705 2475 3748 2518 et

2141 2588 2230 2627 e-ro
2260 2570 2446 2624 similis
2473 2569 2742 2622 Altissimo
2772 2565 2906 2639 (Isa.
2940 2565 3075 2636 XIV).
3123 2561 3276 2630 Quod
3305 2571 3498 2615 autem
3546 2560 3745 2614 dicitur

2141 2670 2390 2728 venator,
2411 2660 2542 2730 quid
2558 2657 2894 2731 signiﬁcatur
2916 2658 3020 2712 hoc
3046 2655 3282 2721 nomine,
3298 2654 3408 2709 nisi
3437 2654 3749 2709 animarum

2143 2739 2538 2823 terrigenarum
2581 2751 2855 2821 deceptor,
2889 2758 2944 2804 et
2975 2749 3197 2818 capiens
3225 2747 3479 2801 homines
3504 2745 3576 2800 ad
3605 2761 3749 2799 mor-

2143 2845 2286 2901 tem?
2315 2841 2586 2915 (Hierom)
2612 2841 2877 2913 Regnavit
2907 2849 3087 2896 autem
3124 2848 3178 2895 et
3217 2839 3272 2893 in
3294 2839 3506 2903 Arach,
3541 2839 3648 2891 hoc
3670 2846 3749 2891 est

2142 2938 2198 2992 in
2226 2936 2451 3003 Edessa,
2479 2944 2535 2992 et
2565 2936 2621 2990 in
2651 2923 2863 3000 Achitd,
2895 2950 3014 3003 qua:
3043 2949 3190 2988 nunc
3214 2930 3419 2986 dicitur
3442 2928 3748 2992 Nisibis,et

2140 3027 2198 3082 in
2239 3026 2534 3094 Chalanne,
2575 3043 2695 3098 quae
2748 3034 2934 3096 postea
2974 3039 3132 3080 verso
3177 3023 3401 3078 nomine
3442 3037 3477 3075 a
3522 3019 3748 3074 Seleuco

2141 3135 2269 3190 rege
2297 3121 2443 3175 dicta
2475 3129 2558 3174 est
2586 3117 2854 3184 Seleucia,
2881 3116 2968 3173 vel
2990 3123 3142 3172 certe
3163 3129 3281 3185 quae
3306 3128 3456 3168 nunc
3484 3115 3747 3184 Irus-qam

2071 3186 2116 3249 Ο
2143 3186 2464 3283 appellatur,

2134 3339 2136 3342 μ
2212 3303 2288 3357 De
2315 3314 2455 3358 terra
2473 3302 2567 3357 illa
2601 3303 2757 3357 exivit
2799 3303 2986 3369 Assur,
3032 3310 3081 3356 et
3121 3300 3405 3371 auli/icavit
3428 3295 3668 3351 Ninicen
3700 3301 3746 3350 et

2142 3397 2414 3451 Rohoboth
2441 3395 2719 3449 civitatem.
2753 3393 2829 3449 De
2860 3396 2964 3449 hac
3005 3401 3173 3457 terra,
3198 3390 3554 3461 Assyriorum
3581 3388 3749 3458 pullu-

2140 3489 2272 3550 Iavit
2293 3487 2577 3558 imperium
2607 3486 2697 3556 qui
2730 3501 2795 3541 ex
2831 3485 3065 3540 nomine
3103 3481 3226 3538 Nini
3256 3481 3370 3536 Beli
3402 3480 3526 3547 ﬁlii,
3549 3478 3744 3533 Ninum

2141 3583 2496 3637 condiderunt
2522 3583 2714 3636 urbem
2736 3597 3008 3652 magnam,
3034 3594 3201 3650 quam
3220 3576 3439 3632 Hebraei
3459 3578 3740 3648 appellant

2139 3674 2387 3739 Niniven,
2414 3673 2482 3728 ad
2508 3672 2662 3742 cujus
2691 3673 2778 3728 vel
2822 3673 3036 3726 ruinam
3080 3671 3167 3728 vel
3201 3671 3452 3740 pteniten~
3463 3668 3596 3723 tiam
3633 3676 3744 3724 tota

2137 3764 2288 3819 Jonae
2310 3764 2547 3833 pertinet
2569 3763 2873 3834 prophetia.
2908 3763 3061 3830 Quod
3111 3770 3290 3817 autem
3317 3763 3395 3816 ait
3429 3760 3665 3817 Niniven
3693 3773 3746 3816 et

2137 3857 2424 3912 Rohoboth
2461 3856 2756 3921 civitatem,
2777 3871 2893 3911 non
2927 3863 3178 3926 putemus
3206 3857 3340 3910 duas
3371 3869 3497 3910 esse
3535 3857 3738 3922 urbes;

2139 3951 2235 4006 sed
2263 3951 2390 4019 quia
2428 3949 2714 4003 Rohoboth
2745 3947 2932 4018 plateae
2955 3949 3409 4017 interpretantur,
3442 3948 3519 4001 ita
3560 3947 3740 4018 legen-

2139 4043 2267 4098 dum
2289 4049 2408 4097 est:
2440 4051 2487 4094 et
2534 4040 2809 4109 wdiﬁcavit
2853 4039 3102 4105 Niniven,
3149 4048 3195 4092 et
3229 4040 3436 4108 plateas
3485 4041 3738 4093 ciuitatis.

2141 4129 2212 4183 Et
2252 4128 2503 4184 Mesraim
2549 4129 2724 4198 genuit
2754 4125 2947 4180 Ludtm
2989 4134 3036 4180 et
3079 4124 3328 4178 Anamim
3356 4134 3405 4177 et
3436 4121 3662 4176 Laabun
3689 4133 3737 4175 et

2142 4222 2446 4292 Nephtuim,
2482 4231 2529 4274 et
2553 4219 2856 4274 Phetrusim
2877 4229 2926 4273 et
2956 4217 3247 4284 Chasluim,
3275 4234 3303 4272 e
3327 4216 3521 4288 quibus
3545 4231 3738 4287 egressi

2139 4324 2258 4370 sunt
2294 4311 2581 4367 Philistiim
2609 4321 2656 4366 et
2685 4309 3009 4382 Caphtorim.
3035 4310 3290 4380 Exceptis
3317 4309 3542 4365 Laabim
3561 4326 3594 4363 a
3614 4309 3737 4378 qui-

2139 4408 2240 4462 bus
2269 4406 2689 4476 Lyhies'postea
2718 4403 2982 4458 nominati
3028 4410 3185 4468 sunt,
3218 4401 3313 4472 qui
3351 4401 3508 4471 prius
3539 4401 3731 4456 Phutei

2140 4497 2491 4560 vocabantur,
2529 4503 2584 4550 et
2607 4493 2882 4549 Cbasluim
2911 4494 3005 4563 qui
3035 4493 3288 4562 deinceps
3316 4489 3616 4545 Philistiim
3639 4506 3731 4560 ap-

2137 4690 2348 4739 emterae
2393 4695 2490 4736 sex
2537 4688 2726 4751 gentes
2769 4678 2966 4749 ignotae
3012 4677 3166 4732 nobis
3213 4683 3362 4741 sunt,
3410 4676 3544 4746 quia
3595 4675 3732 4730 bello

2113 4775 2445 4843 .Aitbiopico
2471 4771 2742 4827 subversae
2776 4785 2948 4840 usque
2977 4769 3046 4823 ad
3071 4767 3392 4823 oblivionem
3427 4768 3734 4837 praeterito-

2112 4881 2260 4920 rum
2285 4865 2563 4919 nominum
2584 4875 2900 4932 pervenere.
2928 4859 3293 4917 Possederunt
3316 4866 3502 4912 autem
3529 4867 3730 4914 terram

2111 5005 2113 5008 .
2138 4975 2170 5015 a
2202 4959 2368 5025 Gaza,
2396 4974 2569 5028 usque
2593 4957 2660 5012 ad
2687 4967 2962 5012 extremos
2991 4955 3127 5010 lines
3150 4951 3394 5024 IEgypti.

2205 5061 2278 5115 Et
2311 5058 2568 5116 Chanaan
2605 5061 2780 5131 genuit
2819 5059 3218 5130 primogenitum
3245 5072 3402 5112 suum
3437 5053 3728 5122 Sidam,

2134 5164 2185 5209 et
2216 5154 2517 5212 Hethazum.
2554 5164 2602 5208 et
2629 5153 2951 5217 Jebuswum,
2977 5162 3027 5206 et
3056 5151 3424 5206 Amorrhaeum
3443 5191 3473 5216 ,.
3503 5159 3555 5204 et
3604 5147 3730 5202 Ger-

2133 5262 2381 5317 gesazum,
2414 5255 2461 5299 et
2489 5244 2763 5309 Hevarum,
2783 5253 2832 5298 et
2852 5243 3152 5308 Araca’um,
3171 5250 3219 5296 et
3244 5239 3507 5305 Sinaeum,
3525 5252 3578 5295 et
3603 5242 3733 5310 Ara-

2131 5336 2302 5400 dium,
2323 5333 2675 5398 Samarwum,
2696 5341 2744 5387 et
2764 5332 3115 5387 Amatharum.
3141 5331 3217 5385 De
3239 5329 3497 5387 Chanaan
3518 5331 3730 5401 primus

2135 5433 2299 5480 natus
2325 5431 2410 5479 est
2439 5422 2626 5487 Sidon,
2655 5439 2685 5478 a
2715 5438 2820 5493 quo
2845 5422 2975 5478 urbs
3001 5422 3059 5476 in
3085 5421 3342 5476 thniee
3364 5418 3534 5476 Sidon
3567 5436 3731 5476 voca-

2137 5526 2260 5581 tur;
2304 5515 2426 5570 dein
2476 5514 2758 5578 Aracaeus,
2790 5514 2883 5582 qui
2925 5511 3098 5567 Arcas
3143 5509 3384 5566 condidit
3428 5510 3723 5581 oppidum,

2135 5615 2324 5664 contra
2353 5605 2648 5675 Tripolim,
2697 5605 2755 5659 in
2800 5603 3072 5660 radicibus
3097 5602 3291 5657 Libani
3317 5601 3506 5656 situm.
3533 5600 3583 5654 Α
3612 5615 3726 5669 quo

2133 5703 2278 5757 haud
2299 5699 2486 5770 procul
2515 5699 2616 5754 alia
2639 5698 2830 5753 civitas
2859 5694 3196 5750 luituomine
3224 5693 3363 5757 Sini,
3391 5707 3511 5762 qua:
3527 5700 3723 5763 postea

2130 5794 2282 5849 vario
2311 5801 2508 5848 eventu
2531 5793 2788 5848 subversa
2818 5789 3099 5854 bellorum,
3125 5802 3318 5843 nomen
3343 5783 3723 5842 tantummodo
