3974 6460
257 458 363 516 529

1283 455 1636 513 COMMENT.
1677 456 1745 512 IN
1781 455 2100 513 GENESIM.
2143 489 2212 498 —
2250 458 2376 513 LIB.
2415 459 2479 515 ll.

3407 464 3510 517 550

256 578 374 632 loco
403 571 695 646 pristinum
719 571 1034 627 reservavit.
1066 571 1250 628 Aradii
1292 581 1418 627 sunt
1453 573 1548 642 qui
1589 571 1828 627 Aradum
1855 576 1911 636 Α
1934 577 2253 631 scuritatem
2279 575 2428 640 facit,
2459 577 2602 646 quod
2627 591 2692 632 eo
2717 591 2914 648 genere
2943 577 3229 634 locutionis
3269 559 3512 636 contexit

260 667 488 725 insulam
517 665 899 736 possederunt,
931 674 1158 736 angusto
1197 665 1336 721 freto
1365 682 1396 719 a
1438 665 1712 722 Phoenicis
1749 667 1836 722 lit-

261 771 373 816 tore
393 766 720 830 separatam.
739 754 996 812 Samarazi
1019 757 1214 826 quibus
1233 757 1436 813 Edessa
1455 757 1650 813 nobilis
1663 758 1836 813 C(ele-

259 854 416 926 syria:
441 853 654 918 civitas,
680 850 873 906 Emath
896 864 1068 920 usque
1096 852 1167 907 ad
1190 861 1436 907 nostrum
1460 861 1694 924 tempus,
1723 864 1835 910 tam

260 964 289 1002 a
316 946 491 1019 Syriis
521 960 683 1016 quam
710 946 778 1000 ab
805 943 1065 1010 Hebraeis,
1090 945 1163 999 ita
1191 953 1249 999 ut
1277 946 1418 1016 apud
1449 955 1663 1003 veteres
1693 948 1834 1004 dicta

261 1039 446 1101 fuerat,
496 1036 814 1107 appellatur.
857 1034 1008 1090 Hanc
1035 1035 1386 1103 Macedones,
1431 1039 1525 1107 qui
1552 1046 1672 1108 post
1710 1038 1834 1095 Ale-

260 1128 522 1183 xandrum
549 1129 605 1183 in
633 1125 851 1190 Oriente
883 1135 1198 1198 regnarunt,
1238 1128 1595 1198 Epiphaniam
1627 1147 1834 1188 nuncu-

257 1230 534 1294 paverunt.
556 1219 806 1275 Nonnulli
822 1219 1163 1276 Antiochiam
1185 1221 1258 1275 ita
1280 1221 1597 1292 appellatam
1618 1232 1828 1292 putant.

257 1318 354 1371 Alii
397 1315 526 1370 licet
571 1329 678 1369 non
718 1328 870 1378 vere,
906 1320 1083 1368 tamen
1124 1313 1435 1383 opinionem
1478 1330 1630 1370 suam
1676 1317 1832 1386 quasi

256 1404 528 1462 verisimili
575 1403 836 1458 vocabulo
881 1403 1251 1469 consolantes,
1284 1405 1476 1459 Emath
1506 1406 1735 1474 primam
1763 1407 1831 1463 ab

255 1497 535 1553 Antiochia
568 1495 903 1551 mansionem
941 1495 1200 1550 Edessam
1245 1497 1593 1565 pergentibus
1641 1498 1830 1568 appel-

254 1591 346 1644 lari
369 1595 599 1659 putant;
639 1597 694 1643 et
723 1588 968 1644 eamdem
993 1603 1113 1643 esse
1133 1603 1254 1658 quae
1279 1589 1420 1658 apud
1449 1597 1659 1646 veteres
1686 1591 1831 1646 dicta

254 1682 321 1736 sit
355 1682 571 1737 Ematb.
1549 1695 1556 1702 θ

319 1771 385 1825 Et
431 1773 533 1842 fuit
567 1773 819 1827 terminus
866 1770 1318 1838 Chananteorum,
1351 1789 1383 1826 a
1429 1772 1623 1828 Sidone
1667 1775 1830 1829 donec

251 1865 420 1919 venias
450 1866 504 1918 in
542 1861 740 1918 Gerara
766 1881 930 1935 usque
957 1865 1027 1918 ad
1064 1861 1263 1920 Gazam
1306 1868 1634 1937 pergentibus
1667 1867 1829 1924 Sido-

252 1960 391 2012 niam
435 1967 482 2011 et
524 1953 887 2023 Gomorrham,
921 1967 966 2012 et
1012 1958 1268 2012 Adamam
1292 2001 1305 2024 ,
1335 1970 1382 2012 et
1421 1959 1626 2014 Seboim
1668 1977 1831 2033 usque

255 2048 405 2102 Lcsa.
438 2046 572 2114 Quia
609 2055 814 2102 caetera:
843 2047 1121 2114 civitates,
1155 2047 1320 2104 Sidon
1346 2049 1602 2106 videlicet
1635 2060 1690 2107 et
1721 2048 1830 2107 Ge-

253 2157 396 2206 rara,
425 2150 478 2194 et
507 2139 758 2205 Sodoma,
777 2149 826 2195 et
855 2139 1179 2204 Comorrha,
1205 2149 1260 2196 et
1283 2140 1582 2208 Adama,et
1611 2143 1830 2201 Seboim

249 2243 388 2289 notze
411 2243 536 2291 sunt
555 2235 826 2300 omnibus,
849 2235 952 2290 hoc
974 2243 1181 2288 tantum
1203 2235 1570 2291 annotandum
1592 2238 1828 2307 videtur,

247 2328 386 2398 quod
409 2326 545 2383 Lesa
574 2327 690 2397 ipsa
725 2329 796 2383 sit
829 2343 950 2397 quae
984 2343 1129 2383 nunc
1167 2327 1438 2384 Callirhoe
1477 2331 1707 2398 dicitur,
1738 2333 1830 2389 ubi

252 2433 399 2488 aqua:
441 2417 632 2473 calida:
675 2427 1092 2491 prorumpentes
1140 2418 1196 2473 in
1242 2433 1393 2476 mare
1432 2421 1700 2478 Mortuum
1737 2423 1831 2478 de-

249 2507 434 2564 ﬂuunt.

314 2596 443 2651 Filii
476 2595 624 2665 Sem,
652 2595 838 2653 Elam
884 2608 934 2655 et
973 2601 1169 2670 Assur,
1199 2612 1248 2658 et
1277 2603 1394 2658 Lud
1412 2645 1429 2673 ,
1465 2611 1513 2658 et
1543 2603 1829 2674 Arphaxad

246 2700 292 2745 et
321 2692 501 2746 Aram.
545 2691 614 2746 Hi
659 2693 727 2747 ab
769 2692 1041 2764 Euphrate
1068 2693 1231 2750 ﬂuvio
1255 2703 1464 2766 partem
1491 2695 1632 2750 Asiae
1658 2711 1830 2765 usque

247 2784 309 2838 ad
333 2783 576 2839 Indicum
599 2800 864 2840 oceanum
885 2793 1088 2840 tenent.
1123 2786 1221 2841 Est
1241 2797 1423 2842 autem
1445 2786 1642 2852 .lElam,
1669 2804 1698 2842 a
1722 2803 1830 2856 quo

249 2873 539 2970 Δξιὶιιωιὶιω,
574 2877 901 2970 principium
944 2877 1201 2970 Persidig.
1245 2879 1322 2934 De
1358 2877 1530 2970 Assur
1557 2889 1682 2934 ante
1717 2880 1828 2949 jam

249 2963 440 3019 dictum
473 2975 592 3031 est,
636 2966 779 3036 quod
814 2964 1012 3020 Ninum
1041 2963 1227 3022 urbem
1254 2968 1574 3023 condiderit.
1613 2969 1828 3037 Arpha-

248 3054 366 3117 xad,
396 3070 426 3109 a
449 3071 561 3124 quo
581 3051 834 3110 Chaldaei.
873 3055 1064 3111 Ludim
1083 3097 1098 3124 ,
1130 3073 1160 3112 a
1201 3073 1310 3128 quo
1340 3057 1531 3128 Lydia.
1573 3059 1769 3127 Aram,
1797 3075 1829 3114 a

250 3161 352 3215 quo
381 3145 531 3218 Syri,
558 3163 788 3217 quorum
812 3149 1126 3218 metropolis
1154 3158 1237 3205 est
1263 3151 1581 3206 Damascus.

315 3237 442 3292 Filii
473 3241 656 3305 Aram,
690 3238 761 3294 Us
788 3251 835 3295 et
861 3240 1002 3307 IIul,
1028 3252 1075 3296 et
1102 3240 1292 3297 Gather
1315 3252 1363 3297 et
1397 3242 1528 3298 Mes.
1563 3241 1658 3310 Us,
1696 3243 1830 3298 Tra-

249 3331 538 3385 chonitidis
571 3339 622 3385 et
649 3332 894 3387 Damasci
928 3333 1191 3398 conditor,
1228 3334 1370 3388 inter
1403 3333 1742 3390 Palaestinam
1772 3343 1828 3391 et

248 3421 595 3494 Coelesyriani
621 3425 792 3477 tenuit
828 3425 1211 3494 principatum,
1252 3441 1279 3478 a
1327 3439 1434 3495 quo
1477 3424 1827 3496 Septuaginta

249 3513 570 3584 interpretes
599 3514 651 3568 in
682 3514 821 3569 libro
862 3514 984 3580 Job,
1029 3515 1120 3569 ubi
1166 3516 1222 3570 in
1267 3515 1492 3570 Hebraao
1538 3517 1825 3584 scribitur,

247 3616 440 3662 terram
493 3605 599 3672 Us,
655 3609 914 3676 regionem
970 3609 1291 3674 Ausitidem,
1342 3609 1494 3678 quasi
1547 3606 1827 3665 Ussitidem

247 3700 659 3755 transtulerunt.
701 3699 836 3767 llul,
866 3718 896 3754 a
941 3717 1048 3772 quo
1089 3702 1369 3768 Armenii;
1409 3701 1632 3766 Gether,
1661 3719 1691 3756 a
1722 3719 1828 3774 quo

245 3789 568 3858 Aearnanii,
617 3795 730 3849 sive
756 3793 919 3848 Casii.
960 3793 1128 3849 Porro
1158 3795 1286 3860 Mes,
1323 3809 1420 3866 pro
1452 3810 1558 3864 quo
1601 3793 1828 3864 Septua-

247 3882 399 3952 ginta
437 3883 756 3954 interpretes
786 3884 999 3940 Mosoch
1028 3885 1310 3952 dixerunt,
1341 3886 1433 3956 qui
1462 3901 1604 3940 nunc
1632 3901 1827 3941 vocan-

251 3983 336 4027 tur
376 3972 612 4030 Meones.
660 3974 945 4045 Arphaa‘ad
987 3977 1163 4046 genuit
1208 3975 1373 4032 Sale:
1409 3985 1457 4030 et
1489 3973 1611 4030 Sale
1648 3978 1824 4047 genuit

255 4064 465 4130 Heber;
502 4075 550 4120 et
582 4065 755 4120 Heber
779 4068 887 4120 nati
907 4078 1028 4122 sunt
1055 4069 1159 4122 duo
1189 4068 1289 4137 lilii
1309 4086 1328 4123 :
1361 4086 1544 4124 nomen
1567 4071 1658 4124 uni
1680 4067 1828 4124 Plia-

251 4157 327 4228 leg
346 4199 360 4223 ,
401 4175 460 4212 eo
488 4159 626 4229 quod
654 4160 706 4213 in
737 4160 916 4214 diebus
945 4178 1058 4231 ejus
1085 4161 1252 4216 divisa
1275 4164 1342 4216 sit
1367 4170 1542 4226 terra;
1563 4172 1612 4216 et
1639 4179 1827 4218 nomen

253 4250 428 4320 fratris
473 4253 588 4322 ejus
634 4251 841 4308 Jectan.
873 4253 1051 4310 Helier
1079 4271 1109 4309 a
1145 4271 1252 4325 quo
1298 4255 1536 4322 Hebrmi,
1569 4257 1826 4314 vaticinio

252 4345 478 4412 quodam
509 4359 606 4400 suo
638 4343 746 4400 filio
771 4345 971 4418 Phaleg
999 4362 1194 4402 nomen
1234 4348 1506 4416 imposuit,
1535 4348 1626 4418 qui
1651 4349 1824 4403 inter-

250 4448 490 4508 pretatur
531 4441 748 4508 divisio,
779 4441 848 4496 ab
875 4457 941 4496 eo
972 4443 1114 4512 quod
1151 4443 1205 4496 in
1246 4441 1435 4497 diebus
1478 4439 1592 4509 ejus
1629 4441 1826 4514 linguae

253 4528 301 4584 in
327 4532 599 4603 Babylone
623 4533 808 4588 divisa:
835 4542 980 4588 sunt.

313 4624 496 4679 Jectar
534 4629 710 4698 genuit
749 4626 1046 4693 Elmodad,
1078 4637 1124 4681 et
1170 4625 1390 4696 Saleph,
1431 4635 1477 4679 et
1509 4627 1823 4694 Asarmotlt,
1849 4671 1904 4732 Β

251 4717 368 4772 lare
397 4728 443 4772 et
467 4717 712 4771 Aduram
739 4727 786 4770 et
819 4715 972 4780 υκαι,
999 4726 1045 4772 et
1075 4715 1238 4770 Decla
1257 4757 1272 4782 ,
1315 4726 1362 4770 et
1410 4715 1575 4781 Ebal,
1623 4725 1670 4769 et
1699 4715 1825 4769 Abi-

251 4809 433 4875 mahel,
459 4806 607 4864 Saba
635 4820 684 4865 et
724 4807 920 4881 Ophir,
967 4818 1015 4864 et
1049 4808 1267 4876 Hevila,
1311 4819 1362 4864 et
1389 4808 1580 4863 Jobab.
1621 4807 1823 4864 Harum

235 4903 485 4970 gentium
511 4904 808 4974 posteriora
834 4903 1052 4959 nomina
1078 4903 1322 4957 invenire
1361 4917 1468 4958 non
1513 4901 1683 4972 potui,
1731 4901 1824 4955 sed

255 5007 416 5063 usque
443 4995 498 5048 in
525 5009 764 5064 przesens
794 4995 920 5064 quia
945 4993 1188 5064 procula
1227 4994 1384 5050 nobis
1424 5002 1578 5060 sunt,
1623 4993 1709 5048 vel
1750 4994 1824 5048 ita

257 5096 510 5140 vocantur
541 5093 602 5139 ut
620 5086 853 5156 primum
882 5086 968 5141 vel
997 5101 1116 5156 quae
1139 5087 1420 5142 immutata
1440 5087 1548 5141 sint
1567 5088 1821 5158 ignoran-

261 5183 356 5233 tur.
387 5177 749 5234 Possederunt
791 5187 970 5233 autem
1015 5194 1046 5232 a
1095 5178 1364 5249 Coephere
1405 5179 1568 5235 ﬂuvio
1610 5196 1825 5236 omnem

217 5273 226 5280 '
260 5266 410 5323 Indiae
441 5269 716 5341 regionem
745 5285 864 5339 quae
889 5277 1117 5324 vocatur
1140 5269 1340 5324 Hieira.

227 5365 230 5368 ’
329 5358 454 5413 Erat
484 5370 656 5414 autem
701 5368 838 5414 terra
867 5359 992 5414 labii
1027 5361 1184 5414 unius
1213 5369 1262 5415 et
1290 5377 1586 5414 sermonum
1620 5377 1829 5414 eorum-

260 5449 387 5504 dem.
413 5451 546 5506 Erat
570 5458 772 5517 autem,
803 5451 998 5520 inquit,
1025 5453 1202 5507 omnis
1231 5461 1389 5506 terra:
1415 5451 1616 5506 labium
1637 5467 1822 5506 unum.

261 5537 531 5606 Quomodo
555 5550 733 5614 potest
774 5543 1030 5612 intelligi,
1075 5544 1290 5613 quando
1330 5544 1578 5613 superius
1622 5543 1826 5599 dictum

264 5641 343 5684 est
365 5633 503 5702 quod
533 5633 628 5688 ﬂlii
657 5633 770 5689 Noe
807 5633 893 5688 vel
937 5633 1167 5689 ﬁliorum
1197 5635 1314 5705 ejus
1339 5635 1611 5690 distributi
1648 5642 1828 5690 essent

263 5737 356 5792 per
384 5733 600 5791 terram,
623 5726 917 5782 secundum
945 5727 1116 5780 tribus
1143 5736 1198 5781 et
1224 5727 1518 5782 secundum
1543 5735 1749 5798 gentes,
1772 5733 1828 5780 et

242 5815 549 5871 secundum
577 5818 784 5889 linguas
812 5834 939 5872 suas
966 5834 980 5884 ;
1015 5819 1117 5872 nisi
1147 5819 1272 5888 quia
1304 5834 1402 5889 per
1429 5819 1830 5888 recapitulatio—

269 5921 385 5960 nem
429 5918 609 5965 postea
651 5918 1037 5966 commemorat
1062 5910 1204 5964 ouod
1239 5911 1389 5975 prius
1414 5911 1574 5966 erat?
1607 5911 1701 5966 sed
1727 5911 1826 5965 ob-

1938 667 2062 733 ista,
2105 667 2260 736 quasi
2303 668 2542 723 narratio
2575 668 2642 724 de
2685 669 2770 725 bis
2813 686 2932 740 quae
2966 679 3154 742 postea
3197 671 3340 727 facta
3387 681 3514 728 sunt

1936 767 2319 830 consequatur.

2006 848 2238 922 Cumque
2288 853 2739 922 proﬁciscerentur
2783 855 2847 909 de
2896 853 3148 920 Oriente,
3208 856 3514 912 inuenerunt

1932 959 2175 1012 campum
2195 945 2250 998 in
2271 953 2411 999 terra
2434 945 2697 1014 Sennaar,
2717 957 2766 1002 et
2789 947 3149 1002 habitaverunt
3168 949 3223 1001 in
3244 964 3324 1002 eo.
3349 947 3516 1004 Dixit-

1930 1053 2031 1106 que
2052 1035 2185 1090 alter
2205 1038 2274 1091 ad
2288 1039 2584 1108 proximum
2606 1057 2756 1094 suum
2771 1053 2790 1091 :
2821 1039 3022 1106 Venite,
3044 1039 3302 1110 faciamus
3327 1040 3514 1096 lateres

1933 1139 1981 1184 et
2011 1147 2293 1201 aequemus
2314 1149 2400 1186 eos
2427 1133 2555 1203 igni.
2585 1132 2992 1204 Habueruntque
3018 1132 3204 1187 lateres
3226 1150 3322 1204 pro
3343 1134 3512 1200 saxis,

1931 1230 1981 1274 et
2006 1221 2234 1276 bitumen
2252 1239 2346 1292 pro
2374 1233 2706 1288 cremento,“
2727 1224 3002 1278 dixerunt:
3034 1222 3229 1290 Venite,
3255 1224 3514 1294 faciamus

1932 1311 2078 1366 nobis
2117 1313 2410 1379 civitatem,
2453 1323 2501 1368 et
2544 1314 2754 1380 turrim,
2787 1314 2938 1383 cujus
2968 1330 3220 1368 cacumen
3253 1315 3513 1385 pertingat

1933 1408 2002 1461 ad
2036 1408 2260 1473 caelum;
2300 1419 2346 1462 et
2377 1408 2691 1462 celebremus
2728 1425 2912 1462 nomen
2941 1417 3196 1473 nostrum,
3235 1418 3517 1478 antequam

1932 1497 2234 1552 dividamur
2262 1500 2319 1552 in
2348 1500 2614 1554 universas
2643 1509 2830 1562 terras,
2856 1507 2910 1554 et
2935 1498 3160 1569 reliqua.
3189 1498 3377 1554 Turris
3403 1501 3520 1554 haec

1932 1589 2244 1658 superbiam
2268 1587 2427 1658 hujus
2450 1590 2633 1644 mundi
2659 1589 2945 1659 signiﬁcat,
2972 1589 3058 1645 vel
3084 1589 3248 1658 impia
3268 1590 3519 1660 dogmata

1932 1680 2331 1735 haereticorum.
2365 1681 2468 1747 Qui
2491 1689 2776 1751 postquam
2807 1681 2938 1736 moti
2966 1691 3122 1746 sunt,
3163 1681 3230 1735 ab
3256 1679 3480 1736 Oriente
3502 1721 3515 1744 ,

1931 1770 1987 1826 id
2015 1779 2117 1835 est,
2144 1787 2276 1826 vero
2305 1771 2506 1825 lumine
2536 1778 2906 1838 recesserunt;
2934 1781 2989 1828 et
3007 1780 3272 1828 venerunt
3295 1772 3351 1825 in
3374 1787 3517 1826 cam-

1931 1877 2060 1932 pum
2103 1863 2376 1929 Sennaar,
2421 1864 2512 1932 qui
2557 1863 2940 1932 interpretatur
2984 1864 3220 1918 excussio
3258 1862 3513 1916 dentium.

1857 1943 1906 2004 Β
1936 1958 2132 2016 Statim
2163 1961 2423 2016 adversus
2450 1960 2618 2014 Deum
2647 1958 2936 2027 impietatis
2972 1973 3084 2013 suae
3111 1955 3380 2011 aedificant
3403 1964 3516 2010 tur-

1931 2051 2037 2107 rim
2057 2093 2072 2117 ,
2119 2067 2184 2106 ac
2214 2051 2522 2121 dogmatum
2563 2051 2869 2120 superbiam
2900 2049 3106 2104 nefario
3145 2064 3278 2102 ausu
3306 2047 3515 2101 conlin-

1931 2151 2084 2214 gunt,
2115 2143 2357 2199 volentes
2385 2143 2699 2198 curiositate
2746 2157 2852 2196 non
2887 2141 3032 2196 licita
3062 2141 3229 2212 ipsius
3255 2139 3378 2196 coeli
3403 2139 3516 2194 alta

1930 2242 2237 2306 penetrare.
2290 2233 2396 2289 Sed
2433 2235 2573 2290 sicut
2609 2233 2685 2288 illi
2713 2248 2809 2302 per
2843 2231 3151 2301 superbiam
3181 2231 3250 2285 ab
3276 2245 3383 2284 una
3415 2229 3518 2284 lin-

1929 2342 2034 2399 gua
2064 2328 2117 2381 in
2140 2327 2338 2382 multas
2366 2327 2522 2382 divisi
2564 2335 2719 2391 sunt,
2751 2326 2821 2380 ita
2849 2334 2900 2380 et
2940 2324 3178 2380 haeretici
3210 2324 3278 2378 ab
3309 2323 3516 2377 unitate

1932 2419 2082 2485 fidei,
2107 2420 2446 2476 confessione
2471 2420 2757 2490 segregati,
2788 2420 2928 2473 inter
2949 2433 3007 2474 se
3033 2418 3346 2474 diversitate
3368 2431 3518 2472 erro-

1929 2509 2028 2575 ris,
2053 2511 2206 2579 quasi
2232 2526 2329 2582 per
2365 2511 2756 2566 dissonantiam
2797 2509 3027 2579 linguae,
3073 2507 3303 2563 invicem
3333 2521 3516 2563 secer-

1929 2608 2172 2667 nuntur;
2213 2609 2268 2656 et
2290 2617 2427 2673 quos
2449 2607 2624 2655 armat
2653 2600 2912 2655 adversus
2929 2599 3098 2653 Deum
3119 2598 3276 2652 elatae
3303 2597 3519 2666 conspi—
3561 2631 3566 2635 ς

1931 2692 2158 2748 rationis
2204 2693 2510 2762 perniciosa
2556 2691 2872 2756 consensio,
2913 2705 3101 2746 rursus
3150 2689 3518 2745 intercedente

1931 2785 2242 2854 dogmatum
2264 2785 2555 2849 discordia,
2582 2783 2772 2838 dividit
2793 2783 2981 2837 oborta
3004 2779 3512 2852 repenteconfusio.

1931 2875 2076 2944 Quos
2108 2877 2326 2947 quidem
2353 2877 2467 2947 ipsa
2499 2876 2736 2931 Trinitas
2782 2877 3000 2930 damnat
3041 2875 3097 2929 in
3137 2888 3297 2944 quam
3345 2873 3514 2927 offen-

1931 2968 2102 3034 dunt;
2144 2968 2262 3039 ipsa
2285 2982 2379 3023 eos
2409 2967 2667 3038 dispergit
2695 2966 2823 3020 dum
2852 2965 3021 3020 dicit:

2016 3055 2212 3124 Venite,
2240 3057 2626 3128 confundamus
2658 3055 2863 3126 linguas
2904 3070 3115 3121 eorum,
3162 3054 3219 3108 in
3257 3053 3518 3108 varietate

1931 3154 2116 3225 utique
2142 3153 2345 3209 erroris
2372 3154 2486 3209 sive
2514 3153 2887 3208 schismatum.
2924 3149 3263 3207 Descendere
3289 3148 3405 3212 Dei,
3436 3155 3518 3202 est

1933 3246 2202 3300 humanus
2237 3253 2388 3300 actus
2433 3244 2702 3314 inSpicere
2725 3285 2741 3310 ,
2780 3242 2864 3298 vel
2900 3257 3088 3297 eorum
3118 3240 3365 3296 sensibus
3391 3255 3518 3309 pro-

1932 3338 2220 3408 pinquare.
2252 3336 2409 3404 Quod
2437 3352 2566 3392 vero
2590 3335 2786 3406 plurali
2812 3350 3039 3389 numero
3062 3332 3197 3388 dixit
3218 3331 3518 3387 Descendu-

1931 3445 2066 3491 mus,
2095 3435 2152 3481 et
2179 3427 2374 3482 iterum
2420 3426 2698 3497 singulari.
2741 3422 2992 3492 Confudit
3033 3424 3290 3478 Dominus
3317 3421 3514 3476 labium

1931 3522 2188 3575 universte
2210 3530 2384 3585 terras,
2403 3519 2749 3574 distinctione
2769 3533 3120 3589 personarum
3139 3524 3383 3572 sanctam
3405 3514 3521 3570 Tri-

1930 3614 2156 3667 nitatem
2192 3620 2248 3667 et
2286 3611 2616 3682 operationis
2643 3611 2908 3665 unitatem
2936 3609 2993 3664 in
3017 3608 3302 3678 majestate
3334 3607 3517 3663 divina

1930 3706 2099 3761 voluit
2121 3705 2431 3771 ostendere,
2458 3705 2602 3760 sicut
2624 3704 2681 3758 in
2711 3702 2936 3758 exordio
2956 3701 3206 3756 humana:
3225 3698 3518 3754 creationis

1930 3797 2132 3854 dictum
2159 3805 2268 3852 est:
2294 3795 2579 3850 Faciamus
2605 3795 2864 3850 hominem
2893 3794 2962 3848 ad
2989 3793 3269 3863 imaginem
3297 3800 3345 3845 et
3366 3791 3515 3845 simi-

1929 3889 2201 3943 litudinem
2234 3898 2483 3954 nostram,
2517 3895 2572 3943 et
2605 3888 2841 3942 iterum:
2879 3883 3029 3939 Fecit
3063 3884 3321 3938 Dominus
3347 3883 3517 3936 homi-

1929 3997 2045 4035 nem
2074 3980 2143 4034 ad
2170 3979 2566 4034 similitudinem
2591 3995 2763 4043 suam,
2789 3986 2849 4032 ut
2879 3976 3116 4031 Trinitas
3149 3976 3202 4028 in
3237 3974 3515 4044 personis,

1927 4078 1984 4126 et
2008 4070 2189 4125 unitas
2215 4071 2268 4124 in
2297 4065 2537 4140 potentia
2575 4084 2697 4125 esse
2738 4068 3010 4123 credatur.
3062 4066 3120 4120 Si
3155 4065 3278 4136 quis
3320 4064 3517 4134 quaerit

1927 4163 1984 4216 in
2029 4176 2136 4233 qua
2170 4161 2376 4216 familia
2412 4161 2499 4214 illa
2547 4159 2846 4231 permansit
2887 4157 3065 4229 lingua
3100 4172 3219 4226 quae
3263 4154 3517 4225 primitus

1927 4254 2098 4309 Adam
2121 4253 2246 4308 data
2281 4254 2407 4317 fuit,
2452 4253 2588 4308 sciat
2617 4249 2872 4306 credibile
2900 4264 3018 4304 esse
3058 4247 3199 4317 quod
3225 4247 3280 4300 in
3310 4244 3516 4300 familia

1927 4344 2123 4410 Hebcr,
2151 4361 2219 4400 ex
2253 4360 2360 4415 quo
2391 4343 2603 4398 Hebraei
2635 4343 2764 4398 dicti
2789 4350 2934 4405 sunt,
2964 4341 3016 4394 in
3053 4355 3114 4394 ea
3147 4346 3299 4409 parte
3337 4336 3516 4392 homi-

1927 4452 2056 4491 num
2081 4452 2186 4506 qua
2215 4436 2312 4490 Dei
2346 4437 2525 4506 portio
2551 4435 2875 4505 permansit,
2922 4433 2976 4488 in
3023 4449 3127 4502 qua
3166 4439 3220 4485 et
3268 4430 3516 4488 Christus

1927 4529 2233 4583 nasciturus
2261 4535 2396 4582 erat.
2427 4526 2679 4597 Oportuit
2715 4526 2860 4580 enim
2889 4532 2947 4578 ut
2974 4525 3028 4577 in
3061 4539 3124 4577 ea
3157 4523 3336 4594 lingua
3369 4523 3517 4577 salus

1928 4621 2128 4674 mundo
2151 4619 2539 4689 praedicaretur
2562 4617 2760 4686 primo,
2786 4629 2884 4683 per
2905 4629 3066 4682 quam
3085 4613 3318 4681 primum
3349 4611 3515 4666 intra-

1928 4722 2083 4767 verat
2110 4727 2259 4766 mors
2287 4711 2342 4765 in
2371 4709 2652 4764 mundum.
2685 4705 2932 4762 Ostendit
2975 4718 3188 4773 quoque
3233 4701 3422 4756 titulus
3460 4702 3514 4756 in
3550 4743 3562 4773 ε

1930 4819 2092 4860 cruce
2116 4803 2412 4859 Salvatoris
2441 4801 2693 4870 scriptus,
2731 4800 2872 4853 hanc
2900 4811 3021 4852 esse
3041 4795 3283 4850 omnium
3307 4792 3516 4864 lingua-

1930 4912 2050 4951 rum
2076 4896 2328 4966 primam.
2351 4893 2483 4948 ltem
2512 4892 2558 4947 si
2585 4906 2744 4961 quem
2764 4898 2945 4946 movet
2966 4888 3070 4944 hoc
3091 4888 3235 4960 quod
3255 4887 3516 4956 scriptum
3553 4893 3568 4970 ζ

1930 4995 2014 5043 est
2041 4988 2096 5042 in
2126 4984 2529 5056 superioribus:
2576 4983 2842 5054 Requievit
2885 4981 3028 5036 Deus
3068 4981 3152 5033 die
3195 4979 3410 5050 septimo
3449 4977 3515 5032 ab

1932 5078 2169 5134 omnibus
2196 5077 2433 5148 operibus
2463 5079 2574 5132 suis
2599 5073 2752 5146 (Gen.
2784 5073 2849 5145 ι),
2873 5074 3014 5129 unde
3039 5073 3217 5128 subito
3245 5078 3394 5127 tanta
3422 5084 3518 5142 ap-

1933 5181 2151 5242 pareret
2186 5171 2472 5226 diversitas
2517 5171 2851 5242 linguarum,
2887 5176 2946 5221 ut
2982 5173 3272 5236 cognoscat
3312 5179 3422 5220 non
3459 5163 3516 5219 in

1934 5268 2036 5322 hac
2063 5267 2326 5322 divisione
2351 5265 2656 5335 linguarum
2686 5277 2881 5317 novum
2917 5261 3046 5329 quid
3084 5260 3317 5315 condere
3353 5257 3517 5319 Crea-

1934 5367 2129 5422 torem,
2161 5355 2257 5411 sed
2285 5355 2498 5410 dicendi
2528 5354 2714 5409 modos
2751 5362 2805 5407 et
2849 5351 3051 5405 formas
3088 5352 3145 5406 in
3179 5351 3410 5407 diversis
3437 5351 3516 5406 lo-

1931 5446 2210 5517 quelarum
2244 5445 2529 5516 generibus
2571 5444 2768 5499 divisit.
2805 5443 2956 5498 Unde
2993 5442 3211 5498 easdem
3257 5442 3510 5514 syllabas,

1935 5548 1992 5596 et
2028 5538 2268 5606 ejusdem
2314 5538 2597 5608 potestatis
2636 5536 2876 5601 litteras,
2904 5535 3060 5590 aliter
3101 5534 3414 5605 conjunctas
3458 5535 3514 5589 in

1935 5631 2163 5686 diversis
2193 5630 2496 5685 invenimus
2533 5628 2772 5699 gentium
2818 5627 3036 5697 linguis.
3084 5625 3236 5696 Sazpe
3271 5627 3434 5681 etiam
3460 5633 3515 5678 et

1934 5724 2123 5780 eadem
2150 5723 2365 5777 nomina
2401 5719 2484 5774 vel
2512 5720 2676 5774 verba
2718 5718 2861 5772 aliud
2895 5717 3112 5788 quidem
3154 5714 3510 5788 significantia

1935 5817 1989 5870 in
2019 5815 2122 5869 alia
2167 5815 2368 5884 lingua,
2412 5821 2573 5880 atque
2601 5809 2829 5864 aliudoin
2877 5809 3001 5862 alia.
3049 5807 3151 5862 Ubi
3195 5806 3423 5860 dicimus
3455 5804 3512 5860 in

1934 5908 2178 5962 psalmo:
2218 5906 2284 5960 In
2312 5905 2453 5973 virga
2499 5902 2666 5973 ferrea
2701 5899 2880 5972 (Psal.
2912 5899 3006 5969 ιι),
3054 5899 3105 5952 in
3135 5897 3322 5952 Graeco
3352 5895 3512 5949 habet

3548 4765 3560 4819 ε

3549 4845 3557 4871 ι
