3974 6480
303 414 413 479 us
1335 416 1689 479 ωκιεωφ.
1727 414 1799 477 ill
1832 416 1884 477 Gl

1986 418 2147 476 BSIM.
2197 449 2259 460 η-
2296 417 2422 474 un.
2462 417 2523 474 ιι.
3444 416 3551 482 κῃ

304 552 559 613 egressus
591 530 775 593 estde
814 542 959 590 terra
999 532 1406 601 Chaldaeorum,
1441 542 1497 593 et
1537 535 1800 591 habitavit
1822 536 1875 592 in
1902 538 1957 600 Α
2051 534 2307 606 Egressus
2354 543 2426 589 est
2468 535 2641 606 itaque
2668 533 2931 589 Abraham
2975 536 3109 591 sicut
3147 548 3461 609 praeceperat
3503 541 3555 596 si

304 633 509 689 Harsa.
553 629 613 685 in
655 628 833 686 medio
871 637 1068 694 autem,
1116 629 1170 684 id
1197 638 1300 694 est,
1331 629 1776 702 iuteregressum
1806 632 1873 687 de
1977 624 2259 691 Dominus,
2304 636 2353 681 et
2387 625 2476 681 irit
2521 642 2639 680 cum
2682 643 2743 681 eo
2781 625 2898 681 Lot.
2942 624 3286 700 Septuaginta
3327 632 3554 703 quinque

303 734 453 782 terra
475 722 882 787 Chaldaeorum,
913 727 968 776 et
991 720 1376 777 habitationem
1397 722 1452 776 in
1472 721 1682 788 Haran,
1720 722 1770 778 ei
1799 722 1876 777 lo-
1975 722 2097 773 etat
2135 728 2397 773 amatam
2437 711 2669 777 Abram.
2709 727 2827 766 cunt
2866 711 3195 783 egrederetur
3227 714 3295 769 de
3338 713 3550 773 Han-an.

300 826 463 872 cutus
507 822 595 873 est
622 813 782 870 Deus.
807 812 1000 868 Postea
1036 829 1166 869 vero
1202 815 1344 884 quod
1381 814 1624 889 adjungit
1651 813 1878 886 Stepha-

1986 801 2098 859 Non
2125 804 2513 859 contemnenda
2540 810 2624 859 est
2651 802 2821 875 igitur
2842 801 2936 859 illa
2962 802 3311 861 Hebraeorum
3335 807 3555 864 traditio

301 927 408 966 nus
430 949 446 975 ,
490 907 558 962 Et
577 906 701 960 inde
724 913 995 977 postquam
1022 913 1256 961 mortuus
1282 915 1359 960 est
1377 916 1525 977 pater
1548 907 1680 978 ejus,
1711 906 1877 964 collo-

1986 908 2142 963 quam
2156 910 2318 965 supra
2339 894 2590 959 diximus,
2612 896 2757 965 quod
2779 910 3033 968 egressus
3048 898 3121 955 sit
3143 897 3322 957 Thara
3347 914 3473 955 eum
3493 899 3557 955 ii.

300 1002 437 1058 cavit
469 999 622 1055 illum
666 1000 719 1057 in
759 1006 899 1051 terra
934 996 1032 1051 hac
1055 1039 1071 1066 ,
1107 996 1421 1053 intuendum
1460 1007 1544 1054 est
1588 999 1731 1069 quod
1769 1014 1879 1056 non

301 1094 439 1151 dixit
465 1110 479 1146 :
513 1098 795 1162 postquam
819 1096 1061 1145 mortuus
1085 1098 1169 1145 est
1188 1098 1340 1161 pater
1362 1089 1495 1159 ejus,
1522 1107 1771 1161 egressus
1797 1101 1882 1148 est

301 1188 371 1242 de
400 1185 601 1247 Haran,
628 1184 721 1239 sed
746 1181 879 1240 Inde
906 1182 1172 1236 collocavit
1197 1200 1313 1237 eum
1344 1183 1480 1239 Deus
1508 1185 1563 1238 in
1591 1191 1727 1239 terra
1758 1184 1877 1253 hac,

300 1287 360 1332 ut
390 1283 516 1346 post
548 1273 936 1329 habitationem
961 1274 1012 1328 in
1038 1273 1217 1329 Harsa
1238 1314 1252 1339 ,
1288 1273 1642 1330 collocaretur
1660 1277 1713 1330 in
1736 1283 1880 1332 terra

300 1371 580 1433 Chanaan,
609 1380 717 1420 non
740 1373 860 1435 post
879 1372 1108 1420 mortem
1130 1364 1300 1434 patris
1332 1365 1623 1421 collocatus
1650 1367 1705 1421 in
1735 1374 1880 1422 terra

299 1463 583 1524 Chanaan,
607 1465 669 1512 ut
687 1458 821 1512 ordo
841 1455 1127 1510 verborum
1158 1455 1227 1511 sit
1255 1475 1267 1510 :
1292 1455 1564 1512 Habitavit
1590 1459 1645 1511 in
1669 1456 1878 1526 Haran;

299 1565 358 1609 et
388 1553 512 1613 inde
536 1548 821 1605 collocavit
846 1548 995 1601 illum
1018 1546 1075 1602 in
1097 1557 1242 1602 terra
1269 1548 1369 1604 hac
1386 1590 1399 1615 ,
1423 1558 1709 1620 postquam
1734 1565 1882 1606 mor-

302 1655 430 1699 tuus
456 1653 541 1700 est
574 1654 730 1715 pater
759 1643 906 1713 ejus,
938 1650 999 1696 ut
1023 1650 1152 1696 tunc
1178 1640 1535 1712 intelligamus
1566 1642 1881 1697 collocatum

299 1740 386 1793 vel
413 1737 765 1793 constitutum
804 1736 1005 1791 Abram
1054 1736 1108 1790 in
1154 1744 1298 1791 terra
1341 1735 1620 1803 Chanaan,
1671 1737 1884 1807 quando

302 1830 411 1884 illic
438 1846 557 1885 eum
585 1837 834 1898 nepotem
863 1829 1137 1897 suscepit,
1171 1828 1326 1898 cujus
1351 1830 1661 1884 universum
1699 1844 1884 1885 semen

1977 987 2068 1045 liis
2091 988 2203 1044 suis
2223 989 2289 1043 de
2312 989 2432 1059 igne
2450 988 2844 1058 Chaltieomm,
2872 1001 2929 1047 et
2947 994 3092 1063 quod
3112 991 3315 1049 Abram
3331 993 3559 1064 Babylo.

1980 1079 2074 1141 nio
2097 1080 2327 1137 vallatus
2350 1080 2618 1148 incendio,
2644 1084 2772 1153 quia
2798 1083 2931 1141 illud
2948 1087 3179 1143 adorare
3193 1088 3427 1154 nolebat,
3460 1086 3556 1144 Dei

1980 1176 2053 1232 sit
2071 1176 2273 1232 auxilio
2297 1177 2575 1244 liberatus,
2596 1185 2653 1237 et
2668 1195 2733 1236 ex
2752 1179 2847 1236 illo
2873 1189 3116 1253 tempore
3139 1182 3188 1238 ei
3208 1184 3325 1240 dies
3350 1186 3474 1240 vita;
3500 1193 3556 1242 et

1983 1276 2194 1339 tempus
2220 1277 2498 1339 repetetur
2524 1272 2719 1338 aetatis,
2749 1287 2817 1328 ex
2836 1287 2944 1342 quo
2966 1273 3244 1332 confessus
3264 1283 3349 1335 est
3376 1276 3558 1334 Domi-

1982 1373 2134 1423 num,
2158 1373 2418 1428 spernens
2443 1361 2587 1417 idola
2609 1361 3000 1419 Chaldaeorum.
3026 1365 3213 1422 Potest
3235 1374 3415 1423 autem
3442 1366 3558 1425 ﬁeri

1981 1457 2045 1503 ut
2065 1450 2191 1519 quia
2221 1448 2501 1520 Scriptura
2526 1451 2742 1523 reliquit
2766 1454 3028 1509 incertum
3046 1496 3060 1521 ,
3088 1463 3217 1511 ante
3242 1470 3447 1527 paucos
3465 1472 3562 1512 an-

1935 1577 1940 1585 .
1984 1555 2085 1595 nos
2114 1540 2288 1596 Thara
2310 1542 2377 1596 de
2401 1539 2650 1598 Chaldasa
2691 1544 2967 1614 profectus
3003 1546 3214 1601 venerit
3253 1545 3307 1600 in
3337 1544 3518 1601 Hann
3543 1587 3559 1611 ,

1984 1644 2091 1699 qua
2118 1638 2294 1687 morte
2318 1632 2515 1698 obiret,
2561 1633 2645 1688 vel
2682 1641 2828 1691 certe
2857 1634 3041 1690 statim
3080 1644 3202 1705 post
3234 1637 3563 1707 persecutio-

1983 1734 2110 1779 nem
2142 1721 2196 1779 in
2221 1720 2403 1785 Haran
2423 1723 2652 1788 venerit,
2678 1729 2733 1780 et
2764 1724 2839 1783 ibi
2864 1725 3064 1781 diutius
3090 1726 3161 1780 sit
3190 1735 3451 1782 morante.

2058 1811 2411 1883 Apparuitque
2448 1812 2702 1873 Dominus
2729 1813 2924 1871 Abram
2961 1823 3013 1871 st
3050 1815 3182 1871 dixit
3206 1816 3255 1873 ei
3364 1813 3564 1872 Sentini

301 1924 412 1981 illic
441 1923 613 1989 tumst
637 1889 983 1990 recitaturum
1003 1889 1411 1991 ,-ex'pro'missa
1434 1922 1545 1981 Deo
1569 1922 1886 1978 inmeditate
1911 1890 1961 1954 Β
1988 1909 2079 1961 (⁸ο
2112 1902 2247 1963 dab“
2278 1912 2471 1963 “mam
2496 1904 2651 1963 ’λαβε-
2685 1905 2788 1971 Qui
2822 1889 3095 1975 adi/5‘09.“
3138 1905 3211 1963 διε
3252 1905 3421 1963 αλιατο
3449 1904 3560 1961 Βο-

303 2015 525 2067 donata.
570 2011 704 2065 Nam
749 2027 816 2065 ex
860 2012 979 2081 ipso
1023 2010 1223 2065 Abram
1270 2020 1428 2069 natus
1464 2020 1548 2067 est
1591 2012 1783 2067 lsmael
1817 2013 1885 2069 de

303 2108 473 2177 Agar.
505 2105 625 2160 Nati
649 2114 705 2159 et
732 2104 820 2158 alii
846 2120 914 2159 ex
939 2104 1158 2168 Cetura,
1184 2105 1251 2158 ad
1273 2105 1412 2174 quod
1436 2104 1576 2159 illius
1600 2112 1756 2160 teme
1776 2122 1884 2161 non

302 2201 601 2270 pertineret
627 2198 929 2257 iuet-editas.
964 2197 1028 2251 Et
1054 2212 1120 2251 ex
1139 2198 1293 2252 lsaac
1315 2207 1473 2253 natus
1494 2205 1578 2254 est
1596 2198 1762 2265 Esau,
1791 2199 1885 2268 qui

302 2291 557 2348 similiter
594 2290 661 2344 ab
695 2289 784 2344 illa
822 2287 1138 2343 inmeditate
1176 2288 1439 2343 alienatus
1473 2296 1575 2343 est.
1606 2289 1685 2343 Ex
1719 2287 1886 2345 Jacob

304 2390 484 2436 autem
512 2380 621 2436 ﬁlio
638 2381 787 2436 lsaac
806 2388 1072 2450 quotquot
1099 2380 1192 2435 ﬁlii
1212 2382 1326 2435 nati
1353 2389 1499 2447 sunt,
1530 2382 1583 2436 id
1610 2389 1732 2449 est,
1766 2382 1888 2438 uni-

300 2491 521 2535 versum
551 2490 737 2531 semen
763 2473 902 2543 ejus,
936 2475 1004 2529 ad
1038 2474 1184 2528 illam
1212 2473 1580 2531 haereditatem
1605 2475 1884 2546 pertinuit.

304 2568 399 2623 Sic
433 2583 562 2638 ergo
602 2566 897 2623 collocatus
937 2574 995 2621 et
1033 2566 1358 2621 constitutus
1398 2575 1483 2622 est
1518 2565 1572 2620 in
1606 2566 1697 2621 illa
1742 2575 1888 2622 terra

303 2658 526 2725 Abram,
560 2658 815 2728 quoniam
858 2659 993 2715 vixit
1023 2674 1195 2729 usque
1228 2656 1297 2713 ad
1324 2658 1661 2715 nativitatem
1697 2658 1884 2714 Iacob.

304 2751 367 2806 Si
390 2758 536 2807 recte
556 2749 890 2821 intelligitur,
921 2749 1096 2817 subita
1122 2748 1349 2820 quaestio
1373 2757 1459 2805 est
1477 2748 1770 2805 secundum
1799 2762 1888 2804 re-

303 2841 745 2913 capitulationem
769 2881 788 2908 ,
816 2840 1064 2911 quamvis
1091 2848 1146 2896 et
1186 2841 1307 2896 alia:
1332 2839 1627 2896 solutiones
1650 2855 1755 2895 non
1782 2836 1892 2897 sint

305 2934 729 2991 contemnendae.

379 3023 581 3096 (CAPUT
630 3021 765 3093 xu.)
998 3031 1171 3079 autem
1221 3020 1483 3076 Dominus
1520 3020 1590 3075 ad
1624 3020 1819 3075 Abram
1868 3032 1889 3072 :

304 3118 567 3188 Egredere
589 3116 654 3171 de
678 3126 819 3171 terra
841 3115 976 3172 etde
998 3115 1307 3187 cognatione
1325 3122 1441 3181 tua,
1462 3122 1512 3168 et
1537 3112 1603 3171 de
1626 3112 1781 3167 domo
1794 3128 1890 3183 pa-

306 3212 402 3265 tris
429 3211 507 3265 tui
530 3250 548 3276 ,
591 3217 640 3264 et
676 3208 789 3265 ueni
838 3210 896 3263 in
937 3217 1131 3264 terrent
1173 3223 1333 3279 quam
1375 3216 1728 3263 monstrarem
1759 3205 1887 3269 tibi;

1988 1994 2129 2051 mino
2147 2034 2163 2059 ,
2187 1997 2276 2065 qui
2312 1995 2553 2065 apparuit
2579 1996 2645 2061 ei,
2673 2004 2778 2053 etc.
2804 1995 3135 2057 Adveniente
3163 1995 3328 2067 igitur
3360 1996 3560 2055 Abram

1987 2084 2046 2139 in
2072 2093 2272 2143 terram
2297 2082 2576 2152 Chanaan,
2598 2100 2762 2156 quam
2786 2094 2913 2147 tunc
2938 2084 3274 2149 Chananaeus
3292 2086 3567 2147 habitator

1987 2175 2230 2241 tenebat,
2262 2177 2574 2246 apparuisse
2604 2177 2657 2232 ei
2682 2176 2939 2239 Dominus
2980 2177 3329 2246 describitur,
3368 2177 3457 2239 cui
3484 2177 3561 2237 ai-

1988 2272 2109 2323 tare
2158 2267 2272 2335 ipse
2326 2266 2637 2334 aediﬁcavit,
2673 2268 2801 2338 quia
2847 2269 3044 2339 spretis
3091 2268 3255 2331 idolis
3299 2270 3563 2343 gentium.

1988 2357 2149 2415 unius
2176 2356 2274 2413 Dei
2298 2356 2475 2417 cultor
2496 2356 2617 2417 fuit.

2585 2467 2812 2526 CAPUT
2845 2470 2980 2527 XIII.

1988 2557 2069 2614 De
2111 2559 2441 2637 descensione
2470 2560 2624 2615 Abrae
2649 2561 2710 2637 in
2731 2560 3038 2637 /E_gyptum,
3085 2570 3136 2618 et
3166 2578 3245 2637 ets
3290 2578 3408 2637 eum
3445 2571 3568 2620 tunc

2281 2578 2441 2615 Istune
2470 2578 2624 2615 nam
2649 2578 2706 2615 sn
2731 2578 2801 2615 [ι
2872 2578 3038 2634 ptum,
3085 2578 3136 2618 es
3171 2578 3245 2618 ets

2281 2630 2353 2693 ibi
2375 2640 2518 2701 gesta
2546 2642 2665 2697 sunt
2693 2632 2748 2689 iu
2774 2578 2910 2697 ἐξίει
2938 2649 3103 2695 uxore
3125 2634 3263 2704 ejus.

2060 2739 2440 2811 Descenditque
2451 2740 2647 2795 Abram
2672 2741 2728 2797 in
2742 2739 3052 2813 Alggpttmt,
3077 2751 3135 2797 ut
3147 2743 3566 2815 peregrinaretur
3634 2782 3642 2794 .

1988 2833 2080 2889 ibi.
2112 2831 2472 2889 Praevaluere:
2512 2836 2650 2889 enim
2677 2836 2843 2906 fames
2874 2837 2930 2889 in
2955 2845 3112 2891 terra.
3144 2838 3375 2898 Cumque
3410 2852 3569 2907 prope

1989 2933 2123 2983 esset
2166 2934 2226 2979 ut
2269 2925 2628 2996 ingrederetur
2665 2927 2984 2998 IEggptum,
3034 2927 3166 2981 dixit
3212 2924 3369 2982 Sarni
3413 2926 3569 2979 tutori

1989 3033 2102 3072 sua
2129 3030 2150 3069 .'
2177 3017 2317 3073 Novi
2342 3018 2483 3090 quod
2505 3019 2726 3091 pulchra
2755 3037 2829 3077 sts
2851 3018 3067 3087 mulier,
3098 3028 3151 3076 et
3174 3019 3312 3092 quod
3340 3034 3460 3074 eum
3484 3019 3563 3073 vi-

1989 3109 2161 3165 derint
2206 3120 2256 3165 te
2281 3110 2523 3182 Egyptii
2543 3153 2560 3180 ,
2604 3111 2797 3167 dicturi
2822 3124 2943 3169 sunt
2968 3128 2986 3167 :
3013 3111 3160 3169 Uxor
3188 3114 3353 3185 ipsius
3379 3120 3474 3180 est,
3517 3122 3565 3168 et

1987 3202 2299 3272 interficient
2317 3221 2421 3271 tne,
2448 3214 2497 3260 et
2525 3215 2574 3261 te
2599 3209 2948 3264 reservabant.
2972 3192 3078 3264 ’Dic
3105 3226 3245 3281 ergo,
3266 3208 3474 3265 obsecro
3495 3216 3563 3276 te,

303 3266 599 3372 faciamque
631 3309 680 3355 te
715 3301 773 3354 in
795 3309 997 3371 gentem
1019 3266 1283 3371 stagnant.
1309 3297 1474 3369 (Isid.
1498 3298 1518 3370 )
1544 3298 1675 3366 Quis
1703 3266 1882 3353 autem
1911 3266 1957 3332 θ
1987 3266 2132 3367 quod
2148 3311 2302 3351 soror
2460 3298 2552 3363 sis,
2584 3307 2641 3353 ut
2669 3299 2793 3353 bene
2818 3301 2887 3354 sit
2909 3300 3039 3354 mihi
3060 3266 3271 3371 propter
3301 3308 3380 3366 te,
3405 3308 3461 3353 ut
3488 3266 3567 3352 ei;

304 3390 444 3449 alius
472 3391 638 3448 exivit
664 3392 720 3448 in
744 3390 946 3446 Abram
986 3392 1053 3447 de
1089 3399 1237 3445 terra
1266 3405 1363 3449 sua
1396 3392 1541 3447 etde
1567 3391 1885 3461 cognatione

303 3498 425 3548 sua,
455 3491 514 3538 ut
537 3482 681 3553 apud
706 3491 924 3539 exteros
946 3482 1363 3553 lowpietaretur
1379 3523 1395 3550 ,
1422 3491 1477 3538 et
1499 3491 1644 3539 esset
1668 3484 1723 3537 in
1752 3498 1883 3553 gen-

304 3585 416 3633 tem
444 3589 712 3646 magsatn,
739 3574 845 3637 uisi
872 3574 1151 3642 Christus,
1183 3575 1296 3645 qui,
1325 3574 1514 3631 relicta
1548 3584 1694 3631 terra
1718 3584 1773 3631 et
1798 3590 1888 3632 eo-

302 3666 562 3737 gnatiune
593 3664 917 3733 Iudaeorum,
952 3667 1229 3738 praapoilet
1259 3684 1401 3729 nunc
1426 3709 1443 3736 ,
1478 3676 1539 3724 ut
1562 3671 1805 3726 videmus
1832 3670 1887 3725 in

299 3756 519 3826 populis
546 3756 824 3825 gentium?
852 3755 959 3813 Sed
986 3765 1043 3817 et
1068 3759 1226 3815 nobis
1260 3760 1329 3814 ad
1361 3760 1661 3832 exemplum
1686 3762 1887 3817 Christi

301 3847 613 3911 exeundum
631 3855 714 3903 est
733 3848 800 3911 de
820 3854 963 3905 terra
989 3858 1195 3915 nostra,
1223 3850 1279 3906 id
1308 3858 1420 3920 est,
1446 3852 1515 3907 de
1544 3851 1887 3910 facultatibus

302 3937 497 3995 mundi
523 3936 683 4006 huius
704 3978 721 4004 ι
748 3940 940 4009 opibus
972 3942 1203 3999 temnis
1223 3982 1238 4007 ,
1279 3951 1337 3998 et
1360 3945 1428 3999 de
1447 3947 1767 4016 cognatione
1793 3961 1888 4001 no-

302 4037 443 4094 stra,
486 4028 542 4083 id
572 4036 677 4094 est,
716 4030 782 4087 de
821 4032 1234 4089 conversatione
1268 4044 1323 4090 et
1358 4036 1600 4094 moribus
1636 4037 1888 4108 vitiisque

303 4119 598 4189 prioribus,
628 4136 750 4192 quae
777 4121 930 4179 nobis
957 4139 990 4178 a
1010 4134 1197 4179 nostra
1221 4126 1503 4182 nativitate
1523 4127 1849 4183 cohaerentia
1869 4170 1883 4195 ,

299 4212 453 4269 velut
471 4211 735 4277 afﬁnitate
761 4214 993 4283 quadam
1015 4223 1071 4270 et
1108 4218 1576 4289 consanguinitate
1600 4218 1885 4288 conjuncta

301 4310 449 4366 sunt,
478 4302 590 4361 sive
613 4303 679 4359 de
702 4304 862 4360 domo
879 4306 1052 4374 patris
1078 4307 1271 4372 nostri,
1304 4307 1358 4362 id
1383 4316 1485 4373 est,
1509 4310 1658 4364 οιηηί
1685 4325 1887 4365 memo-

302 4396 387 4455 ria
410 4395 616 4462 mundi,
648 4404 710 4454 ut
733 4397 783 4453 ei
808 4399 1179 4455 renuntiantes
1201 4400 1472 4470 possimus
1495 4401 1551 4455 in
1573 4401 1769 4471 populo
1790 4401 1885 4456 Dei

302 4486 540 4553 dilatari,
576 4493 633 4545 et
669 4487 723 4544 iu
764 4496 963 4545 terram
1003 4490 1242 4547 caelestis
1278 4492 1732 4562 repromissionis,
1761 4508 1884 4548 cum

302 4587 518 4648 tempus
542 4579 840 4647 advenerit,
869 4582 1157 4637 introduci.

1906 4626 1962 4688 D

1983 3397 2074 3442 oet
2119 3389 2297 3443 anima
2348 3405 2464 3444 mea
2513 3390 2576 3444 ob
2621 3393 2845 3462 gratiam
2891 3393 2986 3446 tui.
3030 3391 3250 3464 (Albim)
3299 3392 3568 3460 Quaeritur

1986 3489 2169 3536 utrum
2182 3483 2497 3538 conveniret
2505 3483 2705 3539 Abram
2723 3490 2831 3539 tam
2852 3493 3042 3543 sancto
3052 3486 3168 3541 viro
3181 3494 3241 3541 ut
3254 3485 3453 3543 celaret
3470 3483 3567 3539 Sa-

1987 3589 2105 3629 ram
2130 3588 2355 3652 uxorem
2398 3590 2574 3643 Silam,
2603 3583 2659 3631 et
2700 3591 2797 3632 Clil‘
2828 3592 2935 3633 non
2962 3577 3131 3650 magis
3164 3585 3387 3647 poneret
3410 3591 3561 3646 spem

1986 3677 2141 3719 suam
2170 3664 2225 3718 in
2244 3664 2373 3729 Deo,
2402 3679 2470 3719 ne
2493 3665 2831 3722 occideretur
2854 3680 2884 3720 a
2903 3680 3048 3738 rege.
3079 3664 3389 3722 Ostenditur
3422 3665 3563 3720 enim

1987 3760 2094 3817 isto
2140 3760 2281 3817 facto
2317 3759 2434 3832 ejus
2461 3762 2605 3833 quod
2634 3763 2798 3817 homo
2819 3778 2923 3818 non
2955 3762 3113 3817 debet
3150 3769 3359 3818 tentare
3381 3760 3564 3815 Domi-

1987 3868 2117 3909 num
2140 3853 2311 3909 Deum
2342 3869 2499 3909 suum
2520 3895 2535 3921 ,
2565 3854 2780 3924 quando
2810 3854 2975 3910 habet
3002 3854 3147 3923 quod
3184 3852 3347 3909 iaciat
3378 3867 3447 3907 ex
3474 3867 3565 3906 ra-

1944 3936 2233 4001 ‘tionabili
2275 3946 2521 4002 consilio.
2569 3946 2720 4002 Fecit
2761 3946 2904 4001 enim
2950 3945 3092 4016 quod
3117 3944 3299 4015 potuit
3330 3957 3430 4015 pro
3456 3942 3568 3997 vita

1988 4051 2104 4093 sua.
2155 4037 2310 4106 Quod
2353 4047 2532 4094 autem
2569 4053 2676 4094 non
2712 4038 2902 4110 potuit,
2935 4037 3007 4093 illi
3057 4036 3327 4093 commisit
3360 4036 3417 4090 in
3458 4048 3569 4106 quo

1986 4116 2247 4200 speravit,
2292 4130 2379 4187 cui
2420 4138 2477 4185 et
2503 4130 2814 4202 pudicitiam
2854 4130 3097 4202 conjugis
3148 4128 3562 4185 commendavit.

1984 4221 2097 4277 Nec
2125 4221 2269 4276 enim
2298 4236 2423 4277 eum
2448 4221 2579 4277 ﬁdes
2603 4237 2668 4277 ac
2695 4236 2819 4291 spes
2846 4218 3054 4276 fefellit.
3084 4218 3327 4290 Namque
3355 4218 3568 4274 Pharao

1985 4327 2016 4366 a
2046 4312 2159 4368 Deo
2188 4313 2431 4377 territus,
2476 4312 2766 4383 multisque
2802 4318 3025 4382 propter
3068 4325 3190 4366 eam
3228 4309 3388 4365 malis
3433 4308 3569 4365 aliti-

1985 4409 2125 4467 ctus,
2156 4402 2249 4457 ubi
2288 4402 2405 4472 ejus
2429 4416 2653 4456 uxorem
2679 4401 2937 4456 divinitus
2962 4400 3164 4466 didicit,
3195 4399 3418 4456 illaesum
3443 4415 3566 4455 cum

1983 4494 2192 4550 honore
2233 4493 2458 4549 tradidit
2500 4494 2620 4549 viro
2661 4507 2779 4548 suo.
2823 4492 3007 4562 Neque
3035 4491 3181 4546 enim
3204 4490 3347 4547 Deus
3377 4492 3448 4547 ab
3477 4491 3569 4547 illo

1985 4598 2093 4639 non
2112 4592 2324 4655 poterat
2345 4591 2572 4639 mortem
2598 4583 2859 4655 repellere
2877 4596 3039 4652 quam
3068 4581 3314 4649 timebat,
3337 4596 3569 4652 eumque

324 4720 333 4726 κ
376 4669 697 4743 Faciamque
737 4682 787 4729 te
828 4674 883 4727 in
922 4684 1125 4742 gentem
1160 4690 1407 4745 magnam
1431 4713 1448 4742 ,
1494 4682 1545 4729 et
1584 4676 1881 4735 benedieam
1906 4669 1960 4688 ν
1986 4692 2111 4732 cum
2136 4676 2365 4747 conjuge
2388 4691 2483 4731 sua
2507 4676 2561 4730 in
2585 4674 2673 4728 illa
2702 4672 3133 4744 peregrinatione
3156 4672 3359 4738 tutari,
3383 4680 3443 4727 ut
3468 4685 3569 4728 nec

298 4762 425 4827 tibi;
456 4770 504 4817 et
535 4763 880 4834 magniﬁcaba
903 4781 1089 4819 nomen
1116 4772 1263 4819 tuum
1287 4805 1304 4832 ,
1338 4766 1540 4836 erisque
1566 4764 1879 4823 benedictus.

298 4852 620 4914 Benedicattt
649 4855 1063 4912 benedicentibus
1091 4857 1203 4921 tibi,
1249 4866 1301 4912 et
1327 4856 1639 4913 maledicam
1665 4859 1884 4915 maledi-

298 4945 537 5007 centibtts
578 4946 705 5011 tibi;
746 4954 899 5002 atoue
926 4946 982 5002 in
1024 4956 1073 5002 te
1115 4947 1481 5005 benedicentur
1517 4950 1770 5005 universa!
1806 4965 1885 5005 co-

300 5038 579 5109 gnationes
622 5047 795 5095 terra.
854 5037 985 5093 Duaa
1027 5046 1205 5095 autem
1256 5040 1641 5116 promissiones
1690 5043 1886 5097 dantur

299 5131 539 5190 Abram
553 5149 567 5187 :
583 5146 689 5187 una
707 5144 806 5200 per
828 5146 988 5201 quam
1016 5138 1217 5188 terram
1229 5131 1485 5187 Chanaan
1506 5147 1884 5203 possessorum

301 5236 492 5283 semen
532 5219 653 5290 ejus
694 5220 1068 5291 promittitur,
1109 5223 1235 5279 dum
1277 5222 1406 5278 dicit
1432 5222 1618 5279 Deus:
1665 5222 1807 5279 Vade
1830 5225 1886 5279 in

302 5322 498 5379 terram
525 5328 683 5385 quam
703 5322 1054 5375 monstrarem
1074 5312 1187 5379 tibi,
1210 5312 1507 5385 faciamque
1533 5322 1584 5370 te
1604 5314 1662 5369 in
1681 5325 1883 5386 gentem

303 5429 572 5483 magnam.
620 5412 743 5470 Alia
785 5426 916 5467 vero
957 5410 1115 5482 longe
1147 5411 1606 5483 praestantiorem,
1661 5426 1769 5468 non
1820 5412 1887 5468 de

299 5505 534 5573 carnali,
562 5508 658 5562 sed
675 5505 939 5576 spirituali
966 5505 1193 5569 semine,
1219 5522 1316 5578 per
1336 5506 1481 5576 quod
1504 5513 1659 5575 pater
1675 5513 1757 5561 est
1778 5521 1885 5561 non

303 5598 471 5655 unius
497 5599 806 5659 Israelitica
842 5600 1020 5671 gentis
1039 5639 1056 5666 ,
1086 5600 1180 5655 sed
1206 5600 1459 5656 omnium
1495 5598 1734 5669 gentium
1766 5612 1887 5668 qua:

306 5691 437 5748 ﬁdei
457 5693 574 5763 ejus
616 5695 843 5765 vestigia
878 5702 1199 5762 sequuntur,
1241 5694 1385 5763 quod
1431 5690 1676 5763 promitti
1721 5690 1887 5761 erepit

304 5782 395 5840 his
426 5783 630 5839 verbis:
649 5783 717 5838 Et
741 5784 1103 5839 benedicentur
1130 5785 1184 5839 in
1211 5793 1259 5838 te
1281 5784 1534 5838 universa
1552 5783 1884 5854 cognationes

289 5884 483 5953 ισσπογ

1985 4786 2125 4826 uxor
2161 4770 2279 4840 ejus
2300 4810 2315 4836 ,
2354 4768 2602 4840 quamvis
2623 4773 2766 4822 esset
2799 4765 3161 4835 pulcherrima
3185 4806 3201 4833 ,
3227 4772 3570 4837 appeteretur

1982 4862 2057 4916 ab
2086 4860 2265 4929 aliquo
2289 4899 2304 4924 ,
2345 4873 2448 4915 nec
2475 4865 2670 4929 praeter
2701 4857 2846 4911 illam
2887 4865 3173 4913 necaretur
3193 4856 3327 4913 ille?
3348 4855 3568 4914 Poterat

1986 4953 2109 5010 sine
2134 4952 2297 5013 dubio
2325 4952 2430 5009 hoc
2452 4948 2667 5005 efﬁcere
2694 4947 2855 5005 Deus.
2889 4948 3071 5022 (Αιιρ.)
3097 4948 3230 5018 Quis
3266 4950 3344 5006 ita
3382 4948 3454 5004 sit
3476 4948 3568 5003 de-

1988 5057 2145 5099 mens
2164 5051 2224 5097 ut
2243 5043 2346 5098 hoc
2365 5042 2557 5112 neget?
2582 5040 2689 5096 Sed
2709 5042 2755 5095 si
2785 5042 3145 5113 interrogatus
3166 5040 3392 5107 Abram,
3416 5039 3563 5097 illam

1986 5134 2243 5193 feminam
2273 5134 2536 5190 indicaret
2555 5149 2801 5200 uxorem,
2817 5134 2948 5188 duas
2972 5149 3060 5187 res
3078 5132 3395 5188 metuendae
3418 5147 3565 5188 com-

1987 5234 2230 5289 mitteret
2255 5234 2385 5299 Deo,
2415 5241 2469 5287 et
2496 5246 2649 5287 suam
2678 5231 2845 5286 vitam
2872 5238 2926 5286 et
2957 5227 3200 5298 conjugis
3226 5228 3563 5300 pudicitiam.

1980 5322 2228 5380 Pertinet
2262 5331 2443 5379 autem
2489 5323 2558 5378 ad
2596 5336 2784 5377 sanam
2811 5320 3135 5386 doctrinam,
3165 5320 3382 5391 quando
3404 5320 3568 5376 habet

1986 5414 2128 5485 quod
2148 5411 2311 5470 faciat
2332 5415 2515 5479 homo,
2534 5428 2641 5468 non
2660 5418 2871 5467 tentare
2888 5411 3173 5467 Dominum
3195 5412 3363 5467 Deum
3384 5427 3561 5469 suum.

1985 5504 2172 5576 Neque
2195 5505 2341 5562 enim
2368 5513 2422 5560 et
2450 5506 2567 5576 ipse
2593 5502 2841 5559 Salvator
2861 5517 2967 5558 non
2995 5510 3201 5573 poterat
3239 5503 3379 5559 tueri
3407 5503 3562 5558 disci-

1983 5595 2140 5667 pulos
2166 5596 2329 5651 suosi
2361 5596 2556 5664 quibus
2581 5602 2757 5648 tamen
2789 5593 2868 5647 ait
2908 5610 2923 5647 :
2972 5591 3036 5650 Si
3063 5608 3151 5649 res
3172 5594 3429 5650 vementi
3453 5593 3566 5661 fue-

1987 5687 2092 5743 rint
2116 5688 2172 5741 in
2200 5702 2305 5741 una
2328 5687 2563 5751 ciuitate,
2587 5685 2747 5755 fugite
2774 5686 2830 5740 in
2871 5685 3035 5739 aliam
3056 5682 3268 5757 (Matth.
3293 5683 3369 5754 ι).
3400 5683 3564 5753 Cujus

1986 5780 2066 5836 rei
2108 5782 2257 5850 prior
2292 5779 2597 5849 exemplum
2628 5778 2874 5847 praebuit.
2906 5777 3040 5833 Nam
3080 5790 3204 5833 cum
3243 5781 3561 5846 potestatem

1988 5871 2213 5932 haberet
2261 5872 2491 5951 ponendi
2538 5871 2775 5929 animam
2821 5884 2993 5939 etiam,
3037 5883 3139 5927 nec
3176 5881 3298 5924 eam
3335 5870 3560 5941 poneret
