3974 6446
1078 386 1140 441 n.
1183 384 1436 442 BABANI
1475 383 1694 466 "Auni
1732 379 2057 458 anguine,
2083 373 2396 456 MOGUNT.
2431 375 2718 450 oPERUM
2754 373 2936 430 rans
2970 372 3015 428 1.

3595 369 3706 425 536

437 508 694 568 nisicuui
715 503 875 578 vellet
901 544 916 568 ,
945 502 1004 570 in
1028 501 1320 580 {Egyptum
1354 510 1534 564 tamen
1571 498 1768 564 infans,
1798 505 2018 568 portan-
2044 495 2098 580 ᾼ
2121 492 2221 548 Hai
2252 492 2385 546 ﬁxit.
2415 491 2602 550 Bethel
2629 490 2774 552 enim
2817 485 3094 548 civitatula
3139 485 3336 580 esti-in
3383 485 3712 580 duodecimo

441 599 585 658 tibus
614 596 928 668 parentibus
952 635 968 661 ,
1009 592 1163 666 fugit,
1200 602 1256 648 et
1291 593 1356 647 ad
1387 591 1530 648 diem
1554 589 1752 648 festum
1777 602 1886 643 non
1911 585 2023 640 evi-

437 691 652 756 denter,
678 689 771 744 sed
797 687 1028 744 latenter
1047 686 1308 750 ascendit,
1336 699 1461 740 cum
1481 683 1615 740 alias
1639 681 1819 752 palam
1844 679 2024 751 loque-

438 793 588 840 retur
608 781 806 837 iudicis
830 778 1210 846 irascentibus,
1241 785 1297 832 et
1317 775 1694 832 inimicissimo
1722 773 1903 828 animo
1927 787 2024 826 au-

436 875 710 930 dientibus
731 913 746 938 ,
777 887 881 928 nec
907 880 1092 930 tamen
1116 868 1420 926 valentibus
1445 868 1498 922 in
1525 882 1648 922 eum
1670 867 1886 921 mittere
1907 879 2048 920 ma--

439 985 558 1034 nus,
609 967 740 1038 quia
794 965 1030 1022 nondum
1081 969 1306 1022 venerat
1354 962 1486 1018 hora
1534 957 1670 1028 ejus,
1723 973 1832 1012 non
1871 954 2024 1024 cujus

437 1063 585 1117 horae
605 1058 932 1114 necessitate
959 1063 1244 1126 cogeretur
1272 1053 1431 1116 mori,
1471 1051 1565 1108 sed
1591 1047 1743 1118 cujus
1766 1050 1913 1104 horae
1935 1063 2027 1118 op-

436 1152 770 1224 portunitate
792 1150 1102 1220 dignaretur
1129 1146 1322 1204 occidi.
1347 1143 1449 1213 Qui
1476 1158 1604 1214 ergo
1633 1142 1808 1214 palam
1829 1139 2027 1196 docen-

437 1247 507 1303 do
537 1255 590 1301 et
639 1245 930 1318 arguendo,
957 1250 1012 1298 et
1036 1251 1217 1299 tamen
1249 1241 1591 1304 inimicorum
1615 1238 1822 1294 rabiem
1845 1237 2028 1293 valere

439 1341 495 1398 in
514 1355 573 1395 se
604 1337 806 1410 aliquid
842 1353 949 1393 non
982 1336 1207 1394 sinendo
1227 1375 1245 1399 ,
1289 1334 1383 1388 Dei
1407 1333 1816 1388 demonstrabat
1841 1339 2030 1400 poten-

441 1431 597 1496 tiam,
647 1430 788 1484 idem
819 1437 1004 1482 tamen
1041 1425 1294 1497 fugiendo
1332 1432 1390 1488 et
1423 1422 1641 1482 latendo
1671 1420 1906 1476 hominis
1940 1420 2026 1474 in-

440 1524 686 1580 struebat
739 1521 1146 1586 inﬁrmitatem,
1197 1534 1266 1582 ne
1314 1517 1482 1574 Deum
1539 1523 1746 1571 tentare
1793 1513 2025 1578 audeat,

441 1616 658 1685 quando
698 1615 860 1669 habet
907 1612 1049 1682 quod
1080 1610 1277 1675 faciat,
1323 1618 1382 1664 ut
1417 1607 1560 1678 quod
1598 1619 1790 1661 cavere
1817 1612 2030 1674 Oportet

439 1707 654 1762 evadat.
680 1705 862 1776 Neque
891 1705 1034 1760 enim
1057 1712 1113 1760 et
1137 1701 1410 1774 apostolus
1429 1700 1627 1757 Paulus
1649 1699 2031 1768 desperaverat

441 1800 769 1870 adjutorium
795 1797 1291 1868 protectionemque
1317 1795 1552 1850 divinam
1571 1833 1586 1855 .
1612 1791 1883 1861 ﬁdemque
1905 1805 2029 1861 per-

2126 586 2195 642 ab
2220 585 2359 640 [Elia
2379 583 2556 654 lapide
2590 583 2659 638 ad
2692 583 2936 638 dextram
2968 580 3219 636 euntibus
3243 577 3565 649 Neapolim,
3598 594 3712 648 qua:

2123 676 2275 748 prius
2303 674 2543 738 Luza,.id
2569 681 2675 741 est,
2701 671 3056 744 Amygdalon,
3087 671 3403 736 vocabatur,
3436 680 3493 725 et
3519 669 3716 724 cecidit

2123 767 2180 822 in
2209 774 2408 822 sortem
2451 765 2622 820 tribus
2661 761 2959 832 Benjamin.
3013 762 3112 816 Hai
3141 761 3195 816 in
3247 760 3393 816 tribu
3439 758 3597 813 Judae
3639 769 3714 813 est

2125 859 2256 916 urbs
2279 856 2648 922 sacerdotibus
2673 863 2942 927 separata.
2980 853 3372 926 Interpretatur
3397 863 3592 910 autem
3623 851 3696 906 Be

2125 950 2236 1010 thel
2263 951 2448 1004 domus
2476 949 2593 1015 Dei,
2627 948 2724 1004 Hai
2761 963 2888 1004 vero
2929 947 3129 1014 oculus,
3155 947 3236 1002 vel
3285 948 3428 1018 fons.
3473 947 3543 1001 Et
3586 947 3716 1001 bene

2124 1041 2325 1096 Abram
2354 1041 2762 1096 tabernaculum
2799 1057 2956 1095 suum
2995 1041 3048 1094 in
3076 1048 3257 1096 monte
3289 1042 3382 1112 qui
3426 1047 3552 1094 erat
3584 1040 3716 1094 inter

2126 1130 2312 1188 Bethel
2346 1142 2400 1188 et
2443 1131 2542 1186 Hai
2589 1131 2752 1202 ﬁgere
2789 1131 3014 1196 dicitur,
3063 1131 3243 1202 ibique
3280 1130 3392 1186 Deo
3444 1129 3722 1185 aediﬁcare

2129 1225 2318 1290 altare,
2356 1226 2481 1295 quia
2503 1225 2676 1280 sancti
2704 1223 2833 1291 viri,
2857 1235 3144 1294 postquam
3177 1239 3207 1278 a
3241 1223 3429 1279 mundi
3475 1223 3722 1292 principe

2127 1328 2183 1374 et
2208 1317 2390 1376 saeculi
2417 1318 2779 1389 voluptatibus
2801 1319 3164 1386 recesserint,
3197 1317 3364 1375 abluti
3393 1317 3553 1373 fonte
3584 1318 3722 1372 sacri

2128 1412 2500 1482 baptismatis,
2543 1429 2760 1468 cursum
2795 1414 3076 1484 praesentis
3104 1414 3229 1482 vita:
3268 1423 3427 1468 caute
3461 1423 3520 1469 et
3550 1417 3726 1470 consi-

2128 1503 2256 1559 dera
2267 1511 2316 1558 te
2339 1503 2620 1570 ducentes,
2645 1505 2878 1560 hostiam
2905 1504 3079 1560 laudis
3113 1520 3177 1560 ae
3201 1505 3469 1561 bonorum
3502 1521 3724 1576 operum

2132 1594 2189 1648 in
2217 1594 2375 1649 altari
2405 1605 2568 1651 rectae
2594 1595 2719 1652 ﬁdei
2747 1596 2858 1652 Deo
2889 1597 3213 1662 exhibendo,
3251 1597 3334 1652 ad.
3356 1598 3586 1651 domum
3615 1598 3723 1663 Dei,

2130 1687 2406 1744 caelestem
2431 1689 2687 1745 videlicet
2702 1687 3022 1755 Jerusalem,
3061 1688 3290 1746 feliciter
3317 1689 3575 1744 tendunt.

2717 1800 2945 1858 CAPUT
2974 1800 3114 1858 XIV.

349 1939 353 1944 .
441 1892 666 1955 diderat,
701 1891 917 1960 quando
945 1904 1042 1960 per
1064 1903 1277 1942 murum
1308 1888 1362 1941 in
1391 1894 1572 1956 sporta
1595 1883 1892 1940 submissus
1912 1890 2024 1948 est,

443 1994 497 2018 nl
546 1984 886 2018 inimimnnm
937 1996 1126 2018 manna
1167 1978 1420 2018 nmium-pl
1465 1975 1548 2018 l”
1591 1973 1711 2018 ίῗητ-
1756 1973 1857 2018 IUL
1911 1972 2027 2018 Ntm

2141 1891 2210 1947 De
2232 1893 2560 1975 contentione
2578 1894 2715 1947 inter
2738 1903 2970 1964 pastores
2993 1893 3147 1975 Abrae
3172 1893 3342 1975 ειμι
3368 1936 3385 1961 ,
3426 1904 3484 1951 et
3514 1895 3724 2018 degre-

2201 1979 2446 2017 mtsstone
2466 1963 2619 2017 Αὔγην
2639 2002 2656 2018 .
2695 1981 2799 2018 aua
2825 1964 2965 2018 Deus
2994 1981 3042 2018 et
3066 1973 3318 2018 promittit
3344 1976 3550 2018 terram
3627 1967 3723 2018 ha-

3665 1983 3692 2018 ﬂ

443 1994 502 2038 ut
545 1984 888 2040 inimicorum
937 1996 1128 2036 manus
1167 1978 1428 2048 eﬁ‘ugeret
1465 1975 1548 2048 (II
1591 1973 1713 2030 Cor.
1756 1973 1858 2046 ιι).
1911 1972 2030 2028 Non

444 2076 652 2146 ergoin
674 2074 843 2130 Deum
867 2089 974 2128 non
1003 2071 1273 2144 credendo
1298 2071 1377 2125 sic
1411 2069 1565 2140 fugit,
1596 2067 1690 2124 sed
1715 2067 1884 2120 Deum
1908 2074 2029 2120 ten-

443 2174 616 2222 tasset
641 2166 687 2221 si
716 2165 901 2236 fugere
926 2163 1207 2228 noluisset,
1237 2177 1359 2217 eum
1382 2161 1461 2216 sic
1485 2159 1668 2230 iugere
1693 2159 1976 2228 potuisset.

515 2257 649 2313 Cum
679 2257 856 2328 itaque
877 2257 1142 2326 ingressus
1171 2263 1302 2310 esset
1323 2251 1520 2305 Abram
1545 2249 1855 2321 ngyptum,
1888 2247 2034 2302 vide-

445 2357 566 2404 runt
595 2347 836 2419 Egyptii
867 2346 1138 2402 mulierem
1169 2344 1308 2416 quod
1348 2352 1478 2398 esset
1515 2342 1736 2412 pulchra
1776 2340 1951 2404 nimis,
1985 2347 2033 2392 et

447 2443 815 2495 nuntiaverunt
843 2440 1100 2510 principes
1139 2435 1434 2500 Pharaoni,
1462 2445 1509 2490 et
1535 2434 1880 2488 laudauerunt
1917 2447 2034 2486 eam

453 2533 592 2602 apud
621 2531 803 2595 iilum;
840 2540 887 2584 et
913 2530 1122 2585 sublata
1156 2538 1230 2584 est
1258 2528 1452 2582 mulier
1477 2528 1532 2581 in
1558 2527 1773 2580 domum
1797 2522 2034 2578 Pharao-

448 2624 549 2678 nis.
581 2623 782 2677 Abram
811 2639 931 2676 vero
960 2623 1084 2676 bene
1105 2637 1231 2675 usus
1257 2629 1332 2674 est
1351 2627 1558 2689 propter
1580 2617 1764 2686 illam;
1797 2616 2038 2685 fuerunt-

446 2731 546 2786 que
573 2715 623 2768 ei
647 2730 763 2768 oves
789 2721 837 2767 et
881 2713 1051 2778 boves,
1080 2711 1219 2768 asini
1248 2720 1298 2767 et
1324 2713 1458 2767 servi
1482 2751 1498 2776 ,
1528 2719 1576 2764 et
1600 2708 1838 2780 familias,
1872 2717 1920 2762 et
1947 2724 2037 2761 ca-

446 2804 585 2859 meli.
620 2805 775 2860 Licet
799 2819 994 2872 corpus
1023 2812 1334 2862 sanctarum
1356 2801 1642 2858 mulierum
1666 2816 1776 2856 non
1803 2800 1885 2855 vis
1913 2815 2033 2854 ma-

446 2895 610 2960 culet,
643 2895 741 2950 sed
775 2893 1058 2961 voluntas,
1100 2903 1156 2951 et
1179 2897 1426 2951 excusari
1456 2901 1640 2964 posset
1679 2892 1834 2949 Sarai
1868 2891 2033 2961 quod,

449 2987 607 3040 famis
633 2995 906 3056 tempore,
933 2985 1047 3042 sola
1091 2987 1203 3056 regi
1236 2987 1293 3041 in
1323 2985 1625 3056 peregrinis
1652 2984 1804 3048 locis,
1840 2982 2037 3036 marito

447 3077 794 3141 conuivente,
821 3077 1078 3133 resistere
1095 3078 1420 3146 nequiverit,
1449 3085 1632 3132 tamen
1659 3083 1840 3144 potest
1861 3083 1915 3130 et
1934 3074 2036 3128 ali-

449 3175 532 3222 ter
577 3166 720 3222 ioeda
768 3167 1064 3223 necessitas
1115 3168 1405 3233 excusari,
1459 3167 1602 3236 quod
1636 3167 1790 3236 juxta
1839 3165 2036 3220 librum

446 3258 664 3322 Esther,
707 3273 1042 3329 quascunque
1061 3258 1349 3314 mulierum
1371 3257 1665 3329 placuisset
1701 3248 1816 3327 regi
1841 3299 1857 3324 ,
1899 3258 2038 3328 apud

446 3357 660 3404 veteres
682 3364 777 3405 sex
798 3350 1076 3406 mensibus
1099 3351 1403 3420 ungebatur
1422 3349 1544 3406 oleo
1561 3349 1833 3422 myrrbeo,
1863 3356 1917 3405 et
1944 3365 2038 3405 sex

448 3441 727 3497 mensibus
773 3443 828 3497 in
881 3443 1172 3514 pigmentis
1213 3443 1380 3497 variis
1422 3450 1542 3498 erat
1573 3449 1628 3497 et
1666 3441 2040 3498 curationibus

449 3532 796 3598 feminarum,
827 3542 884 3587 ct
909 3542 1037 3590 tunc
1063 3535 1281 3592 demum
1307 3533 1710 3606 ingrediebatur
1729 3532 1797 3588 ad
1820 3533 2033 3603 regem};

449 3629 614 3692 atque
640 3623 713 3676 ita
736 3631 913 3694 potest
933 3624 1050 3679 ﬁeri
1077 3633 1139 3680 ut
1163 3624 1318 3680 Sarai
1343 3633 1627 3696 postquam
1654 3625 1934 3694 placuerat
1955 3639 2041 3681 re-

449 3719 524 3789 gi,
555 3718 685 3772 dum
727 3733 826 3789 per
857 3733 1060 3773 annum
1102 3716 1219 3788 ejus
1256 3719 1324 3773 ad
1368 3733 1548 3790 regem
1589 3725 1924 3788 praeparatur
1953 3717 2037 3772 in-

450 3812 664 3877 troitus,
694 3818 750 3867 et
768 3810 1002 3866 Abrahae
1017 3810 1234 3868 Pharao
1253 3811 1418 3866 multa
1445 3810 1748 3876 donaverit,
1770 3817 1826 3866 et
1851 3819 2038 3879 postea

449 3902 662 3959 Pharao
701 3904 772 3960 sit
815 3919 1107 3974 percussus
1143 3920 1175 3959 a
1199 3904 1460 3969 Domino,
1497 3901 1588 3959 illa
1623 3903 1798 3959 adhuc
1833 3903 2038 3958 intacta

447 3992 564 4063 q’us
587 3996 876 4050 concubitu
901 4004 1274 4066 permanente.
1327 4025 1329 4028 ι

520 4085 672 4158 (αλιι.
695 4085 842 4157 xm.)
875 4085 945 4139 Et
971 4087 1201 4142 ascendit
1238 4088 1434 4142 Abram
1466 4104 1530 4142 ex
1553 4085 1797 4159 _£ggpt'o
1814 4128 1829 4153 ,
1855 4087 1963 4158 ipse
1989 4096 2038 4141 et

447 4192 586 4230 uxor
609 4177 761 4246 ejus,
806 4187 856 4230 et
886 4177 1063 4232 omnia
1093 4195 1210 4249 qua:
1233 4178 1377 4234 illius
1404 4189 1555 4235 erunt
1582 4221 1597 4246 ,
1633 4191 1681 4235 et
1711 4180 1807 4234 Lot
1833 4195 1952 4234 cum
1979 4195 2039 4234 eo

450 4270 518 4324 ad
546 4269 845 4325 Australem
877 4271 1106 4342 plagam.
1148 4271 1282 4328 Erat
1325 4284 1501 4328 autem
1539 4273 1736 4328 Abram
1761 4275 1903 4328 dives
1930 4272 2040 4327 val-

450 4363 534 4428 de,
559 4363 613 4416 in
640 4363 962 4433 possessione
985 4364 1190 4434 argenti
1211 4373 1259 4418 et
1289 4365 1428 4418 auri.
1464 4363 1820 4435 Reversusque
1846 4374 1920 4418 est
1949 4381 2040 4434 per

448 4455 550 4507 iter
576 4470 680 4524 quo
711 4464 960 4518 verterat,
1003 4471 1033 4508 ιι
1082 4454 1300 4510 meridie
1335 4455 1393 4509 in
1431 4453 1612 4509 Bethel
1636 4494 1651 4521 ,
1701 4464 1759 4509 et.
1810 4455 2037 4524 reliqua;

448 4545 679 4603 Pulchre
701 4547 768 4603 de
787 4546 1025 4620 IEgypto
1046 4547 1328 4613 liberatus,
1357 4547 1666 4605 ascendisse
1687 4547 1904 4603 dicitur.
1930 4545 2036 4602 Sed

448 4641 686 4698 occurrit
719 4640 847 4696 huic
887 4639 1070 4695 sensui
1100 4639 1231 4698 illud
1273 4638 1424 4710 quod.
1451 4638 1719 4709 sequitur,
1768 4637 2040 4708 quomodo

447 4733 685 4802 potuerit
726 4733 916 4787 exiens
951 4733 1016 4787 de
1041 4731 1277 4803 Egypto
1324 4746 1444 4788 esse
1488 4732 1637 4788 dives
1683 4729 1856 4788 valde.
1888 4728 2043 4797 Quod

449 4823 678 4877 solvitur
726 4823 814 4876 illa
866 4821 1134 4878 llebraiea
1158 4824 1412 4879 «veritate
1455 4823 1662 4892 inqua
1712 4821 1968 4878 scribitur
2024 4837 2039 4876 :

450 4919 645 4971 Abram
682 4917 856 4987 gravis
903 4917 1415 4982 vehementem-hoc
1461 4923 1562 4980 est,
1605 4917 1774 4989 βαρὺς
1819 4911 2040 4988 σφόδρα.

451 5007 670 5081 Εεγριί
695 5008 845 5064 enim
871 5007 1111 5077 pondere
1130 5009 1489 5078 gravabatur;
1523 5016 1577 5062 et
1598 5007 1727 5062 licet
1753 5005 2044 5060 videantur

451 5113 572 5155 esse
596 5101 809 5170 pecoris
835 5098 1054 5163 divitia),
1085 5099 1202 5157 auri
1234 5106 1290 5152 et
1319 5098 1548 5167 argenti,
1581 5107 1759 5156 tamen
1801 5095 1846 5150 si
1876 5093 2044 5165 Egy-

452 5192 579 5261 ptiae
603 5202 748 5259 sunt,
774 5193 892 5248 viro
913 5200 1101 5248 sancto
1121 5208 1312 5264 graves
1336 5200 1480 5246 sunt.
1508 5190 1750 5259 Denique
1775 5204 1881 5244 non
1905 5194 1965 5242 ut
1987 5187 2043 5242 in

453 5283 808 5355 Septuaginta
857 5285 1105 5355 legimus,
1155 5285 1285 5339 abiit
1335 5283 1473 5337 unde
1522 5291 1728 5337 venerat
1784 5281 2043 5336 desertum

457 5391 620 5446 usque
667 5375 868 5440 Bethel,
915 5377 1030 5439 sed,
1079 5377 1220 5432 sicut
1261 5375 1315 5430 in
1358 5373 1585 5429 Hebraeo
1629 5371 1891 5441 scriptum
1939 5376 2039 5434 est,

454 5467 583 5521 abiit
607 5466 791 5520 itinere
833 5484 929 5521 suo
963 5484 1056 5539 per
1092 5467 1342 5522 Austrum
1389 5481 1551 5536 usque
1591 5460 1792 5518 Bethel.
1841 5461 2044 5517 Idcirco

454 5557 600 5611 enim
627 5556 698 5611 de
722 5556 954 5629 Egypto
977 5556 1252 5629 profectus
1272 5565 1385 5623 est,
1431 5571 1542 5612 non
1569 5563 1628 5611 ut
1653 5555 1926 5610 desertum
1957 5552 2040 5606 in-

455 5647 772 5718 grederetur
798 5651 943 5719 quod
971 5666 1094 5705 cum
1118 5649 1354 5720 Egypto
1383 5648 1707 5718 reliquerat,
1737 5646 1831 5701 sed
1868 5653 1926 5698 ut
1947 5660 2043 5715 per

454 5735 710 5793 Austrum
741 5740 832 5809 qui
861 5738 1113 5809 Aquiloni
1138 5739 1446 5795 contrarius
1471 5747 1555 5796 est
1577 5779 1594 5803 ,
1616 5737 1828 5796 veniret
1846 5737 1912 5792 ad
1950 5739 2043 5794 do-

459 5845 604 5887 mum
631 5833 746 5900 Dei,
789 5835 878 5890 ubi
910 5833 1316 5889 tabernaculum
1341 5834 1459 5905 ejus
1482 5835 1535 5889 in
1568 5835 1746 5890 medio
1773 5834 1963 5892 Bethel
1987 5844 2042 5891 et

2063 4581 2116 4664 .1?

2201 1964 2446 2044 missione
2466 1963 2619 2017 Abrn’
2639 1963 2799 2045 aqua
2825 1964 2965 2020 Deus
2994 1966 3042 2018 ei
3064 1965 3318 2035 promittit
3344 1976 3550 2020 terram

2204 2049 2345 2087 naan
2376 2050 2430 2087 tn
2456 2050 2830 2104 ροδεεδδιοηεηι
2841 2075 2852 2087 .

2201 2145 2350 2201 Dixit
2375 2163 2496 2218 ergo
2520 2131 2717 2203 Abram
2748 2148 2816 2200 ad
2843 2147 2940 2203 Lot
2985 2161 3006 2202 :
3035 2146 3136 2214 Ne,
3164 2165 3367 2220 quaso,
3389 2151 3463 2203 sit
3481 2149 3725 2219 iurgium

2133 2240 2268 2294 inter
2288 2257 2368 2295 me
2393 2250 2441 2295 et
2469 2250 2538 2307 te,
2568 2251 2616 2296 et
2643 2243 2779 2297 inter
2801 2252 3037 2312 pastores
3069 2259 3210 2297 meos
3245 2253 3295 2298 et
3316 2252 3563 2313 pastores
3587 2252 3719 2306 tuos,

2135 2332 2323 2403 fratres
2346 2335 2484 2388 enim
2507 2351 2709 2390 sumus.
2744 2335 2880 2390 Ecce
2902 2337 3145 2391 universa
3170 2346 3311 2391 terra
3333 2352 3522 2391 coram
3545 2347 3596 2391 te
3624 2347 3733 2402 est;

2135 2429 2315 2483 recede
2353 2449 2384 2483 a
2419 2447 2523 2496 me,
2566 2431 2797 2487 obsecro.
2829 2432 2890 2488 Si
2921 2433 2988 2486 ad
3017 2434 3288 2489 sinistram
3309 2432 3457 2498 ieris,
3482 2449 3580 2503 ego
3608 2433 3734 2486 dex-

2136 2529 2300 2576 teram
2346 2523 2561 2589 tenebo;
2603 2524 2650 2578 si
2695 2532 2751 2580 tu
2798 2526 3068 2580 dexteram
3096 2525 3333 2597 elegeris,
3370 2515 3568 2597 ego'ad
3607 2527 3733 2580 sissi-

2135 2621 2299 2666 stram
2326 2631 2557 2686 pergam.
2592 2615 2790 2688 Typice
2832 2627 3012 2674 autem
3049 2619 3240 2674 beatus
3275 2619 3483 2674 Abram
3525 2620 3734 2674 discor-

2135 2703 2294 2770 diam.
2306 2715 2589 2776 pastorum
2631 2723 2854 2765 suorum
2892 2726 2957 2766 ac
2992 2720 3275 2782 pastorum
3303 2709 3408 2765 Lot
3429 2710 3611 2766 vitare
3641 2727 3734 2766 cu-

2135 2796 2310 2867 piens,
2337 2807 2394 2852 et
2414 2798 2484 2852 ob
2507 2800 2611 2854 hoc
2629 2815 2903 2857 secessum
2933 2802 3236 2858 abinvicem
3261 2802 3490 2875 eligens,
3516 2818 3618 2858 nos
3643 2802 3734 2856 ad-

2137 2895 2320 2941 monet
2343 2896 2402 2942 ut
2430 2889 2564 2943 nihil
2594 2889 2846 2945 charitati
2887 2901 2942 2946 et
2987 2891 3288 2947 concordiae
3315 2906 3731 2964 praeponamus,

2137 2975 2233 3030 sed
2259 2991 2472 3047 semper
2500 2980 2681 3048 parati
2718 2979 2911 3045 simus,
2961 2995 3076 3036 sive
3117 2996 3217 3050 per
3258 2996 3550 3052 prospera,
3594 2981 3734 3052 quod

2137 3069 2326 3125 dextra
2348 3069 2634 3140 signiﬁcat,
2658 3072 2772 3127 sive
2795 3088 2892 3142 per
2913 3072 3162 3138 adversa,
3191 3089 3310 3143 quae
3329 3087 3426 3142 per
3453 3073 3733 3128 sinistram

2069 3164 2108 3238 μ,
2140 3164 2540 3235 exprimuntur,
2569 3165 2626 3220 in
2651 3181 2786 3236 pace
2814 3175 2869 3220 et
2897 3166 3570 3238 dilectione‘perseverare

2064 3212 2110 3278 G

2217 3256 2448 3312 Elevalis
2482 3259 2658 3329 itaque
2707 3258 2802 3312 Lat
2842 3258 3027 3326 oculis,
3063 3258 3189 3313 vidit
3219 3275 3428 3314 omnem
3481 3260 3626 3314 circa
3658 3276 3736 3313 re-

2141 3353 2346 3424 gionem
2404 3351 2690 3420 Iordanis,
2745 3370 2862 3424 qua:
2917 3353 3155 3408 universa
3203 3353 3533 3423 irrigabatur
3587 3364 3737 3408 ante-

2139 3461 2298 3516 quam
2331 3445 2648 3500 subverteret
2676 3444 2935 3500 Dominus
2965 3443 3256 3500 Sodomam
3280 3452 3333 3499 et
3361 3439 3731 3510 ϐοτῆρι-ἡαπ,

2141 3539 2274 3592 sicut
2303 3539 2584 3607 paradisus
2610 3540 2844 3607 Domini,
2869 3550 2920 3595 et
2942 3541 3077 3595 sicut
3100 3539 3366 3611 lEggptus
3413 3539 3734 3594 venientibus

2141 3630 2194 3682 in
2223 3627 2408 3697 Segor.
2441 3628 2624 3700 (Aug.)
2655 3628 2811 3698 Quod
2845 3639 2989 3686 terra
3035 3629 3391 3686 Sodomorum
3417 3637 3477 3684 et
3508 3629 3736 3686 Gomor-

2142 3718 2254 3772 rliae
2274 3727 2564 3788 antequam
2584 3719 2854 3776 deleretur
2872 3729 3219 3791 comparatur
3239 3720 3497 3790 paradiso
3523 3720 3732 3775 Domini

2138 3824 2206 3865 eo
2240 3805 2382 3880 quad
2407 3817 2528 3866 erat
2577 3811 2802 3882 irrigua,
2837 3820 2892 3868 et
2940 3822 3102 3869 terra),
3130 3811 3388 3884 Egypti,
3423 3814 3556 3884 quia
3585 3813 3735 3868 Nilus

2139 3901 2349 3972 irrigat,
2381 3902 2533 3966 satis,
2563 3912 2626 3957 ut
2648 3903 2856 3973 Opinor,
2894 3905 3199 3960 ostenditur
3237 3905 3385 3975 quod
3418 3906 3618 3960 debeat
3651 3905 3739 3959 in—

2141 3991 2309 4062 telligi
2333 3992 2425 4046 ille
2464 3993 2751 4062 paradisus
2777 4010 2937 4065 quem
2961 3995 3225 4068 plantavit
3270 3996 3433 4062 Deus,
3470 3996 3564 4051 ubi
3610 4011 3739 4051 con-

2139 4082 2314 4136 stituit
2343 4082 2537 4137 Adam.
2582 4083 2713 4152 Quis
2737 4087 2883 4140 enim
2933 4087 3070 4142 alius
3095 4086 3426 4158 intelligatur
3451 4089 3738 4156 paradisus

2141 4173 2258 4238 Dei,
2280 4189 2390 4232 non
2419 4173 2594 4230 video.
2631 4175 2698 4230 Et
2727 4176 2913 4246 utique
2943 4177 3236 4232 si'arbores
3265 4177 3317 4232 in
3343 4180 3602 4246 paradiso
3627 4178 3739 4229 fru-

2140 4255 2345 4321 etil‘era:
2371 4267 2600 4323 virtutes
2625 4259 2790 4324 aninii
2838 4268 3165 4338 accipiendae
3201 4277 3406 4336 essent,
3436 4270 3580 4325 sicut
3607 4285 3740 4326 nou-

2140 4359 2270 4430 nulli
2305 4359 2658 4426 existimant,
2698 4361 2846 4416 nullo
2875 4361 3145 4432 corporali
3193 4362 3249 4416 in
3295 4370 3441 4417 terra
3485 4365 3742 4432 paradiso

2138 4452 2284 4506 veris
2318 4452 2606 4523 generibus
2657 4453 2928 4523 lignorum
2964 4453 3236 4520 instituto,
3287 4468 3395 4508 non
3438 4455 3646 4510 diceret
3673 4457 3741 4511 de

2141 4541 2243 4600 ista
2274 4550 2442 4608 terra,
2474 4543 2608 4597 sicut
2635 4545 2916 4614 paradisus
2945 4544 3062 4600 Dei.

2213 4632 2490 4706 Elegitque
2537 4636 2634 4690 sibi
2688 4635 2784 4691 Lot
2836 4637 3094 4708 regionem
3137 4640 3294 4698 circa
3330 4637 3652 4704 Jordanem,
3692 4651 3738 4693 et

2145 4726 2350 4782 recessit
2381 4727 2446 4780 ab
2501 4725 2731 4782 Oriente.
2765 4728 3034 4800 Divisique
3067 4740 3189 4784 sunt
3222 4730 3537 4784 alterutrum
3569 4750 3604 4784 α
3631 4732 3740 4800 fra-

2143 4826 2222 4887 tre
2253 4836 2370 4872 suo.
2401 4819 2597 4874 Abram
2633 4837 2750 4876 vero
2780 4821 3033 4877 habitavit
3069 4823 3126 4875 in
3163 4831 3304 4878 terra
3346 4820 3612 4878 Chanaan
3633 4863 3648 4887 ,
3693 4833 3737 4878 et

2143 4907 2242 4978 Lot
2267 4919 2498 4964 moratus
2533 4921 2607 4966 est
2633 4913 2690 4965 in
2729 4912 2928 4982 oppidis
2958 4930 3074 4984 qua:
3115 4923 3263 4966 erant
3309 4914 3452 4967 circa
3477 4915 3737 4984 regionem

2145 4999 2419 5067 Jordanis,
2465 5012 2512 5055 et
2537 5003 2788 5057 habitavit
2816 5004 2872 5057 in
2895 5003 3162 5058 Sodomis.
3210 5003 3395 5058 Potest
3437 5011 3496 5060 et
3540 5018 3735 5059 secun—

2147 5095 2276 5162 dum
2309 5095 2625 5166 allegoriam
2675 5096 2733 5152 in
2775 5097 3086 5167 pastoribus
3136 5086 3278 5164 Eot,
3313 5096 3737 5167 quiplanitiem

2143 5197 2304 5244 terrae
2352 5188 2708 5245 Sodomorum
2733 5197 2787 5245 et
2817 5189 2992 5246 locum
3018 5190 3397 5260 voluptuosum
3435 5190 3734 5261 elegerunt,

2140 5285 2524 5341 haereticorum
2559 5284 2717 5341 turba
2755 5287 2946 5355 accipi,
2979 5285 3072 5356 qui
3099 5285 3462 5356 voluptatibus
3501 5299 3737 5354 praesen-

2144 5379 2216 5434 tis
2237 5379 2362 5434 vitae
2393 5379 2582 5444 dediti,
2632 5388 2798 5449 atque
2827 5394 3076 5435 errorum
3117 5379 3327 5432 catenis
3355 5375 3548 5440 vincti,
3575 5375 3737 5430 decli-

2143 5479 2283 5526 nant
2307 5488 2337 5526 a
2385 5471 2472 5526 via
2499 5470 2768 5537 veritatis,
2820 5477 2877 5527 et
2911 5469 3242 5525 consortium
3271 5467 3474 5522 Christi
3502 5465 3732 5522 catholi—

2145 5578 2333 5633 cteque
2382 5564 2508 5619 ﬁdei
2548 5563 2811 5619 unitatem
2848 5563 3050 5618 habere
3080 5570 3360 5631 spernunt.
3416 5560 3574 5629 Quod
3596 5561 3732 5614 bene

2147 5672 2343 5712 nomen
2368 5655 2469 5711 Lot
2517 5655 2792 5727 exprimit,
2824 5655 3208 5724 interpretatur
3249 5667 3482 5722 namque
3507 5653 3727 5715 vinctus,

2148 5747 2231 5802 vel
2265 5746 2562 5802 declinatio.
2595 5768 2606 5782 -

2221 5837 2290 5892 Et
2319 5838 2417 5892 viri
2449 5836 2799 5893 Sodomorum
2833 5835 2962 5892 mali
2987 5846 3035 5892 et
3060 5844 3352 5892 peccatores
3380 5835 3437 5890 in
3453 5842 3725 5905 conspecta
