3974 6480
283 444 408 506 837

1330 437 1694 500 οοΜΜΕΝτ.·
1719 440 1788 496 IN
1823 424 2141 496 GENESI'M.
2180 471 2253 484 -
2284 442 2417 499 LIB.
2452 441 2516 498 ιι.

3426 444 3530 502 538

290 565 391 620 Dei
409 564 746 619 vehementer.
790 557 1068 630 Superllue
1091 559 1180 616 hic
1205 558 1260 614 in
1303 557 1650 629 Septuaginta
1671 557 1856 632 ‘inter-
1885 547 1938 616 Α
1961 553 2145 609 Zuzim
2172 572 2289 609 cum
2303 557 2396 622 eis,
2411 564 2459 611 et
2475 555 2649 610 Emim
2669 571 2784 610 cum
2800 554 2953 621 Save,
2969 553 3295 612 Cariathaim
3308 565 3356 612 et
3372 557 3532 614 Cho'r-

288 658 536 730 pretibus
563 653 801 710 additum
823 661 927 719 est,
950 654 1006 707 in
1026 661 1300 723 conspectu
1319 649 1433 706 Dei.
1443 650 1736 736 .Siquidem
1761 648 1860 704 So-

290 752 572 806 domorum
627 745 802 802 colont
855 744 995 814 apud
1036 759 1224 799 omnes
1269 743 1397 798 mali
1456 749 1510 797 et
1553 749 1863 812 peccatores

288 849 463 898 erant.
511 839 603 896 Ille
631 848 812 894 autem
840 838 1035 894 dicitur
1062 837 1116 892 in
1144 844 1435 906 conspectu
1461 834 1556 888 Dei
1587 844 1860 904 peccator,

287 932 382 1003 qui
412 939 591 1002 potest
618 930 923 986 hominibus
945 930 1124 1000 justus
1143 927 1334 993 videri,
1366 927 1632 997 quomodo
1662 925 1729 981 de
1755 925 1860 980 Za-

286 1022 475 1081 charia
528 1029 583 1076 et
622 1020 688 1075 de
717 1019 990 1075 Elisabeth
1036 1018 1090 1072 in
1139 1017 1408 1088 praeconio
1452 1015 1669 1084 ponitur
1717 1014 1861 1085 quod

285 1116 482 1186 fuerint
519 1114 652 1184 justi
694 1111 844 1166 ambo
895 1112 950 1166 in
976 1120 1248 1192 conspectu
1287 1109 1384 1164 Dei
1408 1107 1556 1181 (Luc.
1582 1107 1662 1178 1);
1713 1117 1766 1162 et
1804 1109 1859 1163 in

281 1206 494 1276 psalmo
518 1205 755 1260 dicitur;
793 1201 918 1258 Non
934 1201 1315 1273 justificabitur
1353 1201 1410 1256 in
1451 1209 1727 1272 conspectu
1768 1209 1860 1256 tuo

282 1297 452 1350 omnis
476 1297 648 1350 vivens
673 1292 844 1366 (Psal.
872 1296 1060 1366 cun).

357 1387 596 1458 Dixitque
647 1385 903 1441 Dominus
963 1387 1032 1440 ad
1068 1387 1293 1453 Abram,
1343 1393 1614 1458 postquam
1663 1385 1859 1446 divisus

278 1490 356 1534 est
385 1479 482 1534 Lot
520 1480 585 1534 ab
633 1497 693 1534 eo
719 1500 738 1538 :
772 1479 911 1534 Leva
950 1478 1128 1534 oculos
1158 1489 1293 1544 tuos,
1336 1488 1384 1533 et
1424 1479 1538 1533 uide
1583 1497 1616 1532 a
1640 1477 1773 1541 loco,
1803 1478 1860 1532 in

275 1590 380 1642 quo
407 1591 544 1627 nunc
570 1590 624 1627 es
654 1572 725 1626 ad
749 1571 1055 1643 Aquilonem
1083 1581 1132 1626 et
1156 1570 1452 1638 Meridiem,
1494 1571 1563 1624 ad
1596 1568 1859 1624 Orientem

276 1677 323 1719 et
352 1665 682 1719 Occidentem
710 1683 730 1722 :
779 1681 980 1719 omnem
1030 1671 1222 1718 terram
1266 1679 1423 1734 quam
1473 1662 1725 1730 conspicis
1767 1660 1860 1716 tibi

275 1759 431 1822 dabo,
455 1767 503 1813 et
525 1757 710 1812 semini
741 1768 830 1811 tuo
856 1773 1017 1827 usque
1039 1755 1094 1810 in
1127 1756 1497 1825 sempiternum
1520 1794 1536 1820 ,
1565 1754 1859 1823 faciamque

274 1869 450 1906 semen
479 1860 625 1904 tuum
669 1850 803 1903 sicut
831 1846 1092 1919 puluerem
1125 1856 1298 1902 terrae.
1344 1845 1406 1901 Si
1432 1847 1546 1916 quis
1571 1854 1736 1915 potest
1763 1845 1857 1899 ho-

273 1941 480 1994 minum
512 1955 788 1994 numerare
830 1938 1112 2010 puluerem,
1142 1953 1315 1992 semen
1351 1952 1554 2008 quoque
1588 1945 1734 1989 tuum
1761 1952 1859 1989 nu-

1959 2021 2026 2073 ad
2065 2020 2258 2089 fontem
2282 2019 2504 2085 Judicii,
2530 2021 2627 2074 hoc
2648 2027 2721 2072 est
2745 2015 2933 2071 Cades.
2967 2015 3071 2071 Per
3100 2015 3530 2084 anticipationem

275 2049 484 2087 merare
537 2031 743 2103 poterit.
819 2029 1063 2098 Quatuor
1121 2027 1337 2082 climata
1404 2027 1588 2081 mundi
1658 2026 1855 2096 posuit,

276 2123 556 2180 Orientem
593 2132 651 2178 et
687 2122 1054 2187 Occidentem,
1108 2119 1544 2191 Septentrionem
1595 2126 1650 2174 et
1701 2117 1860 2172 Meri-

275 2215 420 2270 diem
441 2213 844 2284 :possessioque
865 2221 1027 2268 terra;
1045 2211 1342 2268 Palaestinae
1363 2210 1658 2266 secundum
1697 2209 1861 2264 histo-

273 2307 414 2361 riam
447 2307 494 2362 ei
518 2307 813 2376 spondetur
835 2314 892 2361 et
917 2304 1110 2360 semini
1153 2305 1288 2375 ejus,
1325 2305 1430 2358 hoc
1455 2312 1538 2358 est
1564 2302 1759 2373 popqu
1782 2299 1860 2357 ls-

276 2397 540 2452 raelitico.
559 2397 714 2465 Quod
725 2406 906 2452 autem
919 2397 973 2451 in
987 2397 1305 2467 quibusdam
1319 2393 1718 2464 exemplaribus
1732 2393 1862 2449 seri-

272 2499 426 2561 ptum
461 2491 748 2561 reperitur,
777 2490 912 2546 Leva
943 2489 1119 2544 oculos
1145 2500 1261 2543 tuos
1288 2488 1357 2543 ad
1380 2486 1687 2559 Aquilonem
1713 2497 1761 2541 et
1790 2489 1864 2542 ad

275 2582 549 2649 Austrum,
572 2592 621 2636 et
641 2583 710 2637 ad
733 2582 995 2637 Orientem
1017 2591 1066 2636 et
1086 2597 1251 2646 mare,
1266 2588 1396 2646 etc.,
1420 2593 1570 2634 mare
1592 2593 1692 2648 pro
1703 2577 1860 2634 Occi-

275 2676 439 2730 dente
465 2675 636 2746 ponit,
669 2675 738 2729 ab
765 2689 832 2730 eo
868 2674 1011 2744 quod
1034 2672 1333 2728 Palaestinae
1363 2671 1509 2740 regio
1536 2671 1609 2725 ita
1637 2670 1740 2726 sita
1768 2670 1858 2738 sit,

274 2775 336 2822 ut
358 2783 511 2823 mare
538 2769 594 2823 in
617 2767 928 2824 Occidentis
955 2767 1111 2837 plaga
1140 2765 1355 2820 habeat.
1409 2764 1633 2835 Mystice
1679 2773 1859 2819 autem

273 2859 469 2916 nemini
494 2859 727 2915 Abrahae
772 2860 916 2929 quod
940 2867 1023 2914 est
1047 2856 1317 2923 Christus,
1345 2855 1586 2912 omnium
1616 2855 1858 2926 gentium

275 2951 568 3006 hzereditas
589 2949 947 3021 promittitur,
973 2949 1064 3018 qui
1089 2947 1376 3004 ecclesiam
1393 2961 1547 3002 suam
1567 2960 1666 3016 per
1691 2951 1860 2998 totam

275 3044 464 3098 mundi
486 3042 877 3113 longitudinem
905 3048 962 3095 et
983 3040 1322 3095 latitudinem
1343 3037 1568 3094 effundit
1597 3052 1613 3091 :
1649 3036 1737 3093 cui
1765 3035 1863 3090 Pa-

275 3143 362 3190 ter
384 3134 502 3189 ait:
537 3133 760 3188 Postula
787 3151 820 3188 a
861 3148 963 3200 me,
1009 3141 1058 3186 et
1083 3131 1218 3186 dabo
1255 3131 1348 3185 tibi
1376 3139 1550 3202 gentes
1575 3127 1858 3184 [neredita-

274 3234 380 3278 tem
408 3233 577 3290 tuam,
603 3234 652 3278 et
679 3223 1054 3294 possessionem
1079 3232 1223 3276 tuam
1246 3221 1491 3275 terminos
1518 3230 1670 3273 teme
1685 3217 1856 3290 (Psal.

277 3315 382 3386 ιι);
433 3323 489 3370 et
535 3316 859 3371 Psalmista:
896 3315 963 3369 Et
998 3314 1377 3379 dominabitur,
1423 3311 1638 3382 inquit,
1661 3329 1693 3364 a
1721 3311 1862 3365 mari

275 3424 440 3479 usque
476 3408 544 3461 ad
569 3424 747 3473 mare,
778 3416 825 3462 et
857 3425 889 3460 a
919 3407 1136 3477 flumine
1172 3421 1332 3475 usque
1355 3403 1424 3458 ad
1450 3402 1694 3457 terminos
1724 3401 1864 3456 orbis

274 3509 450 3555 terror.
497 3498 568 3554 Et
610 3499 906 3554 adorabunt
929 3514 1049 3553 eum
1069 3513 1246 3552 omnes
1276 3511 1417 3566 reges
1464 3503 1641 3560 terraz,
1689 3508 1864 3548 omnes

274 3601 451 3663 gentes
497 3592 715 3646 servient
749 3590 801 3644 ei
842 3587 1012 3661 (Psal.
1042 3587 1235 3659 Lxxn).

880 3704 1108 3768 CARUT
1150 3705 1265 3762 XV.

275 3799 438 3865 Quod
474 3809 700 3868 quatuor
719 3814 861 3868 reges
888 3797 1135 3868 adversus
1160 3795 1510 3852 Sodomorum
1533 3793 1760 3867 quinque
1787 3811 1869 3868 νοτ

351 3886 441 3938 ges
478 3865 924 3939 belligerauerant,
977 3878 1026 3939 e_t
1056 3867 1152 3921 Lot
1179 3865 1594 3939 prwdaverunt':
1635 3865 1684 3921 et
1725 3865 1866 3936 quod

350 3936 548 3993 Abram
576 3936 810 4008 pandam
845 3955 962 3993 cum
986 3936 1084 3992 Lot
1111 3936 1360 3993 reduxit.-

351 4051 502 4122 (ΟΜ).
535 4050 674 4123 Juv.)
727 4048 956 4106 Factum
984 4059 1060 4106 est
1106 4060 1279 4105 autem
1306 4051 1363 4105 in
1396 4049 1488 4104 illo
1539 4058 1764 4120 tempore
1808 4057 1866 4105 ut

273 4143 562 4215 'Amraphel
588 4159 682 4198 rex
707 4142 971 4210 Sennaar,
1009 4153 1055 4198 et
1093 4143 1284 4199 Arioch
1313 4159 1404 4198 rea:
1428 4142 1605 4209 Ponti,
1652 4154 1698 4198 et
1729 4141 1866 4198 Cho-

277 4234 621 4290 dorlahomor
654 4249 749 4288 rea:
770 4233 1146 4300 Elamitarum,
1174 4245 1222 4288 et
1267 4233 1473 4288 Thadal
1495 4250 1585 4288 rex
1613 4235 1862 4304 gentium,

278 4329 474 4383 inirent
501 4325 690 4380 bellum
711 4336 894 4381 contra
916 4325 1059 4381 Bura
1082 4343 1251 4396 regem
1278 4324 1648 4391 Sodomorum,
1677 4334 1727 4380 et
1748 4342 1870 4380 con-

273 4426 368 4474 tra
380 4416 544 4474 Gersa
565 4434 734 4489 regem
764 4414 1070 4472 Gomorrhae
1094 4457 1110 4484 ,
1143 4426 1192 4472 et
1219 4426 1401 4471 contra
1429 4414 1671 4470 Sennaab
1696 4432 1867 4486 regem

270 4507 527 4571 ‘Adamar,
553 4517 602 4562 et
625 4517 807 4563 contra
831 4507 1080 4564 Semeber
1105 4523 1278 4579 regem
1320 4505 1552 4572 Seboim,
1581 4514 1865 4575 contraque

283 4618 457 4671 regem
504 4601 660 4698 galte,
695 4602 811 4668 ipsa
835 4609 914 4654 est
953 4599 1135 4670 Segor.
1186 4596 1378 4653 Omnes
1422 4598 1478 4652 hi
1517 4605 1861 4698 conpenerunt
1890 4625 1943 4698 Β

273 4691 428 4761 apud
457 4689 644 4744 vallem
661 4689 947 4745 silvestrem
966 4704 1084 4760 qua:
1106 4703 1243 4742 nunc
1275 4697 1349 4741 est
1376 4703 1522 4740 mare
1551 4684 1697 4740 salis.
1736 4685 1866 4741 Bale

283 4781 471 4851 lingua
495 4779 722 4836 Hebraea
749 4779 1012 4834 devoratio
1039 4778 1253 4833 dicitur.
1298 4775 1540 4831 Tradunt
1563 4777 1726 4846 igitur
1759 4775 1868 4830 He-

279 4874 419 4930 braei
450 4873 592 4928 hanc
614 4872 862 4929 eamdem
890 4871 948 4926 in
976 4870 1080 4926 alio
1110 4868 1512 4939 Scripturarum
1545 4867 1666 4923 loco
1695 4867 1871 4923 Salisa

285 4964 582 5031 nominari,
597 4965 811 5034 dicique
835 4978 1051 5019 rursum
1071 4963 1276 5036 μόσχον
1299 4965 1675 5040 τριετιζουσαν,
1693 4960 1747 5015 id
1767 4968 1866 5025 est,

287 5058 516 5114 vitulum
547 5064 974 5123 conternantem,
1002 5055 1146 5126 quod
1184 5054 1391 5109 scilicet
1412 5061 1572 5108 terra:
1597 5061 1743 5107 motu
1768 5061 1872 5106 ter-

279 5152 372 5207 tio
410 5149 663 5220 absorpta
691 5149 779 5213 sit,
810 5157 867 5203 et
910 5163 977 5203 ex
1011 5161 1077 5202 eo
1119 5154 1361 5215 tempore
1406 5159 1514 5214 quo
1545 5143 1779 5198 Sodoma
1813 5151 1870 5198 et

285 5241 616 5308 Gomorrha,
647 5241 853 5294 Adams
879 5246 935 5294 et
959 5238 1196 5302 Seboim,
1227 5236 1407 5291 divino
1443 5235 1566 5306 igne
1599 5235 1872 5289 subversae
1903 5249 1919 5264 ε

291 5344 442 5404 sunt,
466 5335 561 5390 illa
585 5333 810 5405 parvula
827 5337 1184 5400 nuncupatur.
1216 5327 1490 5397 Siquidem
1505 5325 1673 5393 Segor
1697 5331 1874 5378 trans-

292 5430 471 5485 fertur
491 5431 547 5484 in
586 5443 829 5501 parvam,
866 5442 984 5496 quae
1008 5427 1061 5481 in
1087 5425 1265 5496 lingua
1292 5421 1429 5492 Syra
1456 5420 1630 5474 Zoara
1651 5417 1870 5472 dicitur.

292 5523 467 5581 Vallis
519 5531 700 5577 autem
735 5520 1070 5583 Salinarum,
1119 5517 1258 5572 sicut
1289 5517 1345 5570 in
1393 5515 1494 5568 hoc
1521 5512 1711 5567 eodem
1737 5509 1876 5565 libro

294 5617 577 5683 scribitur,
612 5617 796 5684 inqua
827 5611 1044 5667 fuerunt
1081 5618 1206 5665 ante
1233 5607 1381 5678 putei
1404 5602 1706 5668 bituminis,
1754 5609 1877 5670 post

299 5713 399 5770 Dei
440 5713 579 5768 iram
611 5718 667 5767 et
689 5707 962 5779 sulphuris
1008 5704 1265 5776 pluviam,
1307 5702 1362 5755 in
1403 5713 1556 5754 mare
1606 5695 1877 5752 Mortuum

297 5821 461 5863 versa
488 5812 592 5860 θεῖ.

377 5897 855 5968 Percusseruntque
904 5892 1158 5965 Raphaim
1188 5892 1242 5944 in
1293 5885 1781 5942 Assurothcarnaim
1829 5889 1879 5937 et

1961 665 2093 704 raros
2121 650 2177 703 in
2213 650 2473 704 montibus
2502 648 2620 706 Seir
2652 665 2813 720 usque
2851 649 2922 703 ad
2956 650 3274 719 campestria
3315 649 3534 708 Pharan

1957 755 2074 810 qua:
2099 747 2174 794 est
2191 739 2248 793 in
2274 725 2572 794 solitudine.
2615 738 2920 810 Reversique
2945 749 3089 806 sunt,
3122 747 3172 795 et
3194 752 3438 796 venerunt
3461 743 3539 797 ad

1958 830 2153 901 fontem
2177 829 2431 900 Misphat,
2459 831 2574 902 ipsa
2597 840 2672 886 est
2698 827 2906 897 Gades;
2948 820 3001 886 et
3037 843 3399 902 percusserunt
3422 851 3533 888 om-

1958 939 2074 977 nem
2095 924 2349 992 regionem
2367 922 2772 977 Amalecitarum
2791 930 2840 977 et
2861 922 3302 990 Amorrharorum,
3325 925 3414 994 qui
3437 924 3534 978 ha-

1958 1013 2153 1067 bitabat
2180 1013 2234 1068 in
2271 1012 2703 1068 Asasonthamar.
2753 1013 2872 1069 Alia
2917 1022 3100 1070 autem
3125 1013 3290 1070 editio
3329 1014 3408 1070 sic
3432 1015 3522 1069 ha-

1956 1107 2048 1163 bet
2077 1125 2090 1160 :
2133 1105 2203 1159 Et
2229 1106 2565 1160 conciderunt
2591 1108 2822 1177 gigantes
2850 1107 2904 1162 in
2943 1106 3450 1170 Assarothcarnaim,
3484 1123 3525 1161 ε·

1955 1212 2127 1273 gentes
2149 1201 2305 1271 fortes
2350 1218 2468 1255 eum
2489 1203 2562 1256 eis
2589 1201 2766 1267 simul,
2816 1212 2866 1257 et
2913 1201 3178 1258 Ominteos
3217 1203 3274 1257 in
3301 1199 3435 1256 Sabe
3461 1203 3509 1256 ci

1956 1291 2130 1346 vitate.
2179 1291 2482 1361 Antequam
2513 1290 2800 1346 Sodomam
2823 1292 3169 1362 pervenirent
3195 1300 3429 1362 quatuor
3447 1307 3507 1346 re

1956 1396 2050 1452 ges
2094 1380 2322 1450 profecti
2372 1383 2437 1437 de
2489 1380 2782 1453 Babylone,
2834 1381 3227 1438 interfecerunt
3267 1384 3512 1453 gigantes

1955 1475 2060 1530 hoc
2086 1481 2170 1529 est
2196 1473 2484 1544 Raphaim,
2526 1473 2775 1529 robustos
2799 1488 3040 1542 quosque
3061 1470 3308 1539 Arabite,
3349 1480 3404 1527 et
3432 1473 3511 1526 Zu
3606 1467 3614 1475 ’

1958 1567 2066 1620 sim
2091 1565 2145 1620 in
2171 1564 2331 1631 Hom,
2359 1565 2534 1620 Emim
2564 1565 2617 1619 in
2646 1565 2864 1620 civitate
2893 1563 3052 1630 Save,
3097 1580 3217 1635 qua:
3241 1579 3412 1632 usque
3438 1565 3509 1618 ho

1956 1656 2042 1712 die
2064 1657 2144 1712 sic
2169 1666 2428 1712 vocatur.
2463 1656 2650 1710 Zuzim
2692 1661 2873 1711 autem
2900 1662 2957 1710 et
2987 1654 3163 1709 Emim
3187 1653 3440 1708 terribiles
3482 1661 3529 1707 e'

1955 1747 2202 1802 horrendi
2254 1747 2698 1817 interpretantur,
2727 1760 2827 1814 pro
2877 1759 2982 1815 quo
3009 1742 3383 1814 Septuaginta,
3415 1755 3510 1796 seu

1957 1855 2075 1894 sum
2130 1840 2301 1910 magis
2350 1855 2511 1910 quam
2548 1838 2775 1894 verbum
2820 1853 2887 1893 ex
2915 1837 3080 1892 verbo
3123 1835 3532 1899 transferentes,

1958 1942 2130 2003 gentes
2161 1932 2473 2002 fortissimas
2501 1937 2814 2000 posuerunt.
2861 1927 2929 1982 Et
2956 1935 3258 1982 revertentes
3291 1930 3534 1979 venerunt

1958 2111 2172 2177 dicitur,
2204 2112 2346 2181 quod
2374 2119 2560 2180 postea
2612 2110 2692 2165 sic
2715 2117 2964 2165 vocatum
2992 2115 3092 2163 est.
3141 2105 3422 2178 Signiﬁcat
3445 2120 3514 2160 au

1957 2215 2067 2260 tem
2093 2205 2266 2260 locum
2291 2203 2429 2274 apud
2458 2195 2688 2273 petram,
2719 2202 2808 2272 qui
2845 2201 2964 2256 fons
2984 2199 3176 2254 Judicii
3206 2198 3515 2253 nominatur

1958 2295 2083 2365 quia
2135 2295 2208 2351 ibi
2256 2294 2399 2349 Deus
2444 2293 2697 2364 populum
2744 2291 3017 2361 iudicarit.
3062 2289 3132 2344 Et
3171 2297 3531 2360 percusserunt

1959 2400 2163 2439 omnem
2237 2385 2497 2454 regionem
2568 2382 3018 2448 Amalecitarum,
3065 2388 3114 2434 et
3177 2377 3539 2432 Amorrhaeum

1958 2476 2220 2532 sedentem
2261 2476 2318 2529 in
2341 2475 2774 2529 Asasonthamar.
2823 2471 2937 2529 Hoc
2979 2470 3232 2542 oppidum
3267 2477 3350 2525 est
3397 2467 3530 2538 quor‘

1959 2581 2102 2624 nunc
2125 2575 2352 2622 vocatur
2372 2565 2630 2636 Engaddi,
2669 2563 2900 2619 balsami
2924 2571 2979 2617 et
3014 2561 3314 2633 palmarum
3336 2558 3515 2613 fertile

1959 2658 2132 2714 Porro
2163 2658 2588 2712 Asasonthamar
2624 2656 2680 2710 in
2729 2655 2910 2726 lingua
2955 2661 3143 2710 nostra
3169 2651 3299 2706 urbs
3327 2649 3522 2722 palma.

1959 2770 2080 2809 rum
2109 2761 2344 2809 resonat.
2379 2751 2615 2806 Thamar
2652 2749 2848 2820 quippe
2883 2746 3060 2819 palma
3086 2745 3304 2800 dicitur.
3347 2741 3509 2798 Scieu

1960 2841 2091 2897 dum
2117 2849 2319 2907 autem,
2349 2855 2450 2910 pro
2473 2855 2538 2895 eo
2563 2838 2706 2908 quod
2731 2847 2851 2907 post
2869 2833 3147 2906 paululum
3170 2831 3438 2900 sequitur,
3471 2829 3536 2882 Et

1961 2934 2265 2988 direxerant
2292 2940 2475 2986 contra
2512 2946 2599 2984 eos
2630 2928 2794 2983 aciem
2820 2927 2889 2980 ad
2937 2924 3127 2980 bellum
3151 2924 3209 2976 in
3229 2918 3367 2974 valle
3399 2916 3516 2973 Sali

1963 3039 2174 3089 narum,
2208 3023 2262 3076 in
2289 3021 2516 3077 Hebraeo
2553 3019 2804 3088 habetur,
2854 3015 2923 3070 In
2950 3013 3082 3070 valle
3107 3011 3338 3076 Siddim,
3363 3017 3518 3070 mw

1963 3113 2106 3184 quod
2129 3112 2324 3182 Aquila
2355 3119 2409 3166 et
2443 3108 2780 3166 Theodotion
2809 3121 3011 3162 amoena
3041 3118 3253 3158 nemora
3280 3100 3526 3168 interpre-

1965 3205 2065 3262 tati
2089 3213 2234 3261 sunt.

1886 3263 1936 3330 α
2033 3295 2105 3350 Et
2133 3294 2366 3351 tulerunt
2389 3308 2592 3348 omnem
2619 3289 2965 3346 substantiam
2999 3285 3347 3342 Sodomorum
3367 3289 3414 3334 et
3438 3276 3530 3331 Go-

1964 3388 2363 3442 morrhazorum.
2435 3381 2788 3452 Septuaginta
2835 3398 2848 3434 :
2915 3377 2986 3432 Et
3053 3374 3284 3430 tulerunt
3343 3385 3538 3425 omnetr

1964 3483 2249 3552 equitatum
2303 3475 2654 3533 Sodomorum
2696 3481 2745 3527 et
2795 3468 3120 3527 Gomorrhte.
3167 3464 3274 3520 Pro
3299 3462 3541 3552 equitatu

1965 3551 2020 3629 in
2065 3571 2291 3628 Hebraeo
2344 3567 2507 3623 habet
2553 3564 2744 3620 rachus
2767 3603 2785 3632 ,
2827 3570 2975 3622 una-1
2998 3599 3014 3626 ,
3068 3555 3126 3613 id
3169 3563 3253 3612 est
3293 3551 3545 3609 substan-

1966 3664 2118 3718 tiam.

2035 3755 2105 3810 Et
2148 3754 2238 3826 qui
2267 3751 2495 3823 fugerat,
2541 3745 2803 3803 nuntiavit
2849 3742 3044 3798 Abram
3087 3737 3380 3796 transitori.
3407 3728 3547 3805 ipse

1965 3867 2084 3909 vero
2113 3848 2320 3905 sedebat
2351 3846 2421 3901 ad
2465 3858 2712 3916 quercum
2764 3839 3002 3894 Humbre
3042 3834 3335 3891 Amorrluei
3361 3829 3546 3902 fratris

1964 3940 2144 4007 Escol,
2186 3947 2235 3994 et
2275 3937 2458 4008 fratris
2486 3934 2699 3998 Aunan,
2754 3930 3015 4001 quierant
3061 3924 3327 3996 conjurati
3365 3920 3544 3975 Abrw.

1962 4037 2070 4092 Pro
2117 4049 2201 4100 eo,
2249 4029 2394 4103 quod
2422 4043 2521 4083 nos
2567 4024 2845 4097 posuimus
2882 4019 3174 4084 transitori,
3212 4016 3270 4071 in
3319 4012 3549 4069 Hebraeo

1965 4128 2226 4197 scriptum
2251 4102 2354 4189 est,
2382 4121 2482 4174 ibri
2515 4127 2672 4182 νῆιν,
2710 4115 2815 4170 hoc
2838 4112 2982 4169 enim
3005 4109 3267 4166 transitor
3291 4102 3548 4177 exprimi-

1965 4228 2072 4276 tur.
2115 4217 2269 4287 Quod
2294 4224 2475 4270 autem
2500 4212 2600 4279 ait,
2629 4209 2769 4282 apud
2804 4222 3050 4280 quercum
3082 4201 3316 4258 Mambre
3364 4199 3550 4252 Amor-

1965 4311 2115 4377 rhaei,
2147 4308 2340 4364 melius
2366 4308 2422 4362 in
2448 4303 2676 4359 Hebraeo
2701 4299 2925 4372 legimus
2943 4294 3084 4367 apud
3102 4307 3349 4365 quercum
3374 4287 3548 4342 Mam-

1965 4405 2045 4460 bri
2069 4401 2361 4458 Amorrhaai
2391 4397 2570 4469 fratris
2598 4394 2755 4451 Escol
2781 4403 2829 4449 et
2855 4391 3035 4463 fratris
3052 4431 3068 4455 ,
3095 4404 3204 4444 non
3237 4386 3453 4448 Aunan,
3488 4390 3552 4437 ut

1965 4494 2318 4567 Septuaginta
2369 4489 2778 4552 transtulerunt,
2821 4484 2914 4541 sed
2961 4483 3119 4546 Aner,
3152 4488 3214 4534 ut
3238 4476 3550 4534 ostenderet

1968 4587 2208 4644 Mambre
2233 4595 2288 4643 et
2333 4582 2490 4639 Escol
2525 4591 2580 4636 et
2604 4579 2751 4634 Aner
2772 4575 3116 4631 Amorrhaaos
3141 4577 3306 4640 atque
3336 4581 3551 4639 germa-

1969 4696 2087 4744 nos,
2119 4678 2294 4734 socios
2336 4673 2502 4729 fuisse
2528 4671 2706 4726 Abrae.
2739 4666 2806 4721 Et
2831 4673 3128 4736 persecutus
3166 4670 3240 4714 est
3277 4675 3365 4713 eos
3389 4672 3552 4728 usque

1971 4771 2108 4834 Dan,
2142 4769 2210 4824 ad
2251 4763 2525 4821 Phoenicis
2564 4760 2848 4831 oppidum,
2894 4755 3038 4825 quod
3065 4767 3208 4808 nunc
3228 4750 3437 4805 Paucas
3466 4747 3550 4802 di-

1970 4863 2130 4919 citur.
2168 4862 2282 4916 Dan
2311 4866 2491 4912 autem
2520 4867 2660 4908 unus
2681 4867 2713 4906 e
2747 4849 2987 4905 fontibus
3011 4854 3096 4902 est
3122 4841 3392 4901 Iordanis.
3416 4839 3553 4894 Nam

1972 4964 2028 5012 et
2052 4955 2192 5010 alter
2217 4957 2445 5007 vocatur
2495 4946 2608 5014 Jor,
2645 4945 2789 5016 quod
2834 4944 3220 5010 interpretatur
3251 4938 3470 5012 ριῖτρον,
3498 4932 3554 4988 id

1971 5055 2078 5115 est,
2108 5048 2269 5101 riuus.
2316 5043 2534 5098 Duobus
2567 5054 2697 5111 ergo
2723 5036 2982 5100 fontibus,
3016 5031 3109 5102 qui
3138 5028 3282 5085 haud
3307 5024 3553 5115 procula

1975 5155 2034 5196 se
2065 5113 2298 5202 distant,
2340 5136 2393 5190 in
2440 5149 2608 5189 unum
2665 5129 2898 5186 rivulum
2945 5120 3258 5185 foederatis,
3300 5113 3553 5172 Jordanis

1975 5234 2227 5301 deinceps
2254 5227 2571 5299 appellatur.

2048 5297 2204 5390 Quod
2249 5297 2365 5374 cum
2410 5316 2642 5372 audisset
2675 5313 2891 5376 Abram,
2939 5315 3148 5377 captum
3188 5298 3420 5358 uidelicet
3455 5297 3553 5354 Lot

1985 5418 2201 5489 fratrem
2236 5429 2412 5478 suum,
2443 5409 2732 5464 numeravit
2777 5401 3041 5472 expeditos
3085 5393 3389 5452 vernaculos
3430 5409 3552 5446 suos

1982 5515 2234 5562 trecentos
2259 5505 2433 5559 decem
2459 5511 2507 5556 et
2548 5508 2694 5563 octo,
2735 5504 2783 5549 et
2823 5497 3119 5563 persecutus
3163 5497 3238 5542 est
3277 5501 3364 5541 eos
3393 5498 3552 5554 usque

1980 5597 2124 5662 Dan,
2167 5604 2270 5652 etc.
2303 5591 2583 5663 Expeditos
2627 5585 2765 5641 dixit
2791 5584 3017 5655 juvenes
3040 5579 3107 5634 ad
3146 5577 3345 5632 bellum
3374 5587 3554 5644 prom-

1980 5699 2123 5760 ptos,
2154 5695 2210 5743 et
2258 5685 2348 5757 qui
2374 5697 2481 5737 non
2509 5679 2726 5734 fuerunt
2769 5673 3004 5738 uxorati,
3045 5669 3112 5727 de
3145 5669 3339 5739 quibus
3381 5664 3434 5718 in
3466 5677 3552 5759 se-

1983 5749 2294 5851 quentibus-
2319 5772 2475 5838 dixit,
2518 5768 2764 5835 Exceptis
2807 5764 2888 5820 his
2929 5777 3047 5834 quae
3098 5755 3426 5814 comederunt
3455 5749 3551 5818 ju-

1983 5893 2150 5931 uenes.
